4144 6296
390 302 502 326 «να

395 330 503 366 ,ιδγδ

1481 314 1876 371 ADVERSUS
1906 314 2222 371 (ﬁliifilii
2258 317 2398 377 LIB.
2451 319 2556 379 Ill.

3535 323 3636 389 154

388 416 678 468 stantiales
716 420 863 469 cnim
910 434 1032 471 cum
1075 419 1185 473 sint
1228 422 1550 475 substantia‘
1581 439 1691 477 sure
1725 426 2036 479 imlirant-A
2070 427 2216 479 tione
2269 427 2335 478 ad
2392 428 2686 493 spirantem
2741 427 3069 493 subsistens,
3110 431 3213 486 nisi
3266 432 3560 503 inspiretur
3605 453 3632 487 ιι

395 508 655 568 medium,
689 508 1000 563 substantia:
1032 523 1206 564 autem
1236 516 1423 565 modus
1455 515 1628 569 solum
1668 517 1961 569 secundum

393 616 614 652 causam
658 611 709 654 et
742 603 957 654 causztle
990 612 1225 665 constat,
1263 620 1454 671 nempe
1504 610 1671 670 enim,
1708 608 1959 675 quoniam

390 686 449 743 in
484 691 594 745 sola
629 707 794 746 causa
825 704 878 747 et
922 696 1123 748 causali
1156 697 1365 749 divinas
1395 710 1663 763 personas
1703 700 1960 769 distingui

396 782 599 834 dictum
648 790 753 844 est,
811 781 979 850 liquet
1027 786 1279 853 quoniam
1331 787 1420 839 ubi
1475 787 1663 841 relatio
1701 803 1805 842 non
1855 798 1961 853 est,

400 888 571 940 neque
603 874 859 927 discretio
892 876 1017 929 erit.
1048 875 1234 945 itaque
1264 880 1329 930 ad
1367 894 1530 947 quam
1576 880 1809 934 refertur
1840 897 1962 951 per-

396 980 649 1019 senarum
683 966 960 1032 quu‘libet,
1007 968 1073 1020 ab
1117 969 1203 1021 illa
1240 970 1351 1023 sola
1398 973 1559 1025 etiam
1605 972 1960 1041 personaliter

395 1056 745 1109 discernitur.
780 1056 919 1126 Ergo
954 1068 1006 1111 et
1032 1057 1343 1114 dilTereutcs
1383 1061 1448 1114 ad
1485 1061 1694 1115 Patrem
1740 1063 1856 1115 Filii
1895 1077 1957 1116 ac

395 1145 630 1213 Spiritus
663 1146 973 1210 relationes,
1002 1163 1095 1202 eos
1135 1165 1164 1203 a
1210 1151 1365 1204 Patre
1400 1153 1573 1206 solum
1616 1155 1954 1217 discernunt,

392 1252 495 1287 non
547 1247 728 1290 autem
789 1237 855 1291 ad
908 1240 1175 1305 invicem,
1226 1243 1332 1297 nisi
1394 1244 1555 1299 etiam
1607 1248 1673 1298 ad
1727 1246 1952 1300 invicem

396 1330 725 1383 refcrantur.

460 1418 725 1473 Praeterea
752 1422 794 1474 si
822 1424 1093 1476 nascendo
1117 1437 1144 1475 a
1172 1421 1377 1491 Spiritu
1409 1434 1598 1479 sancto
1624 1425 1954 1479 discernitur

394 1510 576 1574 Filius,
628 1513 889 1566 discretio
933 1523 1111 1568 autem
1144 1515 1196 1568 in
1234 1517 1483 1584 personis
1521 1517 1719 1571 divinis
1752 1532 1949 1572 secun-

392 1605 512 1656 dum
546 1603 825 1671 oppositas
858 1605 1146 1661 relationes
1167 1617 1270 1671 est,
1297 1617 1351 1661 ut
1381 1609 1649 1663 diximus:
1675 1611 1950 1672 nativitas,

392 1695 443 1748 in
490 1704 753 1763 quantum
790 1697 1047 1751 nativitas
1096 1699 1162 1752 ad
1199 1700 1626 1767 processionem,
1682 1704 1833 1771 quasi
1884 1702 1948 1754 ad

2071 514 2225 579 leio,
2280 516 2348 568 ab
2400 515 2490 567 illo
2541 518 2897 583 personaliter
2950 536 3054 575 non
3106 522 3340 587 diﬂeret,
3383 526 3475 583 sed
3530 543 3635 582 una

2066 623 2188 658 cum
2225 606 2313 659 illo
2356 622 2585 672 persona
2618 609 2720 660 erit
2772 610 3084 666 differentes
3135 615 3339 669 habens
3373 619 3634 684 ratioaes,

2066 708 2123 749 ut
2152 706 2233 749 est
2283 697 2431 749 nasci
2466 707 2515 748 et
2562 697 2839 765 inspirari,
2878 714 2942 752 co
2976 702 3120 769 quod
3158 706 3358 759 nullam
3400 708 3631 761 habeant

2065 785 2128 837 ad
2160 785 2386 838 invicem
2420 788 2848 853 oppositiouem,
2888 800 2982 844 aut
3028 793 3269 848 habitum
3305 816 3318 851 :
3360 800 3466 861 vel,
3494 801 3634 853 sicut

2064 878 2179 927 duae
2242 875 2563 943 simpliciter
2622 877 2937 934 diﬂ’ereutes
3001 895 3198 946 erunt,
3248 885 3634 958 habebuntque

2063 966 2417 1019 diﬂ'creutiam
2443 968 2714 1028 essentia}.
2740 984 2844 1022 non
2871 973 3208 1038 personalem
3237 985 3466 1042 tantum,
3490 982 3627 1043 quod

2062 1060 2273 1127 penitus
2308 1058 2597 1113 absurdum
2629 1071 2734 1114 est.

2129 1152 2316 1211 Porro,
2360 1150 2404 1204 si
2447 1153 2567 1219 quis
2618 1162 2805 1220 pergat
2842 1157 3202 1223 contendere,
3234 1161 3514 1215 nativitate
3546 1162 3633 1217 Fi-

2060 1242 2189 1294 lium
2263 1258 2369 1295 non
2418 1257 2445 1293 a
2483 1242 2639 1295 Patre
2673 1245 2869 1308 solum,
2923 1248 3018 1300 sed
3054 1249 3215 1302 ctiam
3255 1248 3477 1319 Spiritu
3512 1255 3629 1305 dis-

2056 1334 2227 1397 cerui,
2276 1348 2343 1395 ne
2374 1334 2451 1387 sic
2482 1335 2699 1397 quidem
2745 1336 2986 1405 eﬂ'ugiet,
3037 1355 3105 1393 ne
3134 1339 3280 1394 dicat
3313 1353 3366 1395 et
3400 1358 3429 1395 a
3490 1343 3626 1397 Filio

2056 1425 2306 1495 inspirari
2359 1424 2616 1493 Spiritum
2654 1438 2898 1481 sanetum
2931 1446 2947 1495 ;
2978 1431 3176 1498 quippe
3217 1430 3337 1485 Filii
3373 1435 3630 1487 terminus

2054 1528 2154 1580 est,
2196 1528 2504 1573 consortem
2554 1527 2608 1572 et
2652 1520 2919 1573 lueredem
2967 1536 3086 1575 esse
3133 1532 3481 1591 paternorum
3512 1543 3629 1578 0m-

2055 1608 2202 1659 nium
2247 1608 2532 1663 bonorum.
2578 1608 2762 1678 itaque
2801 1626 2920 1663 cum
2962 1613 3171 1666 caneris
3224 1627 3251 1663 a
3295 1612 3456 1666 Patre
3516 1616 3619 1669 sibi

2056 1698 2290 1765 Spiritus
2353 1714 2571 1768 quoque
2622 1716 2782 1753 causa
2839 1701 2962 1765 erit,
3013 1717 3076 1754 ac
3128 1714 3408 1771 propterea
3462 1722 3625 1760 causa

389 1789 688 1854 Oppositam
726 1790 1042 1845 relationem
1076 1794 1385 1847 reducetur.
1420 1793 1531 1847 ηοο
1560 1807 1737 1849 autem
1778 1796 1951 1863 possi-
1980 1763 2025 1821 Β
2054 1790 2389 1843 discernetur
2455 1807 2484 1844 a
2552 1802 2738 1845 sancto
2814 1792 3055 1861 Spiritu,
3112 1811 3230 1863 qua!
3253 1836 3269 1860 ,
3313 1799 3366 1851 in
3399 1802 3627 1852 termino

390 1877 491 1931 bile
534 1893 639 1932 non
675 1889 779 1933 est.
823 1880 1002 1935 Solam
1038 1885 1181 1937 enim
1228 1885 1292 1935 ad
1325 1886 1708 1952 paternitatem
1750 1887 1819 1939 ita
1854 1889 1949 1941 ba-

392 1970 515 2033 bet;
564 1972 832 2041 simulque
868 1974 936 2026 ita
970 1975 1070 2029 erit
1101 1974 1335 2043 Spiritus
1372 1976 1489 2029 Filii
1534 1979 1716 2040 Pater,
1757 1978 1949 2033 multa-

386 2076 489 2129 que
518 2064 865 2131 impossibilia
893 2076 1208 2132 sequentur.
1240 2067 1400 2137 Atqui
1443 2083 1621 2137 neque
1650 2070 1949 2124 secundum

384 2148 834 2209 contradictionis
876 2158 1274 2225 nppositionem
1317 2160 1462 2227 quod
1495 2159 1757 2220 nascitur,
1786 2160 1853 2213 ab
1885 2176 1949 2214 eo

383 2242 523 2306 quod
552 2256 657 2295 non
692 2245 953 2309 nascitur,
984 2245 1239 2314 distingui
1277 2256 1449 2315 potest
1486 2265 1499 2301 :
1536 2249 1733 2318 quippe
1760 2248 1950 2317 hujus-

384 2332 525 2382 modi
559 2331 839 2397 discretio,
875 2351 977 2389 non
1015 2345 1095 2390 est
1137 2336 1253 2391 Filii
1298 2348 1351 2392 et
1389 2338 1647 2407 Spiritus,
1693 2340 1746 2392 in
1778 2354 1948 2407 quan-

384 2430 491 2473 tum
528 2421 788 2491 Spiritus,
835 2441 1008 2493 neque
1035 2429 1248 2496 propria
1299 2430 1487 2497 ipsius,
1522 2435 1614 2485 sed
1642 2434 1945 2486 communis

379 2517 621 2568 Omnium
664 2533 784 2585 qua:
826 2534 932 2573 non
985 2530 1305 2578 nascuntur.
1334 2523 1507 2577 Simili
1548 2524 1692 2578 enim
1735 2524 1946 2579 ratione

377 2606 538 2656 etiam
585 2607 654 2661 ad
697 2610 879 2661 omnia
929 2625 1048 2678 quae
1092 2628 1198 2664 non
1245 2623 1559 2677 nascuntur,
1603 2616 1945 2670 discernetur

377 2694 566 2759 Filius,
605 2700 819 2767 eritque
853 2699 1021 2755 Filius
1069 2704 1133 2755 ad
1165 2702 1450 2770 Spiritum,
1488 2708 1631 2759 sicut
1661 2709 1803 2775 quod
1838 2719 1942 2773 est,

376 2785 445 2838 ab
476 2802 542 2839 eo
578 2791 722 2854 quod
756 2805 861 2843 non
894 2800 994 2855 csl,
1017 2792 1366 2848 discernitur.
1394 2794 1498 2847 Sed
1529 2806 1582 2847 et
1610 2800 1707 2848 ista
1738 2799 1943 2850 discre-

375 2878 456 2930 tio
511 2879 905 2946 substantialis,
945 2893 998 2936 et
1048 2884 1220 2952 prima
1272 2901 1378 2938 nou
1432 2897 1536 2940 est.
1572 2886 1944 2954 Subjiciuntur

374 2967 579 3034 quippe
622 2969 852 3023 discreta
901 2973 1197 3027 secundum
1247 2976 1589 3031 nativitatem
1625 2993 1687 3034 ac
1723 2996 1941 3047 proces-

374 3058 583 3111 siouem
623 3073 638 3111 :
671 3057 773 3113 hoc
796 3069 899 3126 est,
932 3063 1227 3118 secundum
1262 3067 1405 3133 quod
1431 3066 1575 3122 aliud
1605 3071 1816 3139 quidem
1858 3082 1941 3125 est
1969 3091 2010 3146 ε

374 3147 492 3200 sine
527 3148 708 3200 medio
751 3165 815 3202 ex
845 3150 1042 3218 primo,
1078 3150 1219 3205 aliud
1247 3164 1449 3220 autem,
1484 3173 1579 3225 per
1606 3160 1658 3211 id
1686 3163 1828 3229 quod
1861 3172 1944 3215 est

372 3237 488 3290 sine
543 3239 727 3293 medio
779 3256 845 3295 ex
900 3244 1097 3311 primo.
1156 3244 1217 3299 Et
1274 3257 1423 3301 certe
1483 3251 1624 3318 quod
1679 3254 1942 3316 DﬂSt'lllll‘,

374 3341 476 3380 non
527 3337 613 3382 est
669 3330 811 3384 sicut
855 3332 905 3385 id
958 3334 1099 3401 quod
1158 3346 1265 3389 non
1324 3339 1589 3404 nascitur,
1642 3345 1937 3397 secundum

372 3419 576 3473 scilicet
637 3420 1023 3476 discretionem
1081 3434 1313 3481 naturae.
1370 3426 1484 3482 Non
1555 3446 1685 3502 ergo
1745 3434 1945 3489 suiliclt

371 3512 814 3567 contradictionis
840 3516 1128 3583 oppositio,
1163 3532 1258 3585 per
1298 3532 1357 3573 sc
1398 3520 1709 3576 discernere
1748 3538 1938 3590 perso-

371 3616 485 3656 nas.
609 3669 618 3678 .

438 3692 541 3745 Sed
589 3704 641 3746 et
682 3695 882 3761 dicere,
933 3711 1096 3749 unam
1141 3711 1410 3767 quamque
1459 3714 1742 3767 personam
1778 3703 1833 3757 in
1882 3719 1941 3758 se

368 3787 481 3849 ipsa
512 3803 608 3839 sua
644 3788 911 3855 personali
952 3788 1281 3859 proprietate
1308 3790 1630 3860 subsistere,
1663 3804 1831 3865 atque
1873 3800 1938 3852 ab

366 3876 488 3929 aliis
534 3878 788 3930 omnibus
824 3878 1035 3933 abunde
1074 3879 1340 3948 separari,
1375 3889 1433 3934 ut
1473 3891 1527 3935 et
1568 3885 1846 3952 nativitas,
1879 3898 1930 3941 et

368 3970 642 4033 processio
684 3968 802 4021 Filii
836 3983 899 4023 ac
942 3968 1178 4038 Spiritus
1216 3972 1575 4040 proprietates
1623 3975 1687 4027 ad
1721 3976 1933 4029 discre-

369 4056 566 4109 tionem
594 4057 891 4131 suﬂiciant,
922 4066 1085 4127 atque
1116 4062 1189 4113 ita
1212 4075 1389 4115 causa:
1412 4062 1795 4118 discretionem
1828 4082 1933 4121 non

366 4167 483 4203 esse
520 4150 922 4215 requirendam,
968 4152 1098 4205 nihil
1131 4154 1195 4205 ad
1238 4154 1569 4223 propositum
1615 4157 1775 4209 valet.
1806 4156 1933 4222 Qum

365 4244 505 4293 enim
532 4242 826 4294 secundum
860 4258 917 4296 se
950 4243 1061 4310 ipsa
1097 4244 1421 4308 subsistunt,
1457 4248 1678 4315 ipsaque
1707 4263 1766 4302 ea
1801 4266 1929 4317 sug-

365 4343 580 4397 gerunt,
652 4331 921 4386 suiliciuut
983 4334 1048 4387 ad
1120 4335 1504 4391 discretionem
1574 4337 1926 4405 reliquorum.

2059 1883 2365 1935 nativitatis
2419 1883 2735 1938 includitur.
2788 1886 3010 1954 Nempe,
3064 1896 3115 1939 et
3161 1882 3498 1954 procedentis
3545 1903 3629 1944 cst

2054 1971 2312 2033 deﬁnitio,
2343 1985 2409 2024 ex
2441 1972 2681 2040 genitore
2707 1988 2944 2042 esse,per
2974 1977 3232 2043 genitum.
3271 1978 3451 2044 Itaque
3493 1990 3543 2030 cl
3580 1982 3623 2031 si

2054 2064 2293 2131 Spiritus
2325 2064 2656 2133 proprietate
2682 2081 2799 2128 sua,
2832 2068 3175 2135 processioue
3224 2070 3437 2123 scilicet
3471 2086 3498 2125 a
3531 2070 3621 2123 Fi-

2051 2156 2123 2209 lio
2156 2156 2493 2210 discernetur
2524 2157 2635 2225 ipsa
2666 2160 3018 2226 proprietate,
3043 2162 3184 2226 quod
3212 2162 3280 2213 sit
3312 2162 3520 2215 scilicet
3554 2178 3618 2215 ex

2052 2245 2203 2311 Filio,
2234 2247 2421 2315 sicque
2448 2251 2514 2299 ad
2537 2264 2657 2301 eum
2690 2250 2974 2315 referatur,
3003 2250 3383 2306 discretionem
3439 2255 3503 2306 ad
3534 2253 3623 2306 Fi-

2050 2339 2178 2393 lium
2207 2340 2444 2393 habebit.
2468 2338 2753 2396 Enimvero
2777 2345 2947 2405 nasci,
2966 2344 3341 2411 aclprocederc
3358 2346 3401 2399 si
3418 2349 3535 2413 quis
3559 2351 3623 2397 ad

2048 2446 2107 2485 se
2148 2432 2377 2484 invicem
2405 2431 2696 2501 incongrua
2722 2435 2927 2497 dicens,
2951 2436 3195 2489 suﬂicere
3220 2450 3315 2505 per
3342 2453 3398 2489 se
3422 2436 3486 2489 ad
3513 2438 3624 2489 d:~;-

2047 2524 2341 2576 crctionem
2402 2523 2518 2577 sine
2550 2524 2819 2580 intellecta
2853 2525 2954 2578 alia
3001 2528 3263 2581 relatione
3303 2529 3618 2589 arbitretur,

2047 2612 2325 2666 imbecilla:
2344 2613 2562 2665 omnino
2591 2615 2815 2667 conlidit
2866 2616 3081 2668 rationi.
3116 2615 3217 2687 Ista
3252 2617 3395 2669 enim
3430 2618 3620 2669 immr-

2046 2719 2175 2771 grua
2212 2719 2329 2757 esse
2363 2715 2581 2773 prapter
2614 2721 2812 2768 cansm,
2851 2707 3195 2776 causalisque
3218 2709 3464 2761 ordinem
3492 2727 3621 2758 ron-

2048 2794 2219 2862 tingit.
2256 2795 2357 2847 Per
2395 2796 2617 2849 seeuim
2654 2796 2790 2853 sola,
2826 2805 2882 2849 ut
2924 2798 3468 2865 quidamtestimant,
3514 2819 3616 2850 non

2044 2886 2109 2937 ad
2160 2898 2219 2936 se
2256 2882 2366 2953 ipsa
2400 2883 2671 2945 dicuntur,
2722 2902 2904 2938 verum
2954 2886 3098 2955 gigni
3140 2888 3357 2955 quidem
3408 2890 3473 2941 ad
3514 2889 3619 2941 l'a-

2046 2984 2203 3038 trem,
2231 2975 2521 3043 procedere
2560 2984 2763 3040 autem,
2800 2977 2862 3028 ad
2890 2977 3267 3043 productorem
3286 2980 3604 3048 apponitur.

2045 3062 2231 3133 Itaque
2269 3078 2392 3117 cum
2432 3064 2518 3117 illa
2558 3067 3005 3133 oppoui'tlicuut.
3061 3083 3456 3136 consequenter
3502 3075 3613 3123 dis-

2046 3168 2291 3219 cernere,
2326 3156 2485 3225 quasi
2512 3136 2759 3222 causam,
2796 3158 3012 3213 Causale
3056 3160 3121 3211 ad
3160 3160 3390 3213 invicem
3437 3162 3617 3216 dicere

2046 3253 2323 3312 cogentur,
2366 3246 2663 3315 Siquidem,
2696 3252 2837 3317 quod
2867 3250 3107 3315 procmlit
3140 3267 3202 3303 ex
3248 3253 3500 3321 gignente
3532 3267 3613 3307 est

2045 3349 2142 3401 per
2180 3336 2446 3405 genitum;
2482 3338 2622 3405 quod
2663 3349 2839 3393 autem
2890 3342 3127 3395 nascitur
3174 3343 3292 3395 sine
3327 3346 3505 3397 medio
3550 3363 3614 3397 ex

2044 3436 2355 3493 generante,
2420 3437 2505 3483 est
2566 3445 2791 3484 consors
2856 3436 3157 3487 secumlum
3230 3436 3612 3503 proprietatem

2045 3532 2195 3569 suam
2236 3527 2583 3584 paternorum
2623 3524 2860 3573 omnium
2896 3526 3177 3577 honorum.

2116 3606 2379 3661 Praeterea
2402 3650 2415 3673 ,
2443 3609 2568 3677 quia
2626 3612 2826 3664 dietqu
2867 3615 3026 3665 etiam
3059 3624 3164 3678 est,
3200 3618 3252 3670 in
3284 3620 3391 3672 sola
3426 3637 3609 3683 causa,

2041 3708 2093 3754 et
2144 3684 2348 3755 oausali
2395 3702 2608 3755 divinas
2652 3704 2885 3755 discerni
2939 3722 3212 3770 personas.
3275 3711 3335 3762 Et
3376 3713 3472 3762 hoe
3504 3730 3600 3764 an.

2042 3802 2149 3848 tem
2189 3794 2409 3863 quidam
2451 3806 2639 3849 contra
2687 3794 2956 3850 inferunt:
2990 3799 3269 3865 quoniam,
3312 3808 3354 3854 si
3392 3793 3610 3871 quid'em

2038 3884 2209 3939 Filius
2263 3898 2423 3939 causa
2474 3886 2647 3939 sancti
2697 3885 2933 3953 Spiritus
2980 3896 3081 3951 est,
3137 3891 3408 3961 habetque
3476 3895 3525 3948 id
3578 3912 3607 3949 a

2038 3979 2200 4034 Patre
2241 3996 2487 4044 sumens,
2539 3983 2717 4036 sancti
2754 3982 2985 4050 Spiritus
3037 4000 3199 4039 eausa
3244 4004 3363 4041 esse
3412 3992 3608 4059 praeiu-

2038 4071 2305 4139 telligetur
2349 4074 2403 4127 iu
2462 4073 2642 4136 Patre,
2692 4076 2880 4129 saltem
2928 4077 3281 4145 cogitatione.

2106 4163 2266 4218 Pater
2295 4166 2475 4233 itaque
2526 4177 2650 4219 ante
2716 4169 3061 4233 cogitabitur,
3107 4187 3266 4239 quam
3312 4171 3478 4225 Filius
3521 4175 3604 4225 in-

2034 4254 2247 4320 spirans
2273 4253 2528 4323 Spiritum
2573 4268 2842 4323 sanctum,
2876 4262 2966 4313 sed
3001 4262 3338 4328 productioni
3372 4263 3607 4329 Spiritus

2034 4362 2099 4398 ex
2156 4346 2314 4399 Patre
2369 4348 2671 4403 substantia
2730 4353 2909 4404 sancti
2965 4351 3200 4419 Spiritus
3272 4369 3604 4407 concurrens

369 4424 556 4475 l’vlrus
598 4425 740 4473 enim
774 4424 986 4491 propria
1023 4424 1203 4479 anima
1248 4436 1302 4479 et
1332 4440 1560 4494 corpore
1604 4428 1924 4493 subsistens,
1963 4433 2003 4485 Ι)
2033 4448 2114 4489 est
2148 4438 2337 4502 :prius
2361 4454 2509 4507 ergo,
2545 4457 2707 4509 quam
2746 4442 3007 4509 inspirare
3040 4442 3206 4495 Filius
3240 4445 3593 4513 intelligatur,

366 4514 445 4569 bis
486 4531 512 4567 a
552 4514 737 4579 Paulo,
768 4518 1086 4585 ctcterisque
1118 4518 1473 4587 distinguitur
1509 4538 1522 4574 :
1571 4521 1766 4590 quibus
1799 4536 1924 4573 vero

363 4606 657 4660 sttltsislerc
700 4606 750 4659 in
781 4621 844 4659 eo
873 4617 977 4669 est,
1004 4610 1245 4693 quod‘ad
1289 4610 1431 4664 aliud
1476 4610 1802 4671 referuntur,
1839 4612 1925 4665 his

362 4697 519 4747 etiam
547 4696 647 4748 huc
679 4696 911 4749 discerni
944 4705 1049 4759 est,
1086 4698 1149 4750 ad
1181 4713 1243 4751 ea
1279 4697 1491 4765 referri,
1527 4702 1593 4753 ad
1618 4716 1740 4770 qua:
1788 4701 1925 4756 refe-

362 4794 573 4839 runtur.
619 4786 819 4841 Servus
847 4785 1017 4851 enim,
1046 4788 1195 4841 verbi
1240 4789 1435 4856 gratia,
1472 4790 1524 4844 in
1573 4805 1637 4844 eo
1667 4793 1807 4859 quod
1841 4807 1915 4846 re-

364 4879 531 4933 !ertur
575 4882 640 4932 ad
686 4880 990 4951 dominum,
1034 4891 1136 4943 est,
1169 4892 1221 4935 et
1250 4881 1451 4935 dicitur
1495 4898 1707 4940 servus.
1752 4884 1929 4940 Caete—

363 4986 501 5030 rum,
543 4970 802 5025 relatione
831 4970 1064 5035 sublata,
1107 4985 1279 5039 neque
1317 4988 1529 5031 servus.
1572 4974 1623 5026 in
1662 4986 1918 5041 quantum

362 5077 546 5116 srrvus
575 5063 677 5115 erit
705 5078 719 5127 ;
757 5062 1009 5129 quoniam
1036 5062 1199 5129 igitur
1232 5066 1528 5129 pateruitas
1554 5073 1609 5120 et
1642 5068 1921 5132 uativitas,

361 5162 409 5203 et
442 5154 720 5220 processio
759 5152 1053 5205 secundum
1086 5168 1301 5204 causam
1347 5164 1401 5205 et
1448 5154 1667 5209 causale
1706 5156 1919 5211 subsis-

362 5251 524 5295 tunt:
577 5240 745 5293 Filius
781 5241 1023 5310 quidem,
1073 5241 1127 5294 in
1176 5252 1437 5305 quantum
1493 5242 1682 5307 Filius,
1719 5260 1745 5298 a
1799 5249 1919 5303 solo

357 5332 511 5386 Patre
542 5320 927 5401 distinguitur;
976 5346 1003 5383 a
1037 5332 1240 5400 Spiritu
1274 5337 1649 5407 autem,uulla
1686 5338 1914 5406 ratione,

357 5426 453 5479 nisi
513 5436 566 5480 et
605 5425 709 5479 alia
757 5425 937 5494 aliqua
981 5426 1153 5494 ipsius
1201 5426 1267 5479 ad
1322 5426 1580 5495 Spiritum
1615 5430 1914 5486 differentia

354 5518 705 5590 intelligatur.
734 5518 916 5571 Solam
943 5519 1091 5577 enim
1114 5521 1409 5573 secundum
1438 5523 1768 5579 nativitatem
1799 5527 1915 5579 sine

354 5608 614 5663 relatimie
644 5610 709 5663 ad
738 5608 952 5662 Patrem
979 5607 1329 5673 intellectam,
1363 5626 1466 5673 una
1501 5627 1731 5680 persona
1772 5626 1913 5669 esset

355 5694 521 5755 Filius
567 5709 618 5756 et
650 5699 901 5769 Spiritus.
943 5698 1172 5754 Rursum
1228 5701 1462 5771 Spiritus
1494 5713 1716 5760 sanctus
1767 5707 1908 5759 rcla~

2031 4528 2278 4583 subsistit
2324 4530 2560 4597 Spiritus
2607 4543 2850 4594 sant-tus,
2893 4541 2946 4584 et
2998 4548 3091 4599 per
3139 4537 3596 4601 cnnseqnens,ab

2028 4620 2145 4685 ipso
2197 4619 2545 4674 discernitur.
2598 4622 2749 4674 Prius
2803 4631 3020 4683 autem,
3066 4639 3227 4689 quam
3298 4625 3590 4690 inspiraret

2032 4708 2221 4774 Filius,
2257 4709 2426 4764 Filius
2469 4720 2677 4762 tantqu
2717 4721 2851 4772 erat,
2902 4721 2955 4762 et
3000 4727 3101 4761 non
3134 4712 3447 4775 productor.
3490 4714 3598 4767 lla-

2024 4814 2129 4866 que
2167 4808 2220 4852 et
2272 4803 2317 4851 si
2372 4816 2473 4851 nou
2517 4803 2586 4852 sit
2634 4816 2794 4851 causa
2847 4798 3036 4857 Filius,
3075 4815 3101 4849 ιι
3156 4800 3355 4867 Spiritu
3401 4814 3592 4857 sancto

2023 4890 2378 4951 discernetur.

2095 4981 2316 5047 Verum,
2350 4983 2489 5035 istud
2516 4968 2729 5051 quoque
2756 4980 3104 5046 imbecillum,
3160 4998 3222 5037 ca
3255 4994 3337 5038 est
3364 4987 3594 5047 mtione,

2024 5073 2167 5145 quod
2200 5070 2317 5124 Filii
2349 5088 2414 5126 ex
2454 5070 2612 5124 Patre
2643 5073 2889 5128 nativitas
2922 5074 3146 5139 primus,
3172 5085 3224 5128 et
3251 5075 3598 5131 immediatns

2019 5173 2125 5229 est,
2180 5165 2476 5216 secundum
2524 5175 2803 5229 paternam
2854 5166 3235 5234 proprietatem
3274 5182 3591 5236 processus,

2021 5262 2078 5308 et
2113 5261 2239 5307 ante
2298 5255 2701 5323 processiouem
2758 5258 2933 5311 sancti
2993 5256 3229 5325 Spiritus
3281 5258 3583 5327 cogitatur.

2020 5344 2122 5399 Per
2158 5346 2499 5400 nativitatem
2548 5347 2692 5400 enim
2743 5349 3016 5413 processio
3055 5359 3159 5411 est;
3204 5348 3347 5413 quia,
3406 5355 3455 5397 et
3492 5360 3587 5411 per

2017 5434 2209 5491 Filium
2252 5436 2510 5507 Spiritus,
2564 5438 3017 5509 proccdeutisque
3069 5438 3330 5491 terminus
3361 5451 3455 5502 per
3486 5450 3579 5501 ge-

2016 5526 2189 5582 nitum
2240 5543 2362 5586 esse
2402 5528 2730 5581 monstratus
2773 5539 2871 5581 cst.
2932 5526 3194 5590 Quoniam
3237 5538 3363 5575 vero
3395 5522 3585 5582 Filius.

2017 5616 2068 5670 itt
2104 5634 2372 5693 quantum
2416 5617 2603 5681 Filius,
2659 5616 3299 5684 paternorumbonorum
3340 5616 3581 5667 omnium

2013 5721 2092 5766 οδε
2147 5720 2344 5785 “mes,
2409 5718 2458 5761 ει
2503 5710 2705 5767 omnia,
2751 5720 2866 5771 qme
2919 5704 3086 5756 Patris
3125 5713 3274 5766 sunt,
3312 5704 3587 5758 nascendo
