  <div class='ocr_page' id='page_1' title='image "/cluster/home/n/w/nwhite01/storage/ocr_20150623/152/mdp.39015078384735/085.png"; bbox 0 0 4064 6262; ppageno 0'>
   <div class='ocr_carea' id='block_1_1' title="bbox 449 253 3752 381">
    <p class='ocr_par' dir='ltr' id='par_1_1' title="bbox 449 253 3752 381">
     <span class='ocr_line' id='line_1_1' title="bbox 449 253 3752 381; baseline 0 -24"><span class='ocrx_word' id='word_1_1' title='bbox 449 292 551 360; x_wconf 78' lang='lat'><strong>155</strong></span> <span class='ocrx_word' id='word_1_2' title='bbox 1705 297 2103 360; x_wconf 79' lang='lat' dir='ltr'><strong>MANUELIS</strong></span> <span class='ocrx_word' id='word_1_3' title='bbox 2145 253 2486 381; x_wconf 34' lang='lat' dir='ltr'><strong>CAILECIE‘</strong></span> <span class='ocrx_word' id='word_1_4' title='bbox 3637 291 3752 358; x_wconf 72' lang='lat'><strong>156</strong></span> 
     </span>
    </p>
   </div>
   <div class='ocr_carea' id='block_1_2' title="bbox 435 403 3756 484">
    <p class='ocr_par' dir='ltr' id='par_1_2' title="bbox 435 403 3756 484">
     <span class='ocr_line' id='line_1_2' title="bbox 435 403 3756 484; baseline -0.001 -21"><span class='ocrx_word' id='word_1_5' title='bbox 435 410 656 477; x_wconf 83' lang='lat' dir='ltr'><strong>accipit,</strong></span> <span class='ocrx_word' id='word_1_6' title='bbox 692 407 957 479; x_wconf 83' lang='lat' dir='ltr'><strong>gignendo</strong></span> <span class='ocrx_word' id='word_1_7' title='bbox 1001 408 1245 479; x_wconf 84' lang='lat' dir='ltr'><strong>profecto</strong></span> <span class='ocrx_word' id='word_1_8' title='bbox 1290 408 1448 463; x_wconf 86' lang='lat' dir='ltr'><strong>Pater</strong></span> <span class='ocrx_word' id='word_1_9' title='bbox 1487 406 1622 462; x_wconf 84' lang='lat' dir='ltr'><strong>Filio</strong></span> <span class='ocrx_word' id='word_1_10' title='bbox 1658 406 1872 460; x_wconf 92' lang='lat' dir='ltr'><strong>initium</strong></span> <span class='ocrx_word' id='word_1_11' title='bbox 1921 414 2024 470; x_wconf 87' lang='lat' dir='ltr'><strong>est,</strong></span> <span class='ocrx_word' id='word_1_12' title='bbox 2063 410 2104 484; x_wconf 44' lang='grc' dir='ltr'>ἃ</span> <span class='ocrx_word' id='word_1_13' title='bbox 2136 405 2503 462; x_wconf 86' lang='lat' dir='ltr'><strong>substantiam</strong></span> <span class='ocrx_word' id='word_1_14' title='bbox 2544 404 2745 462; x_wconf 84' lang='lat' dir='ltr'><strong>habere</strong></span> <span class='ocrx_word' id='word_1_15' title='bbox 2797 403 3057 474; x_wconf 91' lang='lat' dir='ltr'><strong>Spiritum</strong></span> <span class='ocrx_word' id='word_1_16' title='bbox 3100 405 3354 461; x_wconf 86' lang='lat' dir='ltr'><strong>Sanctum</strong></span> <span class='ocrx_word' id='word_1_17' title='bbox 3395 408 3559 476; x_wconf 82' lang='lat' dir='ltr'><strong>quod</strong></span> <span class='ocrx_word' id='word_1_18' title='bbox 3603 407 3756 462; x_wconf 88' lang='lat' dir='ltr'><strong>dici-</strong></span> 
     </span>
    </p>
   </div>
   <div class='ocr_carea' id='block_1_3' title="bbox 435 497 3761 569">
    <p class='ocr_par' dir='ltr' id='par_1_3' title="bbox 435 497 3761 569">
     <span class='ocr_line' id='line_1_3' title="bbox 435 497 3761 569; baseline -0.001 -15"><span class='ocrx_word' id='word_1_19' title='bbox 435 501 604 554; x_wconf 86' lang='lat' dir='ltr'><strong>etiam</strong></span> <span class='ocrx_word' id='word_1_20' title='bbox 662 507 718 553; x_wconf 92' lang='lat' dir='ltr'><strong>ut</strong></span> <span class='ocrx_word' id='word_1_21' title='bbox 751 500 835 554; x_wconf 83' lang='lat' dir='ltr'><strong>sit</strong></span> <span class='ocrx_word' id='word_1_22' title='bbox 876 501 1048 556; x_wconf 91' lang='lat' dir='ltr'><strong>sancti</strong></span> <span class='ocrx_word' id='word_1_23' title='bbox 1093 500 1331 569; x_wconf 75' lang='lat' dir='ltr'><strong>Spiritus</strong></span> <span class='ocrx_word' id='word_1_24' title='bbox 1372 515 1564 556; x_wconf 89' lang='lat' dir='ltr'><strong>causa.</strong></span> <span class='ocrx_word' id='word_1_25' title='bbox 1596 499 1814 569; x_wconf 84' lang='lat' dir='ltr'><strong>Itaque,</strong></span> <span class='ocrx_word' id='word_1_26' title='bbox 1855 497 1898 553; x_wconf 92' lang='lat' dir='ltr'><strong>si</strong></span> <span class='ocrx_word' id='word_1_27' title='bbox 1934 513 2028 566; x_wconf 88' lang='lat' dir='ltr'><strong>per</strong></span> <span class='ocrx_word' id='word_1_28' title='bbox 2142 509 2250 569; x_wconf 77' lang='lat' dir='ltr'><strong>tnr,</strong></span> <span class='ocrx_word' id='word_1_29' title='bbox 2305 513 2490 552; x_wconf 89' lang='lat' dir='ltr'><strong>verum</strong></span> <span class='ocrx_word' id='word_1_30' title='bbox 2527 512 2671 562; x_wconf 78' lang='lat' dir='ltr'><strong>esse,</strong></span> <span class='ocrx_word' id='word_1_31' title='bbox 2707 498 2815 564; x_wconf 89' lang='lat' dir='ltr'><strong>hic,</strong></span> <span class='ocrx_word' id='word_1_32' title='bbox 2865 513 2987 567; x_wconf 69' lang='lat' dir='ltr'><strong>qum</strong></span> <span class='ocrx_word' id='word_1_33' title='bbox 3036 498 3291 566; x_wconf 69' lang='lat' dir='ltr'><strong>praadicta</strong></span> <span class='ocrx_word' id='word_1_34' title='bbox 3339 509 3490 564; x_wconf 92' lang='lat' dir='ltr'><strong>sunt,</strong></span> <span class='ocrx_word' id='word_1_35' title='bbox 3531 514 3761 568; x_wconf 58' lang='lat' dir='ltr'><strong>suppor-</strong></span> 
     </span>
    </p>
   </div>
   <div class='ocr_carea' id='block_1_4' title="bbox 441 565 3756 660">
    <p class='ocr_par' dir='ltr' id='par_1_4' title="bbox 441 565 3756 660">
     <span class='ocr_line' id='line_1_4' title="bbox 441 565 3756 660; baseline 0.002 -22"><span class='ocrx_word' id='word_1_36' title='bbox 441 586 782 640; x_wconf 78' lang='lat' dir='ltr'><strong>nativitatem</strong></span> <span class='ocrx_word' id='word_1_37' title='bbox 809 602 985 652; x_wconf 91' lang='lat' dir='ltr'><strong>suam,</strong></span> <span class='ocrx_word' id='word_1_38' title='bbox 1013 598 1070 642; x_wconf 91' lang='lat' dir='ltr'><strong>ut</strong></span> <span class='ocrx_word' id='word_1_39' title='bbox 1093 587 1329 651; x_wconf 88' lang='lat' dir='ltr'><strong>initium,</strong></span> <span class='ocrx_word' id='word_1_40' title='bbox 1355 601 1406 641; x_wconf 87' lang='lat' dir='ltr'><strong>et</strong></span> <span class='ocrx_word' id='word_1_41' title='bbox 1430 603 1594 642; x_wconf 90' lang='lat' dir='ltr'><strong>causa</strong></span> <span class='ocrx_word' id='word_1_42' title='bbox 1631 588 1866 642; x_wconf 90' lang='lat' dir='ltr'><strong>Sanetus</strong></span> <span class='ocrx_word' id='word_1_43' title='bbox 1901 584 2028 652; x_wconf 90' lang='lat' dir='ltr'><strong>Spi-</strong></span> <span class='ocrx_word' id='word_1_44' title='bbox 2139 565 2260 644; x_wconf 78' lang='lat' dir='ltr'><strong>sitis</strong></span> <span class='ocrx_word' id='word_1_45' title='bbox 2291 608 2304 644; x_wconf 90' lang='lat'><strong>:</strong></span> <span class='ocrx_word' id='word_1_46' title='bbox 2340 591 2406 645; x_wconf 88' lang='lat' dir='ltr'><strong>ad</strong></span> <span class='ocrx_word' id='word_1_47' title='bbox 2462 591 2548 645; x_wconf 89' lang='lat' dir='ltr'><strong>illa</strong></span> <span class='ocrx_word' id='word_1_48' title='bbox 2605 605 2748 644; x_wconf 91' lang='lat' dir='ltr'><strong>nunc</strong></span> <span class='ocrx_word' id='word_1_49' title='bbox 2798 590 3206 659; x_wconf 79' lang='lat' dir='ltr'><strong>proficiscamur</strong></span> <span class='ocrx_word' id='word_1_50' title='bbox 3230 629 3247 655; x_wconf 88' lang='lat'><strong>,</strong></span> <span class='ocrx_word' id='word_1_51' title='bbox 3329 607 3446 660; x_wconf 71' lang='lat' dir='ltr'><strong>qua:</strong></span> <span class='ocrx_word' id='word_1_52' title='bbox 3515 593 3756 646; x_wconf 85' lang='lat' dir='ltr'><strong>veritati</strong></span> 
     </span>
    </p>
   </div>
   <div class='ocr_carea' id='block_1_5' title="bbox 447 677 3170 750">
    <p class='ocr_par' dir='ltr' id='par_1_5' title="bbox 447 677 3170 750">
     <span class='ocr_line' id='line_1_5' title="bbox 447 677 3170 750; baseline 0.001 -19"><span class='ocrx_word' id='word_1_53' title='bbox 447 681 584 734; x_wconf 90' lang='lat' dir='ltr'><strong>ritus</strong></span> <span class='ocrx_word' id='word_1_54' title='bbox 635 681 706 735; x_wconf 91' lang='lat' dir='ltr'><strong>sit</strong></span> <span class='ocrx_word' id='word_1_55' title='bbox 762 679 951 745; x_wconf 86' lang='lat' dir='ltr'><strong>Filius,</strong></span> <span class='ocrx_word' id='word_1_56' title='bbox 998 681 1159 736; x_wconf 87' lang='lat' dir='ltr'><strong>Pater</strong></span> <span class='ocrx_word' id='word_1_57' title='bbox 1209 680 1344 735; x_wconf 88' lang='lat' dir='ltr'><strong>Filio</strong></span> <span class='ocrx_word' id='word_1_58' title='bbox 1380 679 1822 742; x_wconf 88' lang='lat' dir='ltr'><strong>communicabit,</strong></span> <span class='ocrx_word' id='word_1_59' title='bbox 1868 677 2030 731; x_wconf 89' lang='lat' dir='ltr'><strong>simul</strong></span> <span class='ocrx_word' id='word_1_60' title='bbox 2140 678 2267 734; x_wconf 83' lang='lat' dir='ltr'><strong>huic</strong></span> <span class='ocrx_word' id='word_1_61' title='bbox 2314 695 2537 750; x_wconf 84' lang='lat' dir='ltr'><strong>prorsus</strong></span> <span class='ocrx_word' id='word_1_62' title='bbox 2588 680 2838 735; x_wconf 82' lang='lat' dir='ltr'><strong>videntur</strong></span> <span class='ocrx_word' id='word_1_63' title='bbox 2873 681 3170 735; x_wconf 88' lang='lat' dir='ltr'><strong>adversari.</strong></span> 
     </span>
    </p>
   </div>
   <div class='ocr_carea' id='block_1_6' title="bbox 440 767 3758 842">
    <p class='ocr_par' dir='ltr' id='par_1_6' title="bbox 440 767 3758 842">
     <span class='ocr_line' id='line_1_6' title="bbox 440 767 3758 842; baseline -0.001 -18"><span class='ocrx_word' id='word_1_64' title='bbox 440 787 563 825; x_wconf 88' lang='lat' dir='ltr'><strong>cum</strong></span> <span class='ocrx_word' id='word_1_65' title='bbox 618 771 751 827; x_wconf 83' lang='lat' dir='ltr'><strong>Filio</strong></span> <span class='ocrx_word' id='word_1_66' title='bbox 782 773 882 827; x_wconf 90' lang='lat' dir='ltr'><strong>hoc</strong></span> <span class='ocrx_word' id='word_1_67' title='bbox 941 772 1196 835; x_wconf 86' lang='lat' dir='ltr'><strong>habebit,</strong></span> <span class='ocrx_word' id='word_1_68' title='bbox 1237 780 1290 826; x_wconf 93' lang='lat' dir='ltr'><strong>et</strong></span> <span class='ocrx_word' id='word_1_69' title='bbox 1344 787 1518 842; x_wconf 87' lang='lat' dir='ltr'><strong>neque</strong></span> <span class='ocrx_word' id='word_1_70' title='bbox 1582 771 1698 840; x_wconf 87' lang='lat' dir='ltr'><strong>ipse</strong></span> <span class='ocrx_word' id='word_1_71' title='bbox 1747 769 1865 825; x_wconf 85' lang='lat' dir='ltr'><strong>sine</strong></span> <span class='ocrx_word' id='word_1_72' title='bbox 1893 767 2029 822; x_wconf 84' lang='lat' dir='ltr'><strong>Filio</strong></span> <span class='ocrx_word' id='word_1_73' title='bbox 2210 769 2450 824; x_wconf 79' lang='lat' dir='ltr'><strong>Accedat</strong></span> <span class='ocrx_word' id='word_1_74' title='bbox 2502 784 2630 837; x_wconf 88' lang='lat' dir='ltr'><strong>ergo</strong></span> <span class='ocrx_word' id='word_1_75' title='bbox 2670 769 2848 838; x_wconf 91' lang='lat' dir='ltr'><strong>primo</strong></span> <span class='ocrx_word' id='word_1_76' title='bbox 2909 769 3139 824; x_wconf 83' lang='lat' dir='ltr'><strong>Sanctus</strong></span> <span class='ocrx_word' id='word_1_77' title='bbox 3197 768 3432 825; x_wconf 83' lang='lat' dir='ltr'><strong>Joannes</strong></span> <span class='ocrx_word' id='word_1_78' title='bbox 3497 769 3758 822; x_wconf 84' lang='lat' dir='ltr'><strong>Damas-</strong></span> 
     </span>
    </p>
   </div>
   <div class='ocr_carea' id='block_1_7' title="bbox 448 860 3756 935">
    <p class='ocr_par' dir='ltr' id='par_1_7' title="bbox 448 860 3756 935">
     <span class='ocr_line' id='line_1_7' title="bbox 448 860 3756 935; baseline -0.001 -19"><span class='ocrx_word' id='word_1_79' title='bbox 448 863 723 932; x_wconf 89' lang='lat' dir='ltr'><strong>inspirare</strong></span> <span class='ocrx_word' id='word_1_80' title='bbox 764 865 1098 932; x_wconf 77' lang='lat' dir='ltr'><strong>intelligetur</strong></span> <span class='ocrx_word' id='word_1_81' title='bbox 1126 865 1389 935; x_wconf 89' lang='lat' dir='ltr'><strong>Spiritum</strong></span> <span class='ocrx_word' id='word_1_82' title='bbox 1436 864 1715 918; x_wconf 87' lang='lat' dir='ltr'><strong>Sanctum.</strong></span> <span class='ocrx_word' id='word_1_83' title='bbox 1739 862 1847 917; x_wconf 87' lang='lat' dir='ltr'><strong>Aut</strong></span> <span class='ocrx_word' id='word_1_84' title='bbox 1884 861 2026 914; x_wconf 90' lang='lat' dir='ltr'><strong>enim</strong></span> <span class='ocrx_word' id='word_1_85' title='bbox 2139 878 2349 918; x_wconf 84' lang='lat' dir='ltr'><strong>cenus:</strong></span> <span class='ocrx_word' id='word_1_86' title='bbox 2395 861 2671 932; x_wconf 73' lang='lat' dir='ltr'><strong>Spiritum,</strong></span> <span class='ocrx_word' id='word_1_87' title='bbox 2729 863 2926 931; x_wconf 91' lang='lat' dir='ltr'><strong>inquit,</strong></span> <span class='ocrx_word' id='word_1_88' title='bbox 2982 860 3112 917; x_wconf 82' lang='lat' dir='ltr'><strong>Filii</strong></span> <span class='ocrx_word' id='word_1_89' title='bbox 3169 861 3416 927; x_wconf 80' lang='lat' dir='ltr'><strong>dicimus,</strong></span> <span class='ocrx_word' id='word_1_90' title='bbox 3469 878 3548 916; x_wconf 77' lang='lat' dir='ltr'><strong>ea:</strong></span> <span class='ocrx_word' id='word_1_91' title='bbox 3600 861 3756 914; x_wconf 79' lang='lat' dir='ltr'><strong>Filio</strong></span> 
     </span>
    </p>
   </div>
   <div class='ocr_carea' id='block_1_8' title="bbox 445 938 3757 1025">
    <p class='ocr_par' dir='ltr' id='par_1_8' title="bbox 445 938 3757 1025">
     <span class='ocr_line' id='line_1_8' title="bbox 445 938 3757 1025; baseline -0.002 -17"><span class='ocrx_word' id='word_1_92' title='bbox 445 971 621 1025; x_wconf 86' lang='lat' dir='ltr'><strong>neque</strong></span> <span class='ocrx_word' id='word_1_93' title='bbox 675 972 740 1008; x_wconf 82' lang='lat' dir='ltr'><strong>ex</strong></span> <span class='ocrx_word' id='word_1_94' title='bbox 804 954 966 1013; x_wconf 84' lang='lat' dir='ltr'><strong>Patre</strong></span> <span class='ocrx_word' id='word_1_95' title='bbox 1031 967 1138 1021; x_wconf 93' lang='grc' dir='ltr'>εει,</span> <span class='ocrx_word' id='word_1_96' title='bbox 1196 957 1240 1010; x_wconf 84' lang='lat' dir='ltr'><strong>si</strong></span> <span class='ocrx_word' id='word_1_97' title='bbox 1292 957 1395 1010; x_wconf 91' lang='lat' dir='ltr'><strong>dici</strong></span> <span class='ocrx_word' id='word_1_98' title='bbox 1441 955 1524 1010; x_wconf 77' lang='lat' dir='ltr'><strong>fas</strong></span> <span class='ocrx_word' id='word_1_99' title='bbox 1585 954 1676 1018; x_wconf 87' lang='lat' dir='ltr'><strong>sit,</strong></span> <span class='ocrx_word' id='word_1_100' title='bbox 1720 964 1814 1007; x_wconf 90' lang='lat' dir='ltr'><strong>aut</strong></span> <span class='ocrx_word' id='word_1_101' title='bbox 1863 952 2027 1007; x_wconf 88' lang='lat' dir='ltr'><strong>etiam</strong></span> <span class='ocrx_word' id='word_1_102' title='bbox 2139 963 2314 1009; x_wconf 83' lang='lat' dir='ltr'><strong>autem</strong></span> <span class='ocrx_word' id='word_1_103' title='bbox 2387 970 2492 1008; x_wconf 82' lang='lat' dir='ltr'><strong>non</strong></span> <span class='ocrx_word' id='word_1_104' title='bbox 2569 953 2816 1019; x_wconf 78' lang='lat' dir='ltr'><strong>dicimus,</strong></span> <span class='ocrx_word' id='word_1_105' title='bbox 2871 938 2986 1009; x_wconf 83' lang='grc' dir='ltr'><strong>11οε</strong></span> <span class='ocrx_word' id='word_1_106' title='bbox 3047 953 3128 1020; x_wconf 91' lang='lat' dir='ltr'><strong>si,</strong></span> <span class='ocrx_word' id='word_1_107' title='bbox 3184 944 3240 1008; x_wconf 79' lang='lat' dir='ltr'><strong>ut</strong></span> <span class='ocrx_word' id='word_1_108' title='bbox 3299 954 3522 1022; x_wconf 84' lang='lat' dir='ltr'><strong>quidem</strong></span> <span class='ocrx_word' id='word_1_109' title='bbox 3594 953 3757 1005; x_wconf 76' lang='lat' dir='ltr'><strong>arbi-</strong></span> 
     </span>
    </p>
   </div>
   <div class='ocr_carea' id='block_1_9' title="bbox 455 1036 3758 1118">
    <p class='ocr_par' dir='ltr' id='par_1_9' title="bbox 455 1036 3758 1118">
     <span class='ocr_line' id='line_1_9' title="bbox 455 1036 3758 1118; baseline -0.001 -18"><span class='ocrx_word' id='word_1_110' title='bbox 455 1062 551 1114; x_wconf 89' lang='lat' dir='ltr'><strong>per</strong></span> <span class='ocrx_word' id='word_1_111' title='bbox 600 1047 819 1114; x_wconf 90' lang='lat' dir='ltr'><strong>Filium,</strong></span> <span class='ocrx_word' id='word_1_112' title='bbox 868 1061 1031 1118; x_wconf 87' lang='lat' dir='ltr'><strong>atque</strong></span> <span class='ocrx_word' id='word_1_113' title='bbox 1080 1066 1147 1104; x_wconf 80' lang='lat' dir='ltr'><strong>ex</strong></span> <span class='ocrx_word' id='word_1_114' title='bbox 1189 1048 1330 1104; x_wconf 84' lang='lat' dir='ltr'><strong>Filio</strong></span> <span class='ocrx_word' id='word_1_115' title='bbox 1387 1057 1509 1104; x_wconf 90' lang='lat' dir='ltr'><strong>est:</strong></span> <span class='ocrx_word' id='word_1_116' title='bbox 1550 1047 1750 1117; x_wconf 88' lang='lat' dir='ltr'><strong>quippe</strong></span> <span class='ocrx_word' id='word_1_117' title='bbox 1800 1047 1903 1100; x_wconf 87' lang='lat' dir='ltr'><strong>hoc</strong></span> <span class='ocrx_word' id='word_1_118' title='bbox 1945 1052 2030 1098; x_wconf 86' lang='lat' dir='ltr'><strong>est</strong></span> <span class='ocrx_word' id='word_1_119' title='bbox 2143 1057 2375 1110; x_wconf 90' lang='lat' dir='ltr'><strong>trantur,</strong></span> <span class='ocrx_word' id='word_1_120' title='bbox 2437 1045 2487 1098; x_wconf 90' lang='lat' dir='ltr'><strong>id</strong></span> <span class='ocrx_word' id='word_1_121' title='bbox 2530 1043 2804 1100; x_wconf 86' lang='lat' dir='ltr'><strong>insinuare</strong></span> <span class='ocrx_word' id='word_1_122' title='bbox 2855 1045 2990 1110; x_wconf 89' lang='lat' dir='ltr'><strong>vult,</strong></span> <span class='ocrx_word' id='word_1_123' title='bbox 3047 1045 3189 1115; x_wconf 86' lang='lat' dir='ltr'><strong>quod</strong></span> <span class='ocrx_word' id='word_1_124' title='bbox 3238 1061 3342 1099; x_wconf 91' lang='lat' dir='ltr'><strong>non</strong></span> <span class='ocrx_word' id='word_1_125' title='bbox 3385 1047 3456 1100; x_wconf 85' lang='lat' dir='ltr'><strong>sit</strong></span> <span class='ocrx_word' id='word_1_126' title='bbox 3494 1036 3572 1098; x_wconf 62' lang='lat' dir='ltr'><strong>ei</strong></span> <span class='ocrx_word' id='word_1_127' title='bbox 3608 1044 3758 1098; x_wconf 86' lang='lat' dir='ltr'><strong>Filio</strong></span> 
     </span>
    </p>
   </div>
   <div class='ocr_carea' id='block_1_10' title="bbox 447 1135 3755 1218">
    <p class='ocr_par' dir='ltr' id='par_1_10' title="bbox 447 1135 3755 1218">
     <span class='ocr_line' id='line_1_10' title="bbox 447 1135 3755 1218; baseline -0.001 -26"><span class='ocrx_word' id='word_1_128' title='bbox 447 1141 784 1206; x_wconf 65' lang='lat' dir='ltr'><strong>procedentis</strong></span> <span class='ocrx_word' id='word_1_129' title='bbox 820 1143 979 1195; x_wconf 87' lang='lat' dir='ltr'><strong>ratio.</strong></span> <span class='ocrx_word' id='word_1_130' title='bbox 1022 1143 1090 1196; x_wconf 87' lang='lat' dir='ltr'><strong>Et</strong></span> <span class='ocrx_word' id='word_1_131' title='bbox 1126 1150 1419 1210; x_wconf 82' lang='lat' dir='ltr'><strong>antequam</strong></span> <span class='ocrx_word' id='word_1_132' title='bbox 1457 1140 1695 1207; x_wconf 83' lang='lat' dir='ltr'><strong>Spiritus</strong></span> <span class='ocrx_word' id='word_1_133' title='bbox 1760 1137 2032 1207; x_wconf 77' lang='lat' dir='ltr'><strong>cogitetur</strong></span> <span class='ocrx_word' id='word_1_134' title='bbox 2143 1136 2400 1218; x_wconf 78' lang='lat' dir='ltr'><strong>Spiritus,</strong></span> <span class='ocrx_word' id='word_1_135' title='bbox 2437 1151 2611 1205; x_wconf 85' lang='lat' dir='ltr'><strong>neque</strong></span> <span class='ocrx_word' id='word_1_136' title='bbox 2667 1152 2762 1204; x_wconf 90' lang='lat' dir='ltr'><strong>per</strong></span> <span class='ocrx_word' id='word_1_137' title='bbox 2811 1135 3005 1190; x_wconf 88' lang='lat' dir='ltr'><strong>Filium</strong></span> <span class='ocrx_word' id='word_1_138' title='bbox 3036 1137 3416 1192; x_wconf 75' lang='lat' dir='ltr'><strong>substantiam</strong></span> <span class='ocrx_word' id='word_1_139' title='bbox 3480 1137 3709 1192; x_wconf 84' lang='lat' dir='ltr'><strong>habeat</strong></span> <span class='ocrx_word' id='word_1_140' title='bbox 3738 1178 3755 1201; x_wconf 90' lang='lat'><strong>,</strong></span> 
     </span>
    </p>
   </div>
   <div class='ocr_carea' id='block_1_11' title="bbox 453 1227 3759 1302">
    <p class='ocr_par' dir='ltr' id='par_1_11' title="bbox 453 1227 3759 1302">
     <span class='ocr_line' id='line_1_11' title="bbox 453 1227 3759 1302; baseline 0 -21"><span class='ocrx_word' id='word_1_141' title='bbox 453 1243 519 1281; x_wconf 82' lang='lat' dir='ltr'><strong>ex</strong></span> <span class='ocrx_word' id='word_1_142' title='bbox 579 1229 736 1293; x_wconf 83' lang='lat' dir='ltr'><strong>Filio,</strong></span> <span class='ocrx_word' id='word_1_143' title='bbox 791 1231 901 1300; x_wconf 86' lang='lat' dir='ltr'><strong>jam</strong></span> <span class='ocrx_word' id='word_1_144' title='bbox 945 1231 1088 1287; x_wconf 91' lang='lat' dir='ltr'><strong>hunc</strong></span> <span class='ocrx_word' id='word_1_145' title='bbox 1134 1233 1432 1302; x_wconf 78' lang='lat' dir='ltr'><strong>producere</strong></span> <span class='ocrx_word' id='word_1_146' title='bbox 1484 1229 1650 1285; x_wconf 78' lang='lat' dir='ltr'><strong>Filius</strong></span> <span class='ocrx_word' id='word_1_147' title='bbox 1694 1227 2028 1284; x_wconf 85' lang='lat' dir='ltr'><strong>cuut.Patre</strong></span> <span class='ocrx_word' id='word_1_148' title='bbox 2141 1231 2365 1289; x_wconf 89' lang='lat' dir='ltr'><strong>omnino</strong></span> <span class='ocrx_word' id='word_1_149' title='bbox 2420 1231 2688 1300; x_wconf 80' lang='lat' dir='ltr'><strong>Spiritum</strong></span> <span class='ocrx_word' id='word_1_150' title='bbox 2745 1239 2991 1286; x_wconf 85' lang='lat' dir='ltr'><strong>sanctum</strong></span> <span class='ocrx_word' id='word_1_151' title='bbox 3050 1247 3116 1286; x_wconf 78' lang='lat' dir='ltr'><strong>ex</strong></span> <span class='ocrx_word' id='word_1_152' title='bbox 3143 1232 3303 1288; x_wconf 80' lang='lat' dir='ltr'><strong>Patre</strong></span> <span class='ocrx_word' id='word_1_153' title='bbox 3366 1234 3483 1287; x_wconf 84' lang='lat' dir='ltr'><strong>solo</strong></span> <span class='ocrx_word' id='word_1_154' title='bbox 3527 1233 3759 1289; x_wconf 77' lang='lat' dir='ltr'><strong>habere</strong></span> 
     </span>
    </p>
   </div>
   <div class='ocr_carea' id='block_1_12' title="bbox 455 1314 3754 1390">
    <p class='ocr_par' dir='ltr' id='par_1_12' title="bbox 455 1314 3754 1390">
     <span class='ocr_line' id='line_1_12' title="bbox 455 1314 3754 1390; baseline 0.001 -18"><span class='ocrx_word' id='word_1_155' title='bbox 455 1321 620 1373; x_wconf 75' lang='lat' dir='ltr'><strong>habet</strong></span> <span class='ocrx_word' id='word_1_156' title='bbox 655 1337 682 1374; x_wconf 87' lang='lat' dir='ltr'><strong>a</strong></span> <span class='ocrx_word' id='word_1_157' title='bbox 721 1321 880 1375; x_wconf 86' lang='lat' dir='ltr'><strong>Patre</strong></span> <span class='ocrx_word' id='word_1_158' title='bbox 909 1324 1148 1388; x_wconf 81' lang='lat' dir='ltr'><strong>genitus,</strong></span> <span class='ocrx_word' id='word_1_159' title='bbox 1184 1314 1417 1377; x_wconf 78' lang='lat' dir='ltr'><strong>maxime</strong></span> <span class='ocrx_word' id='word_1_160' title='bbox 1452 1338 1574 1376; x_wconf 87' lang='lat' dir='ltr'><strong>cum</strong></span> <span class='ocrx_word' id='word_1_161' title='bbox 1624 1331 1679 1376; x_wconf 87' lang='lat' dir='ltr'><strong>et</strong></span> <span class='ocrx_word' id='word_1_162' title='bbox 1729 1321 2032 1390; x_wconf 88' lang='lat' dir='ltr'><strong>productor</strong></span> <span class='ocrx_word' id='word_1_163' title='bbox 2141 1319 2499 1377; x_wconf 79' lang='lat' dir='ltr'><strong>substantiam</strong></span> <span class='ocrx_word' id='word_1_164' title='bbox 2529 1359 2545 1382; x_wconf 92' lang='lat'><strong>,</strong></span> <span class='ocrx_word' id='word_1_165' title='bbox 2640 1323 2824 1375; x_wconf 88' lang='lat' dir='ltr'><strong>doctor</strong></span> <span class='ocrx_word' id='word_1_166' title='bbox 2892 1320 3184 1390; x_wconf 65' lang='lat' dir='ltr'><strong>praaelarus</strong></span> <span class='ocrx_word' id='word_1_167' title='bbox 3254 1322 3576 1382; x_wconf 78' lang='lat' dir='ltr'><strong>arbitratus</strong></span> <span class='ocrx_word' id='word_1_168' title='bbox 3640 1331 3754 1376; x_wconf 83' lang='lat' dir='ltr'><strong>est.</strong></span> 
     </span>
    </p>
   </div>
   <div class='ocr_carea' id='block_1_13' title="bbox 451 1412 3792 1493">
    <p class='ocr_par' dir='ltr' id='par_1_13' title="bbox 451 1412 3792 1493">
     <span class='ocr_line' id='line_1_13' title="bbox 451 1412 3792 1493; baseline 0 -28"><span class='ocrx_word' id='word_1_169' title='bbox 451 1425 546 1479; x_wconf 88' lang='lat' dir='ltr'><strong>per</strong></span> <span class='ocrx_word' id='word_1_170' title='bbox 588 1413 818 1468; x_wconf 76' lang='lat' dir='ltr'><strong>Verbum</strong></span> <span class='ocrx_word' id='word_1_171' title='bbox 864 1414 1076 1469; x_wconf 84' lang='lat' dir='ltr'><strong>dicatur</strong></span> <span class='ocrx_word' id='word_1_172' title='bbox 1120 1416 1300 1470; x_wconf 88' lang='lat' dir='ltr'><strong>Pater.</strong></span> <span class='ocrx_word' id='word_1_173' title='bbox 1361 1415 1417 1469; x_wconf 87' lang='lat' dir='ltr'><strong>Si</strong></span> <span class='ocrx_word' id='word_1_174' title='bbox 1466 1415 1684 1481; x_wconf 82' lang='lat' dir='ltr'><strong>quidem</strong></span> <span class='ocrx_word' id='word_1_175' title='bbox 1737 1414 2035 1482; x_wconf 85' lang='lat' dir='ltr'><strong>enimpro—</strong></span> <span class='ocrx_word' id='word_1_176' title='bbox 2140 1414 2252 1469; x_wconf 86' lang='lat' dir='ltr'><strong>Hoc</strong></span> <span class='ocrx_word' id='word_1_177' title='bbox 2313 1415 2356 1468; x_wconf 81' lang='lat' dir='ltr'><strong>si</strong></span> <span class='ocrx_word' id='word_1_178' title='bbox 2403 1414 2476 1468; x_wconf 92' lang='lat' dir='ltr'><strong>ita</strong></span> <span class='ocrx_word' id='word_1_179' title='bbox 2529 1422 2633 1479; x_wconf 90' lang='lat' dir='ltr'><strong>est,</strong></span> <span class='ocrx_word' id='word_1_180' title='bbox 2679 1414 2845 1467; x_wconf 90' lang='lat' dir='ltr'><strong>etiam</strong></span> <span class='ocrx_word' id='word_1_181' title='bbox 2881 1428 2947 1468; x_wconf 77' lang='lat' dir='ltr'><strong>ex</strong></span> <span class='ocrx_word' id='word_1_182' title='bbox 3006 1412 3166 1467; x_wconf 84' lang='lat' dir='ltr'><strong>Patre</strong></span> <span class='ocrx_word' id='word_1_183' title='bbox 3199 1428 3318 1469; x_wconf 88' lang='lat' dir='ltr'><strong>esse</strong></span> <span class='ocrx_word' id='word_1_184' title='bbox 3363 1415 3477 1469; x_wconf 89' lang='lat' dir='ltr'><strong>sine</strong></span> <span class='ocrx_word' id='word_1_185' title='bbox 3526 1415 3792 1493; x_wconf 35' lang='lat' dir='ltr'><strong>medio”i</strong></span> 
     </span>
    </p>
   </div>
   <div class='ocr_carea' id='block_1_14' title="bbox 451 1501 3789 1576">
    <p class='ocr_par' dir='ltr' id='par_1_14' title="bbox 451 1501 3789 1576">
     <span class='ocr_line' id='line_1_14' title="bbox 451 1501 3789 1576; baseline 0.001 -21"><span class='ocrx_word' id='word_1_186' title='bbox 451 1505 704 1557; x_wconf 89' lang='lat' dir='ltr'><strong>ducendo</strong></span> <span class='ocrx_word' id='word_1_187' title='bbox 732 1505 890 1559; x_wconf 88' lang='lat' dir='ltr'><strong>Pater</strong></span> <span class='ocrx_word' id='word_1_188' title='bbox 922 1503 1060 1560; x_wconf 87' lang='lat' dir='ltr'><strong>Filio</strong></span> <span class='ocrx_word' id='word_1_189' title='bbox 1091 1519 1312 1561; x_wconf 85' lang='lat' dir='ltr'><strong>causam</strong></span> <span class='ocrx_word' id='word_1_190' title='bbox 1375 1504 1615 1576; x_wconf 87' lang='lat' dir='ltr'><strong>Spiritus</strong></span> <span class='ocrx_word' id='word_1_191' title='bbox 1649 1506 1828 1571; x_wconf 90' lang='lat' dir='ltr'><strong>daret,</strong></span> <span class='ocrx_word' id='word_1_192' title='bbox 1863 1502 2034 1559; x_wconf 80' lang='lat' dir='ltr'><strong>Filius</strong></span> <span class='ocrx_word' id='word_1_193' title='bbox 2143 1505 2201 1567; x_wconf 88' lang='lat' dir='ltr'><strong>Si</strong></span> <span class='ocrx_word' id='word_1_194' title='bbox 2257 1516 2434 1560; x_wconf 88' lang='lat' dir='ltr'><strong>autem</strong></span> <span class='ocrx_word' id='word_1_195' title='bbox 2493 1507 2610 1560; x_wconf 89' lang='lat' dir='ltr'><strong>sine</strong></span> <span class='ocrx_word' id='word_1_196' title='bbox 2655 1505 2834 1560; x_wconf 89' lang='lat' dir='ltr'><strong>medio</strong></span> <span class='ocrx_word' id='word_1_197' title='bbox 2895 1504 3191 1573; x_wconf 75' lang='lat' dir='ltr'><strong>producere</strong></span> <span class='ocrx_word' id='word_1_198' title='bbox 3243 1505 3407 1559; x_wconf 85' lang='lat' dir='ltr'><strong>etiam</strong></span> <span class='ocrx_word' id='word_1_199' title='bbox 3461 1501 3789 1576; x_wconf 58' lang='lat' dir='ltr'><strong>substau—j</strong></span> 
     </span>
    </p>
   </div>
   <div class='ocr_carea' id='block_1_15' title="bbox 454 1557 3780 1668">
    <p class='ocr_par' dir='ltr' id='par_1_15' title="bbox 454 1557 3780 1668">
     <span class='ocr_line' id='line_1_15' title="bbox 454 1557 3780 1668; baseline 0.002 -22"><span class='ocrx_word' id='word_1_200' title='bbox 454 1595 695 1662; x_wconf 71' lang='lat' dir='ltr'><strong>porrecto</strong></span> <span class='ocrx_word' id='word_1_201' title='bbox 725 1605 850 1649; x_wconf 88' lang='lat' dir='ltr'><strong>ante</strong></span> <span class='ocrx_word' id='word_1_202' title='bbox 878 1611 1099 1651; x_wconf 86' lang='lat' dir='ltr'><strong>causam</strong></span> <span class='ocrx_word' id='word_1_203' title='bbox 1133 1599 1490 1666; x_wconf 82' lang='lat' dir='ltr'><strong>cogitaretur,</strong></span> <span class='ocrx_word' id='word_1_204' title='bbox 1519 1601 1822 1655; x_wconf 85' lang='lat' dir='ltr'><strong>secundum</strong></span> <span class='ocrx_word' id='word_1_205' title='bbox 1871 1614 2030 1666; x_wconf 81' lang='lat' dir='ltr'><strong>quant</strong></span> <span class='ocrx_word' id='word_1_206' title='bbox 2144 1597 2271 1653; x_wconf 85' lang='lat' dir='ltr'><strong>tiale</strong></span> <span class='ocrx_word' id='word_1_207' title='bbox 2327 1599 2525 1666; x_wconf 83' lang='lat' dir='ltr'><strong>Patris,</strong></span> <span class='ocrx_word' id='word_1_208' title='bbox 2579 1600 2962 1668; x_wconf 86' lang='lat' dir='ltr'><strong>propriumque</strong></span> <span class='ocrx_word' id='word_1_209' title='bbox 3001 1597 3118 1665; x_wconf 89' lang='lat' dir='ltr'><strong>ejus</strong></span> <span class='ocrx_word' id='word_1_210' title='bbox 3168 1614 3307 1664; x_wconf 81' lang='lat' dir='ltr'><strong>esse,</strong></span> <span class='ocrx_word' id='word_1_211' title='bbox 3364 1615 3543 1668; x_wconf 83' lang='lat' dir='ltr'><strong>neque</strong></span> <span class='ocrx_word' id='word_1_212' title='bbox 3606 1557 3780 1653; x_wconf 57' lang='grc' dir='ltr'><strong>ιῖΊΙίοι</strong></span> 
     </span>
    </p>
   </div>
   <div class='ocr_carea' id='block_1_16' title="bbox 456 1685 2032 1762">
    <p class='ocr_par' dir='ltr' id='par_1_16' title="bbox 456 1685 2032 1762">
     <span class='ocr_line' id='line_1_16' title="bbox 456 1685 2032 1762; baseline 0.004 -23"><span class='ocrx_word' id='word_1_213' title='bbox 456 1685 696 1754; x_wconf 87' lang='lat' dir='ltr'><strong>Spiritus</strong></span> <span class='ocrx_word' id='word_1_214' title='bbox 723 1687 968 1758; x_wconf 85' lang='lat' dir='ltr'><strong>procedit</strong></span> <span class='ocrx_word' id='word_1_215' title='bbox 1010 1705 1036 1741; x_wconf 91' lang='lat' dir='ltr'><strong>a</strong></span> <span class='ocrx_word' id='word_1_216' title='bbox 1066 1688 1231 1746; x_wconf 85' lang='lat' dir='ltr'><strong>Filio.</strong></span> <span class='ocrx_word' id='word_1_217' title='bbox 1268 1691 1419 1746; x_wconf 90' lang='lat' dir='ltr'><strong>Nunc</strong></span> <span class='ocrx_word' id='word_1_218' title='bbox 1458 1703 1634 1746; x_wconf 91' lang='lat' dir='ltr'><strong>autem</strong></span> <span class='ocrx_word' id='word_1_219' title='bbox 1658 1691 1927 1762; x_wconf 86' lang='lat' dir='ltr'><strong>gignendo</strong></span> <span class='ocrx_word' id='word_1_220' title='bbox 1952 1699 2032 1745; x_wconf 89' lang='lat' dir='ltr'><strong>est</strong></span> 
     </span>
    </p>
   </div>
   <div class='ocr_carea' id='block_1_17' title="bbox 2143 1693 3756 1762">
    <p class='ocr_par' dir='ltr' id='par_1_17' title="bbox 2143 1693 3756 1762">
     <span class='ocr_line' id='line_1_17' title="bbox 2143 1693 3756 1762; baseline -0.001 -14"><span class='ocrx_word' id='word_1_221' title='bbox 2143 1707 2478 1755; x_wconf 89' lang='lat' dir='ltr'><strong>commune;</strong></span> <span class='ocrx_word' id='word_1_222' title='bbox 2543 1693 2917 1748; x_wconf 86' lang='lat' dir='ltr'><strong>snbstantialia</strong></span> <span class='ocrx_word' id='word_1_223' title='bbox 2970 1697 3114 1750; x_wconf 90' lang='lat' dir='ltr'><strong>enim</strong></span> <span class='ocrx_word' id='word_1_224' title='bbox 3180 1707 3539 1762; x_wconf 88' lang='lat' dir='ltr'><strong>personarum</strong></span> <span class='ocrx_word' id='word_1_225' title='bbox 3611 1706 3756 1761; x_wconf 81' lang='lat' dir='ltr'><strong>pro-</strong></span> 
     </span>
    </p>
   </div>
   <div class='ocr_carea' id='block_1_18' title="bbox 460 1759 3755 1856">
    <p class='ocr_par' dir='ltr' id='par_1_18' title="bbox 460 1759 3755 1856">
     <span class='ocr_line' id='line_1_18' title="bbox 460 1759 3755 1856; baseline 0.001 -24"><span class='ocrx_word' id='word_1_226' title='bbox 460 1779 620 1833; x_wconf 83' lang='lat' dir='ltr'><strong>Pater</strong></span> <span class='ocrx_word' id='word_1_227' title='bbox 651 1781 864 1834; x_wconf 90' lang='lat' dir='ltr'><strong>initium</strong></span> <span class='ocrx_word' id='word_1_228' title='bbox 893 1779 1053 1848; x_wconf 84' lang='lat' dir='ltr'><strong>Filio,</strong></span> <span class='ocrx_word' id='word_1_229' title='bbox 1087 1791 1142 1836; x_wconf 92' lang='lat' dir='ltr'><strong>ut</strong></span> <span class='ocrx_word' id='word_1_230' title='bbox 1179 1784 1249 1836; x_wconf 92' lang='lat' dir='ltr'><strong>sit</strong></span> <span class='ocrx_word' id='word_1_231' title='bbox 1274 1794 1493 1837; x_wconf 90' lang='lat' dir='ltr'><strong>sanctus</strong></span> <span class='ocrx_word' id='word_1_232' title='bbox 1521 1781 1754 1852; x_wconf 85' lang='lat' dir='ltr'><strong>Spiritus</strong></span> <span class='ocrx_word' id='word_1_233' title='bbox 1782 1788 2042 1842; x_wconf 86' lang='lat' dir='ltr'><strong>causa,ct</strong></span> <span class='ocrx_word' id='word_1_234' title='bbox 2074 1759 2114 1814; x_wconf 69' lang='grc' dir='ltr'>Β</span> <span class='ocrx_word' id='word_1_235' title='bbox 2146 1786 2285 1856; x_wconf 90' lang='lat' dir='ltr'><strong>pria,</strong></span> <span class='ocrx_word' id='word_1_236' title='bbox 2342 1787 2554 1841; x_wconf 86' lang='lat' dir='ltr'><strong>caeteris</strong></span> <span class='ocrx_word' id='word_1_237' title='bbox 2595 1787 2816 1840; x_wconf 91' lang='lat' dir='ltr'><strong>omnino</strong></span> <span class='ocrx_word' id='word_1_238' title='bbox 2868 1787 3173 1842; x_wconf 87' lang='lat' dir='ltr'><strong>communia</strong></span> <span class='ocrx_word' id='word_1_239' title='bbox 3218 1801 3324 1840; x_wconf 90' lang='lat' dir='ltr'><strong>non</strong></span> <span class='ocrx_word' id='word_1_240' title='bbox 3383 1795 3510 1838; x_wconf 88' lang='lat' dir='ltr'><strong>sunt</strong></span> <span class='ocrx_word' id='word_1_241' title='bbox 3543 1800 3560 1847; x_wconf 89' lang='lat'><strong>;</strong></span> <span class='ocrx_word' id='word_1_242' title='bbox 3601 1798 3755 1852; x_wconf 90' lang='lat' dir='ltr'><strong>quo-</strong></span> 
     </span>
    </p>
   </div>
   <div class='ocr_carea' id='block_1_19' title="bbox 465 1872 2042 1942">
    <p class='ocr_par' dir='ltr' id='par_1_19' title="bbox 465 1872 2042 1942">
     <span class='ocr_line' id='line_1_19' title="bbox 465 1872 2042 1942; baseline 0.001 -19"><span class='ocrx_word' id='word_1_243' title='bbox 465 1887 560 1939; x_wconf 88' lang='lat' dir='ltr'><strong>per</strong></span> <span class='ocrx_word' id='word_1_244' title='bbox 597 1872 789 1926; x_wconf 85' lang='lat' dir='ltr'><strong>Filium</strong></span> <span class='ocrx_word' id='word_1_245' title='bbox 831 1889 992 1928; x_wconf 88' lang='lat' dir='ltr'><strong>causa</strong></span> <span class='ocrx_word' id='word_1_246' title='bbox 1043 1875 1216 1929; x_wconf 86' lang='lat' dir='ltr'><strong>sancti</strong></span> <span class='ocrx_word' id='word_1_247' title='bbox 1259 1873 1494 1942; x_wconf 88' lang='lat' dir='ltr'><strong>Spiritus</strong></span> <span class='ocrx_word' id='word_1_248' title='bbox 1535 1883 1638 1939; x_wconf 90' lang='lat' dir='ltr'><strong>est,</strong></span> <span class='ocrx_word' id='word_1_249' title='bbox 1691 1873 1821 1942; x_wconf 87' lang='lat' dir='ltr'><strong>quia</strong></span> <span class='ocrx_word' id='word_1_250' title='bbox 1873 1881 1928 1926; x_wconf 89' lang='lat' dir='ltr'><strong>et</strong></span> <span class='ocrx_word' id='word_1_251' title='bbox 1977 1889 2042 1926; x_wconf 77' lang='lat' dir='ltr'><strong>ex</strong></span> 
     </span>
    </p>
   </div>
   <div class='ocr_carea' id='block_1_20' title="bbox 461 1962 2044 2035">
    <p class='ocr_par' dir='ltr' id='par_1_20' title="bbox 461 1962 2044 2035">
     <span class='ocr_line' id='line_1_20' title="bbox 461 1962 2044 2035; baseline 0 -19"><span class='ocrx_word' id='word_1_252' title='bbox 461 1964 579 2030; x_wconf 85' lang='lat' dir='ltr'><strong>ipso</strong></span> <span class='ocrx_word' id='word_1_253' title='bbox 607 1980 702 2033; x_wconf 89' lang='lat' dir='ltr'><strong>per</strong></span> <span class='ocrx_word' id='word_1_254' title='bbox 752 1963 946 2018; x_wconf 83' lang='lat' dir='ltr'><strong>Filium</strong></span> <span class='ocrx_word' id='word_1_255' title='bbox 980 1967 1225 2032; x_wconf 84' lang='lat' dir='ltr'><strong>procedit</strong></span> <span class='ocrx_word' id='word_1_256' title='bbox 1271 1964 1510 2035; x_wconf 87' lang='lat' dir='ltr'><strong>Spiritus</strong></span> <span class='ocrx_word' id='word_1_257' title='bbox 1549 1962 1809 2020; x_wconf 74' lang='lat' dir='ltr'><strong>Sanctus.</strong></span> <span class='ocrx_word' id='word_1_258' title='bbox 1855 1964 2044 2033; x_wconf 83' lang='lat' dir='ltr'><strong>Itaque</strong></span> 
     </span>
    </p>
   </div>
   <div class='ocr_carea' id='block_1_21' title="bbox 461 2052 2046 2128">
    <p class='ocr_par' dir='ltr' id='par_1_21' title="bbox 461 2052 2046 2128">
     <span class='ocr_line' id='line_1_21' title="bbox 461 2052 2046 2128; baseline -0.003 -18"><span class='ocrx_word' id='word_1_259' title='bbox 461 2058 620 2110; x_wconf 89' lang='lat' dir='ltr'><strong>Pater</strong></span> <span class='ocrx_word' id='word_1_260' title='bbox 653 2065 705 2109; x_wconf 90' lang='lat' dir='ltr'><strong>et</strong></span> <span class='ocrx_word' id='word_1_261' title='bbox 745 2055 938 2122; x_wconf 85' lang='lat' dir='ltr'><strong>Filius,</strong></span> <span class='ocrx_word' id='word_1_262' title='bbox 1010 2058 1166 2128; x_wconf 86' lang='lat' dir='ltr'><strong>quasi</strong></span> <span class='ocrx_word' id='word_1_263' title='bbox 1202 2073 1368 2112; x_wconf 89' lang='lat' dir='ltr'><strong>unum</strong></span> <span class='ocrx_word' id='word_1_264' title='bbox 1399 2055 1728 2126; x_wconf 85' lang='lat' dir='ltr'><strong>principium</strong></span> <span class='ocrx_word' id='word_1_265' title='bbox 1763 2063 1892 2110; x_wconf 90' lang='lat' dir='ltr'><strong>ante</strong></span> <span class='ocrx_word' id='word_1_266' title='bbox 1924 2052 2046 2124; x_wconf 86' lang='lat' dir='ltr'><strong>Spi-</strong></span> 
     </span>
    </p>
   </div>
   <div class='ocr_carea' id='block_1_22' title="bbox 461 2129 1615 2215">
    <p class='ocr_par' dir='ltr' id='par_1_22' title="bbox 461 2129 1615 2215">
     <span class='ocr_line' id='line_1_22' title="bbox 461 2129 1615 2215; baseline 0.001 -15"><span class='ocrx_word' id='word_1_267' title='bbox 461 2147 631 2200; x_wconf 90' lang='lat' dir='ltr'><strong>ritum</strong></span> <span class='ocrx_word' id='word_1_268' title='bbox 682 2145 943 2200; x_wconf 87' lang='lat' dir='ltr'><strong>Sanctum</strong></span> <span class='ocrx_word' id='word_1_269' title='bbox 986 2129 1276 2215; x_wconf 73' lang='lat' dir='ltr'><strong>cogitatur.</strong></span> <span class='ocrx_word' id='word_1_270' title='bbox 1605 2156 1615 2163; x_wconf 87' lang='lat'>&#39;</span> 
     </span>
    </p>
   </div>
   <div class='ocr_carea' id='block_1_23' title="bbox 535 2238 2046 2308">
    <p class='ocr_par' dir='ltr' id='par_1_23' title="bbox 535 2238 2046 2308">
     <span class='ocr_line' id='line_1_23' title="bbox 535 2238 2046 2308; baseline 0.001 -18"><span class='ocrx_word' id='word_1_271' title='bbox 535 2239 1004 2305; x_wconf 83' lang='lat' dir='ltr'><strong>Quemadmodum</strong></span> <span class='ocrx_word' id='word_1_272' title='bbox 1030 2241 1192 2308; x_wconf 79' lang='lat' dir='ltr'><strong>igitur</strong></span> <span class='ocrx_word' id='word_1_273' title='bbox 1216 2242 1382 2297; x_wconf 90' lang='lat' dir='ltr'><strong>solem</strong></span> <span class='ocrx_word' id='word_1_274' title='bbox 1410 2239 1706 2294; x_wconf 81' lang='lat' dir='ltr'><strong>calefacere</strong></span> <span class='ocrx_word' id='word_1_275' title='bbox 1729 2238 1847 2293; x_wconf 89' lang='lat' dir='ltr'><strong>sine</strong></span> <span class='ocrx_word' id='word_1_276' title='bbox 1875 2238 2046 2301; x_wconf 86' lang='lat' dir='ltr'><strong>radio,</strong></span> 
     </span>
    </p>
   </div>
   <div class='ocr_carea' id='block_1_24' title="bbox 465 2327 2037 2400">
    <p class='ocr_par' dir='ltr' id='par_1_24' title="bbox 465 2327 2037 2400">
     <span class='ocr_line' id='line_1_24' title="bbox 465 2327 2037 2400; baseline 0.002 -19"><span class='ocrx_word' id='word_1_277' title='bbox 465 2330 704 2398; x_wconf 89' lang='lat' dir='ltr'><strong>cogitare</strong></span> <span class='ocrx_word' id='word_1_278' title='bbox 745 2344 850 2382; x_wconf 92' lang='lat' dir='ltr'><strong>non</strong></span> <span class='ocrx_word' id='word_1_279' title='bbox 894 2345 1199 2397; x_wconf 87' lang='lat' dir='ltr'><strong>possumus,</strong></span> <span class='ocrx_word' id='word_1_280' title='bbox 1263 2344 1442 2399; x_wconf 90' lang='lat' dir='ltr'><strong>neque</strong></span> <span class='ocrx_word' id='word_1_281' title='bbox 1483 2331 1602 2384; x_wconf 89' lang='lat' dir='ltr'><strong>sine</strong></span> <span class='ocrx_word' id='word_1_282' title='bbox 1651 2327 1860 2400; x_wconf 81' lang='lat' dir='ltr'><strong>fulgore</strong></span> <span class='ocrx_word' id='word_1_283' title='bbox 1890 2329 2037 2384; x_wconf 86' lang='lat' dir='ltr'><strong>calo-</strong></span> 
     </span>
    </p>
   </div>
   <div class='ocr_carea' id='block_1_25' title="bbox 468 2418 2047 2490">
    <p class='ocr_par' dir='ltr' id='par_1_25' title="bbox 468 2418 2047 2490">
     <span class='ocr_line' id='line_1_25' title="bbox 468 2418 2047 2490; baseline -0.001 -15"><span class='ocrx_word' id='word_1_284' title='bbox 468 2437 610 2484; x_wconf 85' lang='lat' dir='ltr'><strong>rem,</strong></span> <span class='ocrx_word' id='word_1_285' title='bbox 661 2422 733 2474; x_wconf 90' lang='lat' dir='ltr'><strong>ita</strong></span> <span class='ocrx_word' id='word_1_286' title='bbox 787 2435 962 2489; x_wconf 87' lang='lat' dir='ltr'><strong>neque</strong></span> <span class='ocrx_word' id='word_1_287' title='bbox 1015 2421 1132 2474; x_wconf 84' lang='lat' dir='ltr'><strong>sine</strong></span> <span class='ocrx_word' id='word_1_288' title='bbox 1179 2418 1317 2474; x_wconf 85' lang='lat' dir='ltr'><strong>Filio</strong></span> <span class='ocrx_word' id='word_1_289' title='bbox 1363 2420 1763 2490; x_wconf 87' lang='lat' dir='ltr'><strong>processionem</strong></span> <span class='ocrx_word' id='word_1_290' title='bbox 1817 2419 2047 2490; x_wconf 83' lang='lat' dir='ltr'><strong>cogitari</strong></span> 
     </span>
    </p>
   </div>
   <div class='ocr_carea' id='block_1_26' title="bbox 469 2510 2046 2582">
    <p class='ocr_par' dir='ltr' id='par_1_26' title="bbox 469 2510 2046 2582">
     <span class='ocr_line' id='line_1_26' title="bbox 469 2510 2046 2582; baseline 0.001 -19"><span class='ocrx_word' id='word_1_291' title='bbox 469 2511 730 2580; x_wconf 82' lang='lat' dir='ltr'><strong>possibile</strong></span> <span class='ocrx_word' id='word_1_292' title='bbox 763 2523 881 2577; x_wconf 81' lang='lat' dir='ltr'><strong>cst;</strong></span> <span class='ocrx_word' id='word_1_293' title='bbox 936 2511 1132 2582; x_wconf 86' lang='lat' dir='ltr'><strong>quippe</strong></span> <span class='ocrx_word' id='word_1_294' title='bbox 1183 2512 1320 2566; x_wconf 91' lang='lat' dir='ltr'><strong>ratio</strong></span> <span class='ocrx_word' id='word_1_295' title='bbox 1366 2510 1714 2582; x_wconf 86' lang='lat' dir='ltr'><strong>procedentis</strong></span> <span class='ocrx_word' id='word_1_296' title='bbox 1761 2521 1866 2576; x_wconf 90' lang='lat' dir='ltr'><strong>est,</strong></span> <span class='ocrx_word' id='word_1_297' title='bbox 1920 2525 2046 2566; x_wconf 87' lang='lat' dir='ltr'><strong>esse</strong></span> 
     </span>
    </p>
   </div>
   <div class='ocr_carea' id='block_1_27' title="bbox 471 2600 2049 2674">
    <p class='ocr_par' dir='ltr' id='par_1_27' title="bbox 471 2600 2049 2674">
     <span class='ocr_line' id='line_1_27' title="bbox 471 2600 2049 2674; baseline 0.001 -20"><span class='ocrx_word' id='word_1_298' title='bbox 471 2621 536 2656; x_wconf 73' lang='lat' dir='ltr'><strong>ex</strong></span> <span class='ocrx_word' id='word_1_299' title='bbox 587 2605 841 2674; x_wconf 77' lang='lat' dir='ltr'><strong>gignente</strong></span> <span class='ocrx_word' id='word_1_300' title='bbox 888 2619 983 2671; x_wconf 85' lang='lat' dir='ltr'><strong>per</strong></span> <span class='ocrx_word' id='word_1_301' title='bbox 1016 2605 1276 2672; x_wconf 87' lang='lat' dir='ltr'><strong>genitum.</strong></span> <span class='ocrx_word' id='word_1_302' title='bbox 1327 2602 1390 2658; x_wconf 83' lang='lat' dir='ltr'><strong>Et</strong></span> <span class='ocrx_word' id='word_1_303' title='bbox 1440 2604 1582 2659; x_wconf 85' lang='lat' dir='ltr'><strong>sicut</strong></span> <span class='ocrx_word' id='word_1_304' title='bbox 1635 2603 1714 2659; x_wconf 87' lang='lat' dir='ltr'><strong>sol</strong></span> <span class='ocrx_word' id='word_1_305' title='bbox 1761 2612 1816 2658; x_wconf 93' lang='lat' dir='ltr'><strong>et</strong></span> <span class='ocrx_word' id='word_1_306' title='bbox 1849 2600 2049 2668; x_wconf 88' lang='lat' dir='ltr'><strong>radius,</strong></span> 
     </span>
    </p>
   </div>
   <div class='ocr_carea' id='block_1_28' title="bbox 475 2695 2053 2766">
    <p class='ocr_par' dir='ltr' id='par_1_28' title="bbox 475 2695 2053 2766">
     <span class='ocr_line' id='line_1_28' title="bbox 475 2695 2053 2766; baseline 0.005 -23"><span class='ocrx_word' id='word_1_307' title='bbox 475 2710 644 2749; x_wconf 82' lang='lat' dir='ltr'><strong>unum</strong></span> <span class='ocrx_word' id='word_1_308' title='bbox 702 2697 1055 2751; x_wconf 83' lang='lat' dir='ltr'><strong>calefaciendi</strong></span> <span class='ocrx_word' id='word_1_309' title='bbox 1109 2696 1430 2766; x_wconf 86' lang='lat' dir='ltr'><strong>principium</strong></span> <span class='ocrx_word' id='word_1_310' title='bbox 1481 2707 1601 2760; x_wconf 80' lang='lat' dir='ltr'><strong>est,</strong></span> <span class='ocrx_word' id='word_1_311' title='bbox 1654 2697 1725 2751; x_wconf 89' lang='lat' dir='ltr'><strong>ita</strong></span> <span class='ocrx_word' id='word_1_312' title='bbox 1778 2695 1937 2751; x_wconf 73' lang='lat' dir='ltr'><strong>Pate’r</strong></span> <span class='ocrx_word' id='word_1_313' title='bbox 1999 2705 2053 2751; x_wconf 90' lang='lat' dir='ltr'><strong>et</strong></span> 
     </span>
    </p>
   </div>
   <div class='ocr_carea' id='block_1_29' title="bbox 473 2785 2052 2860">
    <p class='ocr_par' dir='ltr' id='par_1_29' title="bbox 473 2785 2052 2860">
     <span class='ocr_line' id='line_1_29' title="bbox 473 2785 2052 2860; baseline 0.002 -21"><span class='ocrx_word' id='word_1_314' title='bbox 473 2785 646 2841; x_wconf 85' lang='lat' dir='ltr'><strong>Filius</strong></span> <span class='ocrx_word' id='word_1_315' title='bbox 712 2803 876 2842; x_wconf 87' lang='lat' dir='ltr'><strong>unum</strong></span> <span class='ocrx_word' id='word_1_316' title='bbox 933 2787 1168 2856; x_wconf 84' lang='lat' dir='ltr'><strong>Spiritus</strong></span> <span class='ocrx_word' id='word_1_317' title='bbox 1228 2789 1398 2844; x_wconf 88' lang='lat' dir='ltr'><strong>sancti</strong></span> <span class='ocrx_word' id='word_1_318' title='bbox 1453 2789 1802 2860; x_wconf 82' lang='lat' dir='ltr'><strong>principium,</strong></span> <span class='ocrx_word' id='word_1_319' title='bbox 1856 2804 2052 2843; x_wconf 88' lang='lat' dir='ltr'><strong>secun-</strong></span> 
     </span>
    </p>
   </div>
   <div class='ocr_carea' id='block_1_30' title="bbox 473 2878 2055 2949">
    <p class='ocr_par' dir='ltr' id='par_1_30' title="bbox 473 2878 2055 2949">
     <span class='ocr_line' id='line_1_30' title="bbox 473 2878 2055 2949; baseline 0.001 -18"><span class='ocrx_word' id='word_1_320' title='bbox 473 2878 604 2931; x_wconf 90' lang='lat' dir='ltr'><strong>dum</strong></span> <span class='ocrx_word' id='word_1_321' title='bbox 647 2879 868 2932; x_wconf 86' lang='lat' dir='ltr'><strong>unicum</strong></span> <span class='ocrx_word' id='word_1_322' title='bbox 917 2880 1052 2948; x_wconf 84' lang='lat' dir='ltr'><strong>ejus,</strong></span> <span class='ocrx_word' id='word_1_323' title='bbox 1107 2880 1521 2949; x_wconf 87' lang='lat' dir='ltr'><strong>simplicemque</strong></span> <span class='ocrx_word' id='word_1_324' title='bbox 1571 2895 1884 2949; x_wconf 88' lang='lat' dir='ltr'><strong>processum</strong></span> <span class='ocrx_word' id='word_1_325' title='bbox 1945 2885 2055 2933; x_wconf 87' lang='lat' dir='ltr'><strong>tra-</strong></span> 
     </span>
    </p>
   </div>
   <div class='ocr_carea' id='block_1_31' title="bbox 474 2969 2055 3041">
    <p class='ocr_par' dir='ltr' id='par_1_31' title="bbox 474 2969 2055 3041">
     <span class='ocr_line' id='line_1_31' title="bbox 474 2969 2055 3041; baseline 0.003 -20"><span class='ocrx_word' id='word_1_326' title='bbox 474 2969 663 3035; x_wconf 88' lang='lat' dir='ltr'><strong>ditur;</strong></span> <span class='ocrx_word' id='word_1_327' title='bbox 701 2981 915 3025; x_wconf 76' lang='lat' dir='ltr'><strong>servata</strong></span> <span class='ocrx_word' id='word_1_328' title='bbox 970 2970 1178 3025; x_wconf 86' lang='lat' dir='ltr'><strong>scilicet</strong></span> <span class='ocrx_word' id='word_1_329' title='bbox 1225 2972 1588 3040; x_wconf 84' lang='lat' dir='ltr'><strong>paternitatis,</strong></span> <span class='ocrx_word' id='word_1_330' title='bbox 1648 2972 2055 3041; x_wconf 84' lang='lat' dir='ltr'><strong>nativitatisquc</strong></span> 
     </span>
    </p>
   </div>
   <div class='ocr_carea' id='block_1_32' title="bbox 2135 1875 3748 1949">
    <p class='ocr_par' dir='ltr' id='par_1_32' title="bbox 2135 1875 3748 1949">
     <span class='ocr_line' id='line_1_32' title="bbox 2135 1875 3748 1949; baseline -0.003 -17"><span class='ocrx_word' id='word_1_331' title='bbox 2135 1879 2309 1933; x_wconf 87' lang='lat' dir='ltr'><strong>modo</strong></span> <span class='ocrx_word' id='word_1_332' title='bbox 2365 1879 2528 1944; x_wconf 78' lang='lat' dir='ltr'><strong>igitur</strong></span> <span class='ocrx_word' id='word_1_333' title='bbox 2585 1878 2800 1932; x_wconf 87' lang='lat' dir='ltr'><strong>Patrem</strong></span> <span class='ocrx_word' id='word_1_334' title='bbox 2866 1878 3248 1949; x_wconf 82' lang='lat' dir='ltr'><strong>productprem</strong></span> <span class='ocrx_word' id='word_1_335' title='bbox 3319 1891 3415 1946; x_wconf 91' lang='lat' dir='ltr'><strong>per</strong></span> <span class='ocrx_word' id='word_1_336' title='bbox 3485 1875 3748 1930; x_wconf 83' lang='lat' dir='ltr'><strong>Verbum</strong></span> 
     </span>
    </p>
   </div>
   <div class='ocr_carea' id='block_1_33' title="bbox 2145 1965 3751 2038">
    <p class='ocr_par' dir='ltr' id='par_1_33' title="bbox 2145 1965 3751 2038">
     <span class='ocr_line' id='line_1_33' title="bbox 2145 1965 3751 2038; baseline -0.003 -16"><span class='ocrx_word' id='word_1_337' title='bbox 2145 1967 2442 2033; x_wconf 72' lang='lat' dir='ltr'><strong>splendi/ici</strong></span> <span class='ocrx_word' id='word_1_338' title='bbox 2487 1966 2724 2034; x_wconf 89' lang='lat' dir='ltr'><strong>Spiritus</strong></span> <span class='ocrx_word' id='word_1_339' title='bbox 2777 1968 2962 2023; x_wconf 82' lang='lat' dir='ltr'><strong>dicit?</strong></span> <span class='ocrx_word' id='word_1_340' title='bbox 3013 1967 3282 2038; x_wconf 87' lang='lat' dir='ltr'><strong>quomodo</strong></span> <span class='ocrx_word' id='word_1_341' title='bbox 3325 1981 3390 2021; x_wconf 80' lang='lat' dir='ltr'><strong>ex</strong></span> <span class='ocrx_word' id='word_1_342' title='bbox 3445 1965 3615 2018; x_wconf 84' lang='lat' dir='ltr'><strong>Patre</strong></span> <span class='ocrx_word' id='word_1_343' title='bbox 3646 1977 3751 2031; x_wconf 84' lang='lat' dir='ltr'><strong>per</strong></span> 
     </span>
    </p>
   </div>
   <div class='ocr_carea' id='block_1_34' title="bbox 2147 2057 3750 2128">
    <p class='ocr_par' dir='ltr' id='par_1_34' title="bbox 2147 2057 3750 2128">
     <span class='ocr_line' id='line_1_34' title="bbox 2147 2057 3750 2128; baseline -0.004 -14"><span class='ocrx_word' id='word_1_344' title='bbox 2147 2058 2343 2114; x_wconf 87' lang='lat' dir='ltr'><strong>Filium</strong></span> <span class='ocrx_word' id='word_1_345' title='bbox 2430 2059 2726 2128; x_wconf 86' lang='lat' dir='ltr'><strong>procedere</strong></span> <span class='ocrx_word' id='word_1_346' title='bbox 2797 2061 3058 2128; x_wconf 90' lang='lat' dir='ltr'><strong>Spiritum</strong></span> <span class='ocrx_word' id='word_1_347' title='bbox 3128 2058 3375 2128; x_wconf 86' lang='lat' dir='ltr'><strong>plurimis</strong></span> <span class='ocrx_word' id='word_1_348' title='bbox 3432 2057 3574 2111; x_wconf 82' lang='lat' dir='ltr'><strong>locis</strong></span> <span class='ocrx_word' id='word_1_349' title='bbox 3642 2069 3750 2108; x_wconf 88' lang='lat' dir='ltr'><strong>nos</strong></span> 
     </span>
    </p>
   </div>
   <div class='ocr_carea' id='block_1_35' title="bbox 2149 2147 3747 2218">
    <p class='ocr_par' dir='ltr' id='par_1_35' title="bbox 2149 2147 3747 2218">
     <span class='ocr_line' id='line_1_35' title="bbox 2149 2147 3747 2218; baseline -0.004 -13"><span class='ocrx_word' id='word_1_350' title='bbox 2149 2151 2382 2205; x_wconf 90' lang='lat' dir='ltr'><strong>docuit?</strong></span> <span class='ocrx_word' id='word_1_351' title='bbox 2415 2153 2704 2218; x_wconf 82' lang='lat' dir='ltr'><strong>quomodo,</strong></span> <span class='ocrx_word' id='word_1_352' title='bbox 2758 2152 2802 2205; x_wconf 92' lang='lat' dir='ltr'><strong>si</strong></span> <span class='ocrx_word' id='word_1_353' title='bbox 2858 2151 3080 2204; x_wconf 87' lang='lat' dir='ltr'><strong>mnitutn</strong></span> <span class='ocrx_word' id='word_1_354' title='bbox 3122 2152 3389 2213; x_wconf 88' lang='lat' dir='ltr'><strong>ordinem,</strong></span> <span class='ocrx_word' id='word_1_355' title='bbox 3442 2149 3537 2202; x_wconf 78' lang='lat' dir='ltr'><strong>vel</strong></span> <span class='ocrx_word' id='word_1_356' title='bbox 3577 2147 3747 2200; x_wconf 82' lang='lat' dir='ltr'><strong>habi-</strong></span> 
     </span>
    </p>
   </div>
   <div class='ocr_carea' id='block_1_36' title="bbox 2153 2239 3754 2312">
    <p class='ocr_par' dir='ltr' id='par_1_36' title="bbox 2153 2239 3754 2312">
     <span class='ocr_line' id='line_1_36' title="bbox 2153 2239 3754 2312; baseline -0.005 -14"><span class='ocrx_word' id='word_1_357' title='bbox 2153 2254 2263 2298; x_wconf 89' lang='lat' dir='ltr'><strong>tum</strong></span> <span class='ocrx_word' id='word_1_358' title='bbox 2337 2243 2572 2312; x_wconf 88' lang='lat' dir='ltr'><strong>Spiritus</strong></span> <span class='ocrx_word' id='word_1_359' title='bbox 2624 2245 2692 2298; x_wconf 85' lang='lat' dir='ltr'><strong>ad</strong></span> <span class='ocrx_word' id='word_1_360' title='bbox 2766 2243 2960 2298; x_wconf 87' lang='lat' dir='ltr'><strong>Filitun</strong></span> <span class='ocrx_word' id='word_1_361' title='bbox 3020 2244 3201 2305; x_wconf 88' lang='lat' dir='ltr'><strong>habet,</strong></span> <span class='ocrx_word' id='word_1_362' title='bbox 3274 2243 3448 2297; x_wconf 62' lang='lat' dir='ltr'><strong>dixit:</strong></span> <span class='ocrx_word' id='word_1_363' title='bbox 3507 2239 3754 2309; x_wconf 75' lang='lat' dir='ltr'><strong>Oportet</strong></span> 
     </span>
    </p>
   </div>
   <div class='ocr_carea' id='block_1_37' title="bbox 2150 2330 3751 2402">
    <p class='ocr_par' dir='ltr' id='par_1_37' title="bbox 2150 2330 3751 2402">
     <span class='ocr_line' id='line_1_37' title="bbox 2150 2330 3751 2402; baseline -0.004 -15"><span class='ocrx_word' id='word_1_364' title='bbox 2150 2344 2326 2389; x_wconf 85' lang='lat' dir='ltr'><strong>autem</strong></span> <span class='ocrx_word' id='word_1_365' title='bbox 2387 2331 2634 2397; x_wconf 83' lang='lat' dir='ltr'><strong>Verbum,</strong></span> <span class='ocrx_word' id='word_1_366' title='bbox 2689 2344 2736 2387; x_wconf 85' lang='lat' dir='ltr'><strong>et</strong></span> <span class='ocrx_word' id='word_1_367' title='bbox 2800 2334 3065 2402; x_wconf 82' lang='lat' dir='ltr'><strong>Spiritum</strong></span> <span class='ocrx_word' id='word_1_368' title='bbox 3116 2334 3325 2388; x_wconf 83' lang='lat' dir='ltr'><strong>habere.</strong></span> <span class='ocrx_word' id='word_1_369' title='bbox 3390 2331 3513 2387; x_wconf 70' lang='lat' dir='ltr'><strong>[late</strong></span> <span class='ocrx_word' id='word_1_370' title='bbox 3595 2330 3751 2386; x_wconf 87' lang='lat' dir='ltr'><strong>enim</strong></span> 
     </span>
    </p>
   </div>
   <div class='ocr_carea' id='block_1_38' title="bbox 2153 2419 3750 2487">
    <p class='ocr_par' dir='ltr' id='par_1_38' title="bbox 2153 2419 3750 2487">
     <span class='ocr_line' id='line_1_38' title="bbox 2153 2419 3750 2487; baseline -0.004 -9"><span class='ocrx_word' id='word_1_371' title='bbox 2153 2424 2259 2478; x_wconf 87' lang='lat' dir='ltr'><strong>sibi</strong></span> <span class='ocrx_word' id='word_1_372' title='bbox 2333 2423 2562 2478; x_wconf 86' lang='lat' dir='ltr'><strong>invicem</strong></span> <span class='ocrx_word' id='word_1_373' title='bbox 2621 2425 2892 2478; x_wconf 82' lang='lat' dir='ltr'><strong>contraria</strong></span> <span class='ocrx_word' id='word_1_374' title='bbox 2950 2423 3400 2478; x_wconf 87' lang='lat' dir='ltr'><strong>manifestissime</strong></span> <span class='ocrx_word' id='word_1_375' title='bbox 3453 2430 3638 2487; x_wconf 85' lang='lat' dir='ltr'><strong>sunt;</strong></span> <span class='ocrx_word' id='word_1_376' title='bbox 3705 2419 3750 2473; x_wconf 92' lang='lat' dir='ltr'><strong>si</strong></span> 
     </span>
    </p>
   </div>
   <div class='ocr_carea' id='block_1_39' title="bbox 2153 2513 3752 2585">
    <p class='ocr_par' dir='ltr' id='par_1_39' title="bbox 2153 2513 3752 2585">
     <span class='ocr_line' id='line_1_39' title="bbox 2153 2513 3752 2585; baseline -0.003 -15"><span class='ocrx_word' id='word_1_377' title='bbox 2153 2517 2298 2576; x_wconf 85' lang='lat' dir='ltr'><strong>enim</strong></span> <span class='ocrx_word' id='word_1_378' title='bbox 2363 2517 2652 2584; x_wconf 91' lang='lat' dir='ltr'><strong>productor</strong></span> <span class='ocrx_word' id='word_1_379' title='bbox 2687 2515 3096 2585; x_wconf 82' lang='lat' dir='ltr'><strong>pcr.Verbum,</strong></span> <span class='ocrx_word' id='word_1_380' title='bbox 3146 2530 3439 2585; x_wconf 86' lang='lat' dir='ltr'><strong>numquam</strong></span> <span class='ocrx_word' id='word_1_381' title='bbox 3487 2513 3752 2583; x_wconf 85' lang='lat' dir='ltr'><strong>profecto</strong></span> 
     </span>
    </p>
   </div>
   <div class='ocr_carea' id='block_1_40' title="bbox 2153 2607 3530 2678">
    <p class='ocr_par' dir='ltr' id='par_1_40' title="bbox 2153 2607 3530 2678">
     <span class='ocr_line' id='line_1_40' title="bbox 2153 2607 3530 2678; baseline -0.004 -14"><span class='ocrx_word' id='word_1_382' title='bbox 2153 2609 2262 2664; x_wconf 91' lang='lat' dir='ltr'><strong>erit</strong></span> <span class='ocrx_word' id='word_1_383' title='bbox 2295 2607 2473 2663; x_wconf 88' lang='lat' dir='ltr'><strong>Patris</strong></span> <span class='ocrx_word' id='word_1_384' title='bbox 2508 2609 2866 2664; x_wconf 85' lang='lat' dir='ltr'><strong>substantiale</strong></span> <span class='ocrx_word' id='word_1_385' title='bbox 2897 2609 3172 2678; x_wconf 89' lang='lat' dir='ltr'><strong>proprium</strong></span> <span class='ocrx_word' id='word_1_386' title='bbox 3205 2609 3530 2678; x_wconf 85' lang='lat' dir='ltr'><strong>producere.</strong></span> 
     </span>
    </p>
   </div>
   <div class='ocr_carea' id='block_1_41' title="bbox 2227 2697 3749 2767">
    <p class='ocr_par' dir='ltr' id='par_1_41' title="bbox 2227 2697 3749 2767">
     <span class='ocr_line' id='line_1_41' title="bbox 2227 2697 3749 2767; baseline -0.005 -13"><span class='ocrx_word' id='word_1_387' title='bbox 2227 2701 2296 2755; x_wconf 88' lang='lat' dir='ltr'><strong>At</strong></span> <span class='ocrx_word' id='word_1_388' title='bbox 2329 2700 2373 2757; x_wconf 94' lang='lat' dir='ltr'><strong>si</strong></span> <span class='ocrx_word' id='word_1_389' title='bbox 2405 2715 2469 2756; x_wconf 79' lang='lat' dir='ltr'><strong>ex</strong></span> <span class='ocrx_word' id='word_1_390' title='bbox 2523 2699 2683 2756; x_wconf 90' lang='lat' dir='ltr'><strong>Patre</strong></span> <span class='ocrx_word' id='word_1_391' title='bbox 2726 2700 2842 2755; x_wconf 90' lang='lat' dir='ltr'><strong>sine</strong></span> <span class='ocrx_word' id='word_1_392' title='bbox 2872 2701 3069 2763; x_wconf 89' lang='lat' dir='ltr'><strong>medio,</strong></span> <span class='ocrx_word' id='word_1_393' title='bbox 3103 2714 3378 2767; x_wconf 88' lang='lat' dir='ltr'><strong>nunquam</strong></span> <span class='ocrx_word' id='word_1_394' title='bbox 3411 2713 3506 2767; x_wconf 89' lang='lat' dir='ltr'><strong>per</strong></span> <span class='ocrx_word' id='word_1_395' title='bbox 3541 2697 3749 2752; x_wconf 64' lang='lat' dir='ltr'><strong>Futura</strong></span> 
     </span>
    </p>
   </div>
   <div class='ocr_carea' id='block_1_42' title="bbox 2157 2789 3743 2862">
    <p class='ocr_par' dir='ltr' id='par_1_42' title="bbox 2157 2789 3743 2862">
     <span class='ocr_line' id='line_1_42' title="bbox 2157 2789 3743 2862; baseline -0.004 -15"><span class='ocrx_word' id='word_1_396' title='bbox 2157 2793 2474 2862; x_wconf 86' lang='lat' dir='ltr'><strong>procederet</strong></span> <span class='ocrx_word' id='word_1_397' title='bbox 2508 2809 2522 2858; x_wconf 91' lang='lat'><strong>;</strong></span> <span class='ocrx_word' id='word_1_398' title='bbox 2563 2791 2857 2861; x_wconf 88' lang='lat' dir='ltr'><strong>procedere</strong></span> <span class='ocrx_word' id='word_1_399' title='bbox 2887 2791 3030 2845; x_wconf 90' lang='lat' dir='ltr'><strong>enim</strong></span> <span class='ocrx_word' id='word_1_400' title='bbox 3063 2805 3159 2860; x_wconf 89' lang='lat' dir='ltr'><strong>per</strong></span> <span class='ocrx_word' id='word_1_401' title='bbox 3186 2790 3379 2845; x_wconf 78' lang='lat' dir='ltr'><strong>Filium</strong></span> <span class='ocrx_word' id='word_1_402' title='bbox 3418 2791 3561 2859; x_wconf 86' lang='lat' dir='ltr'><strong>quod</strong></span> <span class='ocrx_word' id='word_1_403' title='bbox 3598 2789 3743 2842; x_wconf 87' lang='lat' dir='ltr'><strong>dici-</strong></span> 
     </span>
    </p>
   </div>
   <div class='ocr_carea' id='block_1_43' title="bbox 2160 2868 3752 2953">
    <p class='ocr_par' dir='ltr' id='par_1_43' title="bbox 2160 2868 3752 2953">
     <span class='ocr_line' id='line_1_43' title="bbox 2160 2868 3752 2953; baseline -0.002 -18"><span class='ocrx_word' id='word_1_404' title='bbox 2160 2892 2269 2947; x_wconf 90' lang='lat' dir='ltr'><strong>tur,</strong></span> <span class='ocrx_word' id='word_1_405' title='bbox 2303 2868 2682 2937; x_wconf 85' lang='lat' dir='ltr'><strong>mediationem</strong></span> <span class='ocrx_word' id='word_1_406' title='bbox 2717 2881 2838 2937; x_wconf 89' lang='lat' dir='ltr'><strong>Filii</strong></span> <span class='ocrx_word' id='word_1_407' title='bbox 2880 2881 3142 2953; x_wconf 74' lang='lat' dir='ltr'><strong>designat,</strong></span> <span class='ocrx_word' id='word_1_408' title='bbox 3180 2898 3340 2952; x_wconf 91' lang='lat' dir='ltr'><strong>quam</strong></span> <span class='ocrx_word' id='word_1_409' title='bbox 3374 2891 3428 2937; x_wconf 87' lang='lat' dir='ltr'><strong>et</strong></span> <span class='ocrx_word' id='word_1_410' title='bbox 3467 2880 3752 2952; x_wconf 77' lang='lat' dir='ltr'><strong>Nyssenus</strong></span> 
     </span>
    </p>
   </div>
   <div class='ocr_carea' id='block_1_44' title="bbox 2161 2967 3751 3043">
    <p class='ocr_par' dir='ltr' id='par_1_44' title="bbox 2161 2967 3751 3043">
     <span class='ocr_line' id='line_1_44' title="bbox 2161 2967 3751 3043; baseline -0.003 -15"><span class='ocrx_word' id='word_1_411' title='bbox 2161 2975 2347 3040; x_wconf 87' lang='lat' dir='ltr'><strong>tradit,</strong></span> <span class='ocrx_word' id='word_1_412' title='bbox 2382 2984 2436 3030; x_wconf 92' lang='lat' dir='ltr'><strong>et</strong></span> <span class='ocrx_word' id='word_1_413' title='bbox 2487 2989 2678 3029; x_wconf 85' lang='lat' dir='ltr'><strong>omnes</strong></span> <span class='ocrx_word' id='word_1_414' title='bbox 2725 2987 2829 3027; x_wconf 85' lang='lat' dir='ltr'><strong>una</strong></span> <span class='ocrx_word' id='word_1_415' title='bbox 2866 2990 2986 3029; x_wconf 86' lang='lat' dir='ltr'><strong>eum</strong></span> <span class='ocrx_word' id='word_1_416' title='bbox 3018 2988 3084 3029; x_wconf 86' lang='lat' dir='ltr'><strong>eo</strong></span> <span class='ocrx_word' id='word_1_417' title='bbox 3130 2967 3360 3043; x_wconf 81' lang='lat' dir='ltr'><strong>theologi</strong></span> <span class='ocrx_word' id='word_1_418' title='bbox 3413 2973 3751 3040; x_wconf 80' lang='lat' dir='ltr'><strong>tertiumque</strong></span> 
     </span>
    </p>
   </div>
   <div class='ocr_carea' id='block_1_45' title="bbox 477 3065 3743 3162">
    <p class='ocr_par' dir='ltr' id='par_1_45' title="bbox 477 3065 3743 3162">
     <span class='ocr_line' id='line_1_45' title="bbox 477 3065 3743 3162; baseline -0 -45"><span class='ocrx_word' id='word_1_419' title='bbox 477 3065 801 3118; x_wconf 80' lang='lat' dir='ltr'><strong>diﬂerentia.</strong></span> <span class='ocrx_word' id='word_1_420' title='bbox 865 3065 1050 3135; x_wconf 80' lang='lat' dir='ltr'><strong>Itaque</strong></span> <span class='ocrx_word' id='word_1_421' title='bbox 1115 3082 1288 3134; x_wconf 89' lang='lat' dir='ltr'><strong>neque</strong></span> <span class='ocrx_word' id='word_1_422' title='bbox 1351 3084 1427 3126; x_wconf 76' lang='lat' dir='ltr'><strong>re,</strong></span> <span class='ocrx_word' id='word_1_423' title='bbox 1495 3082 1669 3136; x_wconf 90' lang='lat' dir='ltr'><strong>neque</strong></span> <span class='ocrx_word' id='word_1_424' title='bbox 1723 3068 2128 3162; x_wconf 74' lang='lat' dir='ltr'><strong>cogitationeC</strong></span> <span class='ocrx_word' id='word_1_425' title='bbox 2160 3081 2189 3120; x_wconf 90' lang='lat' dir='ltr'><strong>a</strong></span> <span class='ocrx_word' id='word_1_426' title='bbox 2220 3067 2379 3122; x_wconf 89' lang='lat' dir='ltr'><strong>Patre</strong></span> <span class='ocrx_word' id='word_1_427' title='bbox 2427 3067 2690 3134; x_wconf 88' lang='lat' dir='ltr'><strong>Spiritum</strong></span> <span class='ocrx_word' id='word_1_428' title='bbox 2735 3078 2981 3120; x_wconf 88' lang='lat' dir='ltr'><strong>sanctum</strong></span> <span class='ocrx_word' id='word_1_429' title='bbox 3029 3067 3325 3121; x_wconf 89' lang='lat' dir='ltr'><strong>secundum</strong></span> <span class='ocrx_word' id='word_1_430' title='bbox 3394 3065 3743 3132; x_wconf 87' lang='lat' dir='ltr'><strong>personaletn</strong></span> 
     </span>
    </p>
   </div>
   <div class='ocr_carea' id='block_1_46' title="bbox 483 3157 1808 3229">
    <p class='ocr_par' dir='ltr' id='par_1_46' title="bbox 483 3157 1808 3229">
     <span class='ocr_line' id='line_1_46' title="bbox 483 3157 1808 3229; baseline 0.003 -23"><span class='ocrx_word' id='word_1_431' title='bbox 483 3164 660 3224; x_wconf 74' lang='lat' dir='ltr'><strong>potest</strong></span> <span class='ocrx_word' id='word_1_432' title='bbox 718 3157 988 3229; x_wconf 79' lang='lat' dir='ltr'><strong>inspirans</strong></span> <span class='ocrx_word' id='word_1_433' title='bbox 1027 3159 1183 3212; x_wconf 86' lang='lat' dir='ltr'><strong>Pater</strong></span> <span class='ocrx_word' id='word_1_434' title='bbox 1223 3159 1341 3213; x_wconf 86' lang='lat' dir='ltr'><strong>sine</strong></span> <span class='ocrx_word' id='word_1_435' title='bbox 1395 3157 1530 3212; x_wconf 86' lang='lat' dir='ltr'><strong>Filio</strong></span> <span class='ocrx_word' id='word_1_436' title='bbox 1585 3160 1808 3223; x_wconf 71' lang='lat' dir='ltr'><strong>intelligi</strong></span> 
     </span>
    </p>
   </div>
   <div class='ocr_carea' id='block_1_47' title="bbox 481 3246 2057 3319">
    <p class='ocr_par' dir='ltr' id='par_1_47' title="bbox 481 3246 2057 3319">
     <span class='ocr_line' id='line_1_47' title="bbox 481 3246 2057 3319; baseline 0.001 -18"><span class='ocrx_word' id='word_1_437' title='bbox 481 3249 530 3304; x_wconf 78' lang='lat' dir='ltr'><strong>si</strong></span> <span class='ocrx_word' id='word_1_438' title='bbox 564 3246 778 3316; x_wconf 85' lang='lat' dir='ltr'><strong>quidem</strong></span> <span class='ocrx_word' id='word_1_439' title='bbox 810 3265 873 3303; x_wconf 83' lang='lat' dir='ltr'><strong>ex</strong></span> <span class='ocrx_word' id='word_1_440' title='bbox 919 3249 1098 3303; x_wconf 87' lang='lat' dir='ltr'><strong>animo</strong></span> <span class='ocrx_word' id='word_1_441' title='bbox 1132 3249 1326 3311; x_wconf 83' lang='lat' dir='ltr'><strong>Filius.</strong></span> <span class='ocrx_word' id='word_1_442' title='bbox 1357 3259 1411 3304; x_wconf 86' lang='lat' dir='ltr'><strong>et</strong></span> <span class='ocrx_word' id='word_1_443' title='bbox 1455 3252 1785 3319; x_wconf 83' lang='lat' dir='ltr'><strong>cogitatione</strong></span> <span class='ocrx_word' id='word_1_444' title='bbox 1819 3252 2057 3318; x_wconf 81' lang='lat' dir='ltr'><strong>tollatur,</strong></span> 
     </span>
    </p>
   </div>
   <div class='ocr_carea' id='block_1_48' title="bbox 485 3339 2062 3411">
    <p class='ocr_par' dir='ltr' id='par_1_48' title="bbox 485 3339 2062 3411">
     <span class='ocr_line' id='line_1_48' title="bbox 485 3339 2062 3411; baseline 0.004 -19"><span class='ocrx_word' id='word_1_445' title='bbox 485 3355 660 3407; x_wconf 85' lang='lat' dir='ltr'><strong>neque</strong></span> <span class='ocrx_word' id='word_1_446' title='bbox 695 3339 1096 3409; x_wconf 22' lang='lat' dir='ltr'><strong>prolecssionem</strong></span> <span class='ocrx_word' id='word_1_447' title='bbox 1129 3341 1242 3411; x_wconf 85' lang='lat' dir='ltr'><strong>jam</strong></span> <span class='ocrx_word' id='word_1_448' title='bbox 1289 3357 1410 3397; x_wconf 90' lang='lat' dir='ltr'><strong>esse</strong></span> <span class='ocrx_word' id='word_1_449' title='bbox 1441 3341 1696 3411; x_wconf 90' lang='lat' dir='ltr'><strong>possibile</strong></span> <span class='ocrx_word' id='word_1_450' title='bbox 1730 3343 1856 3397; x_wconf 84' lang='lat' dir='ltr'><strong>erit.</strong></span> <span class='ocrx_word' id='word_1_451' title='bbox 1912 3342 2062 3398; x_wconf 89' lang='lat' dir='ltr'><strong>Unde</strong></span> 
     </span>
    </p>
   </div>
   <div class='ocr_carea' id='block_1_49' title="bbox 481 3433 2059 3504">
    <p class='ocr_par' dir='ltr' id='par_1_49' title="bbox 481 3433 2059 3504">
     <span class='ocr_line' id='line_1_49' title="bbox 481 3433 2059 3504; baseline 0.006 -22"><span class='ocrx_word' id='word_1_452' title='bbox 481 3441 537 3484; x_wconf 79' lang='lat' dir='ltr'><strong>et</strong></span> <span class='ocrx_word' id='word_1_453' title='bbox 580 3433 780 3485; x_wconf 85' lang='lat' dir='ltr'><strong>dictum</strong></span> <span class='ocrx_word' id='word_1_454' title='bbox 827 3441 948 3496; x_wconf 65' lang='lat' dir='ltr'><strong>est;</strong></span> <span class='ocrx_word' id='word_1_455' title='bbox 984 3433 1186 3487; x_wconf 89' lang='lat' dir='ltr'><strong>idcirco</strong></span> <span class='ocrx_word' id='word_1_456' title='bbox 1217 3449 1280 3488; x_wconf 80' lang='lat' dir='ltr'><strong>ex</strong></span> <span class='ocrx_word' id='word_1_457' title='bbox 1329 3433 1487 3489; x_wconf 85' lang='lat' dir='ltr'><strong>Patre</strong></span> <span class='ocrx_word' id='word_1_458' title='bbox 1518 3437 1811 3504; x_wconf 88' lang='lat' dir='ltr'><strong>procedere</strong></span> <span class='ocrx_word' id='word_1_459' title='bbox 1841 3437 2059 3502; x_wconf 91' lang='lat' dir='ltr'><strong>dicitur,</strong></span> 
     </span>
    </p>
   </div>
   <div class='ocr_carea' id='block_1_50' title="bbox 392 3522 2060 3602">
    <p class='ocr_par' dir='ltr' id='par_1_50' title="bbox 392 3522 2060 3602">
     <span class='ocr_line' id='line_1_50' title="bbox 392 3522 2060 3602; baseline 0.007 -29"><span class='ocrx_word' id='word_1_460' title='bbox 392 3593 400 3602; x_wconf 16' lang='grc' dir='ltr'><em>ὦ</em></span> <span class='ocrx_word' id='word_1_461' title='bbox 483 3523 607 3590; x_wconf 75' lang='lat' dir='ltr'><strong>quia</strong></span> <span class='ocrx_word' id='word_1_462' title='bbox 639 3539 664 3572; x_wconf 64' lang='lat'><strong>.1</strong></span> <span class='ocrx_word' id='word_1_463' title='bbox 703 3522 840 3576; x_wconf 78' lang='lat' dir='ltr'><strong>Filio</strong></span> <span class='ocrx_word' id='word_1_464' title='bbox 871 3533 974 3577; x_wconf 87' lang='lat' dir='ltr'><strong>est.</strong></span> <span class='ocrx_word' id='word_1_465' title='bbox 1025 3524 1182 3589; x_wconf 81' lang='lat' dir='ltr'><strong>Quod</strong></span> <span class='ocrx_word' id='word_1_466' title='bbox 1233 3526 1275 3579; x_wconf 79' lang='lat' dir='ltr'><strong>si</strong></span> <span class='ocrx_word' id='word_1_467' title='bbox 1308 3528 1645 3597; x_wconf 66' lang='lat' dir='ltr'><strong>prmcogitari</strong></span> <span class='ocrx_word' id='word_1_468' title='bbox 1693 3528 1872 3585; x_wconf 89' lang='lat' dir='ltr'><strong>dictus</strong></span> <span class='ocrx_word' id='word_1_469' title='bbox 1929 3539 2012 3585; x_wconf 90' lang='lat' dir='ltr'><strong>est</strong></span> <span class='ocrx_word' id='word_1_470' title='bbox 2044 3571 2060 3593; x_wconf 90' lang='lat'><strong><em>.</em></strong></span> 
     </span>
    </p>
   </div>
   <div class='ocr_carea' id='block_1_51' title="bbox 486 3620 2066 3688">
    <p class='ocr_par' dir='ltr' id='par_1_51' title="bbox 486 3620 2066 3688">
     <span class='ocr_line' id='line_1_51' title="bbox 486 3620 2066 3688; baseline 0.007 -22"><span class='ocrx_word' id='word_1_471' title='bbox 486 3626 664 3670; x_wconf 87' lang='lat' dir='ltr'><strong>tamen</strong></span> <span class='ocrx_word' id='word_1_472' title='bbox 703 3620 852 3686; x_wconf 90' lang='lat' dir='ltr'><strong>prius</strong></span> <span class='ocrx_word' id='word_1_473' title='bbox 901 3621 1171 3684; x_wconf 86' lang='lat' dir='ltr'><strong>posterius</strong></span> <span class='ocrx_word' id='word_1_474' title='bbox 1203 3635 1308 3672; x_wconf 87' lang='lat' dir='ltr'><strong>non</strong></span> <span class='ocrx_word' id='word_1_475' title='bbox 1362 3631 1464 3675; x_wconf 81' lang='grc' dir='ltr'>εει.</span> <span class='ocrx_word' id='word_1_476' title='bbox 1523 3620 1655 3674; x_wconf 84' lang='lat' dir='ltr'><strong>Nam</strong></span> <span class='ocrx_word' id='word_1_477' title='bbox 1705 3631 1758 3675; x_wconf 90' lang='lat' dir='ltr'><strong>et</strong></span> <span class='ocrx_word' id='word_1_478' title='bbox 1796 3639 1984 3688; x_wconf 80' lang='lat' dir='ltr'><strong>causa,</strong></span> <span class='ocrx_word' id='word_1_479' title='bbox 2011 3632 2066 3677; x_wconf 89' lang='lat' dir='ltr'><strong>et</strong></span> 
     </span>
    </p>
   </div>
   <div class='ocr_carea' id='block_1_52' title="bbox 485 3709 2064 3782">
    <p class='ocr_par' dir='ltr' id='par_1_52' title="bbox 485 3709 2064 3782">
     <span class='ocr_line' id='line_1_52' title="bbox 485 3709 2064 3782; baseline 0.004 -19"><span class='ocrx_word' id='word_1_480' title='bbox 485 3710 724 3777; x_wconf 73' lang='lat' dir='ltr'><strong>cauSale,</strong></span> <span class='ocrx_word' id='word_1_481' title='bbox 784 3709 1010 3779; x_wconf 84' lang='lat' dir='ltr'><strong>Filiique</strong></span> <span class='ocrx_word' id='word_1_482' title='bbox 1072 3711 1346 3775; x_wconf 83' lang='lat' dir='ltr'><strong>mediatio,</strong></span> <span class='ocrx_word' id='word_1_483' title='bbox 1415 3727 1478 3766; x_wconf 91' lang='lat' dir='ltr'><strong>ac</strong></span> <span class='ocrx_word' id='word_1_484' title='bbox 1542 3729 1634 3782; x_wconf 92' lang='lat' dir='ltr'><strong>per</strong></span> <span class='ocrx_word' id='word_1_485' title='bbox 1681 3711 1877 3768; x_wconf 88' lang='lat' dir='ltr'><strong>Filium</strong></span> <span class='ocrx_word' id='word_1_486' title='bbox 1924 3730 2064 3780; x_wconf 82' lang='lat' dir='ltr'><strong>esse,</strong></span> 
     </span>
    </p>
   </div>
   <div class='ocr_carea' id='block_1_53' title="bbox 489 3803 2066 3861">
    <p class='ocr_par' dir='ltr' id='par_1_53' title="bbox 489 3803 2066 3861">
     <span class='ocr_line' id='line_1_53' title="bbox 489 3803 2066 3861; baseline 0.003 -5"><span class='ocrx_word' id='word_1_487' title='bbox 489 3820 518 3856; x_wconf 89' lang='lat' dir='ltr'><strong>a</strong></span> <span class='ocrx_word' id='word_1_488' title='bbox 557 3803 768 3857; x_wconf 83' lang='lat' dir='ltr'><strong>sanctis</strong></span> <span class='ocrx_word' id='word_1_489' title='bbox 820 3804 1020 3858; x_wconf 78' lang='lat' dir='ltr'><strong>divinis</strong></span> <span class='ocrx_word' id='word_1_490' title='bbox 1078 3806 1378 3859; x_wconf 85' lang='lat' dir='ltr'><strong>rationibus</strong></span> <span class='ocrx_word' id='word_1_491' title='bbox 1430 3807 1681 3858; x_wconf 84' lang='lat' dir='ltr'><strong>traditur.</strong></span> <span class='ocrx_word' id='word_1_492' title='bbox 1736 3807 1844 3860; x_wconf 90' lang='lat' dir='ltr'><strong>Sed</strong></span> <span class='ocrx_word' id='word_1_493' title='bbox 1885 3817 1940 3861; x_wconf 90' lang='lat' dir='ltr'><strong>ct</strong></span> <span class='ocrx_word' id='word_1_494' title='bbox 1985 3807 2066 3860; x_wconf 82' lang='lat' dir='ltr'><strong>si-</strong></span> 
     </span>
    </p>
   </div>
   <div class='ocr_carea' id='block_1_54' title="bbox 486 3896 2070 3965">
    <p class='ocr_par' dir='ltr' id='par_1_54' title="bbox 486 3896 2070 3965">
     <span class='ocr_line' id='line_1_54' title="bbox 486 3896 2070 3965; baseline 0.003 -17"><span class='ocrx_word' id='word_1_495' title='bbox 486 3897 620 3961; x_wconf 87' lang='lat' dir='ltr'><strong>mul,</strong></span> <span class='ocrx_word' id='word_1_496' title='bbox 678 3906 732 3951; x_wconf 90' lang='lat' dir='ltr'><strong>et</strong></span> <span class='ocrx_word' id='word_1_497' title='bbox 794 3897 1138 3965; x_wconf 86' lang='lat' dir='ltr'><strong>conjunctns,</strong></span> <span class='ocrx_word' id='word_1_498' title='bbox 1184 3905 1237 3949; x_wconf 89' lang='lat' dir='ltr'><strong>ct</strong></span> <span class='ocrx_word' id='word_1_499' title='bbox 1279 3896 1656 3960; x_wconf 81' lang='lat' dir='ltr'><strong>inseparabilis</strong></span> <span class='ocrx_word' id='word_1_500' title='bbox 1719 3897 2070 3953; x_wconf 85' lang='lat' dir='ltr'><strong>nihilominus</strong></span> 
     </span>
    </p>
   </div>
   <div class='ocr_carea' id='block_1_55' title="bbox 487 3984 2061 4057">
    <p class='ocr_par' dir='ltr' id='par_1_55' title="bbox 487 3984 2061 4057">
     <span class='ocr_line' id='line_1_55' title="bbox 487 3984 2061 4057; baseline 0.003 -20"><span class='ocrx_word' id='word_1_501' title='bbox 487 4003 587 4056; x_wconf 83' lang='lat' dir='ltr'><strong>pro</strong></span> <span class='ocrx_word' id='word_1_502' title='bbox 639 3987 890 4042; x_wconf 82' lang='lat' dir='ltr'><strong>confesso</strong></span> <span class='ocrx_word' id='word_1_503' title='bbox 946 3995 1307 4057; x_wconf 69' lang='lat' dir='ltr'><strong>asseveratur.</strong></span> <span class='ocrx_word' id='word_1_504' title='bbox 1354 3984 1708 4053; x_wconf 89' lang='lat' dir='ltr'><strong>Temporales</strong></span> <span class='ocrx_word' id='word_1_505' title='bbox 1761 3986 1905 4040; x_wconf 89' lang='lat' dir='ltr'><strong>enim</strong></span> <span class='ocrx_word' id='word_1_506' title='bbox 1939 4001 2061 4042; x_wconf 65' lang='lat' dir='ltr'><strong>mo~</strong></span> 
     </span>
    </p>
   </div>
   <div class='ocr_carea' id='block_1_56' title="bbox 491 4075 2074 4140">
    <p class='ocr_par' dir='ltr' id='par_1_56' title="bbox 491 4075 2074 4140">
     <span class='ocr_line' id='line_1_56' title="bbox 491 4075 2074 4140; baseline 0 -10"><span class='ocrx_word' id='word_1_507' title='bbox 491 4080 623 4132; x_wconf 63' lang='lat' dir='ltr'><strong>rnltc</strong></span> <span class='ocrx_word' id='word_1_508' title='bbox 673 4080 744 4134; x_wconf 87' lang='lat' dir='ltr'><strong>in.</strong></span> <span class='ocrx_word' id='word_1_509' title='bbox 785 4086 986 4131; x_wconf 65' lang='lat' dir='ltr'><strong>acterna</strong></span> <span class='ocrx_word' id='word_1_510' title='bbox 1033 4077 1135 4129; x_wconf 84' lang='lat' dir='ltr'><strong>vita</strong></span> <span class='ocrx_word' id='word_1_511' title='bbox 1194 4075 1371 4130; x_wconf 91' lang='lat' dir='ltr'><strong>locum</strong></span> <span class='ocrx_word' id='word_1_512' title='bbox 1426 4091 1531 4128; x_wconf 91' lang='lat' dir='ltr'><strong>non</strong></span> <span class='ocrx_word' id='word_1_513' title='bbox 1582 4077 1800 4140; x_wconf 83' lang='lat' dir='ltr'><strong>habent,</strong></span> <span class='ocrx_word' id='word_1_514' title='bbox 1860 4086 1919 4130; x_wconf 91' lang='lat' dir='ltr'><strong>ut</strong></span> <span class='ocrx_word' id='word_1_515' title='bbox 1997 4079 2074 4130; x_wconf 88' lang='lat' dir='ltr'><strong>ait</strong></span> 
     </span>
    </p>
   </div>
   <div class='ocr_carea' id='block_1_57' title="bbox 486 4168 2074 4239">
    <p class='ocr_par' dir='ltr' id='par_1_57' title="bbox 486 4168 2074 4239">
     <span class='ocr_line' id='line_1_57' title="bbox 486 4168 2074 4239; baseline -0.001 -14"><span class='ocrx_word' id='word_1_516' title='bbox 486 4170 788 4239; x_wconf 74' lang='lat' dir='ltr'><strong>Gregorius</strong></span> <span class='ocrx_word' id='word_1_517' title='bbox 847 4168 1254 4239; x_wconf 83' lang='lat' dir='ltr'><strong>Nyssenus;co</strong></span> <span class='ocrx_word' id='word_1_518' title='bbox 1297 4170 1439 4237; x_wconf 87' lang='lat' dir='ltr'><strong>quod</strong></span> <span class='ocrx_word' id='word_1_519' title='bbox 1488 4169 1597 4223; x_wconf 90' lang='lat' dir='ltr'><strong>illic</strong></span> <span class='ocrx_word' id='word_1_520' title='bbox 1643 4185 1908 4239; x_wconf 89' lang='lat' dir='ltr'><strong>nusquam</strong></span> <span class='ocrx_word' id='word_1_521' title='bbox 1939 4181 2074 4227; x_wconf 86' lang='lat' dir='ltr'><strong>tem—</strong></span> 
     </span>
    </p>
   </div>
   <div class='ocr_carea' id='block_1_58' title="bbox 493 4261 987 4332">
    <p class='ocr_par' dir='ltr' id='par_1_58' title="bbox 493 4261 987 4332">
     <span class='ocr_line' id='line_1_58' title="bbox 493 4261 987 4332; baseline 0.002 -19"><span class='ocrx_word' id='word_1_522' title='bbox 493 4261 644 4332; x_wconf 77' lang='lat' dir='ltr'><strong>poris</strong></span> <span class='ocrx_word' id='word_1_523' title='bbox 696 4262 766 4314; x_wconf 79' lang='lat' dir='ltr'><strong>sit</strong></span> <span class='ocrx_word' id='word_1_524' title='bbox 815 4262 987 4314; x_wconf 81' lang='lat' dir='ltr'><strong>IOCIIS.</strong></span> 
     </span>
    </p>
   </div>
   <div class='ocr_carea' id='block_1_59' title="bbox 566 4353 2071 4423">
    <p class='ocr_par' dir='ltr' id='par_1_59' title="bbox 566 4353 2071 4423">
     <span class='ocr_line' id='line_1_59' title="bbox 566 4353 2071 4423; baseline 0.002 -16"><span class='ocrx_word' id='word_1_525' title='bbox 566 4353 671 4407; x_wconf 88' lang='lat' dir='ltr'><strong>Per</strong></span> <span class='ocrx_word' id='word_1_526' title='bbox 723 4354 837 4407; x_wconf 70' lang='lat' dir='ltr'><strong>haze</strong></span> <span class='ocrx_word' id='word_1_527' title='bbox 901 4369 1031 4422; x_wconf 86' lang='lat' dir='ltr'><strong>ergo</strong></span> <span class='ocrx_word' id='word_1_528' title='bbox 1099 4354 1304 4418; x_wconf 85' lang='lat' dir='ltr'><strong>omnia,</strong></span> <span class='ocrx_word' id='word_1_529' title='bbox 1349 4354 1658 4420; x_wconf 89' lang='lat' dir='ltr'><strong>conficitur,</strong></span> <span class='ocrx_word' id='word_1_530' title='bbox 1721 4357 1862 4423; x_wconf 88' lang='lat' dir='ltr'><strong>quod</strong></span> <span class='ocrx_word' id='word_1_531' title='bbox 1915 4356 2071 4411; x_wconf 91' lang='lat' dir='ltr'><strong>initio</strong></span> 
     </span>
    </p>
   </div>
   <div class='ocr_carea' id='block_1_60' title="bbox 1861 3142 3754 3226">
    <p class='ocr_par' dir='ltr' id='par_1_60' title="bbox 1861 3142 3754 3226">
     <span class='ocr_line' id='line_1_60' title="bbox 1861 3142 3754 3226; baseline -0.003 -11"><span class='ocrx_word' id='word_1_532' title='bbox 1861 3179 1873 3215; x_wconf 92' lang='lat'>:</span> <span class='ocrx_word' id='word_1_533' title='bbox 1925 3142 2128 3226; x_wconf 78' lang='lat' dir='ltr'><strong>imo,u</strong></span> <span class='ocrx_word' id='word_1_534' title='bbox 2168 3159 2408 3213; x_wconf 89' lang='lat' dir='ltr'><strong>ordinem</strong></span> <span class='ocrx_word' id='word_1_535' title='bbox 2456 3159 2816 3213; x_wconf 88' lang='lat' dir='ltr'><strong>commendat.</strong></span> <span class='ocrx_word' id='word_1_536' title='bbox 2865 3157 3053 3223; x_wconf 86' lang='lat' dir='ltr'><strong>Porro,</strong></span> <span class='ocrx_word' id='word_1_537' title='bbox 3109 3159 3223 3212; x_wconf 90' lang='lat' dir='ltr'><strong>sine</strong></span> <span class='ocrx_word' id='word_1_538' title='bbox 3253 3158 3446 3220; x_wconf 87' lang='lat' dir='ltr'><strong>medio.</strong></span> <span class='ocrx_word' id='word_1_539' title='bbox 3494 3158 3602 3211; x_wconf 86' lang='lat' dir='ltr'><strong>hoc</strong></span> <span class='ocrx_word' id='word_1_540' title='bbox 3643 3165 3754 3222; x_wconf 86' lang='lat' dir='ltr'><strong>est,</strong></span> 
     </span>
    </p>
   </div>
   <div class='ocr_carea' id='block_1_61' title="bbox 2169 3248 3747 3315">
    <p class='ocr_par' dir='ltr' id='par_1_61' title="bbox 2169 3248 3747 3315">
     <span class='ocr_line' id='line_1_61' title="bbox 2169 3248 3747 3315; baseline -0.003 -13"><span class='ocrx_word' id='word_1_541' title='bbox 2169 3263 2232 3302; x_wconf 83' lang='lat' dir='ltr'><strong>ex</strong></span> <span class='ocrx_word' id='word_1_542' title='bbox 2299 3250 2415 3303; x_wconf 86' lang='lat' dir='ltr'><strong>solo</strong></span> <span class='ocrx_word' id='word_1_543' title='bbox 2469 3249 2632 3303; x_wconf 85' lang='lat' dir='ltr'><strong>Patre</strong></span> <span class='ocrx_word' id='word_1_544' title='bbox 2690 3263 2834 3315; x_wconf 91' lang='lat' dir='ltr'><strong>esse,</strong></span> <span class='ocrx_word' id='word_1_545' title='bbox 2896 3250 3096 3312; x_wconf 88' lang='lat' dir='ltr'><strong>dicere,</strong></span> <span class='ocrx_word' id='word_1_546' title='bbox 3161 3251 3274 3304; x_wconf 73' lang='lat' dir='ltr'><strong>lucc</strong></span> <span class='ocrx_word' id='word_1_547' title='bbox 3332 3250 3491 3303; x_wconf 81' lang='lat' dir='ltr'><strong>simul</strong></span> <span class='ocrx_word' id='word_1_548' title='bbox 3552 3248 3747 3304; x_wconf 84' lang='lat' dir='ltr'><strong>omnia</strong></span> 
     </span>
    </p>
   </div>
   <div class='ocr_carea' id='block_1_62' title="bbox 2173 3341 2328 3397">
    <p class='ocr_par' dir='ltr' id='par_1_62' title="bbox 2173 3341 2328 3397">
     <span class='ocr_line' id='line_1_62' title="bbox 2173 3341 2328 3397; baseline 0.006 -3"><span class='ocrx_word' id='word_1_549' title='bbox 2173 3341 2328 3397; x_wconf 89' lang='lat' dir='ltr'><strong>tollit.</strong></span> 
     </span>
    </p>
   </div>
   <div class='ocr_carea' id='block_1_63' title="bbox 2242 3430 3751 3504">
    <p class='ocr_par' dir='ltr' id='par_1_63' title="bbox 2242 3430 3751 3504">
     <span class='ocr_line' id='line_1_63' title="bbox 2242 3430 3751 3504; baseline -0.003 -17"><span class='ocrx_word' id='word_1_550' title='bbox 2242 3433 2406 3504; x_wconf 80' lang='lat' dir='ltr'><strong>Atqui</strong></span> <span class='ocrx_word' id='word_1_551' title='bbox 2462 3448 2567 3487; x_wconf 93' lang='lat' dir='ltr'><strong>non</strong></span> <span class='ocrx_word' id='word_1_552' title='bbox 2621 3435 2818 3495; x_wconf 84' lang='lat' dir='ltr'><strong>solum,</strong></span> <span class='ocrx_word' id='word_1_553' title='bbox 2869 3443 2928 3487; x_wconf 87' lang='lat' dir='ltr'><strong>ut</strong></span> <span class='ocrx_word' id='word_1_554' title='bbox 2977 3431 3193 3499; x_wconf 87' lang='lat' dir='ltr'><strong>quidam</strong></span> <span class='ocrx_word' id='word_1_555' title='bbox 3247 3430 3300 3484; x_wconf 88' lang='lat' dir='ltr'><strong>id</strong></span> <span class='ocrx_word' id='word_1_556' title='bbox 3343 3431 3542 3485; x_wconf 89' lang='lat' dir='ltr'><strong>dictum</strong></span> <span class='ocrx_word' id='word_1_557' title='bbox 3574 3444 3751 3500; x_wconf 73' lang='lat' dir='ltr'><strong>expo-</strong></span> 
     </span>
    </p>
   </div>
   <div class='ocr_carea' id='block_1_64' title="bbox 2173 3521 3747 3590">
    <p class='ocr_par' dir='ltr' id='par_1_64' title="bbox 2173 3521 3747 3590">
     <span class='ocr_line' id='line_1_64' title="bbox 2173 3521 3747 3590; baseline -0.004 -11"><span class='ocrx_word' id='word_1_558' title='bbox 2173 3534 2332 3590; x_wconf 87' lang='lat' dir='ltr'><strong>mmt,</strong></span> <span class='ocrx_word' id='word_1_559' title='bbox 2398 3525 2501 3580; x_wconf 86' lang='lat' dir='ltr'><strong>sibi</strong></span> <span class='ocrx_word' id='word_1_560' title='bbox 2569 3527 2872 3579; x_wconf 89' lang='lat' dir='ltr'><strong>contrarius</strong></span> <span class='ocrx_word' id='word_1_561' title='bbox 2939 3523 3026 3578; x_wconf 92' lang='lat' dir='ltr'><strong>hic</strong></span> <span class='ocrx_word' id='word_1_562' title='bbox 3078 3524 3268 3581; x_wconf 89' lang='lat' dir='ltr'><strong>doctor</strong></span> <span class='ocrx_word' id='word_1_563' title='bbox 3326 3532 3431 3585; x_wconf 90' lang='lat' dir='ltr'><strong>est,</strong></span> <span class='ocrx_word' id='word_1_564' title='bbox 3498 3521 3594 3576; x_wconf 80' lang='lat' dir='ltr'><strong>sed</strong></span> <span class='ocrx_word' id='word_1_565' title='bbox 3662 3522 3747 3574; x_wconf 88' lang='lat' dir='ltr'><strong>his</strong></span> 
     </span>
    </p>
   </div>
   <div class='ocr_carea' id='block_1_65' title="bbox 2174 3613 3753 3686">
    <p class='ocr_par' dir='ltr' id='par_1_65' title="bbox 2174 3613 3753 3686">
     <span class='ocr_line' id='line_1_65' title="bbox 2174 3613 3753 3686; baseline -0.003 -17"><span class='ocrx_word' id='word_1_566' title='bbox 2174 3632 2412 3686; x_wconf 81' lang='lat' dir='ltr'><strong>quoque,</strong></span> <span class='ocrx_word' id='word_1_567' title='bbox 2469 3617 2560 3686; x_wconf 84' lang='lat' dir='ltr'><strong>qui</strong></span> <span class='ocrx_word' id='word_1_568' title='bbox 2612 3623 2736 3670; x_wconf 88' lang='lat' dir='ltr'><strong>ante</strong></span> <span class='ocrx_word' id='word_1_569' title='bbox 2807 3615 2955 3668; x_wconf 88' lang='lat' dir='ltr'><strong>illum</strong></span> <span class='ocrx_word' id='word_1_570' title='bbox 3013 3613 3252 3678; x_wconf 87' lang='lat' dir='ltr'><strong>fuerunt,</strong></span> <span class='ocrx_word' id='word_1_571' title='bbox 3318 3613 3570 3668; x_wconf 66' lang='lat' dir='ltr'><strong>Ecclesia!</strong></span> <span class='ocrx_word' id='word_1_572' title='bbox 3634 3627 3753 3665; x_wconf 86' lang='lat' dir='ltr'><strong>ma-</strong></span> 
     </span>
    </p>
   </div>
   <div class='ocr_carea' id='block_1_66' title="bbox 2175 3702 3752 3776">
    <p class='ocr_par' dir='ltr' id='par_1_66' title="bbox 2175 3702 3752 3776">
     <span class='ocr_line' id='line_1_66' title="bbox 2175 3702 3752 3776; baseline -0.004 -17"><span class='ocrx_word' id='word_1_573' title='bbox 2175 3707 2376 3776; x_wconf 81' lang='lat' dir='ltr'><strong>gistris.</strong></span> <span class='ocrx_word' id='word_1_574' title='bbox 2424 3706 2500 3760; x_wconf 91' lang='lat' dir='ltr'><strong>llli</strong></span> <span class='ocrx_word' id='word_1_575' title='bbox 2533 3706 2678 3760; x_wconf 89' lang='lat' dir='ltr'><strong>enim</strong></span> <span class='ocrx_word' id='word_1_576' title='bbox 2718 3721 2784 3760; x_wconf 82' lang='lat' dir='ltr'><strong>ex</strong></span> <span class='ocrx_word' id='word_1_577' title='bbox 2820 3704 2981 3769; x_wconf 88' lang='lat' dir='ltr'><strong>Filio,</strong></span> <span class='ocrx_word' id='word_1_578' title='bbox 3021 3712 3186 3773; x_wconf 89' lang='lat' dir='ltr'><strong>atque</strong></span> <span class='ocrx_word' id='word_1_579' title='bbox 3220 3719 3287 3758; x_wconf 78' lang='lat' dir='ltr'><strong>ex</strong></span> <span class='ocrx_word' id='word_1_580' title='bbox 3341 3706 3460 3774; x_wconf 86' lang='lat' dir='ltr'><strong>ejus</strong></span> <span class='ocrx_word' id='word_1_581' title='bbox 3502 3702 3752 3757; x_wconf 84' lang='lat' dir='ltr'><strong>essentia</strong></span> 
     </span>
    </p>
   </div>
   <div class='ocr_carea' id='block_1_67' title="bbox 2178 3793 3752 3871">
    <p class='ocr_par' dir='ltr' id='par_1_67' title="bbox 2178 3793 3752 3871">
     <span class='ocr_line' id='line_1_67' title="bbox 2178 3793 3752 3871; baseline -0.003 -20"><span class='ocrx_word' id='word_1_582' title='bbox 2178 3798 2324 3852; x_wconf 89' lang='lat' dir='ltr'><strong>illum</strong></span> <span class='ocrx_word' id='word_1_583' title='bbox 2375 3811 2494 3852; x_wconf 89' lang='lat' dir='ltr'><strong>esse</strong></span> <span class='ocrx_word' id='word_1_584' title='bbox 2543 3798 2718 3860; x_wconf 88' lang='lat' dir='ltr'><strong>aiunt,</strong></span> <span class='ocrx_word' id='word_1_585' title='bbox 2774 3808 2830 3852; x_wconf 90' lang='lat' dir='ltr'><strong>et</strong></span> <span class='ocrx_word' id='word_1_586' title='bbox 2865 3811 2932 3851; x_wconf 72' lang='lat' dir='ltr'><strong>ex</strong></span> <span class='ocrx_word' id='word_1_587' title='bbox 2980 3798 3108 3871; x_wconf 82' lang='lat' dir='ltr'><strong>ipso</strong></span> <span class='ocrx_word' id='word_1_588' title='bbox 3153 3794 3394 3865; x_wconf 90' lang='lat' dir='ltr'><strong>prodire,</strong></span> <span class='ocrx_word' id='word_1_589' title='bbox 3436 3804 3488 3871; x_wconf 84' lang='lat' dir='ltr'><strong>et</strong></span> <span class='ocrx_word' id='word_1_590' title='bbox 3517 3811 3546 3848; x_wconf 90' lang='lat' dir='ltr'><strong>a</strong></span> <span class='ocrx_word' id='word_1_591' title='bbox 3613 3793 3752 3847; x_wconf 81' lang='lat' dir='ltr'><strong>Filio</strong></span> 
     </span>
    </p>
   </div>
   <div class='ocr_carea' id='block_1_68' title="bbox 2178 3868 3748 3957">
    <p class='ocr_par' dir='ltr' id='par_1_68' title="bbox 2178 3868 3748 3957">
     <span class='ocr_line' id='line_1_68' title="bbox 2178 3868 3748 3957; baseline -0.004 -12"><span class='ocrx_word' id='word_1_592' title='bbox 2178 3890 2403 3952; x_wconf 87' lang='lat' dir='ltr'><strong>habere,</strong></span> <span class='ocrx_word' id='word_1_593' title='bbox 2465 3904 2607 3955; x_wconf 90' lang='lat' dir='ltr'><strong>esse,</strong></span> <span class='ocrx_word' id='word_1_594' title='bbox 2669 3896 2723 3942; x_wconf 91' lang='lat' dir='ltr'><strong>et</strong></span> <span class='ocrx_word' id='word_1_595' title='bbox 2773 3889 2837 3943; x_wconf 83' lang='lat' dir='ltr'><strong>ab</strong></span> <span class='ocrx_word' id='word_1_596' title='bbox 2893 3902 2959 3942; x_wconf 89' lang='lat' dir='ltr'><strong>eo</strong></span> <span class='ocrx_word' id='word_1_597' title='bbox 3011 3868 3352 3957; x_wconf 80' lang='lat' dir='ltr'><strong>procedere:</strong></span> <span class='ocrx_word' id='word_1_598' title='bbox 3407 3868 3495 3942; x_wconf 88' lang='lat' dir='ltr'><strong>ille</strong></span> <span class='ocrx_word' id='word_1_599' title='bbox 3543 3894 3748 3954; x_wconf 72' lang='lat' dir='ltr'><strong>autem.</strong></span> 
     </span>
    </p>
   </div>
   <div class='ocr_carea' id='block_1_69' title="bbox 2179 3979 3752 4046">
    <p class='ocr_par' dir='ltr' id='par_1_69' title="bbox 2179 3979 3752 4046">
     <span class='ocr_line' id='line_1_69' title="bbox 2179 3979 3752 4046; baseline -0.004 -11"><span class='ocrx_word' id='word_1_600' title='bbox 2179 3999 2245 4036; x_wconf 81' lang='lat' dir='ltr'><strong>ex</strong></span> <span class='ocrx_word' id='word_1_601' title='bbox 2283 3981 2418 4036; x_wconf 83' lang='lat' dir='ltr'><strong>Filio</strong></span> <span class='ocrx_word' id='word_1_602' title='bbox 2473 3996 2579 4035; x_wconf 92' lang='lat' dir='ltr'><strong>non</strong></span> <span class='ocrx_word' id='word_1_603' title='bbox 2627 3995 2771 4045; x_wconf 87' lang='lat' dir='ltr'><strong>esse,</strong></span> <span class='ocrx_word' id='word_1_604' title='bbox 2828 3995 2932 4035; x_wconf 91' lang='lat' dir='ltr'><strong>non</strong></span> <span class='ocrx_word' id='word_1_605' title='bbox 2981 3995 3048 4034; x_wconf 71' lang='lat' dir='ltr'><strong>ex</strong></span> <span class='ocrx_word' id='word_1_606' title='bbox 3087 3979 3230 4033; x_wconf 87' lang='lat' dir='ltr'><strong>Illius</strong></span> <span class='ocrx_word' id='word_1_607' title='bbox 3278 3980 3536 4040; x_wconf 87' lang='lat' dir='ltr'><strong>essentia,</strong></span> <span class='ocrx_word' id='word_1_608' title='bbox 3575 3991 3752 4046; x_wconf 90' lang='lat' dir='ltr'><strong>neque</strong></span> 
     </span>
    </p>
   </div>
   <div class='ocr_carea' id='block_1_70' title="bbox 2177 4069 3751 4142">
    <p class='ocr_par' dir='ltr' id='par_1_70' title="bbox 2177 4069 3751 4142">
     <span class='ocr_line' id='line_1_70' title="bbox 2177 4069 3751 4142; baseline -0.006 -13"><span class='ocrx_word' id='word_1_609' title='bbox 2177 4089 2244 4129; x_wconf 80' lang='lat' dir='ltr'><strong>ex</strong></span> <span class='ocrx_word' id='word_1_610' title='bbox 2306 4075 2424 4142; x_wconf 89' lang='lat' dir='ltr'><strong>ipso</strong></span> <span class='ocrx_word' id='word_1_611' title='bbox 2484 4071 2777 4141; x_wconf 89' lang='lat' dir='ltr'><strong>procedere</strong></span> <span class='ocrx_word' id='word_1_612' title='bbox 2831 4073 2981 4127; x_wconf 90' lang='lat' dir='ltr'><strong>dicit.</strong></span> <span class='ocrx_word' id='word_1_613' title='bbox 3047 4069 3172 4126; x_wconf 66' lang='lat' dir='ltr'><strong>Haec</strong></span> <span class='ocrx_word' id='word_1_614' title='bbox 3229 4080 3404 4125; x_wconf 84' lang='lat' dir='ltr'><strong>autem</strong></span> <span class='ocrx_word' id='word_1_615' title='bbox 3464 4071 3751 4124; x_wconf 81' lang='lat' dir='ltr'><strong>manifesta</strong></span> 
     </span>
    </p>
   </div>
   <div class='ocr_carea' id='block_1_71' title="bbox 2179 4157 3756 4232">
    <p class='ocr_par' dir='ltr' id='par_1_71' title="bbox 2179 4157 3756 4232">
     <span class='ocr_line' id='line_1_71' title="bbox 2179 4157 3756 4232; baseline -0.004 -14"><span class='ocrx_word' id='word_1_616' title='bbox 2179 4164 2536 4218; x_wconf 83' lang='lat' dir='ltr'><strong>contradictio</strong></span> <span class='ocrx_word' id='word_1_617' title='bbox 2597 4173 2714 4218; x_wconf 89' lang='lat' dir='ltr'><strong>cst.</strong></span> <span class='ocrx_word' id='word_1_618' title='bbox 2765 4162 2842 4217; x_wconf 80' lang='lat' dir='ltr'><strong>Ex</strong></span> <span class='ocrx_word' id='word_1_619' title='bbox 2901 4177 3008 4230; x_wconf 92' lang='lat' dir='ltr'><strong>quo</strong></span> <span class='ocrx_word' id='word_1_620' title='bbox 3059 4157 3343 4232; x_wconf 88' lang='lat' dir='ltr'><strong>sequitur,</strong></span> <span class='ocrx_word' id='word_1_621' title='bbox 3405 4171 3464 4216; x_wconf 92' lang='lat' dir='ltr'><strong>ut</strong></span> <span class='ocrx_word' id='word_1_622' title='bbox 3527 4162 3610 4216; x_wconf 86' lang='lat' dir='ltr'><strong>vel</strong></span> <span class='ocrx_word' id='word_1_623' title='bbox 3668 4162 3756 4214; x_wconf 81' lang='lat' dir='ltr'><strong>hic</strong></span> 
     </span>
    </p>
   </div>
   <div class='ocr_carea' id='block_1_72' title="bbox 2181 4253 3752 4324">
    <p class='ocr_par' dir='ltr' id='par_1_72' title="bbox 2181 4253 3752 4324">
     <span class='ocr_line' id='line_1_72' title="bbox 2181 4253 3752 4324; baseline -0.003 -16"><span class='ocrx_word' id='word_1_624' title='bbox 2181 4255 2328 4308; x_wconf 90' lang='lat' dir='ltr'><strong>solus</strong></span> <span class='ocrx_word' id='word_1_625' title='bbox 2366 4253 2618 4308; x_wconf 67' lang='lat' dir='ltr'><strong>Ecclesia:</strong></span> <span class='ocrx_word' id='word_1_626' title='bbox 2653 4254 2914 4324; x_wconf 84' lang='lat' dir='ltr'><strong>magister</strong></span> <span class='ocrx_word' id='word_1_627' title='bbox 2963 4264 3265 4319; x_wconf 85' lang='lat' dir='ltr'><strong>asseratur,</strong></span> <span class='ocrx_word' id='word_1_628' title='bbox 3302 4253 3558 4320; x_wconf 89' lang='lat' dir='ltr'><strong>solusque</strong></span> <span class='ocrx_word' id='word_1_629' title='bbox 3626 4265 3752 4304; x_wconf 86' lang='lat' dir='ltr'><strong>san-</strong></span> 
     </span>
    </p>
   </div>
   <div class='ocr_carea' id='block_1_73' title="bbox 2180 4341 3756 4414">
    <p class='ocr_par' dir='ltr' id='par_1_73' title="bbox 2180 4341 3756 4414">
     <span class='ocr_line' id='line_1_73' title="bbox 2180 4341 3756 4414; baseline -0.008 -10"><span class='ocrx_word' id='word_1_630' title='bbox 2180 4357 2303 4404; x_wconf 86' lang='lat' dir='ltr'><strong>etus</strong></span> <span class='ocrx_word' id='word_1_631' title='bbox 2343 4348 2610 4409; x_wconf 88' lang='lat' dir='ltr'><strong>videatur,</strong></span> <span class='ocrx_word' id='word_1_632' title='bbox 2648 4346 2902 4414; x_wconf 73' lang='lat' dir='ltr'><strong>neglectis</strong></span> <span class='ocrx_word' id='word_1_633' title='bbox 2936 4354 3014 4400; x_wconf 91' lang='lat' dir='ltr'><strong>tot</strong></span> <span class='ocrx_word' id='word_1_634' title='bbox 3063 4347 3268 4400; x_wconf 84' lang='lat' dir='ltr'><strong>sanctis</strong></span> <span class='ocrx_word' id='word_1_635' title='bbox 3305 4344 3558 4398; x_wconf 88' lang='lat' dir='ltr'><strong>Patribus</strong></span> <span class='ocrx_word' id='word_1_636' title='bbox 3590 4341 3756 4411; x_wconf 84' lang='lat' dir='ltr'><strong>(piget</strong></span> 
     </span>
    </p>
   </div>
   <div class='ocr_carea' id='block_1_74' title="bbox 494 4435 3753 4518">
    <p class='ocr_par' dir='ltr' id='par_1_74' title="bbox 494 4435 3753 4518">
     <span class='ocr_line' id='line_1_74' title="bbox 494 4435 3753 4518; baseline -0.004 -19"><span class='ocrx_word' id='word_1_637' title='bbox 494 4446 828 4515; x_wconf 89' lang='lat' dir='ltr'><strong>propositum</strong></span> <span class='ocrx_word' id='word_1_638' title='bbox 878 4444 998 4509; x_wconf 88' lang='lat' dir='ltr'><strong>fuit,</strong></span> <span class='ocrx_word' id='word_1_639' title='bbox 1041 4444 1235 4500; x_wconf 80' lang='lat' dir='ltr'><strong>Filium</strong></span> <span class='ocrx_word' id='word_1_640' title='bbox 1283 4462 1313 4500; x_wconf 89' lang='lat' dir='ltr'><strong>a</strong></span> <span class='ocrx_word' id='word_1_641' title='bbox 1377 4456 1564 4502; x_wconf 88' lang='lat' dir='ltr'><strong>saneto</strong></span> <span class='ocrx_word' id='word_1_642' title='bbox 1614 4447 1817 4515; x_wconf 88' lang='lat' dir='ltr'><strong>Spiritu</strong></span> <span class='ocrx_word' id='word_1_643' title='bbox 1873 4463 2073 4503; x_wconf 88' lang='lat' dir='ltr'><strong>secun-</strong></span> <span class='ocrx_word' id='word_1_644' title='bbox 2108 4463 2149 4518; x_wconf 74' lang='grc' dir='ltr'>ι)</span> <span class='ocrx_word' id='word_1_645' title='bbox 2181 4443 2324 4498; x_wconf 89' lang='lat' dir='ltr'><strong>enim</strong></span> <span class='ocrx_word' id='word_1_646' title='bbox 2358 4441 2563 4506; x_wconf 85' lang='lat' dir='ltr'><strong>dicere,</strong></span> <span class='ocrx_word' id='word_1_647' title='bbox 2600 4439 2863 4509; x_wconf 72' lang='lat' dir='ltr'><strong>objectis),</strong></span> <span class='ocrx_word' id='word_1_648' title='bbox 2919 4447 3014 4492; x_wconf 89' lang='lat' dir='ltr'><strong>aut</strong></span> <span class='ocrx_word' id='word_1_649' title='bbox 3051 4438 3262 4492; x_wconf 86' lang='lat' dir='ltr'><strong>illorum</strong></span> <span class='ocrx_word' id='word_1_650' title='bbox 3333 4435 3753 4496; x_wconf 81' lang='lat' dir='ltr'><strong>multitudinem,</strong></span> 
     </span>
    </p>
   </div>
   <div class='ocr_carea' id='block_1_75' title="bbox 499 4537 2063 4612">
    <p class='ocr_par' dir='ltr' id='par_1_75' title="bbox 499 4537 2063 4612">
     <span class='ocr_line' id='line_1_75' title="bbox 499 4537 2063 4612; baseline 0.005 -24"><span class='ocrx_word' id='word_1_651' title='bbox 499 4537 630 4592; x_wconf 90' lang='lat' dir='ltr'><strong>dum</strong></span> <span class='ocrx_word' id='word_1_652' title='bbox 688 4552 908 4592; x_wconf 88' lang='lat' dir='ltr'><strong>causam</strong></span> <span class='ocrx_word' id='word_1_653' title='bbox 965 4547 1020 4592; x_wconf 88' lang='lat' dir='ltr'><strong>et</strong></span> <span class='ocrx_word' id='word_1_654' title='bbox 1071 4539 1600 4604; x_wconf 79' lang='lat' dir='ltr'><strong>causale-discerni,</strong></span> <span class='ocrx_word' id='word_1_655' title='bbox 1634 4539 1960 4612; x_wconf 86' lang='lat' dir='ltr'><strong>Patremque</strong></span> <span class='ocrx_word' id='word_1_656' title='bbox 2009 4551 2063 4596; x_wconf 92' lang='lat' dir='ltr'><strong>et</strong></span> 
     </span>
    </p>
   </div>
   <div class='ocr_carea' id='block_1_76' title="bbox 499 4626 2074 4700">
    <p class='ocr_par' dir='ltr' id='par_1_76' title="bbox 499 4626 2074 4700">
     <span class='ocr_line' id='line_1_76' title="bbox 499 4626 2074 4700; baseline 0.003 -18"><span class='ocrx_word' id='word_1_657' title='bbox 499 4627 716 4692; x_wconf 75' lang='lat' dir='ltr'><strong>Filium,</strong></span> <span class='ocrx_word' id='word_1_658' title='bbox 775 4643 942 4681; x_wconf 90' lang='lat' dir='ltr'><strong>unum</strong></span> <span class='ocrx_word' id='word_1_659' title='bbox 1015 4628 1187 4682; x_wconf 86' lang='lat' dir='ltr'><strong>sancti</strong></span> <span class='ocrx_word' id='word_1_660' title='bbox 1241 4626 1473 4697; x_wconf 86' lang='lat' dir='ltr'><strong>Spiritus</strong></span> <span class='ocrx_word' id='word_1_661' title='bbox 1535 4629 1858 4700; x_wconf 90' lang='lat' dir='ltr'><strong>principium</strong></span> <span class='ocrx_word' id='word_1_662' title='bbox 1913 4647 2074 4698; x_wconf 88' lang='lat' dir='ltr'><strong>esse,</strong></span> 
     </span>
    </p>
   </div>
   <div class='ocr_carea' id='block_1_77' title="bbox 503 4721 2077 4790">
    <p class='ocr_par' dir='ltr' id='par_1_77' title="bbox 503 4721 2077 4790">
     <span class='ocr_line' id='line_1_77' title="bbox 503 4721 2077 4790; baseline 0.002 -16"><span class='ocrx_word' id='word_1_663' title='bbox 503 4731 717 4776; x_wconf 87' lang='lat' dir='ltr'><strong>servata</strong></span> <span class='ocrx_word' id='word_1_664' title='bbox 760 4721 974 4776; x_wconf 89' lang='lat' dir='ltr'><strong>illorum</strong></span> <span class='ocrx_word' id='word_1_665' title='bbox 1015 4721 1083 4776; x_wconf 89' lang='lat' dir='ltr'><strong>ad</strong></span> <span class='ocrx_word' id='word_1_666' title='bbox 1115 4722 1343 4776; x_wconf 86' lang='lat' dir='ltr'><strong>invicem</strong></span> <span class='ocrx_word' id='word_1_667' title='bbox 1373 4721 1697 4787; x_wconf 79' lang='lat' dir='ltr'><strong>differentia,</strong></span> <span class='ocrx_word' id='word_1_668' title='bbox 1724 4722 1875 4790; x_wconf 79' lang='lat' dir='ltr'><strong>juxta</strong></span> <span class='ocrx_word' id='word_1_669' title='bbox 1919 4738 2077 4778; x_wconf 87' lang='lat' dir='ltr'><strong>sanc-</strong></span> 
     </span>
    </p>
   </div>
   <div class='ocr_carea' id='block_1_78' title="bbox 505 4813 2081 4885">
    <p class='ocr_par' dir='ltr' id='par_1_78' title="bbox 505 4813 2081 4885">
     <span class='ocr_line' id='line_1_78' title="bbox 505 4813 2081 4885; baseline 0.006 -23"><span class='ocrx_word' id='word_1_670' title='bbox 505 4825 685 4868; x_wconf 81' lang='lat' dir='ltr'><strong>torum</strong></span> <span class='ocrx_word' id='word_1_671' title='bbox 741 4813 962 4868; x_wconf 87' lang='lat' dir='ltr'><strong>Patrum</strong></span> <span class='ocrx_word' id='word_1_672' title='bbox 1025 4814 1510 4884; x_wconf 84' lang='lat' dir='ltr'><strong>theologiam;per</strong></span> <span class='ocrx_word' id='word_1_673' title='bbox 1559 4832 1744 4885; x_wconf 89' lang='lat' dir='ltr'><strong>quam,</strong></span> <span class='ocrx_word' id='word_1_674' title='bbox 1789 4831 1856 4871; x_wconf 81' lang='lat' dir='ltr'><strong>ex</strong></span> <span class='ocrx_word' id='word_1_675' title='bbox 1919 4816 2081 4871; x_wconf 83' lang='lat' dir='ltr'><strong>Patre</strong></span> 
     </span>
    </p>
   </div>
   <div class='ocr_carea' id='block_1_79' title="bbox 505 4906 2083 4977">
    <p class='ocr_par' dir='ltr' id='par_1_79' title="bbox 505 4906 2083 4977">
     <span class='ocr_line' id='line_1_79' title="bbox 505 4906 2083 4977; baseline 0.001 -17"><span class='ocrx_word' id='word_1_676' title='bbox 505 4922 603 4974; x_wconf 87' lang='lat' dir='ltr'><strong>per</strong></span> <span class='ocrx_word' id='word_1_677' title='bbox 639 4906 836 4961; x_wconf 91' lang='lat' dir='ltr'><strong>Filium</strong></span> <span class='ocrx_word' id='word_1_678' title='bbox 894 4908 1184 4974; x_wconf 90' lang='lat' dir='ltr'><strong>procedere</strong></span> <span class='ocrx_word' id='word_1_679' title='bbox 1235 4906 1495 4977; x_wconf 90' lang='lat' dir='ltr'><strong>Spiritum</strong></span> <span class='ocrx_word' id='word_1_680' title='bbox 1546 4917 1820 4974; x_wconf 81' lang='lat' dir='ltr'><strong>sanctum,</strong></span> <span class='ocrx_word' id='word_1_681' title='bbox 1885 4907 2083 4962; x_wconf 80' lang='lat' dir='ltr'><strong>divinis</strong></span> 
     </span>
    </p>
   </div>
   <div class='ocr_carea' id='block_1_80' title="bbox 508 4997 2085 5064">
    <p class='ocr_par' dir='ltr' id='par_1_80' title="bbox 508 4997 2085 5064">
     <span class='ocr_line' id='line_1_80' title="bbox 508 4997 2085 5064; baseline 0.001 -13"><span class='ocrx_word' id='word_1_682' title='bbox 508 4999 810 5053; x_wconf 86' lang='lat' dir='ltr'><strong>rationibus</strong></span> <span class='ocrx_word' id='word_1_683' title='bbox 847 5008 1121 5052; x_wconf 84' lang='lat' dir='ltr'><strong>asserunt.</strong></span> <span class='ocrx_word' id='word_1_684' title='bbox 1155 4997 1418 5064; x_wconf 87' lang='lat' dir='ltr'><strong>Quoniam</strong></span> <span class='ocrx_word' id='word_1_685' title='bbox 1472 5013 1600 5054; x_wconf 89' lang='lat' dir='ltr'><strong>vero</strong></span> <span class='ocrx_word' id='word_1_686' title='bbox 1631 4999 1844 5052; x_wconf 85' lang='lat' dir='ltr'><strong>veritati</strong></span> <span class='ocrx_word' id='word_1_687' title='bbox 1883 4998 2085 5052; x_wconf 83' lang='lat' dir='ltr'><strong>veritas</strong></span> 
     </span>
    </p>
   </div>
   <div class='ocr_carea' id='block_1_81' title="bbox 508 5087 2082 5153">
    <p class='ocr_par' dir='ltr' id='par_1_81' title="bbox 508 5087 2082 5153">
     <span class='ocr_line' id='line_1_81' title="bbox 508 5087 2082 5153; baseline -0.001 -11"><span class='ocrx_word' id='word_1_688' title='bbox 508 5106 615 5150; x_wconf 85' lang='lat' dir='ltr'><strong>non</strong></span> <span class='ocrx_word' id='word_1_689' title='bbox 651 5090 966 5153; x_wconf 78' lang='lat' dir='ltr'><strong>reluctatur,</strong></span> <span class='ocrx_word' id='word_1_690' title='bbox 1003 5101 1058 5144; x_wconf 90' lang='lat' dir='ltr'><strong>et</strong></span> <span class='ocrx_word' id='word_1_691' title='bbox 1095 5092 1144 5144; x_wconf 93' lang='lat' dir='ltr'><strong>in</strong></span> <span class='ocrx_word' id='word_1_692' title='bbox 1181 5092 1263 5144; x_wconf 86' lang='lat' dir='ltr'><strong>his</strong></span> <span class='ocrx_word' id='word_1_693' title='bbox 1299 5091 1534 5144; x_wconf 79' lang='lat' dir='ltr'><strong>ittaxime</strong></span> <span class='ocrx_word' id='word_1_694' title='bbox 1586 5089 1958 5152; x_wconf 85' lang='lat' dir='ltr'><strong>sermonibus,</strong></span> <span class='ocrx_word' id='word_1_695' title='bbox 1994 5087 2082 5141; x_wconf 91' lang='lat' dir='ltr'><strong>ubi</strong></span> 
     </span>
    </p>
   </div>
   <div class='ocr_carea' id='block_1_82' title="bbox 508 5177 2088 5250">
    <p class='ocr_par' dir='ltr' id='par_1_82' title="bbox 508 5177 2088 5250">
     <span class='ocr_line' id='line_1_82' title="bbox 508 5177 2088 5250; baseline -0.001 -17"><span class='ocrx_word' id='word_1_696' title='bbox 508 5183 577 5236; x_wconf 86' lang='lat' dir='ltr'><strong>de</strong></span> <span class='ocrx_word' id='word_1_697' title='bbox 627 5181 731 5236; x_wconf 84' lang='lat' dir='ltr'><strong>ﬁde</strong></span> <span class='ocrx_word' id='word_1_698' title='bbox 763 5181 958 5248; x_wconf 83' lang='lat' dir='ltr'><strong>agitur,</strong></span> <span class='ocrx_word' id='word_1_699' title='bbox 1002 5182 1279 5250; x_wconf 86' lang='lat' dir='ltr'><strong>inquibus</strong></span> <span class='ocrx_word' id='word_1_700' title='bbox 1313 5196 1519 5236; x_wconf 91' lang='lat' dir='ltr'><strong>summa</strong></span> <span class='ocrx_word' id='word_1_701' title='bbox 1561 5179 1873 5243; x_wconf 89' lang='lat' dir='ltr'><strong>concordia,</strong></span> <span class='ocrx_word' id='word_1_702' title='bbox 1923 5189 1977 5232; x_wconf 86' lang='lat' dir='ltr'><strong>ct</strong></span> <span class='ocrx_word' id='word_1_703' title='bbox 2021 5177 2088 5232; x_wconf 84' lang='lat' dir='ltr'><strong>ad</strong></span> 
     </span>
    </p>
   </div>
   <div class='ocr_carea' id='block_1_83' title="bbox 512 5273 2088 5343">
    <p class='ocr_par' dir='ltr' id='par_1_83' title="bbox 512 5273 2088 5343">
     <span class='ocr_line' id='line_1_83' title="bbox 512 5273 2088 5343; baseline -0.002 -15"><span class='ocrx_word' id='word_1_704' title='bbox 512 5291 572 5328; x_wconf 92' lang='lat' dir='ltr'><strong>se</strong></span> <span class='ocrx_word' id='word_1_705' title='bbox 610 5275 778 5343; x_wconf 89' lang='lat' dir='ltr'><strong>ipsos,</strong></span> <span class='ocrx_word' id='word_1_706' title='bbox 809 5284 861 5327; x_wconf 91' lang='lat' dir='ltr'><strong>et</strong></span> <span class='ocrx_word' id='word_1_707' title='bbox 921 5276 986 5326; x_wconf 89' lang='lat' dir='ltr'><strong>ad</strong></span> <span class='ocrx_word' id='word_1_708' title='bbox 1023 5284 1248 5329; x_wconf 79' lang='lat' dir='ltr'><strong>caeteros</strong></span> <span class='ocrx_word' id='word_1_709' title='bbox 1300 5275 1553 5328; x_wconf 87' lang='lat' dir='ltr'><strong>doctores</strong></span> <span class='ocrx_word' id='word_1_710' title='bbox 1602 5273 1670 5327; x_wconf 85' lang='lat' dir='ltr'><strong>sit</strong></span> <span class='ocrx_word' id='word_1_711' title='bbox 1711 5286 1930 5326; x_wconf 86' lang='lat' dir='ltr'><strong>necesse</strong></span> <span class='ocrx_word' id='word_1_712' title='bbox 1983 5279 2088 5325; x_wconf 84' lang='lat' dir='ltr'><strong>est.</strong></span> 
     </span>
    </p>
   </div>
   <div class='ocr_carea' id='block_1_84' title="bbox 513 5363 2084 5433">
    <p class='ocr_par' dir='ltr' id='par_1_84' title="bbox 513 5363 2084 5433">
     <span class='ocr_line' id='line_1_84' title="bbox 513 5363 2084 5433; baseline -0.003 -12"><span class='ocrx_word' id='word_1_713' title='bbox 513 5368 690 5422; x_wconf 85' lang='lat' dir='ltr'><strong>Aliter</strong></span> <span class='ocrx_word' id='word_1_714' title='bbox 749 5367 894 5421; x_wconf 88' lang='lat' dir='ltr'><strong>enim</strong></span> <span class='ocrx_word' id='word_1_715' title='bbox 958 5368 1116 5432; x_wconf 86' lang='lat' dir='ltr'><strong>Dens,</strong></span> <span class='ocrx_word' id='word_1_716' title='bbox 1174 5367 1420 5421; x_wconf 87' lang='lat' dir='ltr'><strong>homines</strong></span> <span class='ocrx_word' id='word_1_717' title='bbox 1477 5381 1571 5433; x_wconf 82' lang='lat' dir='ltr'><strong>per</strong></span> <span class='ocrx_word' id='word_1_718' title='bbox 1619 5379 1715 5418; x_wconf 89' lang='lat' dir='ltr'><strong>eos</strong></span> <span class='ocrx_word' id='word_1_719' title='bbox 1764 5363 1896 5427; x_wconf 78' lang='lat' dir='ltr'><strong>falli,</strong></span> <span class='ocrx_word' id='word_1_720' title='bbox 1921 5372 2084 5432; x_wconf 86' lang='lat' dir='ltr'><strong>atque</strong></span> 
     </span>
    </p>
   </div>
   <div class='ocr_carea' id='block_1_85' title="bbox 510 5455 2094 5529">
    <p class='ocr_par' dir='ltr' id='par_1_85' title="bbox 510 5455 2094 5529">
     <span class='ocr_line' id='line_1_85' title="bbox 510 5455 2094 5529; baseline -0.004 -15"><span class='ocrx_word' id='word_1_721' title='bbox 510 5476 702 5516; x_wconf 89' lang='lat' dir='ltr'><strong>errare</strong></span> <span class='ocrx_word' id='word_1_722' title='bbox 732 5461 1066 5529; x_wconf 81' lang='lat' dir='ltr'><strong>permisisset</strong></span> <span class='ocrx_word' id='word_1_723' title='bbox 1091 5478 1106 5527; x_wconf 89' lang='lat'><strong>;</strong></span> <span class='ocrx_word' id='word_1_724' title='bbox 1135 5461 1246 5513; x_wconf 85' lang='lat' dir='ltr'><strong>sive</strong></span> <span class='ocrx_word' id='word_1_725' title='bbox 1276 5458 1550 5514; x_wconf 89' lang='lat' dir='ltr'><strong>contraria</strong></span> <span class='ocrx_word' id='word_1_726' title='bbox 1582 5472 1713 5512; x_wconf 87' lang='lat' dir='ltr'><strong>vera</strong></span> <span class='ocrx_word' id='word_1_727' title='bbox 1743 5471 1864 5510; x_wconf 89' lang='lat' dir='ltr'><strong>esse</strong></span> <span class='ocrx_word' id='word_1_728' title='bbox 1889 5455 2094 5520; x_wconf 85' lang='lat' dir='ltr'><strong>volens;</strong></span> 
     </span>
    </p>
   </div>
   <div class='ocr_carea' id='block_1_86' title="bbox 515 5551 2097 5617">
    <p class='ocr_par' dir='ltr' id='par_1_86' title="bbox 515 5551 2097 5617">
     <span class='ocr_line' id='line_1_86' title="bbox 515 5551 2097 5617; baseline -0.006 -10"><span class='ocrx_word' id='word_1_729' title='bbox 515 5557 636 5609; x_wconf 82' lang='lat' dir='ltr'><strong>sive</strong></span> <span class='ocrx_word' id='word_1_730' title='bbox 666 5556 894 5609; x_wconf 88' lang='lat' dir='ltr'><strong>veritate</strong></span> <span class='ocrx_word' id='word_1_731' title='bbox 947 5554 1229 5608; x_wconf 81' lang='lat' dir='ltr'><strong>veritatem</strong></span> <span class='ocrx_word' id='word_1_732' title='bbox 1281 5553 1587 5617; x_wconf 90' lang='lat' dir='ltr'><strong>collidens;</strong></span> <span class='ocrx_word' id='word_1_733' title='bbox 1641 5551 1856 5605; x_wconf 87' lang='lat' dir='ltr'><strong>veritati</strong></span> <span class='ocrx_word' id='word_1_734' title='bbox 1917 5558 2097 5604; x_wconf 86' lang='lat' dir='ltr'><strong>autem</strong></span> 
     </span>
    </p>
   </div>
   <div class='ocr_carea' id='block_1_87' title="bbox 525 5640 2101 5716">
    <p class='ocr_par' dir='ltr' id='par_1_87' title="bbox 525 5640 2101 5716">
     <span class='ocr_line' id='line_1_87' title="bbox 525 5640 2101 5716; baseline -0.003 -19"><span class='ocrx_word' id='word_1_735' title='bbox 525 5645 862 5700; x_wconf 84' lang='lat' dir='ltr'><strong>mendacium</strong></span> <span class='ocrx_word' id='word_1_736' title='bbox 921 5647 1191 5716; x_wconf 70' lang='lat' dir='ltr'><strong>olijectutn</strong></span> <span class='ocrx_word' id='word_1_737' title='bbox 1233 5655 1335 5699; x_wconf 87' lang='lat' dir='ltr'><strong>cst.</strong></span> <span class='ocrx_word' id='word_1_738' title='bbox 1396 5644 1577 5698; x_wconf 82' lang='lat' dir='ltr'><strong>Multis</strong></span> <span class='ocrx_word' id='word_1_739' title='bbox 1633 5651 1812 5697; x_wconf 86' lang='lat' dir='ltr'><strong>autem</strong></span> <span class='ocrx_word' id='word_1_740' title='bbox 1865 5657 1928 5695; x_wconf 82' lang='lat' dir='ltr'><strong>ex</strong></span> <span class='ocrx_word' id='word_1_741' title='bbox 1969 5640 2101 5694; x_wconf 83' lang='lat' dir='ltr'><strong>locis</strong></span> 
     </span>
    </p>
   </div>
   <div class='ocr_carea' id='block_1_88' title="bbox 526 5731 2105 5806">
    <p class='ocr_par' dir='ltr' id='par_1_88' title="bbox 526 5731 2105 5806">
     <span class='ocr_line' id='line_1_88' title="bbox 526 5731 2105 5806; baseline -0.003 -17"><span class='ocrx_word' id='word_1_742' title='bbox 526 5739 959 5792; x_wconf 80' lang='lat' dir='ltr'><strong>demonstratum</strong></span> <span class='ocrx_word' id='word_1_743' title='bbox 1031 5748 1153 5802; x_wconf 89' lang='lat' dir='ltr'><strong>est,</strong></span> <span class='ocrx_word' id='word_1_744' title='bbox 1218 5753 1312 5806; x_wconf 87' lang='lat' dir='ltr'><strong>per</strong></span> <span class='ocrx_word' id='word_1_745' title='bbox 1367 5737 1606 5799; x_wconf 84' lang='lat' dir='ltr'><strong>Filium,</strong></span> <span class='ocrx_word' id='word_1_746' title='bbox 1669 5746 1833 5802; x_wconf 82' lang='lat' dir='ltr'><strong>atque</strong></span> <span class='ocrx_word' id='word_1_747' title='bbox 1891 5750 1918 5786; x_wconf 85' lang='lat' dir='ltr'><strong>a</strong></span> <span class='ocrx_word' id='word_1_748' title='bbox 1971 5731 2105 5786; x_wconf 81' lang='lat' dir='ltr'><strong>Filio</strong></span> 
     </span>
    </p>
   </div>
   <div class='ocr_carea' id='block_1_89' title="bbox 1741 5915 1778 5946">
    <p class='ocr_par' dir='ltr' id='par_1_89' title="bbox 1741 5915 1778 5946">
     <span class='ocr_line' id='line_1_89' title="bbox 1741 5915 1778 5946; baseline 0 0"><span class='ocrx_word' id='word_1_749' title='bbox 1741 5915 1778 5946; x_wconf 54' lang='grc' dir='ltr'><strong>κ</strong></span> 
     </span>
    </p>
   </div>
   <div class='ocr_carea' id='block_1_90' title="bbox 2180 4526 3751 4602">
    <p class='ocr_par' dir='ltr' id='par_1_90' title="bbox 2180 4526 3751 4602">
     <span class='ocr_line' id='line_1_90' title="bbox 2180 4526 3751 4602; baseline -0.01 -13"><span class='ocrx_word' id='word_1_750' title='bbox 2180 4543 2345 4602; x_wconf 88' lang='lat' dir='ltr'><strong>atque</strong></span> <span class='ocrx_word' id='word_1_751' title='bbox 2377 4532 2754 4586; x_wconf 86' lang='lat' dir='ltr'><strong>auctoritatem</strong></span> <span class='ocrx_word' id='word_1_752' title='bbox 2786 4530 3061 4598; x_wconf 87' lang='lat' dir='ltr'><strong>antiquam</strong></span> <span class='ocrx_word' id='word_1_753' title='bbox 3095 4529 3418 4591; x_wconf 86' lang='lat' dir='ltr'><strong>reverendo,</strong></span> <span class='ocrx_word' id='word_1_754' title='bbox 3446 4526 3610 4579; x_wconf 88' lang='lat' dir='ltr'><strong>istum</strong></span> <span class='ocrx_word' id='word_1_755' title='bbox 3649 4538 3751 4577; x_wconf 89' lang='lat' dir='ltr'><strong>non</strong></span> 
     </span>
    </p>
   </div>
   <div class='ocr_carea' id='block_1_91' title="bbox 2179 4623 2491 4678">
    <p class='ocr_par' dir='ltr' id='par_1_91' title="bbox 2179 4623 2491 4678">
     <span class='ocr_line' id='line_1_91' title="bbox 2179 4623 2491 4678; baseline -0.006 0"><span class='ocrx_word' id='word_1_756' title='bbox 2179 4623 2491 4678; x_wconf 89' lang='lat' dir='ltr'><strong>admittere.</strong></span> 
     </span>
    </p>
   </div>
   <div class='ocr_carea' id='block_1_92' title="bbox 2254 4709 3758 4781">
    <p class='ocr_par' dir='ltr' id='par_1_92' title="bbox 2254 4709 3758 4781">
     <span class='ocr_line' id='line_1_92' title="bbox 2254 4709 3758 4781; baseline -0.007 -12"><span class='ocrx_word' id='word_1_757' title='bbox 2254 4713 2360 4770; x_wconf 89' lang='lat' dir='ltr'><strong>Sed</strong></span> <span class='ocrx_word' id='word_1_758' title='bbox 2425 4713 2529 4767; x_wconf 88' lang='lat' dir='ltr'><strong>hoc</strong></span> <span class='ocrx_word' id='word_1_759' title='bbox 2599 4713 2862 4781; x_wconf 89' lang='lat' dir='ltr'><strong>ineptum,</strong></span> <span class='ocrx_word' id='word_1_760' title='bbox 2911 4727 2975 4765; x_wconf 91' lang='lat' dir='ltr'><strong>ac</strong></span> <span class='ocrx_word' id='word_1_761' title='bbox 3040 4711 3302 4766; x_wconf 75' lang='lat' dir='ltr'><strong>insulsum</strong></span> <span class='ocrx_word' id='word_1_762' title='bbox 3365 4718 3482 4765; x_wconf 89' lang='lat' dir='ltr'><strong>est.</strong></span> <span class='ocrx_word' id='word_1_763' title='bbox 3535 4709 3758 4778; x_wconf 88' lang='lat' dir='ltr'><strong>Oportet</strong></span> 
     </span>
    </p>
   </div>
   <div class='ocr_carea' id='block_1_93' title="bbox 2183 4802 3753 4875">
    <p class='ocr_par' dir='ltr' id='par_1_93' title="bbox 2183 4802 3753 4875">
     <span class='ocr_line' id='line_1_93' title="bbox 2183 4802 3753 4875; baseline -0.008 -9"><span class='ocrx_word' id='word_1_764' title='bbox 2183 4812 2327 4866; x_wconf 87' lang='lat' dir='ltr'><strong>enim</strong></span> <span class='ocrx_word' id='word_1_765' title='bbox 2388 4817 2605 4864; x_wconf 85' lang='lat' dir='ltr'><strong>sanctos</strong></span> <span class='ocrx_word' id='word_1_766' title='bbox 2663 4823 2852 4862; x_wconf 86' lang='lat' dir='ltr'><strong>omnes</strong></span> <span class='ocrx_word' id='word_1_767' title='bbox 2912 4808 3170 4868; x_wconf 85' lang='lat' dir='ltr'><strong>revereri.</strong></span> <span class='ocrx_word' id='word_1_768' title='bbox 3226 4814 3304 4871; x_wconf 89' lang='lat' dir='ltr'><strong>et,</strong></span> <span class='ocrx_word' id='word_1_769' title='bbox 3345 4820 3466 4875; x_wconf 71' lang='lat' dir='ltr'><strong>quae</strong></span> <span class='ocrx_word' id='word_1_770' title='bbox 3521 4807 3588 4857; x_wconf 87' lang='lat' dir='ltr'><strong>ab</strong></span> <span class='ocrx_word' id='word_1_771' title='bbox 3646 4802 3753 4856; x_wconf 89' lang='lat' dir='ltr'><strong>illis</strong></span> 
     </span>
    </p>
   </div>
   <div class='ocr_carea' id='block_1_94' title="bbox 2186 4893 3757 4966">
    <p class='ocr_par' dir='ltr' id='par_1_94' title="bbox 2186 4893 3757 4966">
     <span class='ocr_line' id='line_1_94' title="bbox 2186 4893 3757 4966; baseline -0.008 -14"><span class='ocrx_word' id='word_1_772' title='bbox 2186 4899 2462 4962; x_wconf 87' lang='lat' dir='ltr'><strong>dicuntur,</strong></span> <span class='ocrx_word' id='word_1_773' title='bbox 2511 4898 2596 4966; x_wconf 92' lang='lat' dir='ltr'><strong>pia</strong></span> <span class='ocrx_word' id='word_1_774' title='bbox 2650 4896 2944 4951; x_wconf 90' lang='lat' dir='ltr'><strong>intentione</strong></span> <span class='ocrx_word' id='word_1_775' title='bbox 3001 4896 3324 4963; x_wconf 89' lang='lat' dir='ltr'><strong>suscipere:</strong></span> <span class='ocrx_word' id='word_1_776' title='bbox 3359 4903 3525 4962; x_wconf 86' lang='lat' dir='ltr'><strong>atque</strong></span> <span class='ocrx_word' id='word_1_777' title='bbox 3567 4906 3628 4945; x_wconf 87' lang='lat' dir='ltr'><strong>ca</strong></span> <span class='ocrx_word' id='word_1_778' title='bbox 3690 4893 3757 4941; x_wconf 87' lang='lat' dir='ltr'><strong>ita</strong></span> 
     </span>
    </p>
   </div>
   <div class='ocr_carea' id='block_1_95' title="bbox 2189 4981 3756 5060">
    <p class='ocr_par' dir='ltr' id='par_1_95' title="bbox 2189 4981 3756 5060">
     <span class='ocr_line' id='line_1_95' title="bbox 2189 4981 3756 5060; baseline -0.008 -15"><span class='ocrx_word' id='word_1_779' title='bbox 2189 5003 2464 5060; x_wconf 78' lang='lat' dir='ltr'><strong>exponere</strong></span> <span class='ocrx_word' id='word_1_780' title='bbox 2509 4987 2718 5049; x_wconf 89' lang='lat' dir='ltr'><strong>conari,</strong></span> <span class='ocrx_word' id='word_1_781' title='bbox 2772 4985 2943 5040; x_wconf 90' lang='lat' dir='ltr'><strong>sicubi</strong></span> <span class='ocrx_word' id='word_1_782' title='bbox 2984 4985 3217 5040; x_wconf 83' lang='lat' dir='ltr'><strong>fortasse</strong></span> <span class='ocrx_word' id='word_1_783' title='bbox 3271 4985 3558 5039; x_wconf 81' lang='lat' dir='ltr'><strong>dissentire</strong></span> <span class='ocrx_word' id='word_1_784' title='bbox 3607 4981 3756 5034; x_wconf 87' lang='lat' dir='ltr'><strong>vide-</strong></span> 
     </span>
    </p>
   </div>
   <div class='ocr_carea' id='block_1_96' title="bbox 2192 5071 3761 5146">
    <p class='ocr_par' dir='ltr' id='par_1_96' title="bbox 2192 5071 3761 5146">
     <span class='ocr_line' id='line_1_96' title="bbox 2192 5071 3761 5146; baseline -0.009 -9"><span class='ocrx_word' id='word_1_785' title='bbox 2192 5091 2376 5146; x_wconf 85' lang='lat' dir='ltr'><strong>antur,</strong></span> <span class='ocrx_word' id='word_1_786' title='bbox 2413 5088 2471 5135; x_wconf 90' lang='lat' dir='ltr'><strong>ut</strong></span> <span class='ocrx_word' id='word_1_787' title='bbox 2501 5088 2556 5133; x_wconf 89' lang='lat' dir='ltr'><strong>et</strong></span> <span class='ocrx_word' id='word_1_788' title='bbox 2591 5077 2694 5132; x_wconf 85' lang='lat' dir='ltr'><strong>sibi</strong></span> <span class='ocrx_word' id='word_1_789' title='bbox 2731 5076 2884 5146; x_wconf 86' lang='lat' dir='ltr'><strong>ipsis,</strong></span> <span class='ocrx_word' id='word_1_790' title='bbox 2920 5085 2972 5130; x_wconf 90' lang='lat' dir='ltr'><strong>et</strong></span> <span class='ocrx_word' id='word_1_791' title='bbox 3015 5078 3140 5131; x_wconf 83' lang='lat' dir='ltr'><strong>aliis</strong></span> <span class='ocrx_word' id='word_1_792' title='bbox 3187 5075 3444 5131; x_wconf 75' lang='lat' dir='ltr'><strong>Ecclesiae</strong></span> <span class='ocrx_word' id='word_1_793' title='bbox 3493 5071 3761 5141; x_wconf 78' lang='lat' dir='ltr'><strong>magistris</strong></span> 
     </span>
    </p>
   </div>
   <div class='ocr_carea' id='block_1_97' title="bbox 2193 5165 3756 5245">
    <p class='ocr_par' dir='ltr' id='par_1_97' title="bbox 2193 5165 3756 5245">
     <span class='ocr_line' id='line_1_97' title="bbox 2193 5165 3756 5245; baseline -0.008 -17"><span class='ocrx_word' id='word_1_794' title='bbox 2193 5191 2358 5245; x_wconf 89' lang='lat' dir='ltr'><strong>quam</strong></span> <span class='ocrx_word' id='word_1_795' title='bbox 2429 5173 2664 5229; x_wconf 70' lang='lat' dir='ltr'><strong>maxime</strong></span> <span class='ocrx_word' id='word_1_796' title='bbox 2723 5172 3027 5227; x_wconf 81' lang='lat' dir='ltr'><strong>concordes</strong></span> <span class='ocrx_word' id='word_1_797' title='bbox 3091 5167 3220 5223; x_wconf 89' lang='lat' dir='ltr'><strong>sint.</strong></span> <span class='ocrx_word' id='word_1_798' title='bbox 3293 5168 3378 5233; x_wconf 85' lang='lat' dir='ltr'><strong>Et,</strong></span> <span class='ocrx_word' id='word_1_799' title='bbox 3439 5166 3485 5220; x_wconf 85' lang='lat' dir='ltr'><strong>si</strong></span> <span class='ocrx_word' id='word_1_800' title='bbox 3545 5165 3756 5234; x_wconf 80' lang='lat' dir='ltr'><strong>quidem</strong></span> 
     </span>
    </p>
   </div>
   <div class='ocr_carea' id='block_1_98' title="bbox 2197 5252 3763 5335">
    <p class='ocr_par' dir='ltr' id='par_1_98' title="bbox 2197 5252 3763 5335">
     <span class='ocr_line' id='line_1_98' title="bbox 2197 5252 3763 5335; baseline -0.012 -13"><span class='ocrx_word' id='word_1_801' title='bbox 2197 5268 2335 5323; x_wconf 83' lang='lat' dir='ltr'><strong>istud</strong></span> <span class='ocrx_word' id='word_1_802' title='bbox 2387 5266 2686 5335; x_wconf 82' lang='lat' dir='ltr'><strong>contingat,</strong></span> <span class='ocrx_word' id='word_1_803' title='bbox 2744 5263 2986 5330; x_wconf 89' lang='lat' dir='ltr'><strong>nihilque</strong></span> <span class='ocrx_word' id='word_1_804' title='bbox 3021 5260 3088 5314; x_wconf 87' lang='lat' dir='ltr'><strong>de</strong></span> <span class='ocrx_word' id='word_1_805' title='bbox 3137 5259 3460 5321; x_wconf 83' lang='lat' dir='ltr'><strong>concessis,</strong></span> <span class='ocrx_word' id='word_1_806' title='bbox 3514 5269 3580 5311; x_wconf 85' lang='lat' dir='ltr'><strong>ac</strong></span> <span class='ocrx_word' id='word_1_807' title='bbox 3633 5252 3763 5308; x_wconf 87' lang='lat' dir='ltr'><strong>ratis</strong></span> 
     </span>
    </p>
   </div>
   <div class='ocr_carea' id='block_1_99' title="bbox 2199 5352 3766 5418">
    <p class='ocr_par' dir='ltr' id='par_1_99' title="bbox 2199 5352 3766 5418">
     <span class='ocr_line' id='line_1_99' title="bbox 2199 5352 3766 5418; baseline -0.011 -3"><span class='ocrx_word' id='word_1_808' title='bbox 2199 5360 2318 5415; x_wconf 82' lang='lat' dir='ltr'><strong>ﬁdei</strong></span> <span class='ocrx_word' id='word_1_809' title='bbox 2368 5359 2668 5414; x_wconf 83' lang='lat' dir='ltr'><strong>rationibus</strong></span> <span class='ocrx_word' id='word_1_810' title='bbox 2718 5356 2941 5418; x_wconf 91' lang='lat' dir='ltr'><strong>tollitur,</strong></span> <span class='ocrx_word' id='word_1_811' title='bbox 2982 5352 3307 5406; x_wconf 87' lang='lat' dir='ltr'><strong>concordem</strong></span> <span class='ocrx_word' id='word_1_812' title='bbox 3342 5365 3406 5403; x_wconf 87' lang='lat' dir='ltr'><strong>ac</strong></span> <span class='ocrx_word' id='word_1_813' title='bbox 3441 5361 3626 5402; x_wconf 83' lang='lat' dir='ltr'><strong>veram</strong></span> <span class='ocrx_word' id='word_1_814' title='bbox 3673 5359 3766 5400; x_wconf 77' lang='lat' dir='ltr'><strong>ex-</strong></span> 
     </span>
    </p>
   </div>
   <div class='ocr_carea' id='block_1_100' title="bbox 2201 5436 3766 5519">
    <p class='ocr_par' dir='ltr' id='par_1_100' title="bbox 2201 5436 3766 5519">
     <span class='ocr_line' id='line_1_100' title="bbox 2201 5436 3766 5519; baseline -0.012 -14"><span class='ocrx_word' id='word_1_815' title='bbox 2201 5450 2521 5519; x_wconf 88' lang='lat' dir='ltr'><strong>positionem</strong></span> <span class='ocrx_word' id='word_1_816' title='bbox 2579 5449 2796 5511; x_wconf 89' lang='lat' dir='ltr'><strong>dicere;</strong></span> <span class='ocrx_word' id='word_1_817' title='bbox 2857 5447 2938 5501; x_wconf 91' lang='lat' dir='ltr'><strong>sin</strong></span> <span class='ocrx_word' id='word_1_818' title='bbox 3005 5454 3204 5507; x_wconf 88' lang='lat' dir='ltr'><strong>autem,</strong></span> <span class='ocrx_word' id='word_1_819' title='bbox 3248 5440 3612 5496; x_wconf 82' lang='lat' dir='ltr'><strong>contrarium.</strong></span> <span class='ocrx_word' id='word_1_820' title='bbox 3655 5436 3766 5502; x_wconf 85' lang='lat' dir='ltr'><strong>Quo</strong></span> 
     </span>
    </p>
   </div>
   <div class='ocr_carea' id='block_1_101' title="bbox 2204 5527 3769 5608">
    <p class='ocr_par' dir='ltr' id='par_1_101' title="bbox 2204 5527 3769 5608">
     <span class='ocr_line' id='line_1_101' title="bbox 2204 5527 3769 5608; baseline -0.012 -11"><span class='ocrx_word' id='word_1_821' title='bbox 2204 5545 2348 5597; x_wconf 89' lang='lat' dir='ltr'><strong>cnim</strong></span> <span class='ocrx_word' id='word_1_822' title='bbox 2402 5542 2599 5608; x_wconf 86' lang='lat' dir='ltr'><strong>posito,</strong></span> <span class='ocrx_word' id='word_1_823' title='bbox 2649 5538 2955 5594; x_wconf 81' lang='lat' dir='ltr'><strong>absurditas</strong></span> <span class='ocrx_word' id='word_1_824' title='bbox 2992 5537 3261 5604; x_wconf 86' lang='lat' dir='ltr'><strong>sequitur,</strong></span> <span class='ocrx_word' id='word_1_825' title='bbox 3302 5543 3356 5588; x_wconf 88' lang='lat' dir='ltr'><strong>ct</strong></span> <span class='ocrx_word' id='word_1_826' title='bbox 3406 5536 3582 5599; x_wconf 82' lang='lat' dir='ltr'><strong>ipsum</strong></span> <span class='ocrx_word' id='word_1_827' title='bbox 3631 5527 3769 5596; x_wconf 79' lang='lat' dir='ltr'><strong>ejus-</strong></span> 
     </span>
    </p>
   </div>
   <div class='ocr_carea' id='block_1_102' title="bbox 2210 5637 3036 5700">
    <p class='ocr_par' dir='ltr' id='par_1_102' title="bbox 2210 5637 3036 5700">
     <span class='ocr_line' id='line_1_102' title="bbox 2210 5637 3036 5700; baseline -0.006 -12"><span class='ocrx_word' id='word_1_828' title='bbox 2210 5637 2350 5690; x_wconf 82' lang='lat' dir='ltr'><strong>modi</strong></span> <span class='ocrx_word' id='word_1_829' title='bbox 2401 5647 2502 5690; x_wconf 81' lang='lat' dir='ltr'><strong>est.</strong></span> <span class='ocrx_word' id='word_1_830' title='bbox 2557 5637 2896 5700; x_wconf 71' lang='lat' dir='ltr'><strong>Quanquam,</strong></span> <span class='ocrx_word' id='word_1_831' title='bbox 2932 5647 3036 5686; x_wconf 93' lang='lat' dir='ltr'><strong>non</strong></span> 
     </span>
    </p>
   </div>
   <div class='ocr_carea' id='block_1_103' title="bbox 2209 5715 3771 5788">
    <p class='ocr_par' dir='ltr' id='par_1_103' title="bbox 2209 5715 3771 5788">
     <span class='ocr_line' id='line_1_103' title="bbox 2209 5715 3771 5788; baseline -0.013 -3"><span class='ocrx_word' id='word_1_832' title='bbox 2209 5730 2568 5786; x_wconf 71' lang='lat' dir='ltr'><strong>contrarium.</strong></span> <span class='ocrx_word' id='word_1_833' title='bbox 2595 5745 2697 5783; x_wconf 90' lang='lat' dir='ltr'><strong>non</strong></span> <span class='ocrx_word' id='word_1_834' title='bbox 2753 5737 2854 5781; x_wconf 82' lang='lat' dir='ltr'><strong>est.</strong></span> <span class='ocrx_word' id='word_1_835' title='bbox 2914 5724 3146 5779; x_wconf 88' lang='lat' dir='ltr'><strong>Plurima</strong></span> <span class='ocrx_word' id='word_1_836' title='bbox 3207 5723 3350 5777; x_wconf 82' lang='lat' dir='ltr'><strong>enim</strong></span> <span class='ocrx_word' id='word_1_837' title='bbox 3387 5734 3511 5775; x_wconf 82' lang='lat' dir='ltr'><strong>vera</strong></span> <span class='ocrx_word' id='word_1_838' title='bbox 3567 5715 3771 5788; x_wconf 81' lang='lat' dir='ltr'><strong>quidem</strong></span> 
     </span>
    </p>
   </div>
   <div class='ocr_carea' id='block_1_104' title="bbox 3109 5627 3853 5693">
    <p class='ocr_par' dir='ltr' id='par_1_104' title="bbox 3109 5627 3853 5693">
     <span class='ocr_line' id='line_1_104' title="bbox 3109 5627 3853 5693; baseline -0.013 -10"><span class='ocrx_word' id='word_1_839' title='bbox 3109 5630 3215 5685; x_wconf 89' lang='lat' dir='ltr'><strong>dici</strong></span> <span class='ocrx_word' id='word_1_840' title='bbox 3252 5629 3316 5682; x_wconf 86' lang='lat' dir='ltr'><strong>ad</strong></span> <span class='ocrx_word' id='word_1_841' title='bbox 3356 5629 3427 5693; x_wconf 90' lang='lat' dir='ltr'><strong>id,</strong></span> <span class='ocrx_word' id='word_1_842' title='bbox 3467 5633 3524 5679; x_wconf 94' lang='lat' dir='ltr'><strong>ut</strong></span> <span class='ocrx_word' id='word_1_843' title='bbox 3561 5627 3630 5680; x_wconf 78' lang='lat' dir='ltr'><strong>sit</strong></span> <span class='ocrx_word' id='word_1_844' title='bbox 3664 5636 3766 5684; x_wconf 90' lang='lat' dir='ltr'><strong>res,</strong></span> <span class='ocrx_word' id='word_1_845' title='bbox 3851 5671 3853 5673; x_wconf 78' lang='lat'><strong>.</strong></span> 
     </span>
    </p>
   </div>
  </div>
