4144 6296
440 289 533 358 157

1501 301 1896 361 ADVERSUS
1933 303 2031 360 Gil
2066 302 2246 361 iiCOS
2287 306 2428 367 LIB.
2480 302 2591 368 ῐῐῐ.

3558 300 3656 365 158

435 419 574 473 sunt,
625 425 728 463 non
782 421 956 465 autem
1008 412 1268 475 dicentur,
1323 414 1565 481 hocque,
1594 431 1713 468 cum
1765 432 1828 470 ex
1866 415 1986 469 aliis
2023 421 2058 472 Α
2090 419 2334 471 stantias.
2385 417 2504 472 Non
2541 421 2698 481 enim,
2739 426 2792 469 ut
2823 418 3049 472 alienum
3085 426 3297 470 natura
3333 416 3658 479 introducat,

435 509 658 559 constat,
719 509 829 553 tum
880 516 941 552 es
981 501 1110 568 ipsis
1162 500 1410 555 Ecclesiae
1439 501 1802 570 dogmatibus.
1861 502 1992 554 Esse

436 593 570 645 cnim
621 591 812 644 Filium
872 593 1013 647 Patri
1046 595 1583 654 consubstantialem.
1633 595 1827 662 Deique
1893 594 1990 650 Ge-

435 681 666 734 nitricent
709 697 911 749 seraper
979 681 1239 752 Virginem
1301 685 1576 752 praedicari
1611 687 1662 736 in
1729 684 1990 747 Ecclesia,

434 783 591 840 atque
628 774 876 826 humanae
925 781 1131 827 natura
1163 773 1352 827 Filium
1391 776 1478 828 Dei
1536 775 1831 828 secundum
1867 777 1994 829 sub-

434 863 681 915 stantiam
735 864 942 916 unitum
997 879 1159 929 esse,
1211 881 1337 919 vera
1395 866 1608 932 quidem
1667 877 1836 932 sunt;
1891 866 1995 920 fuit

435 961 634 1017 tamen,
673 953 891 1021 quando
937 968 1040 1008 non
1089 956 1408 1009 dicebantur
1439 974 1453 1021 ;
1488 973 1591 1009 non
1638 965 1818 1009 tamen
1875 957 1998 1011 ideo

435 1045 564 1099 i'alsa
613 1044 846 1099 luerunt.
876 1044 1008 1100 Nam
1035 1055 1222 1115 postea
1258 1048 1583 1102 necessitate
1611 1058 1834 1117 urgente
1866 1061 1992 1116 pro-

437 1147 550 1204 pter
615 1137 886 1191 contraria
960 1139 1223 1201 dicentes,
1284 1139 1446 1191 ctiam
1515 1148 1573 1191 ut
1635 1141 1685 1191 in
1748 1139 1986 1192 Ecclesia

434 1230 638 1298 publice
699 1231 1006 1284 dicerentur
1056 1233 1378 1298 institutum,
1415 1242 1470 1285 et
1517 1232 1804 1286 formatum
1852 1243 1984 1300 est;

434 1321 553 1388 quid
599 1335 729 1386 ergo
782 1321 998 1386 mirum,
1048 1323 1090 1375 si
1139 1333 1194 1377 et
1239 1331 1460 1377 sanctus
1511 1323 1612 1377 iste
1674 1327 1817 1392 quod
1878 1338 1985 1377 non

435 1411 902 1480 pronuntiabatur,
958 1424 1014 1465 ιιι
1051 1415 1212 1467 multa
1263 1414 1387 1479 alia,
1431 1421 1486 1469 et
1535 1424 1681 1481 tunc,
1717 1425 1770 1470 et
1815 1417 1986 1485 prius,

437 1520 536 1556 non
567 1504 672 1557 dici
708 1505 781 1558 ait
812 1504 835 1556 ‘l
862 1502 977 1558 Non
1012 1506 1156 1560 enim
1188 1507 1430 1576 proiecto
1472 1523 1568 1576 per
1594 1509 1692 1562 hoc
1730 1510 1991 1575 ostendit,

435 1595 555 1662 quia
584 1610 686 1648 non
717 1606 800 1650 est
828 1611 843 1649 :
882 1598 975 1650 sed
1007 1598 1107 1651 hoc
1138 1598 1335 1662 solum,
1362 1597 1487 1666 quis
1523 1600 1576 1651 in
1605 1601 1996 1654 consuetudine

437 1686 576 1739 dicto
632 1700 736 1743 non
776 1687 1126 1753 proferretur.

502 1777 604 1831 Sed
651 1779 795 1832 enim
842 1793 967 1833 eum
1021 1779 1121 1832 sibi
1171 1794 1276 1833 non
1311 1792 1433 1835 esse
1471 1779 1830 1844 contrarium,
1869 1781 1993 1836 hinc

436 1869 670 1938 profecto
716 1881 951 1926 constat.
1010 1870 1299 1927 ostensum
1355 1871 1499 1925 enim
1550 1872 1699 1939 prius
1730 1880 1810 1925 est
1843 1872 1993 1940 quia,

435 1959 626 2030 ubique
666 1975 762 2031 per
815 1961 1140 2030 praepositio,
1173 1961 1226 2013 in
1257 1961 1452 2029 quibus
1496 1963 1814 2023 assumitur,
1853 1975 1995 2029 pra:-

433 2050 635 2104 ccdenti
676 2059 854 2106 causa)
886 2059 1226 2121 cooperator,
1260 2060 1420 2120 atque
1471 2051 1538 2104 ad
1579 2063 1698 2106 eam
1749 2053 1992 2108 efﬁcien-

434 2140 580 2208 tiam,
628 2156 790 2212 quam
851 2143 965 2212 ipsa
1018 2143 1273 2211 inspicit,
1325 2142 1441 2197 sive
1499 2143 1553 2197 in
1609 2145 1945 2198 naturalibus
1979 2185 1994 2209 ,

433 2232 543 2284 sive
590 2231 643 2285 in
701 2231 1000 2286 artiﬁcibus
1053 2231 1321 2299 quispiam
1371 2245 1679 2287 sermonem
1735 2245 1997 2288 exercere

432 2323 576 2376 velit.
614 2323 818 2376 ﬁamus
863 2323 1133 2392 enimper
1160 2337 1320 2392 quem
1359 2322 1567 2376 fructus
1604 2323 1796 2388 oritur,
1836 2336 1991 2378 eam—

430 2415 571 2480 dem,
629 2429 787 2483 quam
839 2415 990 2468 radix
1039 2425 1245 2469 natura
1287 2415 1646 2470 intentionem
1704 2415 1880 2470 habet.
1935 2413 1997 2468 Et

431 2520 594 2568 serra,
626 2506 776 2562 verbi
820 2506 1014 2575 gratia,
1058 2519 1154 2574 per
1181 2520 1339 2575 quam
1372 2506 1519 2561 faber
1571 2505 1793 2576 gradum
1830 2506 1993 2572 iacit,

431 2595 493 2647 ad
540 2594 708 2658 illum,
766 2609 870 2648 nou
923 2593 989 2647 ad
1047 2594 1268 2648 alterius
1314 2595 1526 2663 generis
1568 2594 1815 2650 cliectun'.
1870 2597 1998 2648 arti-
2047 2664 2058 2677 .

441 2685 521 2740 tlci
598 2694 964 2754 cooperator.
1017 2683 1133 2738 Non
1185 2686 1328 2738 enim
1378 2687 1446 2738 ad
1519 2686 1948 2740 calefaciendum
1978 2728 1994 2751 ,

430 2790 523 2830 seu
571 2773 928 2829 desiliendum
977 2773 1053 2826 illi
1085 2776 1486 2842 coeperahitnr.
1532 2775 1863 2843 Prorsosquc
1899 2789 1992 2839 ea,

429 2881 528 2935 per
583 2879 701 2932 qua
757 2863 955 2931 aliqoid
1005 2864 1098 2927 iit,
1160 2875 1518 2931 cooperantur
1573 2867 1654 2918 his
1709 2867 1800 2934 qui
1851 2867 1998 2934 prius

433 2957 524 3012 illa
557 2961 796 3018 movrnt,
839 2953 908 3006 ad
951 2953 1162 3008 illorum
1197 2964 1384 3007 notum
1420 2971 1520 3007 una
1545 2971 1664 3008 com
1697 2956 1800 3010 illis
1829 2969 1993 3010 causa

430 3047 645 3110 allecto,
688 3045 771 3101 vel
819 3043 974 3115 quasi
1029 3046 1411 3107 instrumenta,
1458 3045 1535 3098 vei
1595 3045 1995 3115 quomodolihet
2023 3025 2065 3082 ο

431 3137 586 3192 aliter
614 3136 736 3193 illos
778 3134 1111 3204 adiuvantia.

501 3230 556 3282 Si
607 3228 821 3298 quidem
872 3228 1036 3296 igitur
1085 3241 1190 3281 non
1239 3235 1383 3283 esset
1435 3228 1514 3284 eis
1568 3230 1825 3285 dilierens
1891 3247 1988 3284 na-

433 3328 548 3374 tura
601 3319 670 3373 ad
727 3335 820 3373 eos
871 3318 961 3387 qui
1025 3319 1126 3373 illis
1195 3327 1458 3383 utuntur,
1519 3332 1696 3375 essent
1764 3332 1819 3376 et
1879 3323 1989 3390 ipsa

437 3411 672 3478 proiecto
729 3412 1048 3479 simpliciter
1080 3428 1263 3474 causa,
1312 3414 1453 3466 sicut
1493 3416 1661 3480 prima
1710 3415 1803 3467 illa
1843 3431 1859 3478 ;
1897 3417 1990 3468 sed

436 3504 485 3556 in
534 3501 695 3557 Patre
737 3503 900 3556 etiam
953 3503 1052 3556 hoc
1106 3503 1295 3569 magis.
1347 3503 1626 3571 Siquidem
1686 3513 1740 3557 et
1806 3504 1990 3556 eadem

434 3602 574 3649 esset
624 3596 691 3648 ad
742 3602 955 3648 utentes
1003 3596 1269 3662 operatio.
1343 3592 1538 3646 Verum
1593 3594 1646 3646 in
1703 3592 1884 3655 Patre,
1941 3603 1994 3646 et

438 3685 590 3750 Filio,
642 3685 898 3754 quoniam
953 3697 1057 3737 una
1117 3692 1310 3736 natura
1370 3696 1598 3736 numero
1659 3682 1943 3748 inspicitur
1977 3717 1993 3745 ,

435 3786 488 3831 ct
535 3789 637 3831 una
671 3777 750 3831 eis
790 3778 951 3832 etiam
1003 3776 1164 3838 actio,
1225 3775 1339 3830 sive
1390 3774 1662 3843 processio
1715 3783 1818 3837 est,
1851 3789 1989 3828 unus

433 3880 594 3938 atque
648 3870 786 3923 idem
830 3867 996 3933 Deus,
1031 3868 1226 3921 merito
1276 3865 1396 3920 Filii
1456 3883 1568 3935 per,
1606 3876 1660 3921 et
1703 3867 1879 3922 Patris
1907 3882 1992 3931 ex,

434 3962 820 4032 signiﬁcatione
878 3974 981 4013 non
1042 3958 1274 4024 diil‘cret,
1327 3959 1419 4012 sed
1485 3959 1597 4026 ipsa
1659 3959 1872 4027 quidem
1929 3960 1993 4012 ad

433 4054 514 4115 de,
573 4051 655 4106 vel
705 4067 792 4116 ex,
843 4052 1142 4106 transibit:
1185 4052 1273 4105 illa
1325 4065 1450 4106 vero
1495 4063 1680 4105 rursus
1731 4052 1797 4105 ad
1855 4066 1948 4119 per
1977 4088 1994 4116 ,

433 4140 810 4204 transferetur,
869 4153 1264 4210 commuoeque
1306 4148 1361 4194 et
1410 4153 1575 4194 unum
1624 4151 1787 4208 atque
1852 4139 1992 4193 idem

433 4245 552 4284 cum
619 4229 1164 4299 Patre'principium
1240 4240 1463 4286 sanctos
1537 4229 1773 4300 Spiritus
1844 4234 1994 4294 erit.

434 4331 651 4390 propter
699 4336 907 4391 aequam
954 4319 1073 4376 Filii
1121 4322 1185 4375 ad
1239 4320 1451 4377 Patrem
1499 4324 1778 4387 Deitatem,
1833 4332 1997 4391 atque

435 4412 726 4466 essentiam
757 4412 1021 4479 eamdem,
1063 4411 1330 4481 aliamque
1367 4427 1580 4468 omnem
1625 4414 1984 4476 identitatem,

433 4511 486 4557 et
533 4503 1126 4558 indemutabilitatem:
1193 4517 1457 4558 concesso
1517 4505 1684 4558 semel
1740 4520 1768 4556 δ
1823 4503 1988 4557 Patre

435 4610 529 4663 per
572 4591 767 4650 Filium
818 4605 1063 4651 sanctum
1127 4594 1390 4664 Spiritum
1430 4597 1763 4662 procedere:
1804 4594 1992 4648 docto-

437 4688 688 4756 i-ihosqoe
737 4687 990 4742 omnibus
1055 4685 1435 4751 clamantibus,
1495 4702 1600 4741 non
1661 4701 1784 4740 esse
1862 4687 1946 4739 i‘as
1978 4725 1994 4750 ,

422 4771 790 4834 'dili'erentiam
847 4778 1080 4847 aliquam
1121 4779 1523 4847 quomodolibet
1556 4780 1608 4832 in
1665 4779 1813 4834 hisce
1865 4794 2000 4847 prin-

439 4868 797 4935 positionibus
829 4868 1130 4938 intelligere
1161 4869 1264 4923 hoc
1312 4869 1723 4924 indeterminate
1773 4882 1999 4921 tuonena

437 4959 597 5025 tibus,
647 4958 1094 5026 docentibusquc,
1143 4958 1196 5012 in
1249 4959 1429 5024 Patre,
1481 4969 1538 5012 ot
1589 4957 1746 5022 Filio,
1802 4958 1889 5022 de,
1925 4958 2004 5009 vci

435 5066 516 5114 rx,
557 5069 610 5114 a,
643 5067 755 5118 per,
786 5051 920 5105 nihil
950 5050 1185 5113 diﬂ‘crre,
1224 5050 1322 5103 nisi
1374 5051 1428 5104 in
1458 5059 1722 5118 quantum
1750 5051 2006 5104 substan-

439 5147 538 5198 tias
588 5143 940 5198 discernunt.
994 5142 1085 5195 Ait
1148 5142 1292 5194 enim
1351 5155 1576 5210 magnus
1649 5141 1878 5193 Basilius
1929 5139 1998 5192 ad

441 5233 874 5300 Amphilochium
936 5231 1200 5295 scribens,
1249 5245 1366 5300 cap.
1402 5231 1478 5285 5:
1517 5229 1698 5282 tUtttts
1754 5229 1892 5283 Deus
1951 5240 2000 5282 et

441 5324 620 5388 Pater,
672 5340 738 5380 ea:
797 5342 898 5394 quo
949 5326 1129 5379 omnia
1160 5341 1179 5378 :
1231 5333 1279 5377 et
1341 5339 1476 5377 unus
1536 5325 1788 5377 Dominus
1839 5326 1998 5378 Jesus

438 5416 690 5480 Christus,
752 5434 844 5486 per
899 5434 1051 5487 quem
1107 5417 1282 5472 omnia
1317 5418 1358 5470 δ.
1388 5435 1407 5466 ι
1437 5415 1563 5469 Ista:
1604 5431 1705 5469 non
1763 5427 1882 5469 sunt
1921 5419 1994 5470 lc-

439 5524 545 5575 gem
589 5512 826 5576 portentis
876 5526 1040 5574 uoces,
1097 5513 1184 5564 sed
1243 5498 1611 5577 d'stinyncntis
1670 5507 1840 5575 potius
1882 5511 1996 5564 sult-

515 5690 531 5720 ³
558 5692 749 5761 Epltcs.
787 5706 860 5754 tv,
886 5693 939 5741 ϋ.

445 5819 462 5850 ἐ

2093 511 2182 560 sed
2224 519 2275 559 nt
2340 508 2672 576 inconfusam
2732 506 2930 566 Patris.
2965 515 3014 558 et
3085 504 3209 559 Filii
3261 504 3657 572 intelligentiam

2093 599 2436 660 commendet,
2490 598 2564 648 ita
2611 597 2967 662 pronuntiarit
3005 594 3306 657 Apostolus.
3371 592 3435 646 Et
3491 594 3655 647 theol.

2092 689 2384 758 Gregorius
2425 688 2542 741 ait:
2583 703 2646 739 ea:
2693 704 2816 756 qtto,
2862 696 2907 739 et
2944 702 3035 752 per
3064 700 3211 754 quem
3259 686 3397 752 quod
3436 685 3653 750 dicitur,

2094 791 2194 828 non
2254 785 2472 828 naturas
2545 775 2920 835 scindentinm,
2973 776 3062 827 sed
3111 775 3265 826 unius
3338 775 3655 843 inconfusrco

2096 881 2193 930 que
2247 876 2453 918 natura:
2509 867 2855 933 proprietates
2920 865 3348 930 exprimentium.

2174 959 2401 1023 Propter
2440 958 2539 1011 hoc
2582 957 2742 1026 igitur
2784 961 2889 1024 ’ρετ
2927 956 3188 1023 particula
3246 965 3519 1022 assumpta
3555 968 3658 1019 est,

2100 1060 2158 1103 ot
2221 1048 2840 1103 consubstantialitstem
2881 1047 3039 1100 simul
3081 1054 3135 1099 et
3174 1059 3526 1115 personarum
3566 1062 3659 1099 or-

2093 1142 2274 1194 dinem
2315 1154 2377 1191 ac
2416 1139 2798 1193 discretionem
2839 1139 3017 1207 signet
3049 1153 3114 1191 ex
3150 1137 3496 1206 processibus
3536 1136 3664 1204 ipsis

2093 1240 2463 1300 apparentem.
2521 1230 2576 1284 In
2617 1245 2723 1299 quo
2786 1244 2917 1286 sane
2960 1231 3153 1285 ordine
3201 1244 3263 1285 ac
3308 1231 3651 1291 discretione,

2091 1323 2213 1378 Filii
2254 1337 2482 1392 persona
2519 1325 2753 1377 medium
2798 1323 3005 1377 obtinet
3041 1322 3237 1384 locum,
3268 1337 3424 1390 quam
3454 1334 3667 1388 semper

2091 1418 2254 1470 etiam
2302 1417 2355 1468 in
2406 1411 2682 1468 communi
2734 1413 3124 1468 consuetudine
3183 1414 3488 1482 signiﬁcat,
3546 1427 3662 1480 per.

2092 1516 2236 1561 etne
2263 1505 2344 1561 vel
2376 1521 2480 1560 una
2517 1519 2765 1574 persona,
2805 1504 2987 1567 Pater,
3019 1514 3073 1557 et
3109 1503 3277 1557 Filius
3318 1503 3664 1557 existimetur

2094 1605 2317 1664 propter
2381 1596 2819 1664 praepositionum
2867 1593 3302 1655 similitudinem,
3365 1593 3448 1646 vel
3509 1592 3615 1645 duo
3650 1630 3666 1655 ,

2094 1696 2146 1741 et
2183 1696 2372 1740 contra
2435 1700 2493 1740 se
2525 1687 2698 1741 divisa
2730 1686 2886 1739 ambo
2915 1729 2931 1750 ,
2967 1685 3197 1752 Spiritus
3223 1683 3482 1752 principia
3521 1682 3670 1737 vide-

2096 1786 2278 1839 antur,
2335 1777 2524 1830 talisve
2551 1790 2676 1831 esse
2727 1775 2846 1829 Filii
2897 1790 3149 1844 persona,
3197 1776 3371 1846 qualis
3400 1784 3454 1829 et
3498 1773 3670 1830 Patris

2096 1877 2197 1932 est,
2239 1867 2373 1920 nihil
2410 1876 2533 1920 ante
2591 1882 2650 1920 se
2687 1867 2980 1934 cogitatum
3032 1865 3259 1929 habens,
3315 1867 3668 1934 quemadmo-

2097 1961 2222 2012 dum
2266 1967 2319 2011 et
2355 1956 2534 2012 Pater.
2577 1957 2657 2010 Ea:
2701 1961 2845 2011 enim
2893 1958 3038 2012 sistit
3080 1967 3336 2023 mentem,
3368 1969 3420 2011 et
3448 1957 3671 2014 ulterius

2097 2053 2175 2105 ire
2234 2062 2339 2104 non
2387 2051 2549 2119 cogit,
2600 2050 3062 2120 principalemque
3131 2061 3350 2103 caiisam
3405 2063 3669 2118 qumrcre.

2096 2142 2182 2196 cui
2242 2156 2308 2194 ea:
2364 2139 2739 2208 principaliter
2781 2139 3066 2194 distributa
3102 2149 3228 2202 est:
3268 2156 3359 2207 per
3385 2149 3563 2192 autem
3591 2141 3672 2193 al-

2101 2243 2270 2286 teram
2325 2244 2538 2300 quoque
2594 2245 2880 2299 personam
2921 2241 3118 2301 praeter
3163 2249 3248 2298 ex,
3300 2232 3526 2286 includit
3563 2246 3582 2293 ,°
3617 2240 3671 2287 et

2098 2323 2163 2376 ad
2201 2322 2345 2375 illam
2400 2323 2649 2388 provehit
2703 2335 2960 2387 mentem,
3009 2323 3469 2393 principalemque
3525 2322 3669 2376 illam

2100 2412 2348 2480 designat
2395 2425 2638 2477 causam,
2691 2413 2744 2466 in
2804 2428 2912 2482 qua
2970 2413 3083 2468 inec
3133 2413 3376 2483 ponitur,
3431 2413 3662 2466 medium

2097 2513 2152 2556 et
2201 2501 2380 2570 primi,
2421 2513 2475 2556 et
2517 2503 2654 2572 ejus,
2694 2503 2760 2558 ad
2792 2518 2948 2571 quem
2983 2518 3296 2573 processus,
3333 2506 3446 2559 sive
3477 2519 3670 2573 opera-

2111 2592 2205 2644 tio.
2237 2591 2414 2661 Atque
2443 2591 2518 2646 lta
2545 2591 2862 2647 Trinitatem
2903 2594 3108 2660 integre
3138 2594 3292 2648 nobis
3334 2596 3674 2647 commendat

2098 2698 2211 2748 per,
2269 2683 2540 2752 simulque
2571 2695 2860 2751 processus
2917 2698 3272 2752 personarum
3324 2686 3388 2739 ad
3442 2686 3669 2737 invii-cm

2101 2772 2348 2826 ordinem
2378 2771 2600 2826 indicat.
2660 2771 2763 2826 Sed
2792 2781 2844 2825 et
2880 2774 3130 2826 essentia:
3163 2787 3374 2842 quoque
3416 2774 3670 2826 unitatem

2101 2875 2194 2930 per
2219 2876 2278 2916 se
2308 2863 2467 2917 tertio
2496 2863 2788 2927 connectit,
2820 2864 2971 2929 juxta
2985 2863 3306 2933 Gregorium
3347 2862 3671 2933 Nyssenum,

2105 2953 2225 3008 Filii
2279 2956 2630 3018 mediatione,
2665 2964 2718 3010 et
2764 2956 2864 3010 sibi
2918 2955 3186 3025 Unigcniti
3249 2958 3505 3009 honorem
3560 2971 3672 3008 scr-

2103 3054 2282 3109 vante,
2339 3052 2396 3098 et
2455 3044 2716 3115 Spiritum
2780 3044 3008 3099 naturali
3063 3043 3275 3099 Patrem
3329 3044 3509 3097 habitu
3562 3062 3665 3097 non

2101 3135 2464 3190 excludente:
2518 3135 2608 3190 Sic
2659 3137 2818 3198 enim,
2856 3145 2912 3188 ut
2973 3135 3048 3188 ait
3109 3149 3335 3202 magnus
3395 3135 3621 3189 Basilius
3655 3174 3670 3197 ,

2102 3237 2149 3278 et
2181 3227 2512 3292 substantite,
2547 3228 2901 3280 conceduntur
2937 3237 2982 3282 et
3009 3227 3152 3295 piunt
3185 3226 3323 3279 unici
3349 3228 3674 3294 principu'us

2101 3322 2292 3386 dogma
2340 3335 2439 3370 non
2490 3319 2703 3372 decidit.

2169 3411 2437 3474 Quoniam
2489 3410 2650 3478 igitur
2689 3423 2812 3463 cum
2846 3407 3050 3463 unitate
3081 3421 3433 3476 personarqu
3462 3421 3676 3476 quoque

2103 3500 2481 3552 discretionem
2564 3500 2832 3563 conﬁteri,
2899 3498 3198 3551 secundum
3273 3496 3429 3548 iidem
3517 3501 3674 3546 nobis

2103 3587 2385 3651 traditum,
2430 3588 2709 3652 debemus,
2755 3590 2864 3639 haec
2911 3597 3083 3638 autem
3118 3598 3169 3637 et
3212 3587 3390 3646 ambo,
3448 3588 3674 3638 alterum

2106 3679 2323 3747 quidem
2380 3692 2446 3731 ex
2483 3677 2662 3739 Patre,
2721 3690 2818 3745 per
2869 3675 3059 3728 Filium
3113 3674 3372 3739 Spiritum
3429 3685 3673 3727 sanctum

2103 3772 2393 3842 procedere
2425 3770 2530 3825 dici
2560 3769 2926 3831 commendat,
2964 3767 3191 3819 alterum
3221 3775 3402 3817 autem
3441 3783 3502 3817 ex
3537 3766 3677 3817 i-‘iiio

2101 3864 2204 3917 dici
2243 3876 2347 3916 non
2381 3863 2476 3926 ita,
2508 3861 2626 3913 idco
2671 3857 3040 3911 Damascenus
3090 3870 3182 3922 per
3214 3853 3406 3907 Filium
3457 3854 3673 3920 quidem

2102 3954 2394 4024 procedere
2447 3952 2666 4007 fatetur.
2723 3949 2805 4003 Ea:
2877 3946 3020 4001 Filio
3049 3957 3223 4000 autem
3277 3960 3378 3997 non
3423 3945 3672 4009 dicimus,

2103 4050 2323 4119 adjecit,
2371 4057 2566 4118 potitus
2621 4045 2692 4099 illi
2740 4061 2826 4108 ex,
2878 4057 3121 4114 personae
3165 4057 3270 4096 non
3331 4055 3631 4110 congruere
3661 4080 3676 4102 ,

2103 4152 2392 4208 antequam
2429 4141 2516 4194 illa
2558 4152 2787 4208 persona
2833 4136 3125 4206 cogitatur,
3162 4134 3255 4189 sed
3288 4132 3338 4188 ei
3381 4141 3674 4201 antequam

2105 4233 2262 4296 nulla,
2294 4232 2465 4301 qualis
2497 4241 2581 4286 est
2611 4245 2836 4300 persona
2871 4227 3065 4281 Patris.
3093 4226 3315 4280 Plurimi
3347 4240 3484 4279 vero
3527 4238 3680 4279 sanc-

2105 4334 2279 4378 torum
2341 4322 2581 4382 Patrum,
2611 4331 2774 4390 atque
2799 4318 2958 4375 iidem
2987 4320 3204 4389 saepius,
3232 4319 3446 4373 easdem
3480 4316 3678 4371 dictio-

2102 4435 2196 4473 nes
2224 4420 2276 4472 in
2311 4415 2578 4488 theologia
2612 4419 2904 4470 secundum
2939 4414 3255 4470 diﬂercntes
3286 4411 3676 4481 intelligentias

2100 4523 2154 4566 et
2186 4511 2565 4578 snscipiunt,et
2608 4524 2716 4564 non
2762 4507 3088 4576 suscipiunt,
3141 4514 3197 4560 et
3225 4506 3513 4575 aliquando
3562 4504 3664 4567 sic,

2103 4602 2354 4670 aliqando
2384 4602 2563 4665 aliter,
2599 4610 2657 4653 ut
2688 4614 2912 4669 magnos
2943 4598 3172 4653 Basilius
3202 4598 3252 4650 in
3282 4594 3673 4664 quzestionibus

2105 4693 2171 4746 ad
2229 4691 2578 4755 Ennomium,
2631 4706 2839 4760 germen
2880 4688 3076 4742 Filium
3121 4687 3389 4742 dicentem
3420 4700 3528 4772 nou
3559 4700 3678 4737 sus—-

2102 4783 2252 4850 cipit,
2294 4782 2580 4837 dictionem
2631 4783 2770 4834 hanc
2815 4776 3324 4848 imperiectionibus
3375 4791 3679 4844 congruere

2103 4873 2424 4928 existimans
2459 4889 2474 4938 ;
2503 4872 2757 4940 quocirca
2784 4882 2920 4924 eam
2953 4867 3184 4922 maxime
3220 4868 3451 4934 ponebat
3487 4866 3669 4922 Euno-

2108 4965 2265 5018 mius.
2309 4962 2504 5017 Verum
2539 4962 2818 5030 theologus
2854 4960 3170 5028 Gregorius,
3204 4960 3257 5013 in
3309 4958 3484 5028 primo
3536 4959 3677 5011 lihro

2114 5056 2187 5109 Dc
2245 5052 2410 5117 Filio,
2457 5053 2527 5106 de
2573 5068 2638 5106 co
2691 5060 2745 5106 et
2793 5053 2992 5121 Spiritu
3046 5060 3237 5108 sancto
3290 5053 3514 5120 loquens
3544 5053 3612 5102 ait
3657 5067 3672 5102 :

2103 5144 2314 5200 [lorum
2375 5156 2552 5197 autem
2603 5143 2829 5196 alterum
2889 5146 3096 5210 quidem
3147 5159 3390 5212 germen,
3451 5141 3678 5193 alterum

2096 5251 2213 5291 vero
2274 5234 2584 5300 productum
2636 5242 2734 5287 est.
2784 5233 2849 5286 Et
2879 5247 3100 5288 causam
3151 5233 3393 5302 quidem,
3445 5239 3499 5280 et
3547 5241 3681 5277 can-

2097 5327 2209 5381 sale
2243 5326 2293 5380 in
2326 5323 2524 5377 divinis
2561 5323 2808 5391 personis
2851 5325 2976 5386 dici,
3009 5331 3157 5377 vetat
3208 5321 3438 5390 Cyrillus
3471 5315 3674 5367 beatis-

2097 5435 2270 5475 S‘lilllS
2302 5417 2523 5468 dicens:
2556 5412 2780 5467 Causam
2827 5430 2944 5466 vero
2977 5425 3023 5466 et
3065 5410 3275 5463 console
3303 5423 3364 5457 ne
3404 5403 3678 5454 nominare
3707 5441 3710 5448 .

2097 5517 2307 5585 quidem
2361 5508 2442 5578 fus
2497 5515 2591 5564 est,
2640 5509 2680 5557 si
2723 5507 2837 5568 quis
2889 5502 3019 5556 illud
3075 5499 3267 5552 scilicet
3313 5495 3470 5562 juxta
3523 5509 3657 5546 crea-
