4064 6262
447 315 546 379 153

1695 314 1910 374 nixu
1929 314 2094 374 ms
2119 283 2441 375 ’CALEca

3612 310 3718 372 Mil

442 439 686 476 tururum
733 438 926 474 morem
974 425 1215 492 arripiat.
1266 423 1580 480 Communis
1619 433 1801 478 autem
1850 425 2007 490 fides,
2037 425 2082 482 A
2113 423 2245 479 nihil
2269 443 2283 485 :
2307 425 2534 494 ipseque
2559 439 2624 480 ex
2655 426 2810 480 Patre
2836 441 2957 482 csse
2984 427 3199 487 dicitur,
3226 435 3384 494 atque
3408 428 3482 479 ad
3512 427 3710 495 ipsum

439 529 734 584 omnesque
781 515 1030 584 theologi,
1094 519 1142 568 in
1194 517 1306 570 sola
1348 532 1508 570 causa
1561 527 1615 571 et
1663 517 1867 572 causali
1922 517 2006 571 di-

439 607 594 660 vinas
644 621 903 675 personas
953 606 1214 674 distingui
1265 607 1475 671 dicunt,
1535 606 1814 676 majusque
1863 607 2005 674 quod

439 697 674 760 dicitur,
730 696 896 758 Patri.
952 713 1126 751 cauam
1173 699 1384 752 ratione
1440 699 1658 765 plurimi
1721 700 2005 754 doctorum

345 838 360 846 -
439 789 802 856 assignarunt.
859 787 1018 843 Juxta
1079 790 1391 858 opinionem
1447 800 1626 846 autem
1685 790 2005 846 Arianorum

439 879 508 932 ab
558 879 810 934 Ecclesia:
847 881 1052 934 ambitu
1109 882 1405 947 repellitur.

513 968 658 1023 Nihil
723 985 850 1037 ergo
915 971 1135 1034 mirum,
1202 973 1247 1027 si
1317 974 1482 1028 etiam
1570 973 1850 1030 doctorum
1917 975 2006 1030 alii

354 1085 358 1088 η
442 1060 658 1126 quidem
712 1077 776 1114 ea:
819 1062 1105 1129 principali
1153 1077 1349 1128 causa,
1398 1073 1452 1120 et
1497 1075 1623 1121 ante
1669 1081 1831 1134 quam
1874 1066 2007 1121 nihil

442 1151 739 1218 cogitatur,
792 1153 916 1205 hinc
965 1152 1066 1206 soli
1116 1167 1417 1219 congruere
1460 1171 1579 1242 etim
1630 1156 1960 1212 arbitrantes
1991 1198 2006 1220 ,

440 1255 503 1292 ex
554 1241 708 1316 Patre
751 1255 846 1310 per
877 1243 1070 1296 Filium
1104 1244 1397 1310 procedere
1436 1243 1697 1314 Spiritum
1737 1256 2007 1311 sanctum,

440 1335 936 1401 p:mluctoreu~iqne
976 1336 1188 1390 Patrem
1256 1353 1351 1406 per
1392 1336 1628 1392 Verbum
1674 1346 2006 1402 asseverant,

440 1424 568 1490 quia
603 1421 724 1475 Filii
750 1424 932 1477 omnia
956 1424 1018 1478 ad
1061 1423 1272 1479 Patrem
1306 1425 1633 1494 referuntur,
1656 1445 1764 1485 non
1831 1439 2008 1481 tamen

439 1527 503 1564 ex
566 1511 698 1564 Filio
754 1512 958 1566 dicunt.
1004 1514 1109 1568 Alii
1171 1530 1296 1568 vero
1341 1524 1394 1570 et
1441 1517 1489 1572 ei
1551 1518 1640 1586 qui
1701 1534 1769 1573 ex
1841 1535 2007 1574 causa

438 1614 540 1666 est,
580 1615 636 1656 ut
689 1603 828 1658 Filio
858 1620 1153 1674 congruere
1180 1619 1460 1673 ponentes,
1491 1608 1646 1676 cujus
1674 1609 1832 1663 Pater
1863 1612 2008 1679 prin-

440 1693 630 1757 cipalis
677 1693 1058 1761 praecogitatur
1111 1710 1297 1756 causa.
1339 1710 1403 1750 eo
1457 1697 1598 1764 quod
1651 1699 2006 1769 unum'prin-

438 1782 660 1850 cipiunt,
707 1796 762 1838 et
810 1799 912 1838 una
962 1801 1120 1841 causa
1174 1788 1244 1840 sit
1304 1786 1482 1851 Pater,
1549 1798 1600 1842 et
1644 1787 1831 1846 Filius.
1869 1788 2009 1843 sicut

439 1882 493 1925 et
550 1887 653 1924 una
702 1874 989 1928 essentia:
1039 1889 1180 1929 nunc
1227 1875 1441 1944 quidem
1501 1889 1600 1945 per
1652 1875 1846 1930 Filium
1889 1891 2010 1931 esse

441 1977 505 2015 ac
565 1963 860 2030 procedere
909 1964 1285 2027 dicunt,nuuc
1331 1973 1511 2020 autem
1562 1981 1626 2022 ex
1683 1966 1820 2022 Filio
1849 1982 2011 2033 esse,

437 2064 494 2107 et
547 2057 785 2123 prodire,
842 2067 896 2110 et
944 2057 1256 2125 procedere,
1307 2059 1605 2113 secundum
1669 2068 2009 2125 sanctorum,

451 2151 511 2195 ut
563 2145 764 2198 dictum
834 2153 936 2210 est,
1007 2145 1221 2198 divinas
1295 2147 1530 2201 rationes
1595 2148 1856 2214 tradunt,
1918 2163 2014 2217 per

438 2248 674 2304 utraque
706 2237 777 2290 illi
803 2237 942 2291 idem
993 2238 1254 2300 volentes,
1303 2239 1402 2292 etsi
1428 2238 1650 2308 syllabis
1681 2238 1951 2294 dideraut.

515 2326 724 2378 Placuit
773 2342 901 2396 ergo
947 2325 1279 2380 Damasccuo
1332 2328 1388 2382 in
1440 2329 1751 2398 huiusmodi
1811 2331 2016 2386 theolo-

438 2419 522 2489 gia
583 2419 761 2482 potius
812 2417 887 2470 uti
946 2434 1057 2486 per,
1117 2433 1144 2470 a
1177 2433 1282 2486 qua
1317 2428 1372 2473 et
1429 2421 2008 2483 consubstantialitas.

439 2523 494 2562 et
550 2511 748 2568 unitas.
810 2522 1290 2578 processuumque,
1326 2525 1390 2564 ac
1441 2511 1796 2579 personarum
1851 2518 2008 2579 ordo,

440 2611 496 2655 et
547 2601 801 2654 discretio
853 2594 1127 2666 apparent,
1181 2615 1340 2666 quam
1386 2605 1726 2658 assumendo
1779 2621 1844 2658 es;
1884 2621 2015 2659 cau-

447 2707 561 2744 sam
627 2693 1000 2746 tantummodo
1064 2693 1420 2760 signiﬁcare:
1479 2698 1742 2762 maxime,
1815 2715 1881 2754 ne
1935 2701 2014 2754 vel

441 2799 544 2838 una
599 2798 846 2852 persona,
880 2783 1039 2837 Pater
1071 2796 1123 2838 et
1159 2784 1325 2841 Falius
1354 2789 1818 2852 existimarentur,
1856 2806 2015 2862 prop-

439 2887 522 2929 ter
573 2877 1012 2943 prepositionum
1074 2878 1483 2934 similitudinem
1533 2898 1550 2945 ;
1614 2881 1695 2936 vel
1752 2896 1820 2936 ne
1868 2884 2014 2938 vide-

444 2976 596 3019 retur
644 2964 815 3021 Filius
851 2967 984 3021 nihil
1034 2978 1157 3021 ante
1185 2975 1245 3022 se
1291 2971 1583 3039 cogitatum
1614 2973 1837 3038 habere,
1875 2975 2017 3027 sicut

2042 1752 2083 1806 8

2112 514 2389 570 refertur:
2429 513 2494 568 Et
2523 531 2693 577 omne.
2726 517 2864 586 quod
2910 534 3023 570 esse
3077 533 3107 570 a
3155 516 3289 580 Filio
3329 519 3573 580 dicitur,
3637 520 3715 570 ad

2111 608 2337 672 primum
2368 623 2588 661 causam
2617 609 2922 662 relationem
2960 609 3132 669 habet.
3163 613 3459 663 secundum
3505 610 3711 662 Basilii

2111 698 2436 752 sententiam
2487 700 2539 753 in
2577 699 2715 753 libro
2745 699 3134 764 Quintianum.
3175 702 3476 755 secundum
3525 715 3710 767 quem

2113 789 2330 842 modum
2372 794 2426 842 et
2457 791 2632 853 radix,
2657 799 2712 842 et
2745 789 2888 855 fons,
2921 800 2974 845 et
3003 790 3152 844 solus
3180 805 3342 844 causa
3379 789 3557 844 Pater
3592 791 3710 841 diri

2109 886 2308 948 potest,
2344 891 2400 931 ut
2435 881 2779 944 ostendatur;
2805 896 2868 935 ea:
2897 897 3000 951 quo
3023 881 3162 946 quod
3207 882 3403 934 dicitur
3429 889 3482 934 et
3526 897 3712 949 neque

2111 969 2236 1032 tria,
2289 985 2450 1040 neque
2478 972 2584 1023 duo
2619 972 2880 1040 principia
2932 974 3148 1025 deorum
3177 972 3499 1041 pluralitate
3539 989 3712 1040 sepa-

2110 1069 2232 1114 rata
2265 1063 2648 1131 suscipiantur,
2682 1071 2741 1116 ut
2791 1064 2867 1116 ait
2918 1061 3212 1134 Gregorius
3265 1063 3589 1133 theologus,
3650 1064 3724 1118 irL

2111 1150 2205 1205 lib.
2257 1151 2336 1205 De
2387 1147 2616 1218 Spiritui
2644 1163 2848 1206 sancto.
2885 1151 3012 1206 Ideo
3055 1162 3110 1206 et
3141 1152 3340 1207 dictum
3371 1161 3455 1206 est
3489 1168 3507 1204 :
3567 1149 3707 1203 Vivo

2111 1257 2203 1311 ego
2238 1252 2451 1310 propter
2499 1245 2740 1296 Patrem.
2793 1241 2857 1295 Et
2893 1260 2909 1298 :
2949 1242 3021 1298 De
3050 1244 3178 1296 hora
3211 1242 3308 1296 illa
3355 1259 3512 1296 nemo
3569 1244 3706 1303 scit,

2111 1349 2271 1400 neque
2306 1331 2502 1399 Filius,
2534 1334 2636 1386 nisi
2672 1332 2865 1397 Pater;
2893 1342 2946 1388 et
2981 1352 2995 1388 :
3025 1333 3070 1386 Α
3096 1350 3175 1386 me
3201 1334 3313 1400 ipso
3339 1333 3480 1402 facio
3510 1334 3702 1387 nihil:

2110 1431 2164 1477 et
2196 1441 2209 1476 :
2255 1424 2404 1477 Sicut
2437 1424 2597 1476 audio
2617 1423 2839 1492 judico;
2867 1433 2922 1478 et
2955 1441 2970 1478 :
3004 1422 3120 1477 Mea
3169 1424 3437 1485 doctrina,
3465 1441 3581 1477 non
3622 1435 3704 1476 est

2109 1529 2225 1567 mea
2252 1529 2270 1566 :
2299 1522 2396 1568 et:
2429 1511 2592 1568 Pater
2618 1529 2760 1567 meus
2796 1513 2969 1578 major
2996 1531 3074 1568 me
3098 1527 3174 1568 est
3208 1530 3226 1568 :
3259 1527 3312 1570 et
3339 1516 3385 1570 si
3417 1517 3557 1583 quid
3591 1517 3708 1570 hu-

2108 1602 2344 1671 jusmodi
2392 1603 2465 1659 ab
2493 1618 2558 1658 eo
2591 1603 2794 1658 dictmu
2838 1614 2944 1670 est,
2981 1605 3073 1674 qui
3125 1607 3304 1659 omnia
3343 1607 3410 1660 ad
3463 1606 3702 1660 Patrem

2114 1691 2302 1754 refert,
2333 1691 2473 1746 sicut
2507 1701 2561 1746 et
2595 1692 2660 1746 de
2690 1691 2916 1761 Spiritu,
2949 1692 3074 1746 alibi
3109 1694 3324 1760 quidem
3360 1696 3436 1750 ait
3479 1713 3496 1751 :
3545 1696 3702 1761 Quia

2111 1783 2317 1835 mittant
2384 1782 2528 1836 vobis
2600 1781 2979 1850 l’uracletum;
3037 1784 3161 1838 alibi
3223 1794 3404 1840 autem
3453 1802 3468 1839 :
3514 1786 3701 1850 Quem

2109 1870 2282 1924 mittet
2313 1868 2476 1926 Pater
2500 1873 2553 1926 in
2579 1874 2784 1928 nomine
2823 1889 2960 1938 meo,
2987 1873 3103 1928 hoc
3132 1885 3213 1929 est
3239 1891 3334 1944 per
3359 1892 3465 1931 me.
3490 1878 3702 1946 Neque

2111 1961 2254 2016 enim
2285 1976 2574 2030 personam
2611 1961 2851 2031 Spiritus
2883 1965 3059 2019 sancti
3089 1965 3330 2020 futurum
3354 1967 3558 2022 Filium
3597 1983 3702 2035 per

2112 2050 2216 2109 hoc
2268 2051 2560 2120 signiﬁcat.
2603 2052 2740 2106 Illud
2771 2052 3014 2122 quidem,
3043 2064 3100 2107 ut
3131 2071 3283 2109 suam
3309 2061 3572 2112 ostendat
3610 2060 3703 2112 di-

2111 2143 2398 2210 guitatem.
2429 2141 2699 2212 Dignitate
2731 2144 2870 2198 enim
2899 2153 2947 2198 et
2977 2149 3160 2200 ordine
3189 2149 3448 2200 secundus
3473 2167 3504 2202 ιι
3541 2148 3699 2204 Filio

2113 2243 2213 2298 est,
2239 2233 2395 2302 juxta
2444 2249 2698 2302 magnum
2734 2233 3018 2301 Basiliam,
3075 2237 3431 2309 ntajoremque
3479 2239 3698 2306 Spiritu

2115 2335 2296 2380 sancto
2349 2321 2575 2388 Filium,
2623 2339 2847 2393 magnus
2904 2325 2981 2379 ait
3027 2325 3372 2382 Athanasius.
3427 2326 3543 2384 Hoc
3595 2345 3701 2385 au-

2115 2428 2222 2473 tem
2292 2417 2618 2486 principium
2679 2415 2802 2471 sine
2854 2427 3095 2485 tempore
3149 2419 3448 2485 honoratis,
3501 2432 3557 2476 et
3629 2439 3698 2475 ne

2116 2511 2376 2566 uideretur
2427 2507 2535 2564 Deo
2583 2509 2879 2574 adversari,
2917 2517 2974 2562 ut
3020 2509 3094 2563 ait
3147 2508 3429 2581 theologus
3469 2514 3693 2585 Grego-

2115 2604 2249 2656 rius.

2185 2693 2474 2748 Enimvero
2519 2704 2799 2749 ostensum
2851 2704 2934 2752 est
2964 2697 3122 2751 etiam
3173 2696 3543 2751 conversionis
3598 2711 3692 2750 ra-

2117 2788 2283 2849 tione,
2313 2787 2437 2856 quia
2481 2785 2694 2843 Patrem
2735 2790 2800 2842 ad
2844 2788 3016 2844 solum
3044 2788 3240 2843 Filium
3283 2791 3574 2844 conferens
3604 2789 3696 2842 vir

2117 2889 2334 2934 sanctus
2367 2880 2466 2933 hoc
2491 2879 2597 2944 ait;
2633 2894 2754 2934 cum
2785 2879 3016 2935 dixisset
3051 2880 3195 2933 enim
3223 2897 3236 2933 :
3271 2877 3697 2948 Supersubstan—

2119 2969 2265 3042 tialis
2303 2970 2442 3023 enim
2473 2971 2667 3024 divina:
2709 2971 3064 3040 generationis
3100 2987 3179 3024 res
3225 2987 3327 3024 non
3377 2978 3694 3025 convertunt

442 3066 498 3109 et
551 3057 755 3121 Pater;
795 3057 868 3111 ita
926 3057 1071 3113 enim
1111 3059 1160 3112 ei
1217 3058 1390 3114 visum
1450 3071 1552 3125 est,
1603 3070 1660 3118 et
1706 3063 1834 3128 alia,
1892 3077 2084 3138 quzec
2118 3063 2186 3113 ad
2235 3059 2490 3124 invicem;
2563 3061 2710 3114 solus
2765 3072 2940 3114 autent
2990 3060 3107 3128 fons
3159 3063 3692 3128 supersubs‘tantialis

446 3151 590 3219 praui
597 3152 699 3204 icta
755 3159 904 3205 sunt.

516 3243 623 3295 Sed
678 3243 778 3296 ista
833 3243 1054 3312 quidem
1115 3241 1414 3309 sufﬁciunt,
1463 3243 1626 3298 etiam
1671 3246 1714 3298 si
1756 3247 2015 3315 magister

445 3334 688 3393 dixisset.
748 3348 813 3388 ex
848 3333 982 3388 Filio
1025 3350 1128 3389 non
1164 3350 1284 3389 esse
1337 3336 1620 3406 Spiritum.
1673 3336 1824 3392 Nunc
1867 3354 2014 3402 vero,

445 3442 573 3478 non-
603 3427 677 3480 ita
717 3425 872 3486 dixit,
917 3425 1088 3480 solum
1131 3443 1144 3479 :
1182 3425 1260 3478 Eas
1312 3425 1454 3480 Filio
1493 3439 1668 3482 autem
1725 3446 1832 3484 non
1883 3429 2020 3484 dici-

443 3531 580 3580 mus;
645 3517 745 3570 hoc
779 3525 958 3570 autem
994 3517 1139 3570 nulla
1178 3519 1387 3572 ratione
1433 3520 1767 3575 contrarium
1821 3533 1904 3596 est
1941 3521 2017 3584 ei,

443 3605 590 3674 quod
641 3622 762 3661 esse
813 3622 880 3662 ex
927 3608 1065 3663 Filio
1113 3610 1329 3666 dicitur.
1401 3610 1756 3668 Communem
1810 3616 2012 3685 quippe

447 3707 653 3751 tantum
697 3714 852 3752 usum
891 3715 985 3767 per
1023 3701 1124 3757 hoc
1177 3702 1360 3756 tradit.
1405 3702 1463 3757 Si
1514 3704 1679 3773 igitur
1735 3720 1798 3759 ea
1849 3721 2016 3775 expo-

444 3790 640 3844 sitione
671 3804 940 3861 suscepta,
977 3810 1137 3862 quam
1183 3794 1338 3850 multi
1379 3796 1584 3860 volunt,
1637 3777 1864 3864 plurima
1899 3813 2019 3864 qute

443 3893 570 3936 sunt
603 3895 738 3948 rata,
772 3886 1171 3949 convellantur,
1203 3897 1256 3940 et
1287 3902 1459 3956 neque
1494 3890 1618 3956 ipse
1667 3889 1795 3953 sibi,
1843 3904 2017 3958 neque

445 3976 567 4029 aliis
614 3989 738 4031 ante
789 3993 846 4032 se
898 3959 1210 4031 doctoribus
1250 3978 1568 4043 concordat,
1610 3991 1791 4033 nostra
1835 3990 2015 4035 autem

444 4069 826 4134 explmatioue
865 4070 1128 4130 admissa,
1161 4068 1294 4122 nihil
1331 4070 1435 4122 tale
1465 4071 1756 4139 contingit,
1795 4087 2015 4125 corum-

443 4176 546 4224 que
582 4174 702 4225 quae
737 4169 849 4211 rata
899 4169 1048 4224 sunt,
1093 4159 1226 4213 nihil
1271 4161 1493 4215 omnino
1526 4161 1727 4216 decidit
1758 4178 1777 4216 :
1809 4174 2018 4219 constat

447 4252 716 4318 profecto,
756 4251 895 4305 hanc
939 4265 1061 4306 esse
1113 4267 1293 4306 veram
1341 4253 1758 4320 expositionem,
1795 4254 2013 4309 illorum

448 4352 626 4392 autem
696 4339 884 4396 falsam
933 4350 988 4396 et
1044 4343 1416 4408 rejiciendam.
1476 4343 1553 4398 Ex
1610 4346 1806 4414 quibus
1851 4348 2012 4402 etiam

445 4433 647 4483 dicitur
699 4433 844 4485 verbi
875 4433 1016 4486 illius
1047 4434 1187 4487 beati
1221 4434 1460 4506 Dionysii
1494 4439 1716 4503 solutio,
1748 4454 1857 4508 quo
1887 4440 1966 4494 ait
1997 4457 2011 4494 :

445 4523 600 4576 Solus
641 4524 758 4590 fons
808 4524 1326 4590 supersubstantialis
1389 4527 1614 4582 Deitatis
1667 4530 1828 4584 Pater
1889 4543 2014 4594 est;

445 4617 658 4681 qualem
713 4616 858 4670 enim
923 4615 1126 4672 fontem
1176 4632 1406 4686 magnus
1449 4620 1552 4674 iste
1614 4631 1766 4688 pater
1809 4621 1920 4674 Deo
1960 4632 2014 4676 et

446 4706 590 4758 Patri
657 4695 854 4773 reddit,
910 4719 1037 4764 ante
1093 4725 1252 4778 quem
1310 4711 1441 4765 nihil
1507 4712 1795 4780 cogitatur,
1854 4714 2011 4768 talem

449 4781 815 4854 Dat-sasmenus
868 4802 919 4855 in
981 4801 1117 4855 Filio
1175 4802 1426 4874 denegat.
1489 4806 1626 4858 Ante
1685 4803 1829 4859 hunc
1871 4806 2013 4860 enim

449 4903 602 4957 pater
643 4893 930 4958 cogitatur.
972 4893 1040 4948 Et
1095 4904 1286 4948 rursus
1347 4894 1653 4962 huiusmodi
1713 4911 1932 4949 causam
1986 4912 2012 4948 a

453 4981 585 5034 Fdio
637 4981 872 5038 Joannes
922 4984 1118 5049 aufert,
1164 4987 1377 5055 qualem
1427 4987 1761 5056 Augustinus
1797 4985 2014 5040 Patrem

447 5075 603 5136 tlixit,
652 5076 1000 5142 principalem
1034 5077 1206 5146 ipsum
1240 5093 1457 5134 causam
1496 5080 1775 5148 appellans
1804 5097 1819 5132 '.
1855 5077 2018 5132 Prin-

445 5167 694 5235 cipatitcr
727 5167 888 5228 enim,
933 5168 1028 5232 ait,
1084 5183 1149 5222 ea:
1200 5168 1362 5223 Patre
1392 5166 1398 5170 ’
1424 5171 1695 5236 procedere
1757 5167 2017 5238 Spiritum

445 5270 712 5328 sanctum;
770 5273 823 5316 et
868 5263 1113 5318 addidit:
1176 5263 1554 5332 Principaliter
1605 5273 1784 5318 autem
1831 5264 2017 5326 dixit,,

445 5357 691 5422 quoniam
745 5366 794 5409 et
853 5371 916 5410 ea:
953 5353 1093 5411 Filio
1135 5355 1239 5410 Deo
1294 5355 1527 5424 Spiritus
1587 5357 1847 5410 invenitur
1891 5371 2019 5424 pro-

449 5448 647 5501 cedere.
1685 5514 1688 5522 ,

523 5540 744 5593 Funtcm
775 5555 905 5610 ergo
935 5542 1108 5597 sancti
1148 5539 1380 5606 Spiritus
1405 5548 1459 5593 et
1493 5539 1684 5596 Filium
1715 5556 1744 5592 a
1779 5539 2020 5594 doctori-

449 5631 552 5685 bus
582 5632 683 5684 dici
718 5649 877 5699 supra
910 5631 1272 5688 thoust'ratum
1319 5642 1425 5686 est.
1465 5631 1568 5685 Sed
1606 5632 1860 5699 quoniam
1891 5641 2015 5684 ante

453 5725 648 5780 Filium
680 5726 895 5793 quidem
925 5726 1084 5780 Pater
1113 5725 1406 5793 cogitatur,
1439 5734 1563 5779 ante
1599 5722 1815 5778 Patrem
1841 5731 2019 5776 autem

2119 3151 2331 3206 deitatis
2365 3151 2524 3204 Pater
2551 3161 2653 3214 est,
2682 3151 2886 3205 addidit
2918 3167 2933 3204 :
2986 3150 3119 3205 Cum
3151 3168 3252 3206 non
3294 3152 3361 3206 sit
3390 3150 3555 3205 Pater
3593 3150 3693 3203 Fi-

2119 3244 2245 3304 lius.
2272 3259 2435 3312 neque
2461 3240 2635 3296 Filius
2665 3244 2731 3296 sit
2759 3241 2937 3306 Pater,
2966 3253 3016 3296 et
3046 3243 3233 3297 diuina
3262 3258 3383 3297 vero
3407 3244 3683 3311 generatio

2118 3337 2216 3390 hoc
2265 3337 2456 3405 signat,
2510 3343 2566 3388 et
2600 3348 2720 3403 quat
2766 3334 2867 3388 alia
2918 3334 3173 3403 praedicta
3228 3343 3377 3390 sunt.
3414 3333 3691 3389 Tenemus

2121 3431 2300 3498 itaque
2336 3428 2577 3482 doctoris
2625 3425 3000 3492 intentionem,
3029 3425 3136 3480 alio
3164 3439 3230 3479 ex
3275 3428 3393 3481 loco
3422 3425 3524 3481 sibi
3556 3426 3688 3495 ipsi,

2120 3535 2185 3575 ac
2218 3519 2534 3574 doctoribus
2581 3518 2795 3573 caeteris
2825 3517 3176 3583 concordem,
3227 3517 3320 3585 qui
3370 3526 3496 3570 sunt
3537 3517 3689 3586 ejus-

2119 3615 2240 3666 dem
2271 3611 2471 3674 meriti,
2495 3611 2628 3665 etin
2660 3617 2972 3665 sanctorum
3002 3616 3148 3664 coetu
3179 3609 3344 3663 nihilo
3370 3608 3685 3662 inferiores.
3715 3603 3722 3608 ’

2124 3702 2192 3758 Ut
2223 3713 2403 3757 autem
2430 3703 2651 3768 quidam
2699 3701 2906 3761 volunt.
2939 3701 3276 3755 contrarium
3305 3697 3526 3753 omnino
3553 3714 3686 3752 con-

2122 3793 2376 3862 tingeret.
2430 3790 2654 3846 Fontem
2711 3791 2911 3860 quippe
2962 3790 3142 3845 sancti
3197 3789 3428 3856 Spiritus
3485 3788 3685 3842 Filium

2119 3882 2302 3937 dicere
2331 3881 2486 3951 juxta
2517 3881 2786 3936 invectum
2813 3880 2882 3935 ab
2909 3882 2990 3935 eis
3021 3880 3316 3934 secundum
3349 3893 3684 3948 processum.

2119 3979 2178 4026 ut
2209 3987 2407 4027 vanum
2464 3986 2529 4026 ac
2585 3972 2837 4040 plurimis
2885 3970 3314 4026 absurditatihus
3364 3968 3684 4030 obnoxium.

2119 4080 2278 4132 supra
2313 4065 2648 4120 confutatam
2682 4072 2786 4119 est.

2189 4155 2256 4210 Et
2296 4166 2446 4210 certe
2483 4170 2590 4209 non
2618 4155 2792 4211 solum
2830 4155 3032 4210 fontem
3069 4155 3240 4210 sancti
3272 4154 3530 4223 Spiritus,
3571 4167 3688 4206 ma-

2124 4262 2262 4316 gnus
2291 4247 2619 4301 Athanasius
2665 4247 2860 4301 Filium
2905 4247 3065 4308 dixit.
3115 4249 3210 4306 sed
3257 4255 3312 4300 et
3356 4246 3528 4299 solum
3559 4258 3682 4299 eum

2123 4339 2260 4393 dixit
2288 4339 2462 4393 sancti
2495 4337 2733 4407 Spiritus
2781 4337 3007 4393 fontem.
3041 4336 3406 4392 Theodoritus
3434 4335 3578 4388 enim
3627 4335 3679 4387 in

2048 4404 2091 4460 θ
2120 4445 2157 4483 ιι
2194 4430 2332 4485 libro
2372 4444 2484 4485 sua:
2530 4404 2917 4484 Ecclesiastica
2946 4430 3205 4492 historice,
3245 4442 3366 4494 cap.
3394 4427 3488 4490 25,
3522 4423 3686 4479 infert

2117 4522 2404 4590 epistol-am
2439 4522 2618 4589 magni
2651 4522 2936 4576 Athanasii
2967 4522 3033 4574 ad
3059 4520 3220 4574 Afros
3251 4519 3318 4572 de
3352 4516 3719 4586 Ariminensi'r

2121 4616 2370 4677 concilio,
2406 4614 2458 4667 in
2494 4628 2622 4682 qua,
2657 4613 2727 4666 ita
2776 4613 3040 4681 scriptum
3072 4611 3346 4667 invenitur
3375 4629 3387 4663 :
3426 4609 3556 4674 Quis
3583 4625 3682 4661 art-

2123 4717 2221 4760 tem
2249 4707 2329 4758 his
2370 4705 2616 4774 congredi
2641 4696 2760 4758 uelit
2792 4705 3115 4767 hominibus,
3143 4703 3232 4772 qui
3271 4717 3432 4769 neque
3471 4717 3568 4754 sua
3601 4717 3689 4753 su-

2120 4799 2386 4868 scipiunt?
2439 4795 2580 4850 Nam
2632 4798 2686 4850 in
2745 4796 2920 4850 decem
2972 4795 3185 4850 illorum
3231 4805 3280 4848 et
3323 4793 3585 4860 pluribus,
3634 4803 3686 4844 nt

2122 4892 2486 4957 pradiximus,
2541 4890 2776 4958 synodis,
2834 4888 2972 4942 alias
3024 4889 3133 4941 alia
3191 4886 3495 4950 scribentes,
3555 4886 3685 4939 satis

2123 4984 2410 5045 evidenter,
2443 4983 2748 5042 ostendunt,
2769 4997 2823 5034 se
2854 4982 3093 5051 singulas
3121 4979 3340 5032 illarum
3369 4979 3684 5047 improbare.

2126 5072 2420 5126 Patiuntur
2475 5079 2651 5124 autem
2704 5072 2820 5135 hoc,
2870 5069 3010 5138 quod
3060 5077 3109 5123 et
3145 5067 3329 5122 Judaei
3383 5076 3504 5120 tunc
3548 5067 3692 5138 passi

2123 5173 2265 5217 sunt.
2303 5159 2373 5216 Ut
2421 5160 2560 5215 enim
2611 5160 2692 5213 illi
2721 5158 2888 5212 solum
2937 5157 3134 5226 fontem
3162 5173 3313 5222 aqua:
3359 5157 3488 5210 sitne
3529 5155 3690 5208 relin-

2121 5265 2356 5326 quentes,
2413 5254 2660 5323 foderunt
2711 5252 2811 5306 sibi
2871 5251 3043 5315 lacus,
3103 5250 3191 5319 qui
3253 5265 3355 5302 non
3410 5256 3686 5313 potuerunt

2124 5367 2317 5424 aquam
2351 5349 2656 5404 continere:
2682 5348 2936 5415 scriptum
2973 5354 3051 5400 est
3079 5357 3256 5398 autem
3295 5343 3438 5411 apud
3468 5343 3690 5411 prophe-

2126 5453 2234 5499 tam
2289 5443 2596 5506 Jeremiam;
2689 5440 2766 5492 ita
2824 5447 2874 5491 et
2941 5437 3031 5490 isti
3093 5445 3384 5506 pugnantes
3442 5435 3687 5486 adversus

2125 5534 2471 5591 uniuersalem
2498 5532 2776 5602 synodum,
2821 5530 3068 5598 [oderunt
3113 5527 3216 5580 sibi
3250 5526 3477 5598 synodos
3521 5525 3689 5596 pluri-

2129 5647 2265 5684 mas.

2203 5722 2310 5777 Sed
2358 5730 2412 5775 et
2459 5719 2514 5774 iu
2563 5719 2702 5774 libro
2739 5718 2940 5775 Contra
2977 5717 3228 5780 Ariauos,
3280 5731 3504 5785 magnus
3551 5713 3688 5769 idem
