4114 6306
411 114 502 178 161

1491 134 1897 196 ADVERSUS
1936 135 2245 198 GR/ECOS
2286 140 2430 201 LIB.
2468 143 2582 202 ιιι.

3542 158 3645 221 162

401 229 728 284 Athanasius
758 231 1097 290 Salvatorem
1128 239 1299 294 solum
1332 241 1572 313 Spiritus
1603 245 1777 300 sancti
1806 244 1968 314 largi-
1996 248 2047 307 Α
2073 246 2254 300 tione:
2310 252 2434 319 quia
2480 254 2715 323 scripsit,
2761 273 2863 311 non
2895 259 3010 312 sine
3038 260 3198 328 primi
3232 267 3401 325 patris
3433 282 3645 331 perraro

401 329 572 371 torem
606 335 729 374 esse
760 325 834 374 ait
866 326 1052 380 dicens
1092 347 1105 379 ι
1154 328 1217 382 Et
1250 341 1434 386 contra
1474 332 1724 388 Salvator
1749 351 1867 388 cum
1903 336 1969 389 sit

410 408 572 474 Deus,
594 420 642 462 et
664 414 808 479 regni
834 413 1008 470 Patris
1030 434 1231 484 semper
1252 422 1519 489 imperans
1543 423 1777 492 Spiritus
1801 428 1971 479 sancti

318 520 327 527 ί
406 500 627 570 largitor
673 506 817 557 solus
865 520 962 561 est.
1008 508 1134 565 Haec
1170 512 1337 580 igitur
1384 529 1449 569 ex
1484 516 1777 569 abundanti
1827 516 1969 570 dicta

402 603 544 654 Sunt,
579 598 645 646 ad
681 582 1073 654 ostendendum
1105 618 1123 660 :
1151 604 1277 672 quia
1303 615 1359 659 et
1397 604 1564 661 Filius
1590 608 1763 663 sancti
1794 606 1969 678 Spiri-

398 694 485 737 tus
518 685 637 741 fons
666 688 841 743 dictus
874 692 963 745 sit.

467 776 524 831 Si
558 780 723 849 igitur
753 784 999 837 doctores
1040 786 1145 841 sibi
1177 788 1333 855 ipsis,
1380 800 1543 859 atque
1576 792 1803 846 invicem
1834 807 1966 847 con-

398 870 589 923 cordes
635 886 758 926 esse
804 875 1115 930 necessario
1162 876 1438 933 latendum
1492 890 1597 946 est,
1647 882 1748 936 hoc
1786 892 1966 935 autem

400 977 539 1015 nunc
577 966 811 1019 maxime
840 965 920 1026 lit.
955 968 1197 1037 nihilque
1224 985 1612 1026 concessorum
1650 975 1963 1044 dogmatum

398 1062 568 1115 nutat,
601 1055 685 1107 his
718 1056 789 1108 ita
824 1057 1108 1126 expositis,
1153 1071 1209 1115 ut
1235 1062 1437 1116 dictum
1474 1074 1597 1131 est;
1627 1065 1760 1120 alias
1785 1078 1962 1122 autem

397 1151 582 1195 contra
643 1145 859 1211 penitus
894 1148 1187 1218 contingit;
1239 1152 1461 1205 evidens
1516 1155 1761 1222 proiecto
1793 1159 1961 1213 docu-

399 1241 636 1286 mentum
669 1245 776 1297 est,
808 1236 946 1290 hanc
972 1239 1187 1305 quidem
1218 1243 1607 1307 expositionem
1636 1260 1817 1300 veram
1842 1262 1963 1302 esse

397 1323 588 1386 solam,
616 1339 913 1395 omnesque
947 1337 1141 1397 praeter
1174 1332 1353 1395 istam,
1387 1334 1551 1387 falsas
1584 1350 1727 1389 esse.

466 1412 622 1467 Patet
656 1419 783 1469 item
814 1418 943 1473 dicti
981 1420 1125 1475 illius
1156 1422 1371 1487 solutio,
1414 1426 1555 1492 quod
1603 1428 1784 1494 posuit
1824 1428 1958 1484 Gre-

396 1506 572 1573 gorius
613 1508 932 1576 theologus:
970 1510 1159 1565 Omnia
1198 1514 1419 1575 scilicet,
1444 1531 1561 1584 quia
1591 1516 1741 1570 habet
1782 1516 1961 1581 Pater,

2077 353 2192 391 esse
2246 339 2549 409 Dominum,
2587 346 2641 397 in
2694 358 2949 412 quantum
2999 354 3151 402 homo
3183 362 3318 407 erat.
3380 356 3443 407 Et
3472 363 3643 425 primo

2073 430 2283 497 quidem
2333 438 2617 486 concordes
2674 436 3031 492 Romanorum
3088 444 3312 498 Patrum
3373 452 3643 515 protulere

2071 523 2382 577 sententias.
2416 524 2607 593 Cyrilli
2654 544 2857 597 quoque
2911 529 3262 591 Alexandrini
3321 539 3374 592 in
3434 545 3642 608 exposi-

2072 612 2214 665 tione
2254 628 2414 679 super
2455 615 2678 668 Joannis
2710 614 3075 688 Evangelium,
3116 637 3179 674 ex
3205 625 3391 691 quibus
3443 633 3641 697 seipsos

2072 720 2175 756 non
2227 702 2432 757 Filium
2486 706 2717 775 Spiritus
2770 726 2989 765 causam
3043 712 3219 781 facere
3278 721 3637 776 ostenderunt.

2071 791 2243 847 Unam
2269 796 2405 848 enim
2445 811 2698 851 noverunt
2732 798 2864 853 Filii
2904 813 2949 855 et
2980 802 3211 872 Spiritus
3242 825 3353 861 esse
3379 827 3591 865 causam
3619 831 3637 866 :

2068 884 2292 937 alterius
2345 889 2556 954 quidem
2612 893 2897 944 secundum
2957 900 3377 964 processionem;
3442 906 3531 957 sed
3580 917 3636 959 ut

2066 990 2159 1042 per
2206 976 2377 1043 ipsum
2427 982 2703 1047 procedere
2767 984 3128 1051 insinuarent;
3188 992 3367 1061 sicque
3413 996 3635 1063 conjun-

2066 1069 2291 1122 ctionem
2315 1073 2576 1138 essentia,
2597 1083 2647 1126 et
2677 1075 3266 1136 incommutabilitatem
3301 1091 3635 1141 commenda-

2066 1170 2199 1213 rent.

2136 1250 2323 1319 Itaque
2353 1257 2495 1322 quod
2549 1268 2771 1314 sanctus
2821 1260 3053 1332 Cyrillns
3101 1266 3347 1335 plurimis
3393 1271 3445 1323 in
3500 1275 3634 1326 locis

2066 1338 2327 1408 Spiritum
2360 1354 2608 1400 sanctum
2642 1364 2705 1403 ex
2739 1350 2877 1423 Filio
2908 1355 3051 1409 sicut
3079 1359 3240 1411 etiam
3273 1375 3334 1414 es
3370 1361 3529 1417 Patre
3552 1365 3634 1417 di—

2064 1439 2173 1493 cat,
2200 1447 2432 1500 emnque
2462 1450 2527 1489 ex
2558 1436 2693 1492 Filio
2722 1454 2842 1495 esse
2876 1452 2930 1496 et
2960 1460 3057 1513 per
3090 1447 3291 1515 ipsum,
3317 1460 3369 1503 et
3415 1468 3476 1504 ex
3515 1454 3633 1522 ipso

2065 1522 2385 1577 naturaliter
2414 1528 2733 1593 procedere.
2763 1542 2817 1585 et
2849 1534 2973 1601 quia
3024 1552 3118 1603 per
3169 1538 3344 1606 ipsum
3376 1544 3629 1609 profusus

392 1612 499 1648 esse
531 1595 685 1661 lt'itii,
722 1612 917 1665 pra-ter
944 1618 1183 1657 causam.
1216 1602 1368 1657 Sicut
1403 1606 1547 1659 enim
1582 1607 1736 1661 divus
1768 1609 1961 1679 Diony-
1995 1632 2037 1688 Β
2068 1612 2391 1668 naturaliter
2438 1618 2710 1685 propriam
2748 1595 2902 1677 nobis
2953 1595 3283 1684 subtantiam
3321 1595 3523 1703 signat.
3572 1648 3629 1691 ct

394 1689 502 1740 sius
530 1687 745 1743 Patrem
781 1693 847 1744 ad
881 1692 1057 1747 solum
1094 1694 1287 1749 Filium
1321 1697 1607 1752 conferens
1641 1700 1794 1769 juxta
1826 1716 1959 1755 con-

394 1780 661 1835 versionis
723 1784 1011 1849 rationem,
1065 1786 1275 1841 Patrem
1340 1789 1513 1841 soium
1571 1790 1771 1845 fontem
1827 1792 1961 1846 dixit

393 1871 521 1939 (non
580 1874 722 1927 enim
777 1886 860 1930 est
918 1876 1087 1932 Filius
1144 1880 1267 1935 fons
1329 1881 1549 1951 Patris),
1591 1900 1767 1953 neque
1812 1886 1955 1940 enim

392 1968 727 2020 convertitur
752 1981 767 2019 :
796 1968 867 2021 ita
899 1979 952 2023 et
990 1986 1233 2027 summus
1262 1974 1349 2028 hic
1379 1974 1484 2038 vir,
1517 1986 1714 2043 praeter
1736 1992 1955 2031 causam

394 2056 591 2111 habere
622 2056 816 2112 Filium
849 2059 1027 2116 Patris
1053 2064 1234 2119 omnia
1271 2065 1441 2129 dixit;
1470 2081 1688 2121 causam
1722 2070 1954 2131 scilicet,

393 2159 550 2213 quam
591 2147 755 2205 habet
790 2152 855 2202 ad
887 2150 1105 2218 Filium,
1144 2153 1328 2209 Pater.
1381 2156 1660 2225 Siquidem
1689 2158 1834 2212 enim
1868 2174 1956 2213 ar-

393 2238 657 2291 bitrantur
699 2254 795 2309 per
828 2241 951 2305 hoc,
983 2253 1229 2298 sanctum
1262 2247 1459 2310 virum,
1499 2248 1699 2303 nullam
1734 2250 1955 2304 omnino

390 2339 607 2380 causam
631 2326 770 2384 Filio
798 2333 1046 2396 reddere.
1075 2333 1355 2391 falluntur.
1394 2336 1514 2406 ipse
1537 2338 1682 2392 enim
1718 2348 1827 2405 est,
1862 2339 1954 2408 qui

390 2416 463 2471 ait
500 2435 516 2474 :
551 2418 636 2472 Ea:
678 2422 936 2490 principio
961 2425 1296 2493 principium.
1337 2428 1476 2495 Quin
1510 2441 1562 2485 et
1599 2431 1652 2485 in
1679 2432 1949 2496 oratione,

388 2524 546 2579 quam
605 2511 734 2567 iacit
783 2513 851 2569 ad
897 2514 1203 2582 Christum,
1252 2518 1325 2571 ita
1378 2520 1653 2577 inchoavit
1704 2524 1892 2581 dicens
1936 2545 1948 2579 :

390 2600 458 2655 Te
493 2619 631 2656 nunc
653 2620 853 2673 quoque
879 2606 1253 2673 benedicimus,
1278 2610 1482 2666 Christe
1510 2631 1675 2681 meus,
1709 2616 1953 2682 Verbum,

384 2694 558 2746 sancti
602 2692 832 2761 Spiritus
881 2698 993 2752 sine
1038 2700 1297 2768 principio
1329 2714 1585 2761 servator.
1619 2706 1791 2772 Quam
1826 2722 1954 2777 ergo

386 2785 549 2837 habet
580 2784 744 2838 Pater
771 2787 837 2840 ad
867 2787 1060 2842 Filium
1097 2804 1313 2846 causam
1347 2792 1594 2848 indicare
1632 2796 1824 2861 voluit;
1857 2798 1953 2851 alio

387 2889 465 2929 ter
500 2876 703 2947 quippe
757 2879 857 2933 sibi
895 2880 998 2947 ipsi
1036 2897 1140 2936 non
1188 2897 1531 2952 congrueret,
1576 2889 1952 2960 sententiaque

386 2968 545 3022 fallax
581 2969 873 3024 videretur.
911 2969 1101 3027 Dicere
1157 2975 1301 3030 enim
1339 2987 1533 3047 praeter
1558 2994 1799 3037 causam.
1829 2959 1945 3034 om-
1974 2959 2019 3021 ο
2049 2994 2115 3033 ex
2151 2978 2290 3035 Filio
2322 2979 2586 3051 Spiritum
2639 2988 2933 3054 procedere
2985 2986 3225 3043 fatentur

387 3076 503 3115 nem
552 3076 775 3116 causam
815 3063 1116 3121 auferentis
1161 3081 1285 3123 esse
1337 3070 1558 3135 volunt;
1617 3072 1717 3126 hoc
1768 3082 1946 3127 autem

387 3152 573 3206 falsum
641 3163 745 3209 est.
782 3154 873 3209 Vel
913 3169 1281 3213 creaturarum
1357 3163 1502 3216 enim
1567 3164 1740 3231 ipsum
1802 3176 1949 3217 certe

385 3260 599 3300 causam
637 3246 839 3301 dicent.
884 3249 1190 3305 Attestatur
1214 3250 1299 3305 his
1324 3265 1380 3307 et
1408 3254 1522 3321 ipse
1556 3256 1742 3308 dicens
1773 3272 1788 3309 :
1818 3256 1945 3308 Om-

388 3339 471 3390 nia
504 3355 619 3405 qua:
652 3339 805 3393 habet
838 3338 1022 3406 Pater,
1057 3340 1185 3395 Filii
1218 3354 1338 3397 sunt
1372 3356 1568 3413 praeter
1593 3359 1846 3411 causam;
1893 3358 1948 3401 et

386 3434 561 3483 omnia
600 3447 718 3499 quae
752 3432 914 3487 habet
948 3432 1139 3497 Filius.
1170 3435 1403 3501 Spiritus
1435 3436 1607 3491 sancti
1635 3448 1783 3501 sunt,
1814 3454 1947 3507 prte-

388 3531 465 3572 ter
495 3523 857 3577 nativitatem.

449 3615 675 3669 Constat
710 3630 841 3685 ergo
871 3619 996 3687 quia
1021 3619 1242 3673 Patrem
1280 3620 1343 3673 ad
1369 3618 1560 3673 Filium
1586 3634 1940 3687 comparans;

384 3716 574 3768 prmter
610 3712 851 3773 causam,
883 3709 1040 3774 dixit,
1066 3724 1228 3778 quam
1266 3709 1478 3786 scilicet
1505 3710 1668 3766 habet
1691 3709 1852 3766 Pater
1876 3714 1939 3767 ad

383 3796 597 3863 Filium,
630 3799 772 3854 sicut
804 3809 859 3855 et
882 3802 1021 3869 quod
1051 3800 1319 3877 sequitur,
1351 3800 1612 3870 Spiritum
1648 3803 1712 3855 ad
1746 3802 1939 3857 Filium

381 3892 746 3958 comparantis
809 3901 914 3963 cst,
966 3893 1285 3947 relationem
1344 3892 1555 3947 illorunt
1606 3894 1673 3948 ad
1710 3895 1940 3951 invicem

383 3982 741 4049 inspiciendis,
785 3983 1077 4036 secundum
1112 3983 1325 4037 illorum
1352 3987 1604 4054 proprios
1629 4001 1937 4053 processus.

385 4070 568 4124 Dicere
619 4089 869 4141 namque,
927 4072 1184 4141 Spiritum
1247 4075 1445 4129 habere
1500 4078 1678 4131 omnia
1745 4089 1941 4145 prazter

382 4166 735 4229 nativita'cm,
770 4166 900 4217 nihil
934 4166 1079 4219 aliud
1102 4167 1394 4234 signiﬁcat,
1426 4170 1529 4223 nisi
1554 4180 1749 4238 prtetcr
1775 4186 1936 4240 quam

383 4256 744 4309 immediatum
778 4272 839 4311 ex
876 4254 1031 4311 Patre
1063 4260 1438 4327 esse;u_uippe
1470 4275 1588 4313 cum
1616 4258 1784 4315 Filius
1819 4263 1940 4329 qui-

380 4346 493 4396 dem
525 4361 589 4399 ex
642 4346 797 4399 Patre
829 4348 946 4401 sine
993 4348 1171 4400 medio
1207 4348 1295 4412 sit,
1344 4349 1497 4417 juxta
1552 4352 1937 4420 proprietatem

379 4453 553 4500 suam,
582 4447 803 4491 sanctus
830 4449 1008 4490 autem
1056 4436 1291 4505 Spiritus
1322 4452 1385 4490 ex
1429 4438 1587 4495 Patre
1616 4458 1709 4509 per
1742 4441 1936 4495 Filium

380 4530 652 4593 procedat,
688 4529 940 4597 quocirca
972 4542 1142 4596 neque
1171 4530 1523 4593 convertitur,
1552 4533 1803 4599 quoniam
1844 4549 1937 4587 ne-
1968 4577 1981 4587 .

336 4660 347 4667 .
378 4635 474 4683 que
505 4637 787 4687 processus
820 4620 916 4686 illi,
956 4630 1007 4673 et
1039 4630 1441 4689 consequenter
1483 4637 1655 4690 neque
1687 4626 1940 4678 substan-

380 4708 523 4760 tialia
555 4720 969 4764 convertuntur.
1017 4710 1080 4764 Et
1113 4726 1179 4764 ex
1226 4710 1327 4765 hoc
1382 4711 1547 4780 igitur
1578 4712 1709 4768 nihil
1757 4729 1853 4782 pro
1880 4729 1940 4768 se

375 4800 720 4854 concludunt.

404 4874 409 4891 ’
448 4890 645 4944 Eadem
698 4910 814 4946 vero
850 4896 1077 4959 ratione,
1111 4912 1176 4950 ne
1221 4896 1274 4950 id
1304 4896 1517 4965 quidem
1550 4896 1659 4952 illis
1702 4897 1938 4966 opitula-

380 4989 483 5045 lur,
514 4986 656 5048 quod
707 4984 781 5037 ait
829 4998 1048 5039 sanctus
1102 4984 1369 5040 Maximus
1400 4985 1452 5038 in
1510 4984 1678 5055 Epist.
1718 4988 1781 5039 ad
1820 4987 1936 5040 Ma-

385 5075 555 5125 rinum
608 5076 678 5126 ita
712 5077 953 5130 scribens
988 5094 1000 5130 :
1039 5076 1424 5144 Synodicorum
1460 5077 1620 5144 igitur
1665 5087 1937 5143 pra'sentts

379 5167 694 5221 sanctissimi
748 5166 929 5233 Papar,
958 5184 1058 5219 non
1101 5177 1172 5219 tot
1221 5167 1448 5232 capitula
1479 5176 1601 5234 Quot
1632 5168 1935 5233 scripsiﬂit.

381 5258 738 5323 rrpudiarunt,
775 5261 862 5326 qui
908 5260 960 5309 in
1000 5261 1140 5327 regia
1181 5258 1390 5311 rititate
1416 5268 1785 5310 convenerunt.
1820 5258 1934 5312 Duo

379 5363 548 5401 autem
579 5350 710 5412 sola,
764 5368 983 5419 quarunt
1029 5350 1257 5402 alterunt
1310 5348 1518 5416 quidem
1573 5350 1635 5400 de
1678 5348 1930 5417 theologia

380 5445 624 5495 continet.
682 5443 840 5505 Quia,
872 5444 1075 5504 inquit,
1112 5444 1267 5493 etiam
1332 5455 1395 5491 ea:
1452 5436 1594 5491 Filio
1659 5440 1930 5504 procedere

383 5534 633 5600 Spiritum
685 5552 723 5587 SI
750 5551 941 5593 mnum,
982 5539 1201 5585 altrum:
1241 5549 1352 5584 rem
1389 5534 1449 5582 de
1480 5534 1653 5582 dit-ina
1688 5533 1925 5582 iurarun-

2064 1716 2183 1771 qua:
2211 1704 2357 1769 talia,
2387 1707 2519 1761 satis
2549 1724 2713 1778 supra
2744 1712 3074 1771 declaratum
3126 1732 3228 1775 est.
3276 1724 3381 1778 Sed
3426 1738 3480 1781 et
3524 1729 3628 1781 Ro-

2063 1809 2348 1848 manorum
2396 1798 2699 1864 doctorum,
2749 1801 2936 1859 Hilarii
2986 1810 3218 1878 scilicet,
3267 1816 3538 1871 Ambrosii
3574 1831 3628 1872 et

2061 1885 2349 1953 Augustini
2387 1889 2532 1945 dicta
2588 1893 2714 1947 huic
2752 1900 3049 1965 sententia
3084 1916 3321 1972 congrtta
3360 1908 3627 1975 produxe—

2062 1984 2222 2041 runt;
2254 1979 2344 2045 qui
2375 1990 2427 2033 et
2456 1996 2523 2035 es
2564 1981 2703 2038 Filio
2740 1990 3032 2053 procedere
3063 1988 3327 2057 Spiritum
3374 2006 3624 2051 sanctum

2061 2068 2277 2123 docent.
2329 2069 2455 2125 "ac
2482 2082 2661 2127 autent
2706 2077 2925 2142 mirum,
2953 2094 2997 2133 st
3049 2096 3157 2136 non
3193 2084 3355 2138 etiam
3404 2103 3625 2142 causam

2061 2158 2324 2213 insinuat.
2377 2161 2449 2215 Ea
2490 2164 2633 2217 enim
2686 2168 2919 2230 ratione.
2956 2181 3015 2225 ut
3052 2172 3213 2227 datur
3247 2175 3493 2247 intelligi,
3532 2196 3630 2234 ne-

2057 2258 2162 2316 que
2193 2263 2317 2304 cum
2353 2266 2416 2306 cx
2456 2255 2564 2309 Deo
2590 2270 2736 2320 esse,
2778 2270 2833 2312 et
2872 2275 2937 2313 ex
2976 2260 3133 2316 Patre
3165 2269 3458 2331 procedere
3501 2268 3625 2335 Spi-

2060 2339 2197 2392 ritus
2220 2341 2503 2408 asseritur,
2530 2357 2752 2400 causam
2781 2347 3109 2419 designabit.
3137 2351 3240 2407 Sed
3276 2356 3399 2421 ista,
3433 2370 3627 2425 praeter

2059 2429 2355 2498 Scriptura:
2387 2432 2736 2490 intentionem
2763 2451 2921 2501 sunt;
2958 2455 3169 2511 nempe,
3197 2446 3448 2512 quoniam
3470 2448 3623 2512 juxta

2058 2531 2305 2575 sanctum
2337 2521 2623 2591 Cyrillum,
2654 2526 3134 2600 Uccidentalesque
3164 2534 3413 2589 doctores
3444 2536 3620 2592 faten-

2057 2618 2143 2664 tur
2183 2612 2343 2679 ltujus
2371 2628 2494 2669 esse
2550 2619 2855 2684 sententiae,
2892 2622 2982 2687 qui
3030 2622 3308 2678 evidenter
3351 2642 3413 2679 ex
3464 2628 3624 2682 Patre

2054 2712 2109 2756 et
2130 2702 2299 2771 Filio;
2335 2705 2496 2761 veluti
2529 2722 2597 2762 ex
2624 2724 2731 2761 uno
2758 2709 3024 2779 principio
3057 2714 3294 2781 prodire,
3325 2731 3388 2769 ac
3433 2734 3623 2787 proce-

2054 2797 2207 2861 dere,
2234 2806 2292 2851 ut
2340 2798 2538 2852 dictum
2566 2811 2671 2866 est,
2706 2799 2964 2869 Spiritum
2995 2815 3242 2859 sanctum
3272 2807 3618 2865 confitentur.

2055 2885 2196 2941 Nihil
2230 2902 2361 2960 ergo
2391 2904 2591 2946 norum
2627 2908 2654 2944 a
2685 2908 2743 2947 se
2770 2893 2903 2963 ipsis
2933 2894 3309 2961 introducunt,
3331 2901 3419 2968 qui
3453 2901 3617 2954 etiam

3279 3009 3292 3043 :
3346 2992 3620 3063 simulque

2052 3085 2289 3138 praesens
2324 3074 2546 3141 epistola
2605 3075 2970 3132 Romanorum
3024 3078 3245 3135 Patrqu
3294 3087 3618 3153 prrecxposi-

2051 3170 2131 3214 tss
2167 3161 2521 3231 allegationes
2554 3165 2765 3220 illorum
2797 3170 3065 3224 veraciter
3095 3185 3216 3225 esse
3246 3176 3612 3228 commendat.

2048 3252 2153 3304 Aut
2203 3254 2347 3306 enim
2400 3254 2531 3323 ipsae
2562 3271 2749 3312 omnes
2788 3270 2930 3326 sunt,
2982 3271 3074 3314 aut
3114 3280 3175 3315 ex
3216 3264 3351 3331 ipsis
3393 3266 3611 3333 aliqum,

2049 3358 2183 3411 quas
2234 3351 2364 3398 tunc
2408 3346 2765 3412 protulerunt.
2822 3350 2933 3403 Non
2978 3352 3122 3405 enim
3173 3353 3415 3420 profecto
3466 3356 3606 3411 falle-

2048 3434 2209 3487 batur
2258 3444 2483 3490 sanctus
2519 3434 2806 3500 Maximus,
2860 3450 2953 3493 aut
3007 3443 3272 3498 mentiens
3303 3444 3405 3498 ista
3462 3446 3613 3502 dice—

2050 3518 2159 3579 bat.

2119 3617 2257 3683 Quid
2293 3630 2421 3685 ergo
2452 3617 2554 3671 sibi
2590 3618 2793 3681 volunt,
2825 3634 2947 3673 cum
2981 3618 3244 3689 Spiritum
3270 3635 3511 3678 sanctum
3544 3644 3609 3682 ex

2046 3703 2181 3757 Filio
2223 3707 2439 3772 quidem
2501 3707 2794 3774 procedere
2856 3710 3061 3773 dicunt,
3114 3725 3219 3763 non
3273 3723 3448 3766 autem
3494 3730 3615 3770 che

2045 3795 2237 3851 Filium
2263 3814 2481 3855 causam
2510 3804 2680 3855 sancti
2714 3801 2947 3873 Spiritus
2970 3804 3275 3872 adjiciunt;
3309 3809 3433 3876 quia
3463 3810 3612 3863 enim

2046 3890 2214 3945 Filius
2237 3892 2459 3961 quidem
2494 3907 2558 3946 ex
2592 3892 2753 3950 Patre
2788 3905 2907 3961 est;
2947 3896 3070 3950 Filii
3117 3908 3293 3950 autem
3328 3902 3508 3953 omnia
3543 3904 3607 3952 ad

2046 3979 2259 4033 Patrem
2295 3982 2561 4045 referunt,
2594 3983 2796 4037 dictum
2828 3999 2957 4038 vero
2983 3996 3064 4039 est
3094 3988 3257 4039 etiam
3306 4005 3333 4039 a
3376 3991 3610 4051 sanctis,

2043 4087 2105 4125 ex
2140 4071 2301 4127 Patre
2341 4083 2393 4126 et
2422 4072 2561 4128 Filio
2587 4073 2847 4144 Spiritum
2894 4088 3167 4141 sanctum,
3212 4080 3372 4133 veluti
3407 4095 3468 4133 ex
3504 4096 3609 4133 una

2045 4178 2125 4229 re,
2169 4174 2222 4218 et
2252 4178 2358 4218 uno
2385 4166 2650 4234 principio
2682 4182 2823 4233 esse,
2849 4183 2910 4221 ac
2949 4168 3247 4237 procedere
3285 4188 3296 4223 :
3332 4182 3612 4240 propterea

2042 4268 2107 4307 ex
2147 4255 2451 4323 huiusmodi
2488 4258 2773 4310 sententiis
2810 4268 3141 4324 aperuerunt
3169 4274 3246 4320 se,
3274 4257 3468 4312 Filium
3504 4278 3609 4311 non

2044 4343 2343 4409 propriam,
2389 4352 2443 4395 et
2496 4345 2822 4411 peculiarem
2860 4360 3079 4400 causam
3126 4344 3381 4415 Spiritus.
3418 4363 3616 4417 praeter

2042 4431 2279 4496 Patrent,
2330 4435 2887 4502 intelligerexhierito
2917 4453 3067 4491 sane.
3106 4436 3290 4505 Neque
3332 4441 3471 4490 enim
3504 4439 3612 4493 duo

2042 4534 2169 4578 sunt
2203 4524 2375 4578 divisa
2406 4534 2595 4578 contra
2634 4542 2712 4589 sc,
2752 4536 2913 4593 atque
2962 4528 3027 4579 ab
3067 4527 3302 4579 invicem
3336 4529 3609 4592 tlisjunt‘la

2044 4615 2308 4682 principia
2342 4617 2516 4667 sancti
2550 4615 2824 4682 Spiritus;
2867 4629 3040 4680 neque
3086 4626 3139 4666 ut
3185 4629 3430 4681 personae
3471 4617 3611 4676 duae,

2043 4710 2113 4760 ita
2144 4712 2249 4763 duo
2276 4710 2441 4763 etiam
2476 4707 2709 4774 Spiritus
2738 4708 2907 4761 sancti
2947 4706 3213 4774 principia
3240 4719 3397 4769 sunt;
3428 4723 3609 4776 quem-

2043 4797 2331 4854 admodum
2362 4798 2505 4853 enim
2543 4798 2705 4849 mittit
2740 4796 2954 4865 quidem
2996 4796 3154 4849 Pater
3196 4797 3454 4864 Spiritum
3486 4814 3610 4851 san-

2042 4894 2213 4962 ctum,
2250 4891 2417 4951 mittit
2466 4894 2645 4941 autem
2685 4886 2827 4940 hunc
2860 4888 3022 4938 ctiam
3076 4884 3278 4953 Filius;
3320 4903 3490 4956 neque
3536 4898 3613 4938 ta-

2041 4994 2166 5046 men
2195 4993 2372 5058 Filius
2407 4979 2507 5039 alia
2537 4978 2811 5033 missionis
2840 4994 2998 5033 causa
3033 4989 3226 5045 praeter
3254 4977 3468 5033 Patrem
3497 4987 3610 5041 est;

2042 5090 2227 5165 neque
2275 5091 2426 5161 enim
2481 5072 2638 5128 millit
2683 5073 2846 5124 Pater
2880 5072 2995 5125 sine
3043 5070 3204 5165 Filio.
3251 5072 3407 5124 sicuti
3442 5080 3613 5131 neque

2039 5163 2151 5244 Sitti
2216 5210 2257 5226 η·
2289 5205 2300 5218 ο
2395 5169 2561 5240 ius“;
2607 5165 2859 5234 quocircn
2891 5163 3052 5215 etiam
3100 5164 3300 5214 dictum
3355 5171 3457 5218 cst,
3509 5171 3610 5205 una

2039 5267 2108 5304 πὶ-
2201 5207 2344 5281 h‘w
2411 5280 2517 5304 _..m
2557 5256 2828 5304 largitione
2858 5253 3021 5304 mittit
3045 5253 3303 5304 Spiritum
3341 5253 3610 5303 Sanctum,

2621 5256 2828 5306 reitioue
2858 5253 3021 5305 mittit
3045 5253 3303 5306 Spiritum
3341 5253 3612 5303 Sanctum,

2033 5267 2075 5328 d
2155 5301 2169 5319 ι
2207 5260 2224 5273 “
2252 5260 2305 5281 ’“’
2411 5280 2520 5337 una
2557 5260 2828 5323 largitione
2858 5260 3021 5305 mittit
3045 5260 3303 5318 Spiritum
3341 5260 3611 5303 sanctum,

2038 5297 2286 5419 ὶιῗὶὶῦιὶθ
2321 5308 2381 5367 ei
2406 5396 2441 5419 η
2468 5348 2607 5419 (μιοό
2636 5342 2995 5413 proposuimus
3026 5338 3325 5391 dicendum,
3359 5340 3516 5393 atque
3544 5342 3611 5379 eo

2039 5380 2139 5454 ιιζλ
2184 5380 2285 5431 ⁸ἐιν
2404 5396 2441 5439 0
2468 5380 2607 5435 quuu
2638 5380 2995 5413 PIUVVJIIIIIIun
3027 5380 3325 5432 νηπυμμηῖ..
3434 5380 3444 5393 ,
3602 5434 3616 5445 ς

2039 5476 2117 5522 ,ᾖ
2190 5448 2246 5522 (δχ
2270 5439 2337 5514 do
2366 5412 2400 5462 ε
2444 5439 2776 5522 mo‘ss'toitlem
2801 5444 2877 5487 est
2900 5429 3434 5522 qunti-prtiCCSSlO,‘tll
3462 5434 3622 5522 supra

2069 5492 2246 5628 “it;
2270 5492 2417 5628 "aut?
2444 5492 2591 5616 m2:
2620 5492 2731 5585 hut
2772 5524 2813 5576 si
2849 5492 2977 5571 hanc
3008 5492 3220 5565 nitidum
3268 5508 3628 5562 contentiosus

2075 5587 2093 5628 ἱ
2224 5590 2270 5628 ιη
2423 5610 2455 5628 At
2527 5582 2555 5605 “
2600 5583 2609 5594 ’

2044 5528 2274 5765 \i‘ss‘is

2302 5610 2456 5745 :H‘m

2236 5724 2327 5797 ιμ’λ*
3090 5724 3109 5753 ⁸
