4114 6306
503 349 608 416 163

493 465 766 534 quispiam
805 464 1180 526 substantialis
1217 471 1392 526 sancti
1429 471 1668 542 Spiritus
1707 478 2074 547 processionis
2103 483 2149 540 Α

495 549 760 611 indicium
815 557 984 625 dicat,
1039 559 1301 630 profecto,
1350 580 1627 634 nunquam
1683 567 1990 623 mitteretur
2046 585 2075 623 a

497 647 659 710 Filio,
701 647 808 704 nisi
860 651 1022 725 etiam
1056 667 1122 708 ex
1175 653 1293 724 ipso
1343 669 1522 724 esset;
1573 657 1778 728 alioqui
1829 660 2076 717 minister

494 749 638 794 esset
673 737 860 796 Filius.

567 827 686 884 Non
725 834 909 902 itaque
961 835 1044 892 vel
1105 835 1266 894 Pater
1310 839 1458 894 solus
1500 855 1660 896 causa
1709 853 1786 898 est
1839 842 2076 913 Spiritus

495 923 671 976 sancti
708 925 824 979 sine
857 925 1014 993 Filio,
1043 930 1128 982 vel
1168 930 1287 984 sine
1313 929 1476 985 Patre
1509 931 1680 989 Filius
1708 950 1722 998 ;
1753 949 1847 1002 per
1876 935 2073 990 Filium

494 1013 639 1067 enim
672 1019 972 1084 procedere
999 1020 1223 1085 dicitur,
1260 1033 1315 1076 et
1343 1023 1508 1076 Pater
1539 1039 1637 1092 per
1668 1025 1907 1079 Verbum
1947 1041 2072 1095 pro-

495 1105 690 1160 ductor
740 1122 863 1163 esse
917 1110 1093 1164 sancti
1149 1110 1388 1179 Spiritus
1423 1123 1792 1171 asseveratur.
1849 1115 2076 1171 Constat

495 1198 598 1253 hoc
625 1199 788 1253 etiam
822 1215 889 1253 ex
918 1203 1281 1270 sequentibus
1329 1203 1499 1272 ipsius
1532 1205 1730 1260 verbis.
1764 1207 1854 1260 Ait
1883 1209 2024 1261 enim
2057 1226 2070 1262 :

497 1286 670 1343 Unum
726 1301 919 1345 norunt
970 1292 1120 1357 Filii,
1178 1303 1228 1349 et
1275 1293 1506 1364 Spiritus
1556 1313 1772 1350 causam
1823 1297 2070 1366 Patrem;

494 1381 722 1438 alterius
779 1384 996 1453 quidem
1056 1389 1357 1442 secundum
1414 1390 1788 1456 nativitatem;
1851 1391 2074 1448 alterius

497 1486 651 1538 vero,
706 1475 1003 1530 secundum
1056 1479 1490 1546 processionem.
1538 1477 1666 1535 Hac
1704 1490 1884 1535 autem
1936 1497 2076 1550 prte-

481 1565 658 1620 -~dictis
709 1567 913 1637 optime
966 1579 1294 1625 consonant.
1347 1570 1481 1625 Nam
1539 1571 1709 1627 Filius
1759 1571 1974 1642 quidem
2007 1589 2071 1630 ex

495 1656 655 1714 Patre
685 1659 987 1715 secundum
1019 1662 1346 1729 nativitatis,
1377 1663 1460 1718 vel
1484 1664 1648 1736 geniti
1678 1663 2069 1732 deﬁnitionem,

492 1767 557 1805 cx
591 1751 751 1806 Patre
784 1753 904 1808 sine
934 1753 1044 1808 ullo
1089 1755 1270 1816 medio
1303 1765 1407 1811 est.
1451 1755 1690 1825 Spiritus
1721 1765 1942 1814 sanctus
1973 1773 2070 1814 au-

497 1856 603 1897 tem
631 1843 788 1914 juxta
821 1847 1207 1914 processionis,
1237 1863 1332 1904 seu
1379 1849 1728 1919 procedentis
1754 1851 2067 1915 terminum,
2103 1827 2144 1882 Β

491 1950 556 1990 ex
591 1936 750 1991 Patre
779 1953 878 2008 per
899 1937 1096 1995 Filium
1127 1949 1247 2008 est;
1279 1958 1398 2014 quae
1421 1959 1542 1999 cum
1571 1945 1645 1999 ita
1675 1944 1806 2009 sint,
1829 1958 2068 2016 congrue

489 2028 663 2084 Filius
689 2045 754 2085 ac
788 2031 1022 2102 Spiritus
1056 2035 1122 2089 ad
1154 2050 1321 2090 unum
1353 2035 1680 2106 principium
1724 2034 1939 2090 Patrem
1985 2049 2071 2090 re-

491 2121 764 2188 feruntur,
787 2134 845 2178 ut
872 2123 1044 2180 Filius
1077 2126 1297 2195 quidem
1335 2141 1582 2183 seorsum
1617 2141 1724 2181 non
1757 2126 1828 2181 sit
1856 2142 2020 2182 causa
2049 2145 2064 2181 :

489 2229 596 2266 non
645 2215 789 2267 enim
825 2224 908 2268 est
941 2213 1024 2269 vel
1051 2214 1241 2278 Filius,
1276 2215 1360 2269 vel
1389 2230 1726 2284 quaecunque
1759 2229 1918 2269 causa
1950 2218 2068 2272 sine

488 2303 682 2370 Patre;
721 2304 883 2360 Pater
913 2322 1038 2361 vero
1089 2323 1153 2362 ac
1202 2307 1370 2361 Filius
1403 2323 1503 2360 una
1563 2322 1746 2372 causa,
1797 2323 2068 2377 unumque

490 2397 814 2467 principium
841 2399 911 2452 sit
938 2411 1160 2454 sanctus
1188 2399 1448 2469 Spiritus.

561 2488 671 2544 Etsi
704 2489 873 2555 enim,
910 2499 968 2544 ut
997 2505 1160 2560 supra
1190 2489 1520 2544 declaratum
1552 2497 1655 2558 est,
1696 2504 1817 2546 esse
1842 2491 2007 2546 habet
2033 2506 2062 2544 ει

487 2581 647 2644 Filio,
698 2584 766 2635 ab
821 2582 938 2652 ipso
983 2581 1190 2636 scilicet
1224 2595 1466 2644 sumens,
1509 2595 1573 2636 ac
1619 2582 1837 2652 penitus
1884 2597 1950 2637 ex
1999 2599 2063 2638 ea

485 2685 651 2723 causa
703 2683 824 2724 eum
879 2671 1115 2740 pendere
1166 2671 1384 2741 pietatis
1435 2671 1575 2727 ratio
1615 2672 1799 2737 tradit,
1857 2682 1909 2726 et
1945 2688 2063 2743 quae

483 2763 587 2825 alia
625 2761 882 2835 praedicta
927 2770 1053 2816 sunt
1087 2763 1201 2825 :Aob
1234 2761 1285 2816 id
1322 2774 1521 2826 tamen,
1562 2762 1706 2833 quod
1742 2762 1911 2819 Filius
1945 2764 2062 2834 qui-

482 2857 602 2909 dem
651 2858 720 2909 sit
754 2871 817 2910 ex
864 2856 1024 2911 Patre
1060 2856 1178 2923 sine
1210 2855 1688 2926 medio,'Spiritus
1736 2866 1914 2911 autem
1964 2871 2063 2926 per

483 2947 676 3001 Filium
719 2953 998 3017 procedat,
1029 2962 1093 3002 ac
1129 2963 1225 3015 per
1255 2948 1430 3016 ipsum
1465 2947 1615 3001 Patri
1646 2948 2008 3016 conjungatur
2046 2967 2058 3000 :

483 3041 739 3106 quodque
770 3038 891 3092 Filii
940 3039 1123 3092 omnia
1171 3039 1240 3096 ad
1288 3037 1506 3091 Patrem
1542 3036 1870 3104 referantur,
1904 3037 2064 3092 Pater

481 3146 646 3181 unum
679 3130 850 3182 sancti
901 3129 1141 3200 Spiritus
1169 3128 1493 3198 principium
1533 3127 1763 3194 dicetur,
1807 3131 2060 3198 quocirca
2087 3177 2130 3238 C

481 3226 632 3275 solus
666 3237 879 3290 quoque
912 3221 1032 3275 fons
1080 3220 1299 3274 deitatis
1339 3221 1514 3274 dictus
1566 3229 1680 3285 est;
1721 3219 1950 3289 l‘onsque
2003 3230 2063 3304 et

482 3313 635 3366 radix
667 3310 790 3365 Filii
824 3323 878 3366 et
933 3311 1191 3380 Spiritus,
1226 3321 1280 3365 et
1313 3311 1462 3364 solus
1509 3323 1672 3364 causa
1709 3307 1816 3364 dici
1853 3319 2051 3379 petest,

479 3403 621 3472 quod
658 3403 790 3458 nihil
840 3411 966 3457 ante
997 3419 1056 3458 se
1086 3405 1377 3472 cogitatum
1420 3403 1632 3473 babeat,
1665 3416 1826 3480 atque
1859 3405 1923 3458 ad
1973 3403 2054 3473 ip-

479 3512 598 3548 sum
652 3495 960 3550 referantur
1005 3498 1210 3550 omnia.
1257 3495 1410 3562 Unde
1459 3506 1516 3553 et
1547 3513 1777 3568 magnus
1824 3496 2053 3551 Basilius

474 3587 686 3641 dicebat
729 3605 743 3641 :
799 3569 1086 3643 Naturalis
1145 3590 1371 3658 bonitas,
1421 3602 1468 3646 et
1505 3591 1650 3663 regia
1701 3591 1938 3662 dignitas
1988 3605 2053 3650 ex

480 3679 640 3732 Patre
672 3697 761 3748 per
805 3679 1145 3752 Unigenitnm
1195 3683 1265 3737 ad
1311 3681 1513 3751 Filiuﬁm
1556 3684 1853 3755 pertingit:
1892 3686 1965 3741 ita
1997 3693 2053 3739 et

471 3758 806 3827 substantias
865 3771 1124 3841 fatemur,
1195 3776 1452 3848 piumque
1509 3777 1652 3832 unici
1710 3779 2050 3849 principatus

469 3865 659 3933 dogma
695 3882 799 3920 non
837 3868 1054 3922 decidit.

539 3957 855 4012 Consultant
883 3961 1106 4028 quidem
1142 3968 1198 4014 et
1227 3960 1329 4014 i5ta
1361 3961 1692 4030 praeteritis;
1739 3976 1929 4016 verum
1979 3977 2047 4020 ne

469 4052 520 4101 id
551 4051 769 4118 quidem
812 4050 1083 4113 dissentit,
1131 4050 1272 4118 quod
1325 4053 1592 4122 sequitur.
1626 4051 1760 4107 Nam
1806 4053 1989 4110 dicere
2027 4073 2044 4114 :

469 4141 756 4208 Propterea
799 4149 846 4192 et
873 4138 1007 4193 Filio
1033 4141 1310 4205 procedere
1345 4142 1619 4210 dixerunt,
1646 4152 1703 4198 ut
1738 4159 1832 4213 per
1867 4147 2042 4215 ipsum

467 4225 617 4282 illum
671 4232 952 4298 procedere
983 4232 1368 4299 signiﬁcarent,
1421 4233 1556 4289 nihil
1587 4246 1670 4291 est
1704 4235 1847 4292 aliud
1880 4251 2042 4306 quam

465 4327 652 4376 dicere
678 4340 691 4374 :
723 4321 932 4376 idcirco
961 4339 1026 4378 ex
1060 4321 1198 4378 Filio
1221 4327 1490 4394 procedit,
1515 4328 1644 4398 quia
1672 4328 1919 4399 procedit
1947 4345 2044 4400 per

467 4413 659 4468 Filium
695 4417 864 4482 :quia
901 4416 1043 4468 enim
1081 4417 1175 4485 per
1199 4415 1394 4472 Filium
1422 4420 1688 4488 procedit,
1721 4421 2042 4480 naturaliter

464 4509 671 4562 Scilicet
734 4519 894 4576 atque
923 4508 1293 4563 essentialiter
1342 4498 1607 4578 procedit.
1651 4511 1727 4568 lta
1761 4513 1960 4586 quippe
1989 4525 2042 4571 et
2075 4532 2118 4588 υ

462 4603 718 4653 cssentim
762 4598 1096 4669 eonjnnctio,
1141 4609 1194 4653 et
1243 4601 1760 4660 incummutabilitas
1799 4605 2041 4661 declara-

465 4693 610 4743 bitur
648 4708 660 4745 :
700 4693 839 4760 quod
877 4701 1056 4746 autem
1106 4706 1199 4760 per
1239 4693 1457 4762 aliquod
1505 4694 1849 4762 naturaliter,
1878 4705 2040 4768 atque
2112 4770 2116 4773 Ι

462 4783 827 4858 essentialitcr
854 4785 1051 4855 prodit,
1082 4801 1149 4861 ex.
1190 4785 1307 4855 ipso
1339 4787 1498 4841 etiam
1547 4788 1906 4846 substantiam
1940 4793 2040 4848 lia-

464 4876 578 4930 bet.
609 4874 794 4945 Itaque
827 4870 921 4948 per
948 4875 1142 4932 Filium
1197 4881 1433 4950 prodire,
1469 4881 1606 4936 idem
1653 4891 1732 4938 est
1761 4885 1904 4953 quod
1944 4897 2040 4954 per

463 4965 658 5022 Filium
713 4970 1042 5037 procedere;
1100 4972 1204 5027 hoc
1252 4975 1396 5026 enim
1443 4973 1648 5030 indicat
1698 4990 1794 5045 per
1843 4977 2038 5036 Filium

463 5061 666 5117 habere
697 5058 1089 5131 substantiam;
1126 5069 1268 5132 quod
1313 5069 1476 5134 igitur
1518 5068 1771 5136 superius
1816 5085 2036 5139 proces-

456 5154 675 5210 sionem
705 5153 1012 5222 appellavit,
1040 5157 1139 5209 line
1167 5155 1218 5208 in
1244 5160 1699 5228 consequentibus
1724 5176 1820 5230 per
1842 5161 2036 5220 Filium

457 5248 699 5320 prodire,
733 5264 794 5300 ac
827 5238 1118 5311 procrtli-re
1150 5248 1306 5302 dixit.

526 5344 755 5398 Constat
783 5345 911 5408 ergo
939 5349 990 5392 et
1035 5356 1101 5392 ex
1137 5341 1242 5402 bis,
1283 5357 1346 5394 ex
1378 5339 1516 5396 Filio
1550 5343 1845 5412 procedere
1891 5349 2036 5416 quod

453 5434 674 5496 dicitur,
739 5431 882 5485 idem
943 5445 1061 5484 esse
1111 5431 1250 5499 quod
1311 5447 1406 5500 per
1458 5432 1656 5490 Filium
1718 5440 2033 5505 procedere.

454 5524 625 5579 Porro
656 5527 757 5581 ista
791 5525 955 5580 etiam
990 5532 1116 5578 ante
1149 5536 1276 5579 sunt
1311 5526 1476 5580 dicta.
1508 5527 1610 5582 Sed
1641 5538 1694 5585 et
1730 5530 1858 5585 illud
1894 5549 2032 5602 quo-

451 5633 559 5684 que.
605 5620 1032 5673 demonstratum
1065 5615 1168 5681 est,
1217 5619 1357 5684 quod
1397 5621 1646 5677 essentia:
1679 5621 1796 5676 Filii
1832 5626 1898 5677 ad
1926 5626 2032 5680 Pa-

453 5724 592 5767 trem
643 5710 926 5772 identitas,
958 5711 1138 5762 omnia
1175 5706 1354 5763 Patris
1400 5708 1596 5766 Filium
1643 5713 1847 5770 habere
1879 5717 2026 5785 facit,

450 5813 651 5880 praeter
696 5805 868 5859 solum
921 5804 1138 5858 Patrem
1192 5818 1332 5861 esse.
1387 5807 1565 5874 Atque
1621 5809 1810 5864 eodem
1849 5812 2027 5879 modo,

1767 365 2174 428 MANUELIS
2198 366 2506 427 CALECJS

3737 381 3847 444 164

2177 493 2284 547 quo
2329 484 2496 535 etiam
2542 481 2740 546 Pater;
2777 483 2935 539 aliter
2973 487 3175 556 quippe
3218 489 3488 544 essentiae
3537 491 3844 548 illt‘lllilas

2183 569 2414 633 tollitur,
2450 572 2686 626 maxime
2730 590 2852 629 cum
2889 577 3094 630 dictum
3129 579 3226 646 sit,
3268 596 3368 632 una
3420 590 3684 636 tantum
3725 600 3839 653 -re,

2179 673 2275 715 eos
2314 661 2575 718 differre:
2631 667 2776 734 quod
2828 667 2914 722 liic
2960 667 3121 724 Pater
3155 673 3245 736 sit,
3297 672 3384 726 ille
3433 672 3678 738 Filius,
3715 677 3832 729 alia

2181 766 2309 806 vero
2358 757 2721 820 omnia,'esse
2769 764 3102 818 communia.
3156 763 3315 818 Pater
3370 767 3584 838 itaque
3643 787 3838 827 causa

2178 841 2412 912 Spiritus
2446 857 2548 914 est,
2578 849 2721 904 sicut
2762 861 2816 907 et
2848 853 3036 908 Filius.
3067 854 3278 912 Dictum
3315 841 3685 930 estdatnen,
3728 881 3835 922 eos

2182 951 2291 990 non
2325 952 2574 994 asserere
2621 941 2815 996 Filium
2853 949 3029 1000 sancti
3070 948 3304 1018 Spiritus
3352 966 3635 1020 causam,
3674 973 3828 1029 pro-

2180 1039 2302 1099 pter
2331 1031 2420 1085 illa
2462 1049 2581 1101 quae
2613 1038 2864 1104 prtedicta
2913 1051 3076 1108 sunt;
3109 1045 3249 1113 quod
3279 1044 3420 1102 enim
3453 1062 3532 1102 ex
3590 1050 3829 1106 Dama-

2177 1136 2343 1176 sceno
2372 1125 2474 1179 sibi
2510 1126 2646 1189 vult;
2670 1143 2748 1183 ea:
2773 1127 2917 1184 Filio
2947 1147 3048 1187 non
3079 1137 3321 1202 dicimus,
3368 1153 3435 1195 ne
3480 1139 3616 1197 duo
3653 1145 3828 1214 prin-

2176 1216 2317 1290 cipia
2345 1219 2520 1274 divisa
2559 1223 2864 1290 videantur,
2901 1242 2999 1280 nec
3030 1243 3261 1296 persona
3292 1230 3433 1296 Filii,
3483 1246 3552 1289 ut
3604 1237 3823 1296 Patris

2183 1322 2416 1376 persona
2449 1313 2754 1374 csse,niliil
2790 1329 2900 1384 prae
2943 1333 3001 1372 se
3038 1320 3205 1387 cogit,
3239 1329 3350 1379 tum
3392 1324 3657 1391 habens,
3699 1330 3822 1386 hoc

2176 1410 2232 1454 et
2270 1402 2390 1456 istis
2433 1403 2486 1457 in
2524 1405 2624 1459 [ioc
2657 1406 2776 1459 loco
2819 1409 2920 1463 sibi
2956 1414 3088 1467 vult.
3133 1411 3314 1471 Unum
3362 1418 3511 1473 enim
3570 1425 3823 1490 princi-

2181 1494 2326 1562 pium
2355 1504 2437 1550 est
2463 1507 2690 1553 sanctus
2721 1498 2980 1569 Spiritus,
3026 1501 3187 1562 Pater
3218 1517 3272 1560 et
3319 1507 3533 1575 Filius;
3596 1524 3669 1568 et.
3707 1532 3816 1570 ne-

2177 1601 2284 1656 que
2325 1586 2493 1642 Filius
2524 1589 2640 1645 sine
2675 1591 2858 1656 Patre,
2893 1610 3069 1666 neque
3105 1597 3222 1653 sine
3254 1597 3388 1654 Filio
3417 1601 3626 1657 Pater.
3668 1605 3812 1662 Non

2175 1679 2317 1731 enim
2345 1691 2492 1735 esset
2526 1685 2824 1750 procedens
2852 1685 3085 1756 Spiritus
3115 1699 3336 1746 sanctus
3362 1707 3378 1758 ;
3408 1696 3536 1762 quia
3584 1707 3804 1752 tamen

2175 1768 2341 1830 Pater
2367 1775 2484 1832 sine
2514 1793 2677 1832 causa
2713 1787 2815 1844 est,
2846 1780 2946 1848 ipsi
2978 1797 3155 1844 causa:
3197 1799 3396 1844 nomen
3443 1802 3800 1866 separatum

2175 1873 2278 1926 est,
2307 1881 2428 1933 quae
2460 1883 2621 1922 causa
2653 1870 2718 1924 ad
2764 1869 3022 1940 Spiritum
3051 1885 3311 1932 sanctum.
3334 1879 3526 1946 relata,
3555 1867 3798 1938 Filium

2169 1968 2389 2023 quoque
2433 1962 2872 2029 comprehendit,
2926 1965 3050 2036 quia
3103 1981 3197 2033 per
3252 1969 3447 2026 Filium
3484 1977 3794 2042 procedit.

2168 2042 2304 2098 Nam
2357 2063 2421 2100 ex
2464 2047 2623 2103 Patre
2673 2054 2988 2120 procedere,
3034 2055 3284 2118 doctores
3341 2077 3437 2129 pro
3491 2079 3558 2120 eo
3600 2083 3791 2123 acce-

2173 2146 2390 2202 perunt,
2454 2142 2595 2208 quod
2658 2150 2740 2198 est
2793 2157 2857 2200 ex
2922 2143 3084 2205 Patre
3141 2164 3238 2219 per
3298 2150 3490 2208 Filium
3559 2172 3789 2226 proce-

2170 2225 2320 2283 derc.

2241 2363 2332 2421 Sic
2381 2368 2588 2436 itaque,
2642 2380 2694 2424 et
2744 2387 2868 2441 quae
2915 2376 2966 2428 in
3013 2377 3274 2445 prmdicta
3308 2383 3537 2451 epistola
3577 2387 3780 2454 posita

2169 2467 2315 2523 sunt,
2353 2460 2569 2514 veritati
2629 2473 2682 2516 et
2736 2465 2836 2518 sibi
2895 2465 2998 2535 ipsi
3049 2473 3377 2540 concinnat;
3433 2485 3485 2529 et
3548 2493 3679 2546 qua:
3741 2493 3774 2530 τι

2175 2559 2366 2604 sancto
2416 2550 2620 2620 Cyrillo
2678 2553 2996 2628 Latinisque
3045 2562 3358 2621 doctoribus
3414 2568 3482 2640 de
3542 2570 3773 2640 Spiritu

2167 2650 2358 2694 sancto
2406 2641 2548 2696 dicta
2600 2654 2746 2710 sunt,
2811 2649 3170 2720 interroganti
3235 2631 3426 2712 sancti;
3486 2661 3765 2726 Maximo,

2170 2721 2832 2808 liomani‘allegaverunt.
2869 2742 3200 2812 lmpossibile
3229 2765 3460 2824 namque
3484 2763 3584 2823 est,
3633 2772 3768 2810 ina-

2167 2824 2370 2894 gistros
2425 2826 2702 2894 Ecclesize,
2752 2848 2816 2888 ex
2875 2835 3012 2895 Filio
3065 2853 3189 2895 esse
3236 2852 3397 2912 atque
3446 2848 3786 2916 procedere

2169 2919 2429 2988 Spiritum
2473 2922 2678 2990 dicere,
2728 2936 2780 2980 et
2826 2944 3012 2985 rursus
3059 2947 3157 3000 per
3188 2934 3383 2990 Filium
3427 2954 3548 2995 esse
3580 2955 3758 3012 atque

2165 3012 2486 3078 procedere,
2522 3014 2722 3070 deinde
2776 3033 2996 3075 causam
3051 3039 3078 3077 a
3135 3025 3273 3081 Filio
3327 3029 3574 3099 auferre;
3631 3036 3744 3090 hoc

2165 3100 2308 3152 enim
2365 3114 2449 3158 est
2485 3115 2670 3172 aperta
2721 3114 3102 3181 contradictio,
3132 3128 3478 3192 constatque,
3520 3127 3645 3194 quia
3674 3116 3744 3181 ἐι

2166 3191 2265 3261 ipsi
2293 3197 2756 3266 contradicentes,
2781 3206 2924 3272 quod
2950 3207 3147 3263 dicitur
3172 3227 3245 3269 ex
3268 3211 3402 3269 Filio
3425 3191 3745 3286 procedere.

2167 3292 2226 3338 ut
2253 3299 2364 3355 quo
2395 3303 2557 3346 causa
2583 3294 2940 3365 signiﬁcetur,
2977 3316 3080 3360 non
3119 3305 3443 3376 suscipiunt.
3483 3309 3565 3364 Ea:
3591 3316 3742 3368 enim

2165 3379 2497 3446 praepositio,
2535 3393 2589 3436 et
2628 3386 2862 3440 maxime
2895 3388 2947 3442 in
2989 3389 3185 3447 divinis
3216 3398 3485 3464 personis,
3516 3415 3743 3469 proces-

2163 3481 2284 3524 sum
2329 3486 2449 3525 cum
2493 3488 2662 3530 causa
2693 3482 3071 3550 commendat;
3103 3493 3156 3538 et
3188 3503 3298 3554 per,
3334 3499 3542 3546 tantum
3573 3495 3736 3558 valet,

2162 3575 2267 3615 non
2308 3562 2482 3617 solum
2519 3568 2668 3636 quia,
2725 3581 2780 3623 ut
2829 3571 3030 3627 dictum
3085 3586 3193 3644 est,
3249 3578 3302 3634 in
3351 3581 3551 3640 divinis
3594 3587 3736 3642 idem

2161 3654 2305 3710 valet
2341 3659 2483 3726 quod
2505 3676 2590 3728 ea,
2615 3663 2708 3716 sed
2734 3665 2857 3734 quia
2894 3666 3058 3720 etiam
3098 3683 3196 3737 per
3237 3687 3296 3727 se
3319 3674 3491 3743 ipsam
3528 3677 3581 3732 in
3610 3668 3735 3750 qtii-

2160 3747 2264 3803 bus
2297 3753 2621 3818 assumitur,
2654 3756 2856 3824 ubique
2910 3773 3130 3814 causam
3170 3763 3404 3835 indicat;
3451 3770 3565 3826 sive
3589 3747 3730 3827 enim

2159 3857 2260 3911 per
2285 3843 2734 3915 instrumentum,
2770 3861 2830 3906 iit
2867 3868 2964 3924 per
2994 3871 3236 3925 causam,
3267 3863 3350 3916 vel
3388 3877 3568 3920 causae
3599 3882 3729 3921 con-

2157 3934 2388 3990 sortium
2420 3937 2675 4007 dicimus,
2709 3943 2824 3998 sive
2867 3961 2964 4015 pcr
2997 3946 3213 4017 locmn;
3250 3953 3375 4021 quia
3407 3970 3571 4012 causa
3620 3974 3731 4015 mo-

2158 4031 2245 4080 tus
2297 4035 2381 4082 est
2431 4029 2615 4098 locus,
2673 4041 2727 4088 et
2778 4041 3182 4096 motus.oninis
3231 4044 3283 4098 in
3339 4048 3727 4116 magnitudine,
3775 4036 3785 4044 ’

2158 4123 2320 4185 atque
2351 4117 2610 4176 distantia
2639 4141 2654 4191 ;
2707 4127 2961 4184 similiter
2993 4140 3047 4184 ut
3097 4147 3193 4201 per
3216 4149 3437 4191 causam
3473 4141 3726 4207 dicimus,

2154 4205 2269 4259 sive
2305 4221 2404 4276 per
2429 4219 2641 4280 tempus
2673 4214 2858 4270 itidem
2905 4225 3143 4288 (tempus
3173 4226 3317 4279 enim
3346 4230 3514 4284 motui
3553 4205 3724 4300 pluris

2153 4312 2299 4350 nunn
2352 4300 2617 4375 confert);
2678 4307 2794 4362 sive
2851 4308 2906 4362 in
2963 4311 3297 4382 syllogismis
3327 4328 3570 4376 extrema
3633 4338 3727 4391 per

2151 4388 2390 4448 medium
2414 4397 2662 4452 connecti
2689 4400 2953 4470 dicimus;
2987 4416 3201 4461 constat
3229 4410 3353 4479 quia
3381 4427 3475 4481 per
3495 4416 3723 4469 mediam

2150 4498 2392 4551 causam,
2417 4490 2719 4545 secundum
2747 4495 2913 4549 animi
2957 4504 3150 4566 totum,
3183 4500 3300 4556 sive
3337 4508 3724 4576 transgressio-

2149 4594 2270 4634 nem
2298 4580 2588 4651 contingit.

2219 4715 2448 4770 Prorsus
2505 4733 2631 4772 vero
2664 4720 2922 4787 possibile
2964 4737 3071 4779 non
3107 4734 3192 4782 est
3228 4738 3288 4782 ut
3320 4745 3440 4784 cum
3493 4733 3723 4790 dicimus

2144 4823 2258 4876 per,
2294 4823 2397 4863 non
2455 4808 2617 4865 etiam
2673 4811 2910 4881 aliquam
2965 4831 3186 4873 causam
3239 4835 3345 4876 una
3379 4825 3759 4894 cogitemus;.

2145 4899 2400 4966 quoniam
2452 4900 2619 4969 igitur
2659 4917 2753 4972 per
2789 4903 2984 4962 Filiqu
3044 4909 3262 4977 prodire
3317 4928 3380 4968 ac
3428 4919 3722 4984 procedere

2142 4989 2344 5046 dicitur
2372 4991 2607 5062 Spiritus
2634 5007 2876 5064 sanctus,
2913 5015 3129 5055 causam
3162 5006 3408 5072 profecto
3440 5019 3494 5062 et
3525 5007 3718 5064 Filium

2143 5097 2265 5140 esse
2303 5089 2620 5142 necessario
2651 5089 2812 5144 datur
2839 5094 3091 5164 intelligi.
3120 5095 3189 5151 Et
3222 5099 3383 5155 simul
3415 5111 3721 5171 constatput

2144 5177 2557 5236 substantialem
2583 5196 2838 5253 causam;
2874 5187 3074 5256 quippe
3099 5189 3166 5243 ab
3189 5190 3296 5246 illis
3316 5205 3715 5262 consummata,

2142 5277 2198 5321 et
2232 5267 2549 5337 plenissima
2610 5271 2960 5341 perfectione,
3008 5290 3330 5348 summaque
3382 5284 3448 5336 ad
3502 5284 3715 5340 Patrem

2139 5358 2466 5426 aequalitate,
2502 5362 2616 5417 sive
2665 5364 2872 5422 unitate
2925 5367 3238 5433 longissime
3294 5382 3559 5427 remotum
3600 5391 3714 5443 -ρει,

2141 5448 2336 5504 Filium
2374 5451 2792 5510 instrumentum
2829 5472 3049 5524 ponere,
3078 5474 3174 5515 seu
3207 5461 3408 5528 locum,
3440 5481 3536 5521 seu
3574 5477 3716 5524 teni-

2101 5558 2111 5564 -
2141 5554 2258 5607 pus,
2295 5551 2386 5596 aut
2440 5542 2676 5612 aliquam
2721 5545 3117 5614 imperfectam,
3169 5558 3222 5605 et
3259 5551 3488 5610 alterius
3525 5572 3717 5614 essen-

2142 5632 2228 5687 tite
2262 5649 2517 5701 causam;
2555 5637 2598 5692 si
2648 5638 2793 5692 enim
2843 5638 2895 5692 in
2927 5643 3217 5708 creaturis,
3260 5660 3420 5700 unam
3469 5663 3711 5717 causam,

2140 5739 2302 5778 unum
2335 5737 2661 5791 creatorem,
2703 5745 2868 5783 unum
2925 5731 3162 5800 Patrem,
3197 5745 3254 5789 et
3311 5737 3506 5792 Filium
3563 5758 3712 5796 cont—

2141 5815 2356 5871 inundat
2409 5834 2521 5886 per,
2573 5820 2740 5878 multo
2786 5837 2917 5878 sane
2955 5827 3122 5895 magis
3175 5828 3228 5885 in
3260 5831 3708 5891 consubstantiali
