4064 6262
392 345 498 410 165

1333 357 1728 417 ADVERSUS
1761 359 2075 420 (ili/ECUS
2113 364 2258 424 LIB.
2311 350 2431 425 lll.‘

3545 383 3646 448 166

382 465 468 517 eis
500 462 705 532 Spiritu
754 475 942 518 sancto
985 481 1146 520 unam
1195 484 1429 532 causam,
1457 487 1732 541 unumque
1764 475 1960 542 pritlt'i-
1989 481 2034 538 Α
2067 482 2166 534 ista
2203 483 2558 541 distributio:
2597 490 2647 542 in
2688 489 2846 547 Patre
2879 492 3120 562 quidem,
3154 507 3249 562 per
3273 495 3372 548 ista
3426 513 3644 554 causam

385 554 560 622 pium,
611 551 822 606 Patrem
865 568 917 607 ct
958 553 1158 609 Filium
1198 564 1559 615 commendat.

459 647 687 716 Magnus
756 660 1016 716 praeterea
1090 651 1319 707 Basilius
1383 655 1450 708 ad
1513 655 1952 724 Amphilochium

384 735 658 799 scribens,
686 751 810 806 cap.
843 740 896 802 8.
933 738 1010 792 sic
1035 741 1148 794 ait:
1194 740 1344 806 Quod
1387 760 1504 812 per“
1529 743 1727 799 Filium
1775 764 1953 803 creare

393 825 561 880 Pater
583 829 796 893 dicitur,
831 847 992 898 neque
1024 833 1384 901 imperfectam
1433 839 1758 892 commendat
1807 857 1951 894 crea-

385 917 582 970 tionem
608 917 826 982 Patris;
870 936 1029 988 neque
1054 923 1335 977 invalidam
1373 925 1502 980 Filii
1533 929 1856 996 efﬁcientiam
1881 931 1958 984 si-

383 1021 554 1077 gnat;
646 1017 737 1064 sed
806 1014 1163 1068 unitissimam
1228 1020 1555 1073 commendat
1612 1022 1952 1079 voluntatem.

385 1101 573 1169 Itaque
610 1116 709 1154 vox
767 1102 892 1166 ista,
951 1121 1044 1173 per
1099 1104 1324 1172 Filium,
1380 1125 1557 1164 causa:
1617 1122 1744 1167 ante
1795 1128 1952 1167 omne

381 1194 735 1262 principium,
765 1195 1161 1252 confessionem
1205 1198 1400 1264 habet;
1459 1217 1560 1256 non
1600 1203 1650 1256 in
1689 1204 1949 1272 praedicav

381 1294 571 1337 mento
599 1299 777 1341 causae
809 1288 1194 1344 conditionalis
1241 1293 1562 1347 assumitur.
1594 1291 1748 1348 Patet
1786 1295 1952 1365 igitur

378 1381 531 1445 quod
590 1380 642 1431 in
701 1381 968 1435 creaturis
998 1382 1214 1450 quidem
1262 1399 1375 1453 per,
1413 1387 1755 1441 commendat
1790 1388 1943 1442 unio-

376 1484 504 1523 nem
539 1471 867 1537 voluntatis;
910 1471 963 1526 in
995 1483 1182 1528 sancto
1227 1486 1408 1531 autem
1454 1475 1660 1546 Spiritu
1693 1478 1946 1538 unionem

375 1558 560 1614 Patris
594 1570 647 1613 et
673 1560 820 1626 Filii,
857 1565 1153 1618 secundum
1191 1565 1604 1622 substantialem
1633 1576 1945 1636 processum

371 1652 557 1704 Sancti
585 1651 823 1721 Spiritus
856 1656 1118 1719 insinuat,
1159 1659 1455 1711 secundum
1492 1673 1651 1727 quem
1685 1674 1747 1712 ex
1785 1657 1947 1714 Patre

377 1756 480 1807 per
513 1740 708 1796 Filium
762 1744 981 1812 prodire
1018 1760 1081 1801 ac
1121 1754 1416 1813 procedere
1463 1751 1746 1814 asset-itur,
1779 1760 1832 1804 et
1880 1765 1946 1804 ex

376 1833 544 1889 Patre
577 1849 642 1890 ac
670 1834 806 1890 Filio
841 1838 1153 1905 procedere.
1192 1836 1445 1910 Pluribus
1477 1838 1640 1908 igitur
1674 1855 1739 1894 ex
1772 1841 1943 1910 parti-
1981 1829 2019 1883 Β

332 1972 335 1973 ν
378 1925 486 1980 bus
517 1927 823 1980 ostenditur
850 1925 1063 1982 Patrem
1092 1937 1145 1982 et
1175 1927 1367 1987 Filium
1399 1945 1564 1984 unum
1603 1945 1721 1986 esse
1743 1933 1941 2000 princi-

374 2019 553 2086 pium,
605 2035 875 2091 unamque
922 2037 1143 2076 causam
1194 2021 1427 2092 Spiritus
1475 2025 1649 2079 sancti
1693 2025 1945 2080 :dictum

371 2121 456 2166 est
489 2098 668 2165 tamen
699 2111 972 2168 Romanos
1017 2113 1211 2168 Filium
1264 2130 1370 2168 non
1416 2128 1638 2170 causam
1681 2116 1938 2186 Spiritus.

374 2216 600 2276 propter
631 2223 695 2262 ea
727 2223 848 2278 quae
893 2210 1150 2279 praedicta
1184 2219 1340 2275 sunt,
1375 2211 1571 2264 facere.
1601 2210 1822 2264 Constat
1847 2227 1944 2264 au-

374 2307 486 2352 tem
535 2313 597 2352 ex
647 2299 754 2363 his,
799 2310 854 2353 et
902 2299 1028 2368 quia
1064 2314 1128 2355 ex
1182 2301 1316 2356 Filio
1347 2301 1643 2368 procedere
1677 2303 1941 2372 Spiritum

372 2396 622 2441 sanctum
650 2401 758 2442 non
792 2387 898 2442 ulla
926 2390 1146 2444 novitas
1172 2399 1278 2456 est,
1306 2405 1484 2458 neque
1521 2403 1660 2444 nova
1687 2391 1940 2458 adiectio,

381 2487 440 2529 ut
494 2478 715 2545 quidam
772 2489 1102 2534 asseverant.
1137 2479 1272 2534 Nam
1311 2492 1364 2536 et
1409 2482 1741 2550 temporibus
1771 2483 1941 2537 sancti

335 2563 340 2566 ’
372 2567 596 2622 Maximi
626 2586 652 2621 a
695 2569 906 2625 Latinis
934 2571 1010 2626 ita
1053 2571 1332 2641 legebatur
1362 2590 1378 2628 :
1421 2573 1503 2626 Ad
1549 2590 1699 2644 quem
1731 2583 1942 2628 sancto-

367 2677 493 2714 rum
520 2661 887 2730 allegationes,
910 2673 964 2718 ut
990 2664 1104 2734 ipse
1126 2666 1222 2740 ait,
1249 2665 1370 2720 huic
1391 2668 1662 2722 sententia:
1681 2684 1942 2737 congruas

365 2753 725 2819 pratulerunt.
970 2760 974 2764 ’
1333 2799 1336 2802 .

444 2846 642 2900 Paucis
670 2862 796 2902 vero
829 2847 1180 2920 interpositis,
1215 2847 1268 2903 in
1299 2849 1485 2904 eadem
1514 2849 1766 2917 epistola,
1803 2849 1940 2904 idem

367 2948 594 2992 sanctus
639 2937 858 3006 adjecit,
899 2938 1226 2994 concludens
1268 2957 1283 2994 :
1334 2939 1603 2993 Romanos
1635 2941 1698 2995 de
1725 2943 1804 2993 his
1834 2941 1943 2995 sine

367 3034 582 3086 ratione
618 3033 844 3099 culpari.
882 3031 1078 3102 Liquet
1112 3034 1296 3104 igitur,
1333 3033 1582 3103 etipsum
1620 3035 1938 3103 approbare,

368 3132 518 3195 quod
543 3127 759 3198 dicitur,
803 3125 1059 3196 Spiritum
1089 3138 1334 3182 sanctum
1366 3140 1431 3181 ex
1469 3126 1604 3181 Filio
1630 3127 1938 3196 procedere,

367 3235 579 3288 eosque
603 3219 690 3287 qui
727 3221 802 3272 ita
833 3219 1098 3281 dicerent,
1139 3220 1382 3287 laudare,
1422 3226 1476 3273 et
1507 3221 1597 3288 qui
1633 3221 1940 3290 cuiparent,

370 3311 717 3364 insimulare.
778 3309 970 3364 Essent
1025 3318 1204 3364 autem
1260 3325 1397 3367 sane
1458 3313 1802 3379 ineptissimi,
1851 3314 1942 3382 qui

373 3414 600 3472 propter
628 3403 680 3457 id
712 3405 857 3473 quod
885 3403 1089 3456 dictum
1114 3415 1196 3458 est
1230 3421 1241 3456 :
1276 3402 1359 3457 Ea:
1393 3402 1537 3457 Filio
1562 3421 1663 3458 non
1692 3406 1938 3468 dicimus,

367 3509 595 3548 causam
629 3494 805 3549 sancti
844 3493 1079 3564 Spiritus
1117 3509 1148 3548 a
1193 3493 1330 3550 Filio
1363 3496 1586 3550 omnino
1614 3497 1938 3560 auferentes,

367 3599 435 3638 ex
489 3597 555 3636 eo
585 3585 726 3652 quod
763 3583 1027 3637 asseritur
1051 3598 1116 3638 ex
1156 3585 1272 3653 ipso
1301 3584 1617 3655 procedere,
1651 3587 1787 3639 hanc
1837 3601 1940 3639 non

366 3678 446 3730 illi
505 3663 753 3740 reddunt,
802 3689 925 3728 eum
976 3676 1112 3730 hanc
1151 3676 1517 3746 processionls
1546 3676 1836 3731 dictionem
1886 3689 1941 3733 et

304 3831 310 3840 δ
370 3768 475 3836 ipsi
504 3765 740 3835 Spiritus
779 3766 952 3822 sancti
998 3766 1362 3822 substantiam
1398 3768 1780 3821 commendare
1811 3767 1943 3821 dell-

365 3862 542 3914 niaut.
594 3859 667 3913 Ex
717 3861 818 3913 hoc
846 3859 991 3913 enim
1024 3859 1400 3914 rationabilius
1437 3860 1512 3915 illi
1564 3874 1785 3914 causam
1820 3860 1941 3915 red-

364 3955 517 4014 dent,
549 3967 710 4021 quam
749 3965 845 4020 per
875 3951 1003 4006 illud
1037 3950 1304 4005 auferent.

435 4041 574 4094 Nam
600 4042 647 4096 si
685 4056 749 4095 ex
776 4039 936 4095 Patre
985 4042 1302 4108 procedere,
1361 4041 1502 4111 quod
1533 4041 1759 4106 dicitur,
1807 4058 1935 4098 cau-

365 4149 485 4189 sam
513 4134 896 4187 commendare
918 4129 1263 4197 coniitentur,
1321 4134 1591 4204 quomodo
1613 4149 1720 4190 non
1771 4135 1934 4190 etiam

364 4227 588 4291 Filium,
619 4239 780 4278 unam
808 4236 932 4277 cum
971 4221 1135 4277 Patre
1177 4238 1397 4278 causam
1459 4228 1633 4280 sancti
1698 4225 1968 4296 Spiritus-

360 4317 627 4384 t‘atentur,
662 4330 782 4370 cum
819 4315 1061 4380 audiant,
1096 4316 1271 4388 ipsum
1333 4315 1497 4369 etiam
1527 4333 1592 4370 ex
1647 4317 1782 4373 Filio
1811 4335 1936 4388 pro-

358 4409 597 4466 cedere?
630 4409 744 4464 lmo
775 4422 923 4471 vero,
975 4408 1246 4478 quomodo
1297 4411 1364 4464 ad
1396 4424 1491 4465 eos
1548 4410 1788 4479 quidem,
1845 4413 1934 4480 qui

2063 575 2262 642 signari
2298 581 2494 640 dicere,
2533 580 2582 631 in
2616 581 2748 636 Filio
2794 595 2971 638 autem
2997 586 3137 640 hanc
3187 602 3290 640 non
3320 586 3433 641 ita?

2133 670 2203 722 At
2232 671 2276 723 si
2299 686 2363 723 ex
2396 671 2529 726 Filio
2586 677 2880 742 procedere
2927 679 3552 734 consubstantialitatem
3585 693 3642 735 et

2029 825 2036 830 μ
2062 757 2153 815 hic
2185 760 2480 829 signiﬁcari
2525 764 2735 831 dicunt,
2791 783 2982 838 nempe
3025 769 3166 823 sicut
3215 770 3447 840 Spiritus
3493 771 3638 826 Patri

2059 853 2535 908 consubstantialis
2576 867 2678 919 cst,
2706 860 2830 926 quia
2863 861 3108 926 procedit
3160 875 3224 915 ex
3266 861 3445 926 Patre,
3483 865 3554 916 ita
3585 877 3638 918 ct

2061 931 2198 994 Filio
2225 945 2704 1000 consubstantialis
2731 956 2831 1014 est,
2880 949 3006 1016 quia
3055 950 3299 1018 procedit
3360 967 3422 1005 ex
3465 953 3636 1020 Filio;

2061 1045 2186 1084 nam
2219 1039 2272 1086 et
2302 1031 2466 1087 Filius
2499 1036 2976 1093 consubstantialis
3003 1051 3087 1094 est
3138 1039 3313 1107 Patri,
3381 1047 3633 1113 quoniam

2059 1133 2126 1174 ex
2156 1121 2273 1190 ipso
2326 1134 2428 1187 est,
2495 1127 2760 1193 siquidem
2813 1143 2945 1183 vera
3006 1134 3356 1199 prosequitur
3409 1115 3635 1207 magnus

2059 1209 2292 1267 Basilius
2319 1214 2539 1269 dicens:
2578 1213 2748 1270 Porro
2781 1221 3018 1275 essentia:
3066 1221 3336 1290 identitas,
3389 1228 3511 1296 quia
3557 1239 3633 1281 est

2057 1317 2122 1354 ex
2145 1301 2305 1358 Patre
2354 1303 2544 1360 Filius.

2128 1396 2429 1448 Attestatur
2473 1397 2554 1452 liis
2613 1408 2667 1452 et
2721 1398 2952 1472 Cyrillus
3013 1401 3394 1459 beatissimus:
3463 1405 3630 1460 Nasci

2055 1488 2213 1549 enim,
2241 1486 2436 1555 inquit,
2473 1504 2536 1541 ea:
2567 1487 2728 1544 Patre
2754 1506 2844 1559 per
2865 1489 3294 1556 Filium,invitos
3327 1512 3416 1548 nos
3447 1499 3628 1565 etiam,

2056 1591 2117 1628 ac
2149 1577 2420 1632 renitentes
2452 1589 2616 1647 coget,
2650 1580 2729 1633 illi
2749 1581 3348 1637 consubstantialitatem
3381 1586 3618 1640 reddere.

2055 1666 2161 1721 Sed
2194 1679 2247 1722 et
2290 1671 2434 1739 quod
2466 1686 2560 1740 per
2601 1673 2746 1724 illum
2768 1674 2985 1742 prodire
3027 1674 3247 1739 dicitur,
3288 1689 3628 1744 nequaquam

2054 1760 2302 1812 essentia:
2353 1763 2808 1830 coujunctionem,
2846 1765 3447 1839 immutabilitatemque
3483 1784 3629 1822 com-
3721 1785 3752 1806 υ

2049 1849 2354 1915 mendaret,
2391 1853 2488 1905 nisi
2515 1869 2609 1922 per
2634 1854 2835 1907 Filium
2878 1857 3080 1912 habere
3100 1858 3458 1914 substantiam
3483 1864 3626 1929 quod

2049 1941 2386 2008 procederet,
2414 1955 2966 2014 praesupponeretur;
3007 1964 3130 2002 nam
3155 1951 3295 2017 quod
3329 1951 3400 2005 ita
3451 1953 3628 2020 prodit

2049 2035 2358 2094 necessario
2392 2036 2553 2090 etiam
2615 2037 3076 2094 consubstantiale
3107 2049 3211 2105 eat,
3255 2042 3521 2108 siquidem
3569 2054 3625 2098 ct

2047 2122 2102 2178 in
2135 2125 2252 2179 loco
2286 2142 2452 2182 verax
2480 2140 2560 2183 est
2590 2142 2812 2186 sanctus
2844 2131 3106 2186 Maximus
3133 2133 3355 2190 dicens:
3387 2136 3623 2204 Spiritus

2051 2225 2275 2271 sanctus
2324 2217 2482 2271 sicuti
2511 2220 2838 2276 naturaliter
2873 2223 3168 2277 secundum
3218 2228 3504 2280 essentiam
3528 2225 3621 2281 Dei

2045 2315 2100 2360 et
2147 2307 2327 2361 Patris
2361 2319 2462 2368 est.
2491 2309 2562 2363 ita
2595 2320 2646 2364 et
2678 2310 2797 2366 Filii
2828 2307 3127 2369 secundum
3162 2319 3462 2372 essentiam
3513 2330 3618 2381 est.

2047 2409 2104 2454 ut
2134 2401 2226 2472 qui
2262 2416 2329 2454 ex
2374 2401 2534 2456 Patre
2577 2405 2944 2460 essentialiter
2983 2423 3077 2476 per
3133 2408 3327 2467 Filium
3379 2413 3619 2482 genitum

2048 2489 2388 2547 inelfabiliter
2418 2495 2711 2564 procedat;
2747 2506 2968 2565 propter
3005 2498 3110 2554 hoc
3158 2501 3324 2569 igitur
3386 2505 3622 2557 consub-

2045 2582 2311 2637 stantialis
2339 2592 2417 2637 est
2445 2582 2603 2649 Filio,
2625 2585 2751 2655 quia
2775 2601 2871 2656 per
2897 2587 3040 2640 illum
3072 2592 3310 2658 procedit
3335 2607 3397 2644 ex
3422 2590 3616 2658 Patre;

2046 2672 2145 2726 hoc
2171 2683 2348 2726 autem
2383 2675 2520 2729 idem
2550 2690 2668 2731 esse
2701 2679 2840 2746 quod
2883 2693 2943 2732 ex
2985 2678 3120 2733 Filio
3160 2683 3467 2749 procedere,
3496 2683 3610 2752 piu-

2047 2764 2198 2816 rimis
2225 2778 2287 2816 cx
2320 2763 2451 2818 locis
2491 2765 2919 2820 demonstratum
2969 2780 3074 2822 est.

2115 2851 2402 2909 Enimvero
2432 2857 2604 2911 multo
2636 2858 2812 2909 minus
2839 2858 2945 2912 illis
3011 2861 3226 2914 confert
3283 2861 3375 2914 illa
3435 2863 3618 2917 Basilii

2044 2947 2332 3012 sententia,
2398 2962 2555 3016 quam
2618 2957 2677 3003 ut
2758 2965 2970 3005 murum
3046 2952 3508 3022 inexpugnabilem
3564 2958 3617 3010 in

2044 3037 2156 3091 suis
2181 3039 2632 3106 disputationibus
2683 3054 3021 3112 praeponuut.
3055 3044 3144 3098 Ait
3185 3049 3414 3116 denique
3476 3063 3606 3102 san~

2043 3140 2166 3189 etus,
2193 3130 2308 3184 vir:
2348 3127 2521 3200 Gignit
2559 3131 2722 3197 Deus,
2758 3149 2860 3187 non
2898 3146 2950 3187 ut
2982 3136 3169 3200 homo;
3199 3139 3364 3208 gignit
3425 3151 3597 3194 autent

2048 3239 2199 3288 vere;
2222 3223 2470 3294 quodque
2503 3235 2683 3278 natum
2714 3237 2787 3280 est
2822 3242 2887 3281 ea:
2916 3245 2995 3291 eo,
3027 3229 3230 3282 t-erbunt
3278 3247 3381 3285 non
3433 3233 3620 3288 Imma-

2045 3333 2166 3370 nunt
2187 3319 2450 3386 exprimit.
2486 3314 2688 3372 Premit
2723 3330 2894 3375 autem
2927 3317 3148 3374 Verbum
3179 3339 3352 3377 verum
3377 3339 3441 3378 ex
3466 3327 3619 3394 ipso;

2044 3396 2516 3475 emittitSpiritum
2553 3425 2645 3478 per
2692 3427 2774 3474 os,
2835 3429 2938 3466 non
2995 3425 3050 3466 ut
3103 3419 3417 3478 humanum,
3481 3421 3607 3486 quia

2043 3513 2204 3564 neque
2231 3497 2323 3550 Dei
2349 3515 2403 3550 os
2430 3499 2774 3560 corporaliter
2799 3509 2894 3556 est.
2919 3499 3004 3554 Ea:
3022 3503 3136 3571 ipso
3159 3514 3332 3559 autem
3359 3505 3613 3574 Spiritus,

2045 3604 2146 3640 non
2172 3588 2384 3641 aliunde
2404 3599 2499 3642 est.
2555 3589 2792 3644 Primum
2821 3593 2872 3645 in
2937 3592 3023 3648 his
3069 3603 3258 3653 notare
3317 3601 3613 3664 convenit,

2042 3679 2165 3748 quia
2194 3695 2446 3750 promere,
2477 3681 2529 3733 in
2569 3680 2691 3734 Filii
2717 3683 3045 3748 substantia,
3108 3696 3329 3743 sanctus
3381 3690 3612 3759 accepit.

2113 3768 2245 3824 Nam
2280 3771 2346 3824 de
2376 3771 2828 3827 substantialibus
2889 3775 3230 3842 processibus
3257 3779 3356 3835 boc
3385 3780 3434 3834 in
3494 3783 3613 3838 loco

2041 3861 2115 3916 illi
2149 3878 2329 3917 sermo
2366 3846 2481 3927 est;
2510 3864 2652 3918 sicut
2674 3874 2728 3918 ct
2753 3865 3035 3936 theologus
3061 3865 3355 3936 Gregorius
3382 3886 3604 3929 emana-

2042 3956 2240 4009 tionem
2275 3955 2653 4022 sempiternam
2675 3955 3031 4011 substantiam
3057 3956 3220 4012 dixit.
3255 3959 3321 4014 Et
3355 3961 3618 4030 quoniam

2040 4048 2158 4099 dna:
2185 4061 2536 4116 personarum
2565 4047 2880 4102 substantias
2913 4056 3057 4112 sunt,
3084 4049 3424 4121 invicemque
3450 4052 3596 4106 diffe-

2043 4148 2241 4204 rentes,
2275 4138 2416 4192 idem
2445 4139 2694 4206 protinus
2751 4140 2986 4208 adjecit:
3029 4141 3395 4198 Emanationis
3454 4146 3612 4215 di/[e-

2041 4231 2206 4283 rentia
2235 4231 2559 4299 di/[erentem
2581 4232 2737 4285 etiam
2760 4231 2979 4285 illorum
3020 4235 3421 4302 appellationem
3455 4237 3608 4305 fecit,

1997 4351 2000 4354 ~
2039 4332 2097 4374 ut
2122 4321 2329 4375 scilicet
2367 4320 2504 4374 alius
2536 4322 2752 4390 quidem
2789 4331 2932 4376 esset
2980 4322 3170 4390 Filius,
3231 4325 3367 4380 alius
3426 4337 3608 4382 autem

2039 4412 2269 4480 Spiritus
2301 4423 2546 4467 sanctus.
2600 4414 2786 4482 Itaque
2839 4429 2961 4468 cum
3032 4413 3292 4484 Spiritum
3358 4427 3605 4471 sanctum

361 4505 470 4558 hoc
504 4499 1070 4568 dicunt,eﬂ'erantur;
1121 4501 1326 4556 sanctis
1367 4510 1549 4555 autem
1585 4502 1654 4556 ita
1712 4504 1936 4558 dicenti-
1968 4510 2011 4564 ι)
2041 4515 2293 4571 promere
2327 4502 2538 4556 dicatur
2562 4501 2752 4568 Filius,
2817 4512 2894 4567 et,
2949 4505 3075 4572 quia
3125 4506 3194 4559 ab
3251 4521 3316 4560 eo
3373 4507 3616 4576 Spiritus

360 4596 484 4656 bus,
537 4609 643 4647 non
680 4593 1094 4646 contradicunt?
1126 4591 1278 4660 Quod
1309 4592 1353 4646 sl
1410 4607 1474 4646 ex
1519 4591 1658 4647 Filio
1705 4607 1826 4649 esse
1871 4609 1933 4648 ac

356 4685 677 4756 procedere,
709 4698 828 4735 cum
860 4683 1170 4738 doctoribus
1213 4683 1477 4749 ecclesiae,
1522 4693 1574 4739 et
1603 4694 1796 4740 sancto
1817 4684 1934 4738 Ma-

353 4775 528 4842 ximo,
557 4787 612 4830 et
657 4775 934 4841 Bernartis,
989 4776 1080 4844 qui
1117 4789 1282 4842 super
1311 4777 1415 4830 hoc
1445 4787 1760 4831 sanctorum
1787 4778 1930 4832 dicta

355 4868 725 4938 protulerunt,
761 4868 844 4919 vel
875 4867 1046 4921 coacti
1085 4867 1410 4934 suscipiunt,
1439 4883 1543 4922 non
1597 4879 1774 4922 tamen
1838 4884 1932 4936 per

356 4966 464 5017 hoc
488 4976 708 5014 causam
776 4959 1071 5025 signiﬁcari
1125 4958 1347 5012 volunt:
1402 4961 1634 5028 primum
1690 4961 1928 5030 quidem,

352 5069 536 5122 neque
564 5069 640 5106 sic
673 5052 932 5105 deberent
954 5051 1024 5104 ad
1057 5051 1196 5106 lianc
1247 5053 1533 5106 dictionem
1564 5054 1787 5108 omnino
1845 5055 1929 5108 in-

353 5145 594 5213 dignari,
629 5144 844 5205 deinde,
885 5154 1076 5210 praeter
1105 5159 1228 5199 suas
1269 5145 1554 5213 opiniones
1585 5146 1778 5212 volent,
1828 5147 1927 5200 hoc

353 5239 530 5297 enim,
566 5247 619 5288 ut
653 5237 794 5303 quod
839 5250 1066 5289 causam
1097 5236 1215 5289 sine
1272 5238 1444 5290 medio
1512 5237 1800 5306 signiticet,
1841 5254 1926 5289 re-

350 5331 565 5397 lugiuut
595 5344 611 5391 ;
641 5338 693 5378 ct
731 5343 900 5394 neque
928 5342 1048 5379 cum
1077 5342 1139 5391 ex
1191 5327 1345 5381 Patre
1377 5329 1667 5396 procedere.
1710 5330 1924 5393 dicitur,

347 5431 404 5474 et
433 5434 500 5472 ex
537 5424 644 5470 Deo
680 5433 819 5478 esse,
856 5433 1085 5470 causam
1132 5419 1439 5488 signiﬁcare
1490 5429 1769 5488 cogentur,
1829 5421 1926 5474 di-

347 5528 496 5575 cere,
524 5522 876 5581 qnaerentque
917 5509 1146 5562 alterum
1193 5511 1532 5575 vocabulum,
1593 5511 1734 5580 quod
1795 5499 1923 5565 sub—

347 5603 608 5657 stantiam
640 5601 810 5655 sancti
855 5600 1090 5666 Spiritus
1139 5600 1425 5668 signiticet,
1467 5602 1630 5670 idque
1678 5601 1924 5656 lortassis

343 5690 474 5747 erit.
504 5705 637 5752 esse,
671 5690 773 5741 hoc
798 5699 974 5742 autem
997 5689 1046 5739 in
1091 5687 1287 5740 divinis
1320 5691 1734 5756 personisidem
1787 5691 1928 5745 valet

345 5781 492 5839 (ιιιοά
531 5782 851 5846 procedere,
894 5777 1163 5847 simulque
1214 5793 1458 5848 qutcnaul
1527 5788 1580 5834 et
1619 5778 1772 5838 .uttde
1815 5768 1919 5834 erit

2041 4594 2262 4657 eliulsit,
2289 4605 2346 4649 ιιι
2375 4595 2451 4649 ait
2480 4595 2532 4649 in
2559 4596 2811 4660 precibus
2857 4599 3082 4665 magnus
3114 4594 3378 4663 Basilius,
3431 4600 3615 4652 sancti

2041 4682 2273 4750 Spiritus
2298 4699 2361 4737 es
2394 4683 2531 4736 Filio
2561 4683 2860 4762 substantia
2903 4684 3304 4738 evidentisslme
3343 4687 3604 4751 signatur.

2028 4777 2308 4836 Secundo,
2346 4775 2639 4828 notandum
2671 4773 2812 4842 quod
2846 4772 3005 4828 etiam
3063 4776 3317 4838 emittere,
3368 4777 3420 4829 in
3474 4780 3610 4832 sub:

2039 4867 2236 4918 stantia
2265 4865 2436 4916 sancti
2470 4863 2703 4932 Spiritus
2755 4864 2998 4932 accepit;
3037 4853 3136 4918 lioc
3165 4853 3339 4918 autem
3397 4869 3609 4936 siuperi~

2038 4955 2224 5007 oribus
2249 4955 2516 5018 concinit;
2578 4954 2629 5006 in
2685 4954 2899 5020 quibus,
2939 4967 2966 5006 a
3004 4955 3204 5009 sanctis
3230 4956 3482 5012 Patribus
3515 4974 3617 5013 os-I

2041 5056 2248 5099 tensum
2282 5055 2382 5109 est,
2417 5047 2618 5097 mittere
2649 5055 2701 5099 et
2728 5047 2885 5109 mitti,
2930 5037 3311 5117 intemporales
3367 5049 3489 5105 Filii
3551 5062 3609 5106 et

2037 5136 2267 5202 Spiritus
2300 5137 2626 5190 substantias
2656 5137 2954 5205 designare,
2985 5152 3045 5192 ac
3080 5141 3314 5205 mittere,
3343 5157 3558 5196 causam
3584 5159 3606 5206 ;

2039 5227 2256 5280 mittere
2294 5241 2442 5289 vero,
2477 5226 2692 5280 causale
2735 5228 2971 5296 signare.

2107 5316 2210 5372 Sed
2241 5317 2450 5381 emittit,
2485 5317 2680 5387 inquit,
2732 5318 3008 5386 Spiritum,
3039 5337 3131 5388 per
3157 5340 3231 5376 os.
3295 5321 3365 5376 Os
3423 5330 3604 5374 autem

2036 5409 2213 5462 Patris
2270 5408 2460 5470 Filius,
2529 5413 2594 5462 ab
2629 5411 2885 5465 Ecclesia:
2946 5415 3221 5481 magiSIris
3277 5416 3606 5480 exponitur;

2034 5501 2173 5553 idem
2205 5499 2366 5569 igitur
2391 5501 2699 5563 estdicere,
2745 5503 2994 5555 emittere
3050 5503 3303 5572 Spiritum
3356 5517 3449 5568 per
3517 5518 3606 5567 os,

2033 5600 2086 5646 et
2125 5591 2382 5659 Spiritum
2407 5609 2467 5644 ex
2495 5592 2650 5646 Patre
2710 5609 2805 5660 per
2863 5593 3058 5647 Filium
3119 5593 3429 5660 procedere.
3485 5593 3605 5649 Hoc

2032 5691 2210 5736 autem
2276 5698 2370 5750 per
2428 5680 2622 5735 Filium
2677 5682 2878 5736 habere
2930 5682 3287 5735 substantiam
3337 5683 3600 5739 insinuat.

2032 5776 2165 5830 Diam
2197 5773 2487 5843 procedere
2527 5773 2763 5828 Verbum
2813 5772 3130 5829 substantiae
3190 5775 3332 5831 illius
3383 5779 3597 5846 signiti-
