4064 6262
500 319 596 386 167

1755 319 2157 383 MANUEUS
2196 280 2506 378 suum;

3689 310 3798 371 168

492 440 725 488 eativum
764 441 870 494 est,
902 442 1225 501 constatque
1257 447 1351 499 per
1380 433 1501 497 hoc,
1538 431 1680 499 quod
1737 447 1859 485 cum
1910 431 2073 486 Filius
2104 438 2147 492 Λ
2177 443 2318 490 esse,
2345 428 2542 497 quippe
2574 426 2754 479 omnia
2781 440 2896 494 quae
2924 425 3085 479 habet
3135 436 3388 493 persona,
3441 420 3796 478 cmterarinu

492 527 709 579 mittere
737 534 791 577 et
809 525 1055 577 emittere
1077 524 1281 577 dicitur
1313 523 1597 591 Spiritum.
1626 540 1691 577 ex
1722 524 1884 582 Filio.
1912 536 2075 592 atque

493 630 590 679 per
625 614 816 667 Filium
860 616 1031 668 sancti
1066 616 1303 683 Spiritus
1352 617 1655 672 substantia
1708 618 2072 684 significatur,

494 712 745 777 mittique
775 727 837 765 ex
862 727 926 766 eo
960 726 1080 765 esse
1106 710 1397 781 significat.
1460 711 1647 765 Verum
1674 724 1719 765 et
1775 727 1841 765 ea:
1880 728 1959 775 eo,
2025 712 2075 764 id

492 815 599 864 est,
630 802 807 863 Patre,
884 802 1114 872 Spiritus
1185 814 1422 867 sanctus,
1470 804 1666 873 inquit,
1713 815 1812 869 est,
1864 815 1916 859 et
1972 821 2074 858 non

494 894 732 949 aliunde.
765 895 965 962 Nempe
987 911 1051 949 ex
1086 893 1243 949 Patre
1275 911 1396 952 esse
1427 896 1689 964 Spiritum
1718 906 1961 951 sanctum
2009 897 2076 949 ab

494 985 739 1037 omnibus
769 986 1107 1051 conceditur,
1154 1002 1260 1039 non
1299 986 1519 1039 aliunde
1544 998 1721 1041 autem
1752 987 1921 1051 dixit;
1943 1002 2078 1055 quo-

495 1078 635 1129 uiam
675 1080 1055 1133 haereticorum
1084 1079 1259 1146 pluria
1286 1078 1322 1143 i,
1355 1092 1421 1131 ex
1468 1076 1646 1134 Patris
1709 1079 1942 1133 essentia
1987 1076 2077 1130 Fi-

495 1169 622 1221 lium
677 1170 973 1224 excludere
1036 1168 1301 1233 volentes,
1357 1169 1503 1221 illum
1563 1184 1736 1238 neque
1776 1184 1840 1223 ex
1898 1167 2076 1224 Patris

494 1242 755 1323 essentia,
785 1275 960 1329 neque
978 1277 1040 1313 ex
1071 1260 1375 1315 substantia
1405 1261 1551 1315 illius
1599 1276 1719 1315 esse
1746 1260 2075 1323 fatebantur,

494 1352 588 1404 sed
643 1366 706 1403 ex
793 1352 895 1403 alia
954 1351 1185 1419 quadam
1252 1352 1489 1405 essentia
1546 1361 1709 1420 atque
1766 1350 2075 1406 substantia

496 1444 661 1513 (quod
689 1444 1010 1495 Arianorum
1045 1453 1160 1495 erat
1201 1443 1557 1511 prepositio);
1587 1451 1746 1510 atque
1778 1442 1827 1495 id
1858 1441 2073 1512 quidem

482 1545 703 1590 constat
736 1552 801 1588 ex
844 1535 925 1587 his
958 1551 1076 1603 quae
1114 1536 1441 1604 praedixerat
1484 1550 1714 1603 magnus
1768 1534 1927 1587 Pater
1970 1534 2072 1587 Ba-

493 1629 647 1683 silius
690 1628 740 1680 iu
776 1629 1038 1695 rescripto
1073 1627 1289 1681 dictata:
1321 1642 1347 1679 a
1374 1642 1433 1680 se
1467 1625 1611 1681 ﬁdei.
1641 1626 1853 1681 Iudicat
1882 1635 2065 1680 autem

494 1718 572 1784 id,
610 1720 662 1771 in
699 1718 1049 1785 Expositione
1081 1734 1228 1772 xxxii
1281 1719 1471 1787 psalmi
1532 1719 1718 1773 dicens
1749 1738 1761 1774 :
1820 1717 2073 1787 Spiritus,

497 1811 587 1878 qvi
614 1827 677 1863 ea:
715 1809 819 1863 Deo
843 1820 939 1876 est,
972 1810 1062 1880 qui
1102 1828 1133 1862 a
1164 1809 1326 1864 Patre
1369 1810 1620 1877 procedit,
1684 1827 1745 1864 ne
1782 1810 1928 1864 illum
1989 1828 2081 1864 e1-

495 1910 695 1954 lernam
720 1900 952 1969 aliquam
986 1912 1285 1953 creaturam
1344 1916 1453 1954 esse
1505 1901 1821 1967 arbitreris;
1890 1904 1983 1955 sed
2028 1911 2080 1956 ut

493 2008 556 2045 ea:
585 1991 689 2043 Deo
724 1991 996 2044 habentem
1034 1991 1391 2047 substantiam
1419 1992 1717 2062 glori/ices;
1769 2008 2078 2063 quanquam

494 2093 550 2136 et
578 2086 679 2137 hoc
701 2084 840 2153 quod
880 2083 948 2136 ait
990 2082 1223 2149 aliunde,
1254 2098 1375 2153 qua)
1406 2082 1664 2147 diximus,
1696 2085 2084 2138 commendare

496 2171 763 2239 sufﬁciat;
801 2171 950 2225 aliud
991 2173 1134 2226 enim
1194 2172 1336 2226 unde
1392 2171 1606 2225 aliunde
1660 2180 1934 2240 sumptum
1977 2181 2081 2238 cst,

498 2263 549 2315 in
586 2263 745 2317 rebus
767 2262 1001 2316 maxime
1034 2272 1227 2316 natura
1253 2261 1631 2317 differentibus
1673 2262 1893 2317 dicitur.
1921 2262 2085 2320 Pater

497 2364 702 2419 autem,
744 2364 799 2409 et
827 2352 999 2408 Filius
1053 2368 1250 2407 natura
1312 2368 1479 2408 unum
1532 2365 1692 2409 sunt:
1754 2354 1865 2425 Ego
1920 2355 2080 2420 enim,

497 2450 692 2515 inquit,
719 2456 767 2502 et
798 2445 962 2501 Pater
985 2464 1143 2500 unum
1183 2463 1360 2500 sumus
1382 2445 1423 2501 ⁸.
1447 2447 1632 2517 Itaque
1660 2463 1765 2503 non
1797 2448 1862 2503 ad
1888 2447 2080 2503 Filium

498 2540 735 2602 intuens,
764 2548 985 2593 sanctus
1019 2538 1237 2591 aliunde
1280 2538 1440 2603 dixit,
1475 2540 1568 2593 sed
1640 2540 1707 2594 ad
1776 2549 2079 2606 creaturas,

496 2641 524 2677 a
558 2626 750 2691 quibus
781 2626 929 2679 illum
959 2627 1174 2695 quidam
1208 2627 1445 2683 haeretici
1481 2629 1681 2684 habere
1712 2631 2067 2685 substantiam

495 2717 771 2771 dicebant.
814 2718 881 2772 Et
914 2718 1013 2771 ista
1044 2718 1209 2787 igitur
1236 2719 1527 2783 sententia,
1568 2729 1758 2775 contra
1810 2721 1929 2793 illos
1989 2737 2084 2792 po-

498 2811 604 2863 tius
631 2823 791 2879 quant
826 2826 919 2880 pro
954 2810 1060 2864 illis
1088 2819 1191 2866 cst.
1227 2809 1282 2864 Si
1314 2821 1492 2866 autem
1516 2821 1715 2883 contra
1737 2813 1879 2877 illos,
1914 2813 2085 2883 liquet

496 2901 621 2970 quia
654 2917 749 2971 pro
778 2903 1005 2957 veritate
1055 2914 1159 2969 est,
1211 2918 1274 2957 ac
1324 2920 1418 2974 per
1466 2905 1646 2959 omnia
1712 2905 2084 2974 superioribus

497 2991 757 3044 concinit.

2180 534 2397 589 quoque
2425 518 2738 573 communia
2791 528 2944 577 sunt,
2983 517 3214 571 SCI‘Vﬂli"
3247 526 3424 570 tamen
3460 516 3797 581 proprieta-

2182 612 2328 665 tibus
2367 611 2567 679 cuique
2598 624 2862 679 persome.
2898 608 3032 663 Nam
3062 623 3183 676 quae
3237 609 3435 660 adsunt
3484 608 3667 672 Filio,
3743 617 3798 661 et

2179 702 2323 757 Patri
2361 702 2578 767 adsunt,
2614 713 2831 757 servato
2866 712 3048 755 tamen
3111 701 3266 755 alteri
3320 700 3548 754 Patrem
3640 714 3794 759 esse.

2178 794 2332 849 alteri
2372 793 2594 849 Filium.
2632 794 2807 859 Unde,
2846 806 2894 849 et
2923 795 3037 863 ipse
3082 802 3299 848 sanctus
3342 792 3415 844 ait
3452 794 3504 845 in
3562 792 3668 846 lib.
3725 790 3798 844 De

2181 884 2359 941 Fide:
2400 885 2593 941 Omnia
2644 886 2808 940 Filius
2856 902 2972 937 cum
3026 886 3114 949 sit,
3162 900 3279 953 qua:
3332 894 3380 937 et
3429 882 3613 936 Pater
3662 892 3794 963 ’est,

2179 993 2328 1031 serva
2350 979 2503 1047 ‘milri
2550 978 2644 1032 has
2698 980 3062 1047 proprietates.
3109 976 3333 1030 Mauens
3371 977 3542 1045 igitur
3588 974 3796 1037 Filius,

2183 1038 2486 1124 omnihst
2528 1084 2647 1138 quze
2686 1069 2868 1134 Pater,
2907 1068 3061 1138 juxta
3104 1068 3274 1136 ipsius
3314 1083 3501 1121 vocem
3565 1066 3797 1118 Domini

2179 1161 2448 1216 dicentis:
2483 1161 2699 1225 Omnia,
2731 1177 2849 1231 qua:
2906 1161 3059 1215 habet
3106 1164 3288 1226 Pater,
3333 1176 3446 1214 mea
3471 1161 3667 1213 stult".
3717 1159 3797 1212 Re

2179 1258 2358 1303 autem
2400 1265 2550 1314 vera,
2594 1251 2847 1321 imaginis
2892 1260 3020 1303 sunt
3047 1251 3228 1307 omnia
3262 1266 3381 1321 qua:
3419 1251 3635 1305 adsunt
3680 1252 3795 1319 pri-

2181 1342 2377 1395 mitivae
2410 1341 2617 1397 f'orune.
2670 1341 2907 1399 Joannes
2957 1357 3176 1413 quoque.
3225 1343 3669 1411 Chrysostomus
3722 1344 3785 1397 61

2182 1432 2325 1486 hom.
2361 1448 2522 1501 super
2558 1432 2719 1489 Joan.
2760 1453 2778 1487 ι
2822 1434 2935 1506 Ego
2958 1436 3012 1490 in
3047 1434 3233 1501 Patre,
3263 1446 3308 1488 et
3338 1434 3494 1487 Pater
3526 1434 3585 1487 in
3628 1452 3735 1487 me.
3770 1453 3789 1484 ι

2182 1521 2333 1577 Nihil
2358 1526 2494 1578 enim
2526 1526 2676 1580 aliud
2708 1544 2823 1581 sum
2871 1544 2986 1600 ego,
3044 1545 3199 1597 quam
3248 1527 3387 1595 quod
3435 1526 3614 1579 Pater
3683 1539 3789 1589 est,

2178 1632 2395 1669 manens
2421 1615 2640 1686 Filius;
2672 1635 2833 1688 neque
2860 1620 2949 1673 ille
2981 1619 3152 1679 aliud,
3183 1635 3341 1687 quam
3384 1635 3497 1689 ego,
3557 1635 3793 1673 manens

2182 1709 2360 1763 Pater.
2393 1710 2455 1763 Et
2488 1727 2587 1779 me,
2627 1712 2673 1764 si
2699 1712 2816 1781 quis
2843 1713 3109 1781 agnoverit
3141 1710 3388 1777 Patrem,
3430 1714 3693 1781 agnorit;
3742 1722 3791 1763 et

2113 1770 2151 1823 Β
2188 1800 2402 1855 Patrem
2428 1770 2783 1873 siagnorerit,
2846 1803 3041 1857 Filium
3097 1805 3305 1858 didicit.
3360 1805 3452 1859 Sic
3503 1806 3681 1874 igitur
3738 1814 3792 1855 et

2186 1907 2307 1961 quze
2347 1903 2475 1947 sunt
2502 1893 2678 1949 Patris
2715 1903 2768 1949 et
2808 1894 2954 1959 Filii,
2982 1895 3291 1949 communia
3361 1905 3481 1949 sunt
3542 1894 3785 1962 Spiritui

2185 1996 2398 2050 sancto,
2436 1994 2651 2040 servata
2682 1986 2783 2040 sibi
2838 1978 3169 2055 proprietate
3195 1985 3494 2055 pcrsouali,
3522 1984 3637 2038 hoc
3675 1992 3784 2042 est.

2187 2078 2425 2131 manenti
2465 2076 2711 2146 Spiritui.
2753 2078 2927 2132 Porro
2954 2079 3005 2132 in
3038 2077 3205 2147 hujus
3257 2079 3467 2132 ratione
3526 2076 3787 2146 proprie-

2188 2168 2313 2222 tatis
2353 2176 2457 2234 est,
2490 2183 2614 2224 esse
2653 2184 2715 2224 ex
2761 2167 2925 2225 Patre
2972 2184 3069 2238 per
3128 2167 3344 2225 Filium.
3424 2166 3621 2239 Itaque
3675 2184 3782 2221 non

2182 2258 2292 2328 jam
2317 2259 2671 2328 eritSpiritus
2705 2277 2768 2316 ex
2798 2278 2859 2317 se
2879 2262 2997 2331 ipse
3025 2260 3306 2331 proferens
3337 2258 3637 2329 Spiritum,
3682 2261 3780 2315 sed

2185 2347 2349 2405 Pater
2373 2359 2427 2405 ct
2462 2349 2655 2407 Filius.
2697 2351 2917 2406 lllorum
2946 2352 3090 2406 enim
3122 2360 3241 2407 erat
3270 2351 3541 2421 inspirare
3601 2352 3783 2421 Spiri-

2190 2449 2299 2493 tum
2344 2449 2662 2509 sequentem
2723 2443 3025 2510 proprium.

2256 2531 2550 2587 Enimvero
2573 2536 2717 2601 quod
2758 2536 2947 2588 aiunt:
2999 2534 3267 2605 Siquidem
3302 2553 3480 2590 verum
3520 2546 3662 2590 esset
3716 2551 3782 2589 ex

2187 2620 2321 2673 Filio
2348 2623 2628 2689 procedere
2660 2624 2912 2691 Spiritum
2973 2637 3239 2691 sanetum,
3301 2628 3575 2696 oportebat
3634 2629 3782 2680 anti-

2186 2729 2315 2783 quos
2348 2711 2561 2778 Patres,
2618 2730 2735 2767 cum
2804 2730 2901 2783 pro
2978 2716 3243 2787 Unigeniti
3300 2718 3468 2788 gloria
3516 2718 3779 2772 adversus

2188 2806 2373 2857 Arium
2424 2798 2751 2875 pugnarent;
2795 2807 2865 2861 ad
2922 2810 3396 2863 commendationm
3464 2810 3639 2881 ipsius
3709 2812 3777 2862 ad

2187 2897 2398 2953 Patrem
2455 2900 2800 2967 tequalitatis,
2864 2902 3084 2955 unitatis
3129 2902 3224 2956 hoc
3279 2904 3483 2968 dicere;
3543 2904 3595 2955 si
3639 2906 3776 2956 enim

2189 3006 2219 3042 a
2252 2988 2541 3043 minoribus
2574 2990 2671 3043 hoc
2714 2991 3085 3055 moliebantur,
3130 2991 3281 3061 longe
3330 2992 3499 3062 magis
3530 3010 3561 3045 a
3592 2994 3770 3062 majo-

572 3082 641 3136 Ex
681 3082 765 3136 bis
802 3093 1008 3147 autem,
1042 3093 1093 3137 et
1118 3084 1241 3153 ejus
1288 3084 1415 3140 dicti
1477 3084 1671 3141 solutio
1714 3096 1881 3158 patet,
1940 3090 2082 3158 quod

2192 3080 2329 3133 ribus
2385 3081 2439 3133 id
2470 3082 2740 3149 oportebat
2771 3083 2977 3151 facere;
3026 3085 3151 3152 quia
3195 3099 3311 3137 vero
3358 3100 3459 3137 non
3516 3086 3569 3136 id
3626 3086 3773 3136 dia?-

504 3171 974 3241 iuNicetmprimo
1038 3176 1272 3231 concilio
1332 3178 1397 3231 ad
1450 3178 1789 3235 haesitantem
1852 3181 2086 3251 philoso-

507 3264 672 3332 phum
730 3266 933 3319 dictutu
988 3268 1311 3335 proferunt;
1382 3272 1461 3325 sic
1503 3271 1644 3326 enim
1679 3272 1789 3328 illic
1815 3275 1967 3329 aiunt
2017 3278 2084 3330 ad

504 3356 652 3410 illum
686 3356 875 3411 Patres
897 3398 911 3411 .
938 3358 1151 3429 Suscipe
1181 3378 1338 3415 uuam
1390 3363 1723 3425 divinitatem
1760 3365 1962 3434 Patris,
1999 3370 2087 3438 qui

502 3447 703 3503 Filium
730 3451 1070 3519 ine/j‘abiliter
1091 3456 1294 3524 genuit,
1363 3456 1589 3527 Filiique
1640 3475 1705 3513 ea:
1756 3463 1870 3531 ipso
1903 3466 2085 3533 geniti,

501 3550 548 3592 et
582 3542 757 3593 sancti
787 3542 1044 3609 Spiritus,
1083 3546 1171 3614 qui
1195 3562 1257 3599 ea:
1279 3548 1391 3615 ipso
1439 3550 1674 3617 procedit
1728 3550 1907 3620 Patre,
1967 3570 2089 3623 pro-

501 3634 749 3701 priusque
795 3632 921 3688 Filii
979 3646 1076 3691 est.
1135 3638 1381 3709 Namque
1450 3654 1513 3694 ex
1560 3642 1675 3709 ipso
1700 3643 1879 3704 Patre.
1934 3647 2086 3715 quasi

500 3724 670 3796 digito
700 3729 1063 3806 ostenderent,
1094 3731 1366 3795 dixerunt,
1389 3735 1674 3801 pessimam
1705 3737 2090 3792 contradictio-

502 3832 625 3871 nem
678 3818 1004 3887 aul‘erentes,
1051 3824 1143 3893 qui
1193 3839 1301 3879 non
1324 3842 1388 3879 ex
1434 3826 1551 3894 ipso
1601 3826 1779 3893 Patre,
1825 3844 1998 3898 neque
2023 3847 2089 3885 ex

504 3912 623 3980 ejus
657 3913 980 3977 substantia,
1010 3916 1101 3969 sed
1133 3930 1199 3971 ex
1260 3918 1428 3971 altera
1477 3920 1719 3973 essentia
1761 3930 1924 3990 atque
1963 3925 2091 3977 sub-

504 3998 706 4059 stantia
740 4006 934 4061 Filium
971 4022 1091 4062 esse
1136 4007 1609 4077 blaSphemabant.
1680 4011 1737 4065 Si
1792 4020 1971 4065 autem
2023 4028 2087 4067 ex

507 4093 665 4149 Patre
701 4096 917 4161 dicitur,
949 4097 1041 4150 sed
1086 4095 1242 4166 juxta
1306 4098 1651 4165 procedentis
1688 4100 1998 4163 terminum,
2024 4118 2091 4158 ex

508 4188 665 4242 Patre
698 4203 792 4258 per
811 4190 1003 4243 Filium
1032 4190 1310 4257 procedit;
1344 4190 1413 4243 ita
1443 4192 1584 4245 enim
1630 4209 1696 4246 ex
1760 4194 1921 4250 Patre
1968 4212 2093 4266 pro-

505 4280 719 4344 cedere,
755 4296 849 4349 pro
873 4296 935 4333 eo
969 4281 1110 4351 quod
1145 4295 1227 4335 est
1260 4298 1322 4336 ex
1352 4283 1514 4336 Patre
1573 4299 1669 4352 per
1729 4285 1923 4340 Filium
1970 4286 2093 4355 proi

506 4373 719 4437 cedere,
750 4381 1095 4442 acceperunt,
1123 4374 1239 4443 ejus
1296 4374 1440 4443 quod
1473 4385 1548 4428 est
1611 4380 1923 4445 procedere,
1960 4394 2092 4434 con-

505 4480 701 4518 nexaiu
726 4465 1095 4519 deﬁnitionem
1126 4466 1483 4534 esplirantes.
1527 4467 1733 4522 Idcirco
1781 4469 1946 4523 etiam
1992 4472 2086 4525 ad-

502 4556 833 4621 jectumest,
860 4554 1215 4627 Propriusque
1260 4556 1394 4611 Filii
1443 4568 1567 4626 est;
1618 4562 1864 4630 proprius
1906 4572 2084 4617 autem

508 4643 625 4698 Filii
651 4659 679 4697 a
707 4646 913 4699 sanctis
954 4646 1206 4701 Patribus
1241 4646 1478 4716 Spiritus
1507 4651 1683 4704 dictus
1722 4661 1824 4716 est,
1884 4662 1941 4705 ut
1993 4654 2082 4721 qui

508 4736 561 4819 in
597 4736 713 4804 ipso
764 4745 817 4791 et
851 4751 945 4804 per
973 4738 1146 4806 ipsum
1184 4739 1501 4793 naturaliter
1567 4741 1765 4809 prodit,
1809 4752 1970 4812 atque
2018 4759 2083 4799 cx

509 4827 623 4897 ipso
652 4837 753 4893 est,
792 4829 990 4899 quippe
1013 4830 1081 4884 ab
1101 4846 1165 4885 eo
1194 4844 1316 4885 esse
1362 4831 1660 4901 accipiens.

580 4918 692 4978 Ipsa
732 4920 967 4989 denique
992 4920 1236 4991 synodus
1285 4935 1384 4989 per
1438 4922 1751 4994 episcopum
1800 4923 2088 4980 Leontium

509 5016 793 5062 attestatur
820 5012 884 5063 ad
934 5010 1312 5080 pbilosoplnun
1372 5013 1596 5065 dicens:
1638 5011 1925 5082 Proprium
1978 5030 2089 5067 esse

510 5102 767 5170 Spiritum
798 5101 943 5162 Filii.
969 5114 1125 5173 atque
1146 5120 1210 5156 ea:
1238 5106 1352 5172 ipso
1376 5122 1629 5170 manare;
1678 5107 1769 5160 sed
1799 5107 1926 5160 illud
1961 5122 2093 5175 quo-

509 5210 613 5261 que
642 5196 781 5261 quod
807 5195 882 5248 ait
915 5209 1141 5264 magnus
1173 5196 1439 5252 Basilius:
1477 5199 1741 5263 Quoniam
1793 5200 2091 5253 communia

511 5286 732 5340 Putrict
770 5286 937 5353 Filio,
969 5292 1265 5343 communia
1302 5303 1347 5342 et
1405 5288 1632 5359 Spiritui
1697 5302 1839 5354 sunt,
1889 5293 2092 5358 optime

509 5382 725 5446 quidem
755 5381 959 5434 dictum
986 5393 1102 5446 est;
1137 5397 1241 5434 non
1268 5396 1449 5435 autem
1482 5398 1576 5450 per
1613 5384 1733 5446 hoc,
1790 5384 1933 5450 quod
1997 5399 2089 5437 vo-

511 5474 643 5538 lunt,
692 5472 1145 5527 conliciuut.lfue
1198 5473 1343 5524 enim
1401 5473 1533 5526 nihil
1591 5476 1757 5541 cogit,
1825 5472 2085 5543 Spiritum

515 5567 588 5617 iel
622 5567 915 5635 suiipsius,
977 5565 1059 5619 vel
1112 5565 1336 5619 alterius
1400 5580 1644 5631 persona:
1701 5566 2084 5633 produetorem

586 5754 873 5819 'Joiu.x,
924 5758 1007 5807 5L
1090 5757 1108 5785 ⁵
1153 5754 1306 5807 lusu.
1346 5754 1546 5812 “1.15

2167 3184 2334 3253 .runt,
2358 3174 2519 3242 liquet
2560 3177 2685 3244 quia
2721 3190 2825 3227 non
2861 3175 2936 3229 ita
2999 3176 3199 3245 opinati
3231 3185 3375 3240 sunt,
3430 3176 3637 3230 nullam
3699 3176 3777 3229 in-

2189 3267 2338 3321 ducit
2372 3268 2780 3322 necessitatem.

2259 3356 2503 3412 Primum
2565 3358 2809 3427 quidem,
2878 3361 3007 3431 quia
3072 3360 3259 3416 Ariani
3332 3361 3777 3431 blaspliemantes

2193 3449 2387 3505 Filium
2429 3465 2550 3505 esse
2574 3453 3120 3508 creaturamzmulto
3171 3453 3411 3510 deterius
3462 3455 3531 3509 de
3584 3464 3779 3509 sancto

2193 3542 2400 3613 Spiritu
2441 3552 2748 3599 senserunt.
2799 3542 3295 3600 Creaturam‘enim
3337 3542 3460 3600 Filii
3490 3543 3767 3613 Spiritum

2192 3646 2437 3693 sanctum
2505 3651 2647 3700 esse,
2704 3637 3081 3707 desipiebaut,
3152 3652 3388 3707 eumque
3486 3652 3552 3693 ex
3616 3638 3775 3701 Filio,

2192 3729 2644 3799 quemadmodum
2694 3739 2749 3785 et
2819 3731 3002 3784 omnia
3062 3745 3184 3785 esse
3232 3730 3528 3794 dicebant;
3593 3746 3773 3801 neque

2193 3824 2294 3878 hoc
2326 3824 2523 3885 solum,
2562 3824 2653 3876 sed
2690 3823 2852 3877 etiam
2886 3838 2952 3876 ex
3002 3826 3118 3877 solo
3145 3823 3302 3891 Filio,
3343 3825 3486 3893 quod
3530 3824 3775 3878 insinuat.

2193 3931 2423 3984 magnus
2452 3896 2714 3970 -Basilius
2776 3915 3073 3985 conﬂigens
3129 3916 3391 3970 adversus
3424 3915 3773 3980 l-lunomium,

2194 4016 2248 4063 et
2278 4008 2499 4062 dicens:
2539 4007 2812 4073 Quomodo
2850 4010 3020 4077 igitur
3082 4009 3185 4063 soli
3236 4009 3508 4078 unigenito
3556 4024 3775 4061 causam

2195 4097 2432 4171 Spiritus
2460 4099 2715 4168 applicat,
2742 4101 3311 4169 prmdica‘mentumque
3344 4099 3509 4167 ipsius
3539 4110 3772 4167 natura',

2148 4191 2352 4262 'hujus
2374 4191 2691 4244 creationem
2738 4191 2923 4259 facit?
2962 4190 3018 4244 Si
3070 4192 3235 4261 igitur
3287 4193 3449 4247 etiam
3516 4208 3584 4248 ex
3640 4194 3775 4247 Filio

2197 4283 2462 4353 Spiritum
2509 4283 2804 4351 procedere
2847 4283 3019 4351 ipsius
3051 4284 3319 4351 objeclum
3346 4285 3559 4350 luisset,
3598 4289 3772 4339 nulla-

2199 4386 2353 4430 tenus
2395 4376 2460 4429 ad
2503 4374 2987 4429 commendandam
3047 4375 3165 4430 Filii
3209 4379 3275 4431 ad
3306 4377 3517 4431 Patrem
3549 4379 3775 4433 honoris

2192 4468 2555 4538 mqualitatem
2607 4466 2793 4521 efficax
2822 4466 3035 4532 luisset.
3070 4468 3132 4522 Et
3164 4470 3263 4538 ipsi
3318 4470 3465 4523 enim
3545 4486 3611 4524 ex
3686 4473 3774 4525 illo

2192 4575 2335 4623 esse,
2366 4571 2424 4613 ut
2458 4560 2665 4614 dictum
2696 4571 2799 4624 cst,
2844 4562 3265 4626 conlitebautur,
3311 4563 3405 4616 sed
3440 4572 3497 4616 ut
3552 4575 3769 4617 creatu-

2196 4670 2324 4718 ras;
2358 4662 2617 4722 quantum
2661 4652 2805 4706 enim
2860 4669 2924 4707 ex
2974 4654 3234 4716 dictione,
3280 4670 3385 4707 non
3438 4656 3772 4721 co,;eba-.tur

2194 4746 2445 4801 essentia:
2516 4745 2854 4799 identitatem
2940 4746 3209 4799 confiteri.
3274 4745 3329 4798 Si
3379 4746 3542 4814 igitur
3596 4762 3662 4800 ex
3712 4764 3774 4799 eo

2191 4837 2409 4907 quidem
2457 4836 2601 4906 quod
2663 4844 2717 4890 et
2774 4836 2944 4890 Filius
3009 4840 3189 4891 omnia
3235 4839 3361 4893 facit
3418 4842 3775 4907 quematlmo-

2189 4938 2244 4982 et
2303 4929 2486 4995 Pater,
2522 4937 2577 4983 et
2604 4928 2678 4981 ita
2708 4928 2869 4981 etiam
2902 4928 3071 4985 Filius
3134 4930 3361 4984 suscitat
3417 4942 3665 4985 mortuos
3726 4945 3776 4987 et

2192 5020 2427 5075 viviﬁcat
2462 5022 2920 5088 quemadmodum
2957 5030 3010 5075 et
3055 5021 3238 5085 Pater,
3277 5038 3383 5076 non
3436 5024 3777 5079 induceban-

2194 5120 2281 5165 tur
2310 5121 2368 5165 ut
2416 5113 2559 5167 Patri
2599 5111 2795 5166 Filium
2831 5113 3091 5180 aequalem
3150 5122 3445 5183 ponerent:
3508 5120 3778 5183 quomodo

2192 5214 2257 5253 es
2286 5215 2349 5254 eo
2376 5200 2521 5271 quod
2567 5202 2801 5271 Spiritus
2829 5220 2893 5258 ex
2923 5205 3040 5273 ipso
3070 5220 3187 5259 esse
3258 5203 3555 5269 diceretur,
3613 5221 3774 5274 quem

2191 5304 2497 5347 creaturam
2535 5296 2651 5363 ejus
2678 5295 3013 5364 desipiebaut
3060 5307 3221 5363 atque
3249 5310 3313 5363 e9
3356 5297 3523 5350 multo
3548 5296 3779 5350 inf‘erio—

2191 5398 2324 5448 rem,
2364 5402 2682 5453 persuasum
2725 5389 2806 5442 eis
2829 5397 2976 5442 esset
3007 5396 3065 5441 ut
3115 5388 3308 5441 Filimn
3370 5387 3549 5443 Patris
3603 5388 3777 5456 digni-

2190 5487 2300 5530 tate
2366 5479 2737 5533 honorarent?
2798 5478 2931 5531 Nam
2975 5480 3027 5532 in
3090 5479 3580 5549 disputatioaibus,
3635 5482 3776 5546 quod

2190 5580 2341 5641 urget
2378 5572 2571 5640 magis,
2608 5588 2672 5628 ac
2702 5572 3013 5641 persuadet,
3063 5572 3367 5641 proferunt.
3395 5575 3567 5643 Magis
3595 5583 3777 5625 autem

2120 4454 2163 4511 D
