4114 6306
300 224 435 287 169
1412 220 1814 282 ADVERSUS
1853 221 2170 281 GRAECOS
2210 222 2360 281 LIB.
2397 222 2517 282 III.
3482 222 3585 284 I70

301 341 367 392 si
407 352 470 392 ex
505 336 666 391 Patre
696 335 873 405 ipsum
905 334 1199 406 procedere
1225 350 1254 389 a
1283 335 1565 391 Salvatore
1591 336 1898 397 audientes,
1931 337 1976 390 Α
2004 334 2162 388 rent?
2212 334 2357 389 Nihil
2391 333 2555 402 igitur
2606 348 2671 391 ex
2720 332 2803 389 his
2830 335 3203 391 necessarium
3262 337 3588 395 conficiunt.

298 444 434 485 non
482 430 608 482 hinc
663 430 1154 498 persuadenantur,
1231 429 1399 483 Deum
1461 443 1581 483 esse
1637 428 1897 497 Spiritum
2078 423 2192 477 Non
2224 426 2400 479 solum
2432 431 2613 477 autem
2647 424 2748 478 ista
2773 425 3055 493 proferunt
3078 440 3145 481 ex
3195 430 3422 496 sanctis,
3453 430 3594 486 nihil

303 532 599 586 sanctum,
670 522 1124 588 quemadmodum
1201 532 1257 577 et
1308 521 1556 585 Patrem;
1616 522 1683 573 de
1743 520 1903 574 Patre
2007 516 2087 570 eis
2115 515 2181 567 ad
2223 514 2582 583 propositum,
2636 524 2696 567 ιιι
2754 526 3031 570 ostensum
3083 527 3189 585 est,
3232 517 3594 586 conferentia,

301 612 493 676 enim,
536 612 665 679 quin
708 611 851 665 Deus
872 625 1031 665 verus
1061 620 1229 673 esset,
1258 625 1419 664 nemo
1443 609 1742 663 dubitavit:
1773 622 1906 677 quo-
2009 607 2117 661 imo
2166 608 2325 661 etiam
2362 606 2464 661 sibi
2521 606 2744 661 omnino
2769 608 3139 676 adversantia,
3170 628 3356 668 verum
3421 626 3476 672 et
3526 617 3597 671 ad

304 706 487 758 modo
518 705 563 758 si
592 705 737 758 hunc
771 701 1054 757 audientes
1090 718 1154 757 es
1196 702 1333 757 Filio
1388 703 1707 771 procedere,
1739 716 1901 767 quem
2008 697 2240 767 ineptias
2271 706 2325 751 et
2358 713 2531 767 nugas
2581 713 2644 753 ea
2678 710 3000 756 convertere
3030 708 3393 770 contendunt,
3464 723 3595 764 con-

303 802 634 849 creaturam
666 791 869 857 Patris,
908 794 1255 862 primumque
1310 800 1554 847 creatum
1606 793 1903 861 ponebant,
2010 801 2168 842 cesso
2194 797 2249 843 et
2282 803 2348 844 ex
2381 786 2520 842 Filio
2552 790 2848 859 procedere
2883 790 3147 859 Spiritum
3203 810 3477 854 sanctum.
3513 803 3593 855 Ac

304 886 537 940 inducti
584 883 819 938 fuissent
875 894 933 937 ut
980 885 1123 938 hunc
1168 882 1317 937 Patri
1364 881 1905 948 ,eonsubstantialem
2011 876 2187 947 priuio
2215 878 2407 933 dicunt
2433 874 2539 933 duo
2573 881 2837 950 principia
2876 885 3047 937 sancti
3073 885 3305 952 Spiritus
3359 906 3447 945 eo;
3514 893 3598 960 [α-

305 976 618 1030 dicerent?
2014 972 2112 1025 teri
2137 973 2270 1040 cogi,
2306 972 2399 1037 qui
2429 973 2503 1025 ita
2558 988 2623 1026 ex
2658 970 2821 1027 Patre
2872 990 2934 1027 ac
2961 975 3105 1029 Filio
3128 983 3411 1043 procedere
3467 981 3593 1050 Spi-

402 1068 626 1129 Deinde,
659 1078 709 1122 et
736 1079 954 1123 sanctos
993 1066 1182 1124 Patres
1207 1068 1311 1124 hoc
1353 1068 1555 1122 dixisse
1580 1066 1906 1122 invenimus.
2012 1064 2174 1116 ritum
2203 1072 2443 1117 sanctum
2488 1076 2811 1122 asseverant.
2862 1069 2931 1133 At
2960 1068 3062 1124 hoc
3087 1073 3293 1128 sanctis
3352 1073 3605 1131 Patribut

312 1158 616 1226 Proprium
642 1160 839 1228 quippe
872 1158 1016 1223 Filii,
1055 1167 1111 1212 ut
1142 1159 1209 1212 ab
1259 1172 1325 1212 eo
1381 1167 1691 1212 manantem
1755 1157 1910 1211 dixe-
2015 1154 2068 1207 in
2118 1154 2316 1224 primis
2349 1156 2722 1225 imputandum
2755 1158 2881 1223 fuit,
2910 1163 3003 1229 qui
3054 1177 3151 1229 per
3185 1162 3380 1218 Fdium
3430 1178 3487 1221 ct
3536 1187 3604 1222 ex

312 1260 496 1310 runt;
529 1252 806 1319 proprium
841 1266 970 1305 vero
994 1265 1114 1305 esse
1153 1248 1276 1303 Filii
1339 1249 1632 1319 Spiritum,
1668 1262 1790 1303 eum
1810 1262 1909 1318 per
2013 1246 2154 1302 Filio
2181 1262 2326 1312 esse,
2363 1264 2425 1302 ac
2448 1250 2745 1318 procedere
2800 1250 3063 1321 Spiritum
3121 1269 3395 1321 Sanctum,
3423 1272 3479 1314 et
3540 1279 3609 1317 ex

309 1334 531 1410 ipsum,
562 1352 618 1395 et
646 1357 711 1395 ex
763 1343 877 1409 ipso
939 1356 1061 1396 esse
1107 1340 1401 1409 significat.
1442 1340 1634 1400 .Porro
1685 1355 1909 1394 manare
2012 1340 2175 1396 Patre
2205 1355 2348 1406 esse,
2368 1342 2509 1396 sicut
2545 1354 2598 1398 et
2632 1360 2659 1397 a
2698 1343 2835 1398 Filio
2884 1346 3083 1401 divinis
3138 1352 3439 1407 rationibus
3483 1372 3609 1425 pro-

318 1434 592 1497 verbum,
633 1434 685 1486 in
722 1433 1167 1488 substantialihus
1198 1432 1546 1501 processibus
1601 1448 1631 1486 a
1702 1432 1911 1487 sanctis
2013 1434 2164 1489 baut.
2197 1434 2350 1501 Quod
2378 1436 2423 1492 si
2450 1438 2553 1491 hoc
2580 1453 2675 1493 eos
2732 1438 2806 1493 ita
2845 1453 3159 1499 asserentes
3190 1460 3295 1499 non
3357 1450 3605 1509 sequitur

310 1535 665 1593 assumptum
699 1539 844 1586 esse,
882 1523 1132 1594 pluribus
1182 1540 1343 1591 supra
1379 1534 1741 1580 monstratum
1798 1532 1906 1579 est.
2012 1528 2381 1597 (nequeenim
2417 1529 2541 1583 talia
2598 1531 2883 1595 dixissent,
2918 1534 2961 1587 si
3002 1535 3104 1589 ista
3129 1550 3226 1590 eos
3251 1537 3489 1592 absurda
3523 1557 3609 1593 se-

310 1614 434 1669 Sed
463 1616 607 1670 enim
636 1616 686 1669 in
719 1616 962 1685 scriptis,
1012 1616 1102 1685 qui
1142 1631 1239 1685 per
1270 1617 1410 1671 idem
1463 1630 1673 1684 tempus
1695 1617 1909 1671 clarue-
1944 1671 1984 1699 υ
2016 1627 2352 1687 querentur;
2386 1620 2499 1674 imo
2527 1621 2643 1675 base
2671 1622 2937 1689 dicentes,
2977 1626 3140 1681 etiam
3195 1643 3364 1683 unum
3402 1631 3606 1699 princi—

308 1717 476 1772 runt,
534 1708 890 1773 Athanasius,
944 1707 1197 1771 Basilius,
1220 1706 1515 1778 Nyssenus,
1577 1707 1912 1777 Theologus-
1946 1706 1987 1726 ”
2020 1707 2164 1776 pium
2201 1706 2487 1779 fatentur),
2524 1720 2738 1765 constat
2772 1713 2901 1780 quia
2963 1731 3140 1786 neque
3199 1718 3414 1775 illorum
3460 1724 3610 1777 diem

311 1812 434 1867 que
456 1797 749 1866 Gregorius
784 1814 849 1855 ex
876 1800 1039 1855 Patre
1071 1816 1170 1871 per
1198 1799 1398 1856 Filium
1450 1816 1595 1864 esse.
1631 1812 1687 1856 et
1720 1816 1914 1871 proee-
2020 1797 2344 1864 referentes,
2387 1802 2502 1855 haec
2554 1801 2734 1866 inepta
2781 1816 3103 1872 sequuntur.

312 1890 479 1954 dere,
512 1905 610 1959 pro
638 1905 704 1947 eo
735 1892 878 1961 quod
903 1900 989 1947 est
1022 1907 1087 1947 ex
1118 1890 1282 1949 Patre
1341 1908 1439 1964 per
1491 1892 1684 1949 Filium
1725 1907 1915 1962 prece.
2090 1887 2296 1943 Deinde
2311 1890 2568 1959 quoniam
2588 1889 2709 1945 Filii
2739 1895 2918 1947 omnia
2939 1896 3004 1948 ad
3028 1895 3247 1953 Patrem
3272 1888 3609 1967 referuntur,

314 1983 459 2037 dere
508 1993 861 2051 acceperunt.
1536 2000 1539 2001 ν
2020 1986 2074 2032 et
2096 1994 2235 2034 unus
2256 1978 2399 2035 Deus
2422 1978 2581 2036 Pater
2602 1991 2657 2038 et
2674 1980 2843 2038 Filius
2861 1993 2961 2049 est,
2982 1995 3144 2056 atque
3163 1991 3321 2046 unico
3333 2008 3612 2061 processu,

405 2072 543 2128 Cum
575 2075 781 2143 itaque,
809 2076 952 2142 quod
1008 2075 1326 2143 quaerimus,
1383 2076 1665 2132 inventum
1726 2078 1912 2143 fuerit,
2022 2070 2136 2124 sive
2160 2084 2227 2124 et
2252 2070 2413 2126 Patre
2438 2088 2532 2141 per
2556 2072 2779 2138 Filium,
2814 2076 2929 2131 sive
2950 2093 3017 2132 ex
3050 2078 3209 2135 Patre
3236 2092 3291 2135 et
3319 2082 3457 2141 Filio
3484 2102 3613 2154 pro-

309 2180 439 2220 non
479 2164 700 2234 expedit
754 2165 907 2235 plura
948 2167 1221 2221 curiosius
1273 2168 1587 2236 quaerendo,
1633 2170 1917 2225 molestias
2017 2163 2215 2217 cedere
2265 2166 2530 2219 Isseritur
2568 2165 2803 2234 Spiritus
2852 2181 3097 2237 sanctus,
3158 2174 3375 2230 ubinam
3431 2178 3611 2236 locum

308 2257 463 2326 pati.
509 2254 677 2311 Simul
702 2268 758 2311 et
798 2271 896 2327 per
948 2256 1062 2313 haec
1114 2258 1320 2328 liquido
1361 2261 1642 2328 probatur,
1690 2262 1818 2329 quia
1848 2277 1913 2316 ει
2020 2251 2131 2306 duo
2161 2253 2427 2323 principia
2455 2255 2773 2311 habebunt?
2799 2255 2933 2311 Nam
2958 2260 3001 2313 si
3029 2263 3245 2329 quidem
3263 2278 3406 2321 esset
3434 2267 3614 2331 Patris

315 2348 471 2404 Filio
510 2364 630 2403 esse
662 2363 883 2404 causam
918 2350 1122 2419 signat,
1156 2364 1261 2404 non
1297 2350 1474 2405 solum
1500 2350 1913 2421 proprietatem,
2022 2342 2383 2400 substantiale
2408 2347 2735 2415 producere,
2779 2348 2879 2403 hoe
2930 2348 3164 2407 fortasse
3206 2354 3617 2414 haberetratio-

314 2451 387 2494 ut
424 2440 644 2509 quidam
675 2450 888 2510 putant,
926 2442 1019 2495 sed
1064 2456 1310 2505 causam,
1357 2444 1701 2509 praecedente
1749 2443 1914 2498 etiam
2021 2451 2142 2491 nem
2175 2454 2189 2491 :
2222 2442 2480 2509 quoniam
2512 2457 2663 2510 vero,
2698 2444 2800 2499 hoc
2846 2461 2957 2500 non
2995 2460 3099 2512 est,
3132 2458 3188 2502 ut
3228 2468 3392 2521 supra
3426 2455 3614 2509 docui-

313 2534 688 2602 proprietate,
715 2542 773 2588 ut
796 2547 940 2603 sape
968 2532 1172 2587 dictum
1213 2544 1316 2589 est.
1350 2532 1648 2589 Eunomius
1679 2536 1825 2589 enim
1847 2550 1914 2588 ex
2023 2543 2164 2592 "ius.
2203 2543 2494 2584 commune
2536 2542 2621 2586 est
2676 2533 2842 2601 igitur
2885 2535 3031 2590 Patri
3093 2548 3150 2591 et
3217 2538 3355 2595 Filio
3402 2543 3614 2611 produ~

311 2623 471 2679 Filio
510 2622 770 2693 Spiritum
806 2627 1016 2689 dicens,
1052 2633 1107 2679 et
1134 2624 1250 2693 ipse
1311 2627 1733 2681 conditionalem
1777 2641 1918 2682 cau-
1966 2618 1969 2623 ’
2021 2634 2166 2673 cere.
2201 2618 2333 2674 Nam
2360 2623 2407 2675 si
2438 2624 2795 2679 substantiale
2824 2637 2990 2691 esset,
3029 2644 3306 2698 nunquam
3347 2649 3413 2688 ex
3454 2634 3617 2691 Patre

308 2730 447 2770 sam
480 2711 721 2785 Spiritus
748 2714 945 2769 Filium
974 2716 1355 2770 commendare
1381 2717 1615 2781 volebat,
1645 2717 1911 2787 divusque
2024 2727 2119 2781 per
2156 2710 2353 2767 Filium
2408 2716 2704 2782 procedere
2752 2717 2987 2785 Spiritus
3042 2735 3266 2777 Sanctus
3313 2726 3615 2788 diceretur.

306 2808 566 2861 Basilius
601 2807 654 2858 in
696 2821 860 2860 causa
890 2807 1131 2874 suscepit
1196 2807 1415 2861 dicens:
1476 2807 1748 2871 Quomodo
1797 2825 1920 2878 ergo
2024 2805 2234 2875 Quippe
2270 2805 2495 2874 etquod
2535 2809 2798 2875 procedit,
2840 2817 2894 2863 et
2920 2812 3061 2877 quod
3106 2814 3440 2881 producitur,
3473 2820 3614 2875 idem

304 2898 436 2956 sati
481 2894 764 2965 Unigenito
796 2911 1012 2949 causam
1043 2896 1271 2963 Spiritus
1328 2897 1603 2965 applicat?
1661 2900 1726 2953 Et
1774 2913 1922 2957 certe
2024 2898 2249 2952 omnino
2279 2907 2381 2952 est.
2409 2894 2598 2967 Itaque
2628 2898 2791 2953 Pater
2820 2901 3037 2969 quidem
3085 2919 3180 2973 per
3229 2905 3423 2961 Filium
3488 2926 3616 2979 pru-

310 2993 411 3045 fas
450 2998 570 3043 erat
602 2990 779 3043 dicere
809 2999 1057 3042 sanetum
1083 2989 1282 3044 virum.
1341 2990 1492 3056 Quod
1542 3006 1675 3062 ergo
1739 3010 1917 3065 neque
1945 3001 1988 3058 ο
2024 2990 2175 3045 ducit
2204 2990 2467 3059 Spiritum
2500 3001 2771 3071 sanetum,
2809 2994 2921 3063 ipse
2987 3011 3115 3051 vero
3138 3008 3222 3052 est
3263 3000 3355 3065 qui
3413 3003 3615 3071 produ-

308 3097 391 3135 ex
431 3077 591 3142 Filio,
640 3092 813 3146 neque
837 3093 933 3145 per
966 3093 1087 3131 eum
1143 3078 1251 3133 ullo
1305 3073 1617 3147 modo‘est,
1651 3087 1923 3153 quomodo
2031 3081 2195 3135 citur.
2226 3081 2436 3136 Idcirco
2481 3082 2647 3136 etiam
2685 3090 2981 3153 productor
3016 3102 3111 3156 per
3145 3088 3381 3146 Verbum
3432 3094 3616 3150 dictus

309 3183 386 3222 ex
434 3167 571 3222 Filio
596 3182 817 3221 causam
854 3169 905 3221 id
956 3168 1187 3222 habeat?
1220 3169 1324 3224 Sed
1350 3171 1453 3227 hoe
1477 3187 1580 3226 non
1615 3174 1772 3241 dixit,
1802 3192 1925 3231 cum
2030 3183 2135 3227 est.
2168 3172 2237 3227 Et
2279 3186 2459 3230 tamen
2508 3191 2686 3247 neque
2728 3192 2949 3233 causam
3014 3181 3435 3239 substantialem
3488 3204 3615 3241 esse

316 3275 456 3315 eum
497 3276 560 3314 ex
587 3258 749 3314 Patre
775 3275 869 3329 per
920 3259 1115 3315 Filium
1168 3276 1287 3337 esse
1333 3278 1477 3332 saepe
1529 3264 1924 3334 aﬂirmaverit;
2028 3277 2395 3320 monstratum
2444 3279 2555 3336 est,
2595 3285 2773 3340 neque
2814 3273 2958 3325 enim
3014 3290 3126 3328 rem
3162 3277 3457 3345 significat,
3517 3282 3614 3335 sed

322 3362 497 3421 atque
521 3368 617 3421 per
642 3351 839 3406 Filium
872 3353 1088 3422 quidem
1146 3355 1493 3420 naturaliter,
1524 3365 1581 3411 et
1625 3360 1927 3413 essentiali-
2029 3358 2205 3413 solum
2236 3362 2719 3428 praedicameutum
2747 3374 2854 3419 est.
2899 3362 2954 3418 Si
3035 3368 3180 3421 enim
3268 3384 3381 3423 rem
3449 3384 3614 3427 causa

244 3520 245 3529 χ
320 3461 433 3517 ter,
460 3454 599 3505 etab
628 3452 746 3519 ipso
774 3465 895 3505 esse
934 3442 1133 3507 habere
1175 3467 1449 3517 asserens,
1512 3456 1578 3507 ad
1624 3455 1679 3508 id
1736 3466 1917 3511 autem
2029 3452 2316 3519 signiﬁcat.
2351 3455 2515 3506 etiam
2542 3454 2921 3529 substantialis
2964 3466 3068 3517 est,
3106 3468 3161 3511 et
3207 3461 3426 3515 causale
3482 3476 3617 3518 can-

321 3541 476 3611 quod
531 3552 795 3597 creatura:
847 3544 1057 3598 ratione
1113 3558 1237 3601 esse
1278 3544 1566 3599 dicebatur
1620 3545 1915 3601 obsistens.
2027 3552 2322 3610 sequenter
2382 3559 2496 3596 rem
2567 3545 2871 3615 designabit
2935 3563 2999 3603 ac
3051 3551 3411 3608 substantiale
3474 3557 3606 3610 erit.

322 3636 516 3704 Itaque
534 3651 740 3690 cumex
774 3634 914 3691 Filio
948 3634 1186 3690 essentia
1220 3636 1504 3701 asseritur,
1542 3637 1806 3691 naturalis
1830 3652 1923 3692 es-
2029 3631 2207 3699 Atque
2245 3632 2317 3686 ita
2352 3633 2594 3687 causalia
2646 3650 2770 3688 cum
2829 3637 2939 3690 sint
3027 3640 3196 3695 Filius
3256 3654 3312 3697 et
3372 3645 3615 3715 Spiritus

324 3726 1007 3797 sentiatisquesuhstautia
1033 3726 1269 3795 Spiritus
1289 3727 1462 3781 sancti
1484 3729 1922 3784 commendatur.
2027 3730 2274 3787 sanctus,
2307 3738 2414 3778 una
2447 3738 2676 3793 persona
2701 3726 2826 3789 erit.
2870 3743 3066 3799 ttetupe
3123 3733 3382 3799 quoniam
3434 3746 3616 3791 ωιειι-

406 3819 675 3873 Praeterea
698 3817 1343 3886 seeundumpraadictam
1395 3820 1686 3887 rationem,
1747 3837 1923 3892 neque
2024 3830 2144 3868 sum
2169 3824 2252 3869 est
2282 3816 2594 3870 communia
2620 3830 2742 3872 esse
2772 3816 2951 3871 omnia
3003 3818 3150 3873 Patri
3198 3829 3253 3874 et
3313 3819 3474 3885 Filio.
3519 3826 3615 3881 ubi

328 3910 575 3966 Sabellio
608 3911 674 3965 ad
707 3909 1242 3973 commendationem
1279 3909 1590 3965 divinarum
1626 3912 1679 3966 in
1735 3910 1923 3968 Trini-
2018 3908 2134 3960 ‘non
2166 3906 2351 3960 obstat
2381 3906 2660 3963 relationis
2704 3908 3013 3977 oppositio;
3069 3913 3377 3980 producere
3406 3924 3612 3976 autem.

329 4011 447 4056 tate
500 4014 881 4069 personarum,
940 4014 1007 4052 ex
1069 3998 1206 4053 Filio
1281 3999 1544 4070 Spiritum
1612 4002 1911 4071 procedere
2024 4011 2199 4069 neque
2229 3999 2543 4069 paternitati
2566 4000 2818 4067 congruit
2849 4004 3150 4056 secundum
3178 4004 3297 4073 ejus
3318 4007 3612 4077 ratiqpem.

328 4094 527 4147 Patres
550 4091 928 4145 obtenderent.
964 4091 1031 4144 Et
1071 4092 1171 4146 hoc
1219 4091 1366 4146 enim
1419 4091 1627 4147 addunt
1674 4093 1918 4161 quidam.
2024 4105 2198 4161 neque
2242 4091 2510 4145 nativitati
2554 4092 2870 4162 opponitur.
2933 4092 3056 4149 Ista:
3108 4097 3252 4150 enim
3289 4098 3356 4151 ad
3383 4098 3615 4154 invicem

331 4185 395 4239 Si
429 4186 576 4239 enim
606 4183 801 4238 Filium
850 4194 904 4238 et
933 4182 1147 4237 Patrem
1214 4184 1465 4248 audiens,
1532 4184 1916 4255 dicentemque
2024 4184 2193 4237 solam
2224 4185 2571 4247 relationem,
2601 4195 2765 4254 atque
2813 4186 3179 4243 substantiam
3215 4190 3440 4244 habent.
3527 4190 3617 4245 ld-

333 4273 625 4331 Dominum
649 4290 664 4328 :
688 4272 798 4342 Ego
816 4290 879 4327 ea:
899 4271 1060 4326 Patre
1086 4274 1219 4327 exivi
1237 4274 1296 4340 °;
1328 4282 1384 4329 et
1413 4272 1648 4339 Spiritus
1671 4290 1736 4329 ex
1757 4274 1920 4332 Patre
2023 4274 2170 4329 circo
2192 4274 2324 4329 nihil
2355 4276 2503 4344 cogit
2534 4289 2566 4329 a
2605 4273 2745 4331 Filio
2774 4277 3063 4343 producere
3089 4277 3341 4345 auferre;
3369 4280 3610 4348 alioquin

332 4367 637 4437 procedit",
695 4382 798 4420 non
860 4365 1235 4431 inducebatur,
1293 4377 1352 4420 ut
1401 4364 1725 4423 Trinitatem
1754 4368 1923 4423 Deum
1961 4355 2089 4417 θυι
2116 4365 2335 4433 sapiens
2386 4374 2441 4418 et
2516 4365 2715 4429 bonus,
2780 4381 2898 4434 quas
2988 4384 3256 4437 nusquam
3336 4372 3617 4427 nativitati

336 4460 727 4523 confiteretur;
748 4459 986 4528 profecto
1004 4461 1050 4512 si
1069 4459 1235 4513 etiam
1257 4458 1443 4513 aFilio
1466 4461 1609 4513 hunc
1635 4461 1927 4529 procedere
2033 4469 2404 4526 opponuntur,
2436 4456 2573 4512 Filio
2606 4458 2882 4521 tollentes,
2929 4461 3194 4516 minorem
3223 4462 3400 4519 Patris
3425 4479 3614 4519 essen-

337 4553 608 4617 audisset,
649 4550 783 4604 nihil
826 4566 922 4620 per
978 4552 1081 4605 hoc
1138 4550 1312 4620 magis
1361 4548 1685 4605 Trinitatem
1753 4551 1923 4606 Deum

338 4644 626 4700 confessus
655 4652 835 4698 esset:
869 4644 979 4696 imo
1013 4642 1158 4697 credi
1197 4650 1373 4709 potest
1412 4657 1534 4695 eum
1568 4652 1623 4696 et
1653 4642 1737 4696 sui
1767 4643 1921 4697 simi-

339 4736 419 4792 les
453 4738 518 4791 de
545 4734 684 4791 Filio
723 4735 823 4789 ista
851 4734 1050 4802 saepius
1110 4734 1350 4798 audisse,
1384 4748 1506 4788 cum
1561 4748 1921 4802 personarum

342 4830 701 4885 diderentiant
767 4836 1051 4897 ponerent,
1086 4841 1415 4895 causamque
1447 4834 1501 4879 et
1564 4828 1804 4894 causale,
1870 4837 1924 4881 et

343 4936 462 4989 qua:
491 4921 741 4976 ordinem
811 4921 879 4973 ad
948 4919 1179 4973 invicem
1234 4919 1603 4985 insinuarent;
1654 4935 1776 4972 nam
1830 4918 1923 4988 qui

341 5024 439 5078 per
459 5011 511 5066 id
539 5010 798 5080 temporis
820 5010 1073 5064 doctores
1090 5019 1265 5073 erant,
1286 5024 1382 5077 per
1412 5007 1604 5062 Filium
1632 5009 1928 5079 procedere

345 5111 398 5154 et
421 5102 488 5155 ab
510 5102 626 5170 ipso
650 5102 918 5169 accipere,
956 5110 1120 5168 atque
1164 5102 1402 5167 prodire,
1433 5109 1487 5152 et
1510 5110 1704 5154 caetera
1743 5103 1932 5170 hujus-

347 5196 490 5249 modi
521 5196 585 5249 de
627 5193 831 5264 Spiritu
867 5202 1057 5248 sancto
1086 5194 1421 5247 asserebant.
1457 5193 1724 5249 Caeterum
1775 5197 1818 5249 si
1863 5210 1928 5249 ex

351 5287 765 5342 evidentissimis
795 5285 1091 5355 Scriptura
1155 5285 1485 5338 testimoniis
1515 5284 1566 5338 id
1627 5286 1931 5354 percipien-

353 5386 449 5444 tes,
478 5395 664 5435 verum
696 5396 801 5436 non
835 5381 1118 5447 putabant,
1148 5378 1420 5445 quomodo
1452 5378 1498 5430 si
1555 5378 1624 5430 ab
1698 5378 1931 5434 homini-

354 5469 451 5527 bus
479 5474 753 5538 audirent,
780 5470 1192 5527 concinentibus
1238 5471 1361 5523 licet
1410 5469 1704 5538 Scripturis
1736 5475 1927 5533 crede-

470 5656 625 5715 Ioan.
662 5674 775 5725 xvr,
806 5657 899 5711 ‘28.
978 5657 996 5687 ⁷
1039 5655 1200 5710 Joau.
1239 5673 1327 5721 xv,
1363 5656 1450 5709 26.

609 5756 882 5813 Pn'uoL.
921 5752 1037 5812 Gn.
1097 5753 1274 5813 CLII.

2036 4550 2107 4605 tia
2134 4548 2329 4604 Filium
2370 4552 2681 4605 necessario
2716 4551 3027 4617 fatebimur,
3092 4555 3273 4608 innata
3314 4567 3367 4608 et
3400 4558 3615 4624 propria

2035 4657 2141 4695 non
2170 4641 2245 4707 ei,
2276 4643 2414 4696 sicut
2441 4652 2495 4695 et
2525 4641 2667 4696 Patri
2699 4644 2988 4699 reddentes
3020 4662 3034 4698 :
3068 4644 3139 4697 ita
3193 4655 3247 4699 et
3292 4654 3614 4715 producere.

2035 4732 2293 4800 quoniam
2332 4734 2602 4787 uativitati
2647 4750 2750 4789 non
2780 4737 2984 4801 obstat,
3022 4735 3127 4791 nisi
3162 4736 3299 4791 Filio
3326 4752 3617 4793 commune

2034 4839 2156 4879 cum
2178 4822 2336 4876 Patre
2366 4827 2471 4890 sit;
2519 4824 2749 4893 sigillum
2784 4840 3006 4892 prorsus
3025 4826 3300 4884 uniforme
3334 4846 3439 4884 non
3488 4834 3613 4897 erit,

2034 4925 2089 4966 et
2131 4913 2531 4970 indemutabilis
2575 4916 2753 4985 imago
2784 4915 2981 4980 Patris,
3018 4927 3072 4974 et
3112 4934 3253 4975 unus
3273 4932 3399 4977 eum
3453 4922 3617 4980 Patre

2037 5006 2200 5063 Deus.

2104 5099 2285 5171 Itaque
2306 5102 2600 5157 secundum
2625 5108 2870 5177 proprias
2889 5109 3274 5166 substantiales
3301 5113 3613 5174 relatioaes,

2033 5194 2420 5263 paternitatem
2448 5194 2658 5251 scilicet
2696 5212 2759 5253 ac
2817 5201 3179 5266 nativitatem,
3235 5203 3460 5259 discreti
3493 5216 3614 5251 cum

2031 5287 2140 5341 sint
2170 5286 2468 5346 secundum
2512 5300 2775 5356 personas
2805 5288 2965 5345 Pater
3020 5300 3073 5346 et
3099 5290 3301 5355 Fllille
3327 5302 3618 5343 Ctillltttunc

2032 5381 2327 5447 indivisum
2382 5396 2480 5451 per
2545 5381 2649 5435 alia
2691 5384 2872 5436 omnia
2919 5386 3003 5453 pie
3060 5382 3455 5436 observabitur.
3496 5375 3615 5426 Non

2035 5484 2183 5547 enim
2209 5485 2342 5568 quia
2373 5476 2481 5535 duo
2516 5484 2641 5529 sunt
2673 5475 2944 5544 personis,
2974 5474 3093 5526 ideo
3115 5466 3277 5524 etiam
3315 5482 3408 5537 per
3436 5462 3616 5517 omnia

3214 5746 3247 5803 6
