4114 6306
476 310 578 377 1'71

1744 274 2147 372 uANUELts
2184 309 2493 371 cuneta

3688 308 3821 378 172

466 446 564 487 eos
593 429 832 484 dividere
856 424 1148 493 convenit;
1205 425 1282 480 sic
1330 425 1479 480 enim
1521 434 1703 481 essent
1747 435 1803 479 et
1840 426 1943 480 duo
1964 438 2050 479 sa-
2083 422 2461 490 n-ﬂttviusque
2518 437 2583 477 es
2631 422 2789 477 oculo
2848 436 2945 491 per
2994 420 3219 485 fontem,
3285 419 3402 475 sive
3455 434 3648 492 aqua
3725 436 3809 476 ex

466 525 701 591 pientes,
726 528 783 576 et
804 521 910 574 duo
939 520 1086 584 boui,
1116 528 1170 572 et
1193 519 1297 573 duo
1334 527 1629 582 creatores,
1663 528 1717 572 et
1739 519 1845 573 duo
1872 518 1967 580 dii,
1995 524 2051 569 ct

404 620 411 627 '
467 616 575 668 duo
607 614 878 668 mittentes
901 651 918 678 ,
946 612 1200 680 quoniam
1232 610 1394 664 mittit
1439 610 1655 679 quidem
1690 607 1851 663 Pater
1876 607 2051 677 Spiri-

471 719 583 761 tum
611 715 856 761 sanctum
882 723 895 768 ;
926 705 1092 760 mittit
1124 718 1252 758 vero
1280 706 1422 759 ltuuc
1462 712 1518 758 et
1572 700 1772 767 Filius;
1834 709 1888 754 et
1949 699 2043 769 qui

467 799 636 851 mittit
666 798 876 853 initium
908 796 1312 866 quomodolibet
1343 804 1425 850 est
1472 793 1591 863 ejus
1645 793 1735 862 qui
1792 793 2044 845 mittitur.

541 891 749 945 Idcirco
796 888 998 943 dietum
1037 896 1123 944 est
1155 903 1186 950 ιι
1218 885 1467 955 tlteoiogo
1503 884 1794 961 Gregorio,
1843 882 2047 949 princi-

465 985 610 1053 pium
640 997 706 1037 ea:
729 982 1009 1050 principio,
1048 992 1361 1048 quanquam
1400 991 1507 1031 non
1553 961 1710 1029 video
1745 991 1843 1030 cur
1863 975 2046 1043 potius

468 1094 532 1132 ex
558 1092 621 1130 eo
643 1076 860 1144 quidem
892 1072 1035 1142 quod
1069 1086 1137 1127 ex
1182 1069 1340 1123 Patre
1360 1077 1416 1123 et
1460 1065 1598 1121 Filio
1634 1066 1928 1135 procedere
1958 1065 2044 1118 di-

468 1171 608 1225 citur
637 1167 875 1236 Spiritus
921 1173 1169 1226 sanctus,
1207 1162 1312 1215 duo
1349 1159 1527 1215 sancti
1563 1157 1800 1227 Spiritus
1837 1157 2045 1226 princi-

467 1262 553 1331 pia
579 1265 881 1313 nascuntur
913 1273 927 1309 :
962 1270 1028 1307 ex
1053 1268 1120 1308 eo
1147 1260 1328 1306 autem
1371 1251 1514 1319 quod
1556 1265 1586 1303 a
1620 1248 1786 1303 Patre
1816 1259 1871 1302 et
1907 1246 2042 1303 Filio

466 1354 631 1418 mitti,
666 1367 770 1404 non
803 1349 989 1404 itidem
1014 1348 1120 1401 duo
1146 1346 1398 1400 oriantur
1426 1343 1604 1404 initia,
1658 1354 1831 1409 neque
1864 1347 2040 1392 tamen

467 1449 577 1502 duo
614 1445 698 1499 vel
722 1453 832 1498 tres
859 1452 1126 1496 creaturae
1157 1438 1412 1494 dicuntur
1437 1434 1682 1505 opillces,
1707 1443 1762 1486 et
1793 1442 1902 1486 tres
1925 1430 2039 1495 dii,

467 1550 523 1591 et
555 1537 659 1590 tria
681 1542 1079 1600 consequenter
1100 1527 1367 1598 principia
1395 1542 1410 1590 ;
1438 1525 1534 1580 sed
1558 1532 1797 1587 constat,
1822 1521 2041 1589 quando

467 1642 644 1696 neque
673 1627 905 1695 sapiens,
941 1637 1114 1691 neque
1147 1630 1360 1675 creator
1388 1616 1713 1687 paternitat’t
1736 1629 1914 1682 neque
1948 1628 2047 1668 na-

471 1720 667 1775 tivitati
725 1716 1018 1787 opponitur
1074 1732 1089 1770 :

467 1826 656 1866 sancto
688 1808 913 1880 Spiritui
950 1820 1238 1861 commune
1268 1816 1375 1864 εει,
1415 1802 1632 1871 quando
1651 1815 1753 1854 nec
1776 1799 1895 1866 ejus
1918 1799 2047 1851 sub-

465 1902 705 1958 smutiali
733 1900 1073 1971 pr0prietati,
1102 1894 1441 1967 processioui
1467 1892 1700 1958 scilicet,
1718 1891 2042 1961 opponitur:

392 2042 405 2054 ,
466 2010 606 2047 unus
657 2004 871 2046 creator
925 2004 1204 2059 unumque
1239 1994 1507 2043 creaturae
1553 1984 1875 2054 principium
1924 1980 2047 2035 Tri-

466 2089 628 2142 nitas.
662 2085 737 2140 Ac
780 2085 995 2138 mittere
1032 2082 1295 2150 Spiritum
1330 2088 1578 2133 sanctum
1625 2072 1773 2126 Patri
1800 2071 2045 2138 Filioque

465 2193 752 2235 commune
783 2185 886 2238 est,
930 2175 1128 2243 quippe
1169 2187 1295 2227 cum
1328 2183 1501 2238 neque
1553 2168 1651 2220 hoc
1681 2180 1869 2221 eorum
1922 2163 2048 2218 sub-

466 2269 817 2324 stantiali’lius
844 2263 1273 2335 proprietatibus
1301 2261 1502 2315 obstet.
1536 2258 1663 2311 Ideo
1696 2265 1753 2310 et
1790 2270 1929 2309 unus
1952 2253 2043 2322 qui

467 2361 656 2420 mittil,
697 2357 858 2410 Pater
887 2367 939 2408 et
972 2354 1143 2408 Filius
1175 2362 1281 2407 est.
1331 2349 1594 2404 Similiter
1637 2348 1728 2415 qui
1773 2345 2043 2415 producit,

467 2466 609 2504 unus
665 2461 747 2504 est
796 2450 984 2501 eadem
1039 2446 1270 2499 ratione.
1323 2440 1526 2495 Sancto
1581 2447 1758 2492 autem
1814 2435 2045 2506 Spiritui

430 2603 433 2606 ,
466 2541 686 2596 mittere
716 2555 780 2593 ac
810 2541 1131 2606 producere,
1189 2544 1250 2589 ut
1279 2532 1397 2602 ejus
1426 2527 1772 2585 substantiali
1823 2528 2046 2597 opposi-

469 2645 583 2688 tum
617 2630 941 2701 proprietati
975 2642 1083 2682 non
1119 2627 1309 2691 adest;
1333 2621 1480 2693 quod
1510 2621 1654 2677 enim
1685 2619 1954 2688 producit,
1978 2617 2045 2671 ad

466 2728 520 2782 id
550 2725 690 2795 quod
720 2723 1069 2795 producitur,
1100 2720 1366 2785 refertur;
1406 2729 1458 2772 et
1493 2715 1636 2786 quod
1686 2712 2032 2782 producitur,

465 2817 534 2871 ad
564 2818 615 2871 id
640 2818 782 2886 quod
809 2814 1077 2885 producit,
1109 2811 1194 2867 vel
1225 2810 1455 2879 inspirat
1478 2807 1692 2862 itidem.
1721 2803 1840 2859 Non
1862 2812 2043 2856 autem

463 2910 749 2979 possibile
785 2916 874 2962 est
927 2906 1067 2959 idem
1101 2918 1223 2959 esse
1261 2903 1403 2972 quod
1458 2900 1728 2969 producit,
1787 2907 1844 2953 et
1898 2894 2044 2965 quod

463 2986 805 3074 producitur.
868 2996 1018 3052 Nihil
1067 2996 1214 3051 enim
1265 2995 1347 3047 sui
1413 2993 1583 3060 ipsius
1635 3006 1803 3045 causa
1860 2999 1968 3044 est.

2155 516 2304 571 fonte
2342 532 2439 587 per
2483 516 2727 580 luvium,
2762 523 2819 570 et
2864 514 3075 568 fructus
3136 528 3204 567 ex
3267 514 3449 567 radice
3517 526 3656 582 per
3708 527 3817 566 ra-
3898 516 3903 519 ’

2155 624 2326 675 tnttm,
2367 610 2666 664 secundum
2703 623 2868 662 unum
2919 620 3234 673 processum
3263 620 3569 672 unumque
3610 607 3811 674 prin-

2153 699 2379 766 cipium,
2434 700 2720 767 prodeunt.
2778 696 2838 751 Si
2895 694 3074 750 autem
3110 693 3594 749 ltocittmatcria
3644 708 3818 747 coa-

2154 790 2340 860 tingit’,
2398 793 2568 845 nmlto
2636 791 2808 860 magis
2864 789 2914 841 in
2963 787 3183 849 divinis,
3243 797 3408 855 atque
3451 785 3533 839 ab
3612 785 3813 838 oranti

2157 886 2384 938 materia
2434 884 2678 946 remotis,
2716 898 2837 951 qua:
2881 880 3001 933 sine
3044 890 3287 947 tempore
3331 886 3385 932 ct
3446 877 3813 932 intervallo

2153 976 2535 1041 inspiciuntur.
3274 1042 3277 1045 Δ

2225 1066 2457 1120 Tantum
2486 1079 2615 1119 vero
2642 1067 2796 1118 abest
2826 1072 2884 1116 ιιι
2918 1062 3144 1116 Romani
3176 1070 3233 1115 et
3262 1060 3436 1114 Latini
3464 1060 3596 1115 duo
3634 1060 3803 1131 Spi—

2154 1161 2292 1216 ritus
2334 1160 2597 1229 principia
2639 1160 2839 1212 duosve
2890 1169 3180 1226 processus
3224 1153 3656 1218 conﬁteantur,
3720 1165 3799 1207 ut

2154 1268 2249 1308 eos
2290 1267 2509 1321 quoque
2542 1249 3020 1312 anatltematizcut,
3070 1246 3160 1316 qui
3191 1244 3313 1299 talia
3358 1245 3547 1301 dicere
3610 1259 3801 1314 prae-

2153 1354 2400 1399 sumunt.
2451 1342 2690 1412 Denique
2721 1343 2773 1395 iu
2818 1339 3167 1411 Lugdunensi
3217 1338 3469 1402 concilio,
3523 1336 3795 1393 Graecis

2153 1436 2471 1505 Latinisque
2492 1437 2832 1504 congregatis
2853 1473 2868 1499 ,
2920 1434 3035 1488 hate
3080 1430 3354 1488 sententia
3388 1430 3792 1498 promulgata

2152 1537 2237 1582 est
2268 1543 2284 1581 :
2313 1542 2475 1595 quam
2506 1524 2754 1593 plurimis
2777 1524 2831 1579 in
2876 1524 3037 1586 locis,
3064 1522 3268 1577 Grtccis
3296 1520 3790 1586 Latinisquejn-

2153 1616 2410 1685 scriptam
2457 1615 2655 1670 litteris
2706 1625 2761 1669 et
2810 1613 2987 1680 libris,
3041 1612 3200 1668 facile
3262 1611 3355 1682 qui
3398 1610 3634 1679 quierit,
3684 1612 3791 1663 in-

1155 1714 1243 1768 ltic
1294 1712 1459 1767 etiam
1512 1709 1656 1763 Patri
1686 1717 1744 1761 et
1804 1705 1963 1769 Filio,
1991 1716 2045 1760 et
2071 1751 2121 1810 Β
2149 1709 2318 1765 venit.

2229 1800 2519 1870 Gregorius
2546 1801 2616 1866 Χ,
2649 1802 2701 1855 in
2734 1800 3080 1871 Lugdunensi
3118 1799 3416 1855 universali
3443 1798 3709 1853 concilio
3756 1814 3774 1851 :

2154 1890 2419 1960 Religiosa
2448 1907 2510 1945 ac
2532 1891 2678 1959 ﬁdeli
2707 1909 2826 1946 voce
2862 1894 3288 1962 pronuntiamus,
3312 1890 3568 1960 Spiritum
3603 1907 3776 1944 san-

2151 1993 2290 2035 ctum
2325 1992 2397 2036 ea:
2438 1982 2599 2037 Patre
2630 1992 2678 2035 et
2709 1981 2845 2036 Filio
2875 1992 3086 2046 ceterne,
3119 1999 3223 2037 non
3246 1981 3411 2036 veluti
3435 1996 3504 2033 ea:
3526 1981 3770 2033 duobus

2150 2073 2444 2141 principiis,
2472 2072 2561 2127 sed
2585 2085 2642 2125 ut
2662 2087 2727 2126 ea:
2759 2089 2886 2135 uno,
2907 2089 3009 2137 non
3033 2072 3240 2126 duabus
3265 2068 3767 2141 inspirationibus,

2150 2165 2229 2219 rel
2281 2165 2725 2233 processionibus,
2791 2167 2882 2220 sed
2930 2183 3035 2219 una
3079 2167 3360 2234 cadentque
3415 2166 3750 2232 procedere.

2153 2256 2307 2310 Istud
2333 2277 2362 2310 a
2389 2257 2645 2327 principio
2680 2258 2917 2327 confessa
2940 2267 3014 2311 est
3032 2298 3048 2320 ,
3078 2258 3408 2325 prtcdicavit,
3437 2266 3487 2309 et
3519 2256 3757 2317 docuit,

2151 2350 2247 2403 hoc
2268 2349 2463 2415 valide,
2486 2358 2535 2403 et
2566 2351 2992 2405 constantissime
3015 2359 3171 2417 tenet,
3198 2350 3478 2420 prtedicat,
3516 2349 3761 2416 con/ite—

2153 2451 2243 2494 tur
2272 2451 2323 2495 et
2366 2444 2512 2495 docet
2558 2452 2901 2497 sacrosancta
2950 2441 3189 2496 Romana
3241 2442 3507 2506 Ecclesia,
3559 2450 3756 2495 mater

2152 2534 2386 2588 omnium
2414 2533 2677 2602 ﬁdelium,
2707 2552 2770 2588 ac
2788 2536 3089 2605 magistra;
3115 2536 3361 2601 istudque
3388 2544 3522 2587 tenet
3549 2534 3753 2586 ortho-

2151 2630 2409 2693 doctorum
2465 2624 2695 2681 Patrum
2749 2642 2811 2680 ac
2853 2626 3153 2695 doctorum,
3211 2625 3522 2681 Latinorum
3573 2637 3749 2696 atque

2151 2716 2481 2784 Crtecorum,
2540 2735 2663 2774 vera
2715 2720 3101 2789 immobilisque
3158 2723 3438 2774 sententia.
3512 2718 3737 2780 Verum,

2149 2813 2277 2883 quia
2307 2812 2550 2867 nonnulli
2595 2829 2689 2882 per
2721 2813 3085 2883 ignorantiam
3136 2814 3295 2877 huius
3341 2812 3738 2882 irrefragabilis

2151 2906 2409 2969 veritatis,
2465 2906 2522 2958 in
2557 2905 2778 2960 haereses
2829 2907 3009 2958 varias
3055 2904 3194 2975 lapsi
3234 2916 3357 2959 sunt
3406 2920 3426 2958 :
3466 2920 3582 2969 nos,
3630 2905 3734 2956 Iin-

2143 2995 2384 3077 jusmotii
2410 2996 2693 3050 hteresibus
2734 3013 2937 3050 onmem
2963 2997 3167 3051 aditum
3184 2999 3453 3051 obstruere
3476 2998 3725 3067 palentes,

540 3089 833 3152 Praeterea,
884 3089 928 3139 si
964 3086 1268 3154 producens
1312 3082 1549 3151 Spiritus
1596 3082 1693 3145 sit,
1744 3078 2044 3149 procedens
2070 3093 2115 3153 ο
2147 3102 2301 3139 sacro
2342 3086 2503 3139 simul
2547 3090 2856 3141 decernente
2904 3087 3153 3151 concilio,
3188 3089 3505 3142 damnamus
3548 3086 3727 3140 ac'rc-

467 3195 588 3237 esse
615 3180 844 3243 desinet,
866 3187 926 3230 et
953 3175 1210 3244 Spiritus,
1242 3177 1387 3243 quod
1418 3172 1577 3237 ltujus
1605 3171 1916 3240 proprietas
1937 3179 2045 3223 est.

468 3271 534 3326 Et
565 3272 691 3334 erit,
725 3267 809 3323 vel
858 3266 1129 3337 gignendo
1174 3267 1357 3331 Patre,
1382 3273 1435 3318 et
1460 3263 1753 3333 .quomodo
1788 3277 1818 3316 a
1851 3261 2046 3316 Patre?

466 3364 553 3419 vel
587 3363 903 3434 productor,
955 3368 1010 3414 et
1047 3359 1318 3429 quomodo
1374 3355 1650 3424 Spiritus?
1706 3355 1812 3409 Sed
1864 3369 2048 3422 neque

467 3457 661 3512 tertius
704 3470 734 3507 a
788 3452 949 3507 Patre
980 3452 1105 3514 erit,
1135 3449 1288 3516 juxta
1319 3451 1542 3503 Patrum
1575 3448 1918 3514 theologiam,
1955 3461 2049 3502 se-

461 3548 703 3604 cundum
745 3560 903 3616 quam
934 3560 1000 3598 ex
1033 3540 1195 3598 Pater
1233 3556 1328 3613 per
1371 3541 1568 3596 Filiqu
1614 3538 1860 3609 procedit
1887 3554 1906 3595 :
1935 3540 2047 3595 sic-

466 3656 574 3710 que
602 3653 776 3706 neque
816 3628 1136 3706 procedens,
1176 3644 1271 3688 aut
1318 3632 1557 3702 Spiritus
1590 3632 1719 3686 erit.
1754 3630 1964 3686 Idcirco
1989 3638 2048 3685 ut

465 3731 737 3798 obiectum
787 3727 1100 3799 proprietati
1150 3742 1281 3790 sum,
1326 3725 1616 3793 producere
1667 3723 1735 3778 ab
1766 3722 1883 3792 ipso
1911 3725 2047 3779 alie-

467 3837 594 3877 num
622 3821 748 3885 erit,
789 3820 890 3876 etsi
933 3822 1002 3873 sit
1033 3816 1276 3887 ejusdem
1304 3832 1428 3870 eum
1459 3813 1623 3871 Patre
1650 3825 1704 3870 et
1735 3813 1875 3871 Filio
1906 3813 2041 3869 sub-

465 3917 702 3978 stantia',
750 3924 809 3967 ut
834 3930 913 3966 Acx
947 3913 1078 3980 ipsis
1111 3911 1501 3971 essetttialiter,
1546 3919 1600 3963 et
1633 3907 1787 3977 quasi
1820 3909 1891 3963 ab
1937 3921 2044 3960 una

466 4024 525 4062 re
546 4010 836 4063 exsistmts.
863 4004 1152 4071 Pt‘optetea
1181 4012 1235 4055 et
1276 4001 1367 4068 qui
1400 4013 1466 4054 ex
1497 3998 1656 4054 Patre
1677 4011 1732 4054 et
1757 3996 1893 4053 Filio
1916 3995 2061 4068 pro-'

464 4101 661 4153 cedere
703 4096 967 4164 Spiritum
1030 4099 1280 4145 sanetum
1341 4090 1689 4155 confitentur,
1742 4104 1923 4159 neque
1975 4104 2043 4143 ex

465 4187 628 4242 Patre
673 4186 859 4239 dicunt
886 4182 1184 4237 secundum
1236 4180 1626 4249 proprietatem
1676 4178 1854 4233 Patris
1896 4179 2044 4251 (lucc

465 4275 610 4329 cuitu
636 4274 702 4327 ad
733 4271 928 4326 Filium
958 4271 1210 4336 dicitur),
1247 4282 1424 4338 neque
1461 4268 1712 4335 ex-Filiu,
1745 4273 2043 4326 secundum

466 4367 589 4422 Filii
615 4365 1008 4429 tit-ﬁnitionem,
1026 4364 1148 4432 ejus
1175 4362 1372 4431 quippe
1400 4363 1538 4417 ratio
1563 4362 1630 4417 ad
1658 4365 2042 4431 paternitatem

2147 3178 2431 3248 probamus
2459 3194 2660 3244 onmes,
2705 3180 2797 3247 qui
2829 3194 3021 3248 negare
3068 3183 3265 3232 audent
3304 3178 3564 3247 Spiritum
3600 3195 3725 3231 san-

2149 3282 2288 3323 ctum
2327 3284 2392 3323 ea:
2426 3267 2589 3323 Patre
2618 3281 2665 3324 et
2711 3269 2857 3325 Filio
2896 3281 3090 3326 teterne
3143 3272 3441 3338 procedere,
3498 3271 3599 3324 sive
3626 3272 3726 3324 aui

2149 3363 2435 3417 temeraria
2478 3363 2708 3417 audacia
2754 3365 3015 3433 aﬂirmant
3062 3356 3321 3430 Spiritum
3350 3379 3415 3419 ea:
3459 3363 3618 3417 Patre
3675 3371 3728 3417 et

2147 3450 2305 3517 Filio,
2356 3452 2515 3507 veluti
2553 3469 2618 3508 ea:
2652 3453 2861 3531 duobus
2898 3455 3192 3525 principiis,
3236 3471 3340 3509 non
3377 3470 3443 3509 ea:
3471 3470 3576 3508 uno
3599 3469 3726 3523 pro-

2146 3543 2350 3602 cedere.

2220 3638 2329 3694 lsta
2354 3639 2422 3695 ab
2454 3641 2714 3696 omnibus
2748 3656 2816 3696 eo
2845 3641 3298 3697 convenientibus
3344 3640 3500 3695 firma
3523 3649 3579 3695 et
3604 3651 3723 3695 rata

2147 3731 2355 3799 habita,
2407 3733 2713 3803 litterisque
2757 3732 2963 3790 Graecis
3012 3745 3067 3788 et
3115 3732 3324 3788 Latinis
3382 3732 3610 3800 scripta,
3668 3741 3725 3783 et

2146 3827 2288 3894 apud
2324 3840 2419 3880 eos
2449 3826 2671 3889 durant,
2705 3836 2761 3882 et
2789 3825 3318 3896 Constantinopolim
3346 3837 3473 3878 tunc
3500 3840 3623 3879 cmn
3652 3823 3730 3875 lc-

2145 3916 2288 3984 gatis
2314 3916 2480 3971 missa
2505 3927 2656 3970 sunt.
2691 3916 2842 3982 Quod
2868 3918 2912 3972 si
2947 3931 3089 3972 nunc
3115 3916 3216 3970 ista
3247 3917 3448 3984 scripta
3479 3930 3583 3968 non
3609 3914 3729 3967 ubi-

2147 4020 2254 4074 que
2285 4017 2603 4071 cernuutur,
2631 4008 2736 4061 alia
2767 4007 2907 4061 ratio
2934 4015 3038 4062 est.
3095 4004 3380 4072 Quomodo
3423 4007 3569 4061 enim
3608 4019 3727 4058 ser-

2149 4106 2271 4151 vata
2301 4104 2430 4151 sunt
2458 4096 2681 4168 scripta,
2706 4114 2938 4168 quorum
2968 4113 3104 4167 Optt‘s
3127 4106 3253 4167 pest
3278 4100 3547 4153 modicum
3570 4115 3729 4153 ever-

2147 4205 2265 4245 smn
2301 4189 2677 4246 esti'l‘antam
2712 4201 2889 4246 tamen
2924 4206 2988 4244 ac
3018 4200 3128 4245 tam
3159 4190 3426 4245 celebrem
3462 4191 3725 4260 synodum

2149 4281 2297 4336 illam
2333 4293 2557 4352 propter
2575 4284 2689 4337 liam
2712 4282 2883 4338 fuisse
2934 4282 3246 4350 conﬂatam,
3289 4283 3432 4351 apud
3458 4284 3727 4352 plurimos

2149 4374 2326 4429 adhuc
2360 4376 2413 4429 in
2444 4376 2706 4448 memoria
2728 4386 2841 4431 est.

465 4460 791 4515 relationem
825 4472 886 4509 ac
925 4455 1281 4509 substantiam
1325 4455 1511 4520 liabet,
1543 4454 1637 4509 sed
1681 4457 1733 4509 in
1766 4469 2034 4525 quantum
2075 4434 2122 4491 D
2223 4464 2300 4519 Ex
2331 4466 2414 4521 his
2462 4434 2999 4522 ουιριηένίάθηιίυε
3035 4466 3092 4520 ιιι
3124 4469 3289 4523 etiam
3340 4470 3484 4540 quod
3530 4468 3724 4525 bemus

465 4566 632 4605 unum
672 4558 798 4605 sunt
841 4548 1002 4603 Pater
1031 4559 1084 4601 et
1114 4546 1306 4615 Filius,
1339 4550 1637 4604 secundum
1672 4549 1882 4605 scilicet
1914 4565 2040 4620 pm-

465 4642 699 4696 duceudi
733 4641 1023 4696 rationem.
1482 4714 1488 4720 η

541 4731 692 4786 Sicut
729 4731 875 4786 enim
907 4736 1126 4802 quando
1161 4747 1257 4803 per
1309 4732 1507 4788 Filium
1548 4735 1730 4789 omnia
1766 4735 2043 4801 dicuntur,

467 4827 642 4880 unitio
686 4826 988 4881 soluutatis
1041 4826 1371 4892 ostenditur,
1413 4836 1470 4880 ut
1503 4828 1578 4881 ait
1630 4843 1857 4898 magnus
1893 4827 2044 4885 Basi-

461 4916 595 4979 lius,
659 4917 733 4971 ita
767 4926 822 4972 et
878 4933 1003 4973 eum
1036 4932 1106 4972 ex
1161 4915 1323 4974 Patre
1355 4933 1447 4986 per
1500 4916 1697 4972 Filiqu
1748 4923 2046 4986 procedere

468 5004 707 5074 Spiritus
743 5006 965 5072 dicitur,
1005 5007 1178 5061 unitio
1210 5005 1393 5061 Patris
1426 5016 1481 5061 et
1539 5004 1686 5071 Filii,
1741 5008 2043 5063 secundum

466 5095 878 5151 substantiales:
911 5110 1226 5165 processum
1266 5097 1504 5167 Spiritus
1534 5101 1707 5155 sancti
1759 5115 2045 5156 commen-

463 5192 666 5255 datur;
721 5189 977 5256 quocirca
1023 5197 1078 5243 et
1146 5204 1313 5261 unum
1380 5191 1703 5261 principium
1779 5192 2043 5258 fatentur,

461 5295 745 5357 unumque
798 5280 968 5350 ipsius
1002 5294 1343 5350 processum,
1397 5292 1452 5335 ut
1496 5283 1566 5337 ab
1601 5300 1707 5339 uno
1740 5302 1755 5341 :
1788 5286 2044 5357 gignendi

466 5376 676 5433 scilicet
698 5388 762 5429 ac
785 5373 1042 5430 nascendi
1065 5373 1395 5428 discretione
1419 5384 1658 5429 servata.

538 5468 859 5538 Quanquam
891 5474 945 5519 et
983 5464 1281 5519 secundum
1317 5467 1564 5536 esctnpla
1601 5469 1667 5522 de
1701 5478 1888 5525 sancta
1923 5469 2044 5526 Tri-

468 5572 637 5616 mtate
694 5576 723 5615 a
779 5558 984 5615 sanctis
1036 5555 1288 5611 Patt'ibus
1344 5560 1552 5626 posita,
1600 5564 1743 5630 quod
1793 5550 2040 5629 dicimus,

464 5650 805 5707 extrinsecus
857 5650 1131 5720 congruit.
1195 5647 1307 5703 Lux
1359 5651 1503 5702 enim
1552 5662 1636 5704 est
1677 5667 1743 5705 ex
1791 5656 1904 5708 sole
1949 5671 2046 5724 per

376 5798 381 5803 .
428 5730 433 5735 ’
464 5750 700 5818 radium,
735 5758 895 5819 atque
925 5761 991 5803 ex
1041 5743 1195 5802 radio
1227 5741 1370 5799 velut
1394 5756 1461 5797 ex
1495 5759 1603 5802 uno
1634 5746 1901 5817 principio
1926 5762 2028 5817 est,

2147 4559 2414 4615 Maximus
2467 4562 2599 4615 dixit
2670 4553 2685 4616 ὲ
2735 4560 2999 4617 Romanos
3079 4563 3385 4630 conﬁtentes
3445 4581 3512 4619 ea:
3557 4564 3723 4620 Patre

2146 4664 2191 4703 et
2215 4648 2358 4706 Filio
2380 4654 2657 4721 procedere
2682 4651 2943 4722 Spiritum
2994 4665 3257 4719 sanctum,
3289 4670 3393 4710 non
3425 4657 3616 4710 Filium
3652 4661 3727 4711 la-

2150 4743 2251 4798 teri
2298 4745 2470 4799 sancti
2516 4744 2750 4813 Spiritns
2794 4760 3035 4802 causam.
3092 4744 3277 4814 Neque
3326 4748 3473 4802 enim
3516 4746 3714 4803 Filium

2150 4852 2313 4893 causa
2349 4828 2693 4893 detrudeutes
2725 4839 2827 4893 hoc
2858 4840 3149 4904 dixerunt;
3188 4838 3284 4893 sed
3320 4855 3387 4893 ne
3422 4842 3558 4895 duas
3595 4855 3725 4894 cau-

2149 4944 2237 4986 sas
2291 4930 2665 4998 ostenderent,
2721 4929 2937 4987 Patrem
2995 4943 3049 4989 et
3111 4933 3326 4998 Filium,
3373 4936 3468 4990 sed
3496 4952 3562 4991 ex
3616 4952 3720 4989 una

2148 5036 2309 5078 causa
2342 5032 2503 5092 atque
2529 5022 2819 5092 principio,
2875 5038 2938 5078 ex
2994 5024 3152 5078 Patre
3179 5035 3232 5079 et
3258 5023 3394 5080 Filio
3424 5028 3723 5093 procedere

2149 5112 2412 5181 Spiritum
2443 5122 2714 5169 sanctum.
2741 5113 2836 5170 Isti
2873 5115 3057 5183 igitur,
3093 5127 3152 5170 ιιι
3192 5119 3269 5171 ait
3298 5117 3583 5180 Maximus.
3619 5134 3722 5171 non

2147 5205 2540 5260 rationabiliter
2575 5221 2714 5262 nunc
2738 5208 3036 5263 insimulati
3073 5213 3219 5275 sunt,
3256 5221 3306 5265 ct
3338 5226 3480 5265 nunc
3510 5211 3724 5265 irratio-

2148 5299 2402 5357 nabiliter
2423 5301 2715 5358 calumniis
2742 5314 3001 5372 aguntur.

2223 5389 2329 5457 Qui
2386 5405 2515 5445 vero
2554 5391 2782 5446 duorum
2823 5393 3207 5462 principiorum
3243 5394 3452 5449 crimen
3492 5409 3726 5466 exagge-

2150 5489 2294 5547 rant,
2333 5482 2539 5536 addunt
2600 5484 2764 5538 etiam
2822 5483 3119 5539 dicentes:
3173 5485 3316 5549 Quia
3366 5492 3575 5556 genitor
3619 5504 3722 5540 non

2148 5571 2304 5638 idem,
2337 5571 2474 5641 quod
2505 5589 2642 5627 unus
2680 5572 2971 5641 productor
2995 5584 3094 5626 est.
3140 5573 3280 5629 Nam
3314 5579 3362 5630 si
3395 5588 3527 5630 esset
3564 5579 3723 5643 idem,

2147 5666 2306 5719 etiam
2346 5662 2759 5721 converteretur.
2798 5664 3018 5718 Genitor
3047 5671 3186 5720 enim
3221 5680 3270 5721 et
3298 5673 3586 5737 pret/actor
3614 5649 3724 5735 est,

2146 5772 2251 5811 non
2304 5766 2483 5809 autem
2535 5764 2582 5809 et
2629 5754 2918 5825 productor
2968 5758 3195 5828 genitor.
3254 5758 3556 5812 Productor
3586 5762 3724 5813 enim
