4078 6258
381 323 490 394 173

1480 323 1881 384 ADVERSUS
1917 324 2232 386 GRAECOS
2288 325 2434 385 LIB.
2484 326 2596 386 IIl.

3538 319 3643 385 1⁷14

367 456 450 499 est
497 454 547 498 et
591 439 784 506 Filius,
809 441 968 505 iuxta
1004 457 1091 495 eos
1131 441 1221 511 qui
1276 443 1434 494 etiam
1474 456 1539 494 ea:
1579 440 1726 494 Filio
1772 442 1958 494 dicunt
1990 466 2032 519 Α
2066 417 2406 512 εριιερεεὶρ).
2431 443 2523 496 scd
2547 439 2842 495 secundum
2865 434 3316 508 significationem
3341 434 3643 504 nominum,

371 533 641 604 Spiritum
681 542 948 597 sanctum,
976 534 1066 601 qui
1098 534 1302 600 genitor
1330 533 1510 600 utique
1562 548 1665 586 non
1691 543 1803 598 est;
1825 550 1958 601 quo-

370 631 522 680 niam
550 642 668 679 uero
692 643 794 678 non
854 627 1199 688 convertitur,
1244 627 1493 692 (ii/ferens
1541 637 1637 679 est.
1681 625 1872 694 Itaque
1906 636 1956 675 et

371 726 481 776 duo
514 731 666 774 erunt
697 721 1077 789 productores;
1100 720 1244 788 quod"
1267 720 1313 770 si
1352 723 1528 783 detur,
1568 730 1615 770 et
1653 720 1758 772 duo
1793 719 1951 771 etiam

369 815 660 885 principia.

458 939 610 1010 Digni
643 951 779 993 sane
813 945 964 1001 sunt,
998 933 1090 1003 qui
1125 934 1231 987 ista
1269 931 1478 996 dicunt,
1513 940 1569 984 ut
1609 941 1662 984 et
1692 929 1792 998 ipsi
1834 942 1959 982 con-

378 1047 465 1092 tra
520 1037 920 1100 interrogentur
972 1045 987 1081 :
1029 1041 1098 1080 an
1122 1026 1268 1080 idem
1306 1023 1468 1078 Pater
1513 1033 1599 1077 est
1625 1021 1716 1090 qui
1772 1021 1957 1083 tuittit,

375 1141 437 1185 et
470 1143 610 1184 unus
642 1123 890 1178 mittens?
917 1120 1129 1190 Quippe
1159 1120 1321 1173 Pater
1359 1127 1412 1172 et
1443 1117 1663 1171 mittens
1692 1125 1796 1177 est,
1830 1115 1958 1166 mit-

376 1232 508 1276 tens
530 1233 657 1274 vero
690 1232 798 1271 non
829 1213 1093 1270 continuo
1125 1225 1207 1265 est
1246 1209 1426 1264 Pater.
1460 1209 1556 1262 Est
1580 1205 1724 1261 enim
1774 1215 1830 1258 et
1865 1200 1958 1253 Fi-

373 1313 488 1368 lius
541 1311 780 1371 mittens,
823 1306 916 1375 qui
970 1320 1076 1357 non
1108 1311 1193 1357 est
1223 1300 1420 1364 Pater;
1474 1312 1648 1367 neque
1681 1297 1824 1350 enim
1857 1294 1958 1346 hoc

371 1403 739 1465 convertitur,
770 1412 944 1466 neque
971 1397 1071 1464 ipsi
1104 1396 1208 1448 duo
1236 1392 1502 1463 principia
1539 1389 1833 1457 effugient;
1864 1385 1956 1454 qui

371 1497 528 1552 enim
557 1493 723 1548 mittit
751 1491 891 1560 ejus,
951 1488 1092 1557 quod
1141 1486 1393 1545 mittitur.
1423 1499 1586 1538 causa
1618 1478 1963 1552 quomodoli-

367 1591 468 1644 bet
521 1596 625 1648 est;
659 1583 704 1639 si
753 1591 936 1636 autem
978 1596 1042 1634 ex
1077 1579 1262 1644 Patre,
1304 1591 1358 1632 et
1387 1581 1655 1637 mittente,
1712 1589 1819 1627 non
1853 1572 1959 1623 duo

368 1677 706 1747 colliguntur
737 1670 910 1736 initia,
938 1683 1112 1739 neque
1145 1667 1287 1722 enim
1320 1667 1477 1720 Pater
1518 1665 1754 1727 mittens,
1787 1671 1841 1714 et
1873 1658 1960 1713 Fi-

370 1770 485 1824 lius
539 1767 812 1821 diceretur
867 1764 1084 1818 mittere
1139 1758 1404 1829 Spiritum
1452 1765 1740 1819 sanctum;
1794 1768 1860 1806 ne
1907 1751 1959 1803 in

2068 547 2122 590 ct
2158 534 2314 588 sicuti
2352 535 2505 588 nobis
2532 531 2794 602 possibile
2827 540 2909 584 est
2950 545 3044 598 per
3076 536 3190 588 [me
3219 529 3401 584 divina
3444 531 3646 585 intelli-

2068 643 2218 696 gere,
2255 628 2423 680 nostri
2452 627 2670 680 habitus
2701 628 3116 680 consuetudine.

2142 741 2603 805 Quemadmodum
2639 741 2799 808 igitur
2821 739 2980 792 Pater
3002 749 3055 792 ct
3079 741 3237 798 Dens,
3274 755 3361 791 res
3385 753 3488 790 una
3515 738 3645 790 dua-

2066 838 2168 888 bus
2195 833 2460 887 intellecta
2492 832 2822 895 rationibus,
2855 832 2957 884 alia
2990 831 3207 899 quidem
3246 829 3643 890 ttniversalius,

2068 925 2171 977 alia
2200 939 2328 977 vero
2365 922 2749 990 particularins
2777 939 2793 977 :
2825 924 2896 976 ita
2928 934 2982 976 et
3029 911 3324 990 productor
3363 932 3415 975 et
3458 919 3643 984 Pater,

2071 1033 2176 1070 una
2227 1015 2444 1085 quidem
2488 1030 2573 1068 res
2605 1015 2762 1068 ambo
2795 1025 2940 1080 sunt,
2976 1025 3030 1068 et
3059 1013 3228 1067 Filius
3253 1025 3306 1066 et
3352 1013 3650 1079 productor

2069 1109 2342 1164 similiter.
2403 1108 2445 1160 A
2482 1109 2635 1162 nobis
2667 1119 2844 1160 autem
2881 1108 3088 1160 duabus
3120 1106 3422 1160 rationibus
3453 1117 3649 1171 agnos-v
3704 1084 3711 1137 ἶ

2079 1198 2222 1252 citur
2268 1215 2281 1250 :
2332 1197 2502 1250 altera
2563 1196 2967 1262 particularius,
3019 1197 3187 1248 altera
3256 1193 3645 1252 universalius,
3706 1177 3723 1228 ἰ

2068 1301 2128 1344 ιιι
2158 1291 2361 1344 dictum
2392 1299 2496 1343 est.
2540 1287 2726 1357 Neque
2753 1290 2896 1342 enim
2927 1290 3181 1356 praevalet
3231 1289 3468 1343 humana
3502 1302 3645 1355 pau-

2069 1390 2252 1451 pertas
2303 1381 2382 1432 vel
2424 1380 2581 1434 aliter
2625 1381 2690 1434 de
2721 1379 2920 1433 divinis
2954 1382 3121 1450 loqui,
3155 1382 3236 1434 vel
3267 1398 3376 1434 uno
3428 1383 3649 1436 nomine

2068 1481 2240 1526 totum
2266 1470 2565 1533 insinuare,
2592 1469 2852 1537 quidquid
2893 1485 2988 1538 per
3012 1470 3179 1524 multa
3216 1473 3434 1527 nomina
3486 1473 3649 1530 intel-

2070 1562 2428 1631 ligentiasquc
2474 1561 3005 1628 comprehemimus.

2146 1648 2162 1668 ι

2140 1669 2419 1738 Quocirca‘
2440 1672 2652 1726 duabus
2681 1672 2903 1740 quidem
2939 1673 3309 1742 intelligentiis
3341 1687 3396 1732 et
3420 1683 3644 1736 rationi-

2069 1763 2172 1820 bus
2218 1761 2380 1818 Pater
2400 1773 2453 1818 et
2484 1763 2778 1831 productor
2807 1764 3147 1831 intelligitur,
3199 1779 3257 1821 ιιι
3301 1769 3503 1826 dictum
3534 1782 3648 1839 est;

378 1862 632 1934 genitore
690 1858 911 1928 quidem
946 1863 999 1911 et
1033 1853 1361 1924 productore
1412 1850 1556 1904 istud
1587 1850 1710 1902 erit.
1759 1843 1866 1899 Sed
1906 1843 1960 1897 id

2073 1873 2172 1910 non
2206 1865 2386 1908 tamen
2422 1856 2522 1908 hoc
2546 1854 2676 1908 facit
2715 1871 2898 1909 rerum
2928 1857 3330 1916 differentiam:
3371 1863 3475 1916 hac
3499 1864 3650 1918 enim

381 1949 680 2007 dicendum
722 1945 866 2014 quod
913 1954 968 1998 et
1020 1953 1178 1998 antea
1206 1942 1465 2004 diximus,
1496 1953 1618 2018 qua:
1647 1939 1699 1990 in
1738 1936 1847 1990 Deo
1877 1935 1961 1987 tli-

372 2050 584 2098 cuntur
636 2037 730 2093 ubi
779 2051 884 2090 non
935 2035 1119 2088 obstat
1161 2032 1438 2086 relationis
1480 2027 1775 2098 oppositio,
1824 2025 1962 2079 nihil

377 2133 677 2206 prohibere
729 2126 1002 2196 personis,
1057 2140 1153 2179 seu
1211 2127 1457 2192 personae
1504 2121 1744 2173 adesse:
1809 2125 1960 2184 puta,

389 2227 537 2282 Deus
563 2223 782 2293 quidem
813 2228 868 2273 et
898 2218 1071 2273 bonus
1093 2223 1376 2269 ctcreator
1398 2229 1414 2280 ;
1438 2211 1561 2282 quia
1590 2222 1760 2278 neque
1780 2219 1965 2277 pater-

385 2315 546 2371 nitati
570 2325 758 2380 neque
783 2307 1052 2362 nativitati
1077 2305 1290 2374 objecta
1317 2315 1462 2358 sunt.
1499 2301 1660 2355 Pater
1689 2309 1744 2354 et
1768 2297 1958 2361 Filius,

382 2421 528 2462 unus
575 2403 720 2457 Deus
774 2410 829 2454 et
865 2408 1078 2453 creator
1124 2406 1179 2450 et
1221 2397 1397 2450 bonus
1429 2405 1549 2460 est;
1587 2393 1757 2449 Filius
1811 2404 1960 2453 vero,

381 2495 644 2568 quoniam
679 2491 747 2546 ad
783 2489 999 2545 Patrem
1023 2487 1336 2556 Opponitur,
1367 2501 1471 2540 non
1503 2486 1606 2539 erit
1637 2483 1779 2537 idem
1817 2479 1968 2549 getti-

380 2599 472 2644 tor
497 2601 561 2641 ac
591 2583 788 2645 Filius,
824 2592 1002 2648 neque
1026 2580 1165 2632 idem
1199 2578 1367 2632 Filius
1413 2585 1470 2632 et
1501 2577 1734 2647 genitor.
1764 2571 1969 2626 Produ-

386 2680 555 2738 cibile
579 2691 729 2743 vero,
767 2684 827 2727 ut
860 2673 1063 2726 dictum
1099 2680 1204 2736 est,
1238 2685 1412 2739 neque
1434 2666 1740 2736 paternitati
1781 2661 1972 2732 objici-

388 2783 503 2835 tur,
539 2782 716 2838 neque
745 2765 1035 2820 nativitati.
1063 2763 1367 2818 Commune
1399 2762 1562 2832 igitur
1591 2761 1836 2828 utrisque
1863 2767 1969 2822 est,

391 2876 558 2936 atque
604 2865 750 2928 ideo,
788 2877 928 2916 unus
961 2861 1254 2930 productor
1285 2865 1389 2921 est,
1430 2869 1609 2923 neque
1647 2854 1792 2908 enim
1844 2867 1971 2922 pro-

387 2959 601 3014 ducere
623 2955 768 3025 quod
791 2953 992 3008 dicitur
1021 2951 1196 3005 Patris
1226 2957 1278 3003 et
1313 2947 1434 3001 Filii
1461 2947 1842 3002 discretionem
1885 2964 1972 3002 se-

387 3051 629 3106 cundum
685 3061 800 3100 rem
841 3044 1008 3107 facit;
1050 3043 1249 3113 quippe
1301 3040 1441 3095 hanc
1484 3039 1763 3108 generatio
1813 3040 1965 3106 fecit,

386 3154 553 3212 atque
583 3139 842 3194 nativitas
889 3135 992 3191 sibi
1027 3135 1323 3190 secundum
1371 3147 1432 3186 se
1475 3131 1718 3201 objector.
1770 3130 1969 3197 Quetn-

387 3235 679 3291 admodum
711 3232 876 3301 igitur
905 3229 1047 3284 idem
1081 3227 1224 3282 Deus
1255 3241 1320 3280 ac
1345 3224 1527 3291 Pater,
1562 3235 1618 3280 et
1643 3225 1788 3281 idem
1815 3225 1957 3280 Deus

387 3343 452 3384 ac
498 3327 703 3391 Filius,
756 3327 829 3378 ita
886 3332 943 3377 et
976 3321 1116 3376 idem
1165 3319 1380 3389 genitor
1437 3333 1502 3371 ac
1551 3319 1863 3386 productor,
1914 3325 1969 3368 et

387 3436 532 3475 unus
568 3419 752 3472 itidem
773 3413 943 3468 Filius
978 3424 1142 3481 atque
1170 3411 1484 3481 productor.
1518 3410 1585 3464 Et
1615 3410 1774 3464 sicuti
1802 3411 1966 3474 Deus,

387 3513 484 3583 qui
516 3520 600 3566 est
632 3509 815 3574 Pater,
844 3518 903 3562 et
928 3505 1103 3559 Filius
1122 3520 1246 3559 cum
1279 3503 1441 3557 Patre
1461 3501 1575 3556 solo
1592 3515 1698 3556 non
1728 3500 1858 3555 facit
1885 3502 1972 3554 di-

389 3603 726 3658 scretionem
758 3599 856 3661 rei,
895 3597 970 3651 ita
1014 3610 1189 3664 neque
1234 3595 1548 3662 productor,
1581 3594 1672 3661 qui
1702 3602 1783 3647 est
1809 3592 1973 3646 Pater

389 3707 446 3751 et
479 3692 667 3757 Filius,
702 3706 825 3746 cum
857 3691 1022 3743 Patre
1049 3687 1163 3742 solo
1183 3686 1318 3741 duas
1340 3689 1602 3741 discretas
1627 3685 1832 3739 indicat
1860 3700 1967 3738 res.

393 3786 621 3843 Patrem
657 3784 802 3839 enim
835 3790 891 3836 et
923 3780 1306 3852 productorem
1362 3779 1630 3839 dicentes,
1675 3775 1969 3831 secundum

394 3885 448 3939 id
484 3882 727 3950 quidem,
753 3879 896 3948 quod
928 3877 1162 3932 dicimus
1194 3872 1360 3928 Pater
1384 3910 1401 3939 ,
1433 3871 1617 3927 Putris
1668 3873 1734 3924 ad
1766 3869 1967 3924 Filium

394 3974 787 4030 discretionem
848 3968 1201 4036 intelligimus
1251 3984 1265 4020 :
1310 3965 1613 4020 secundum
1683 3963 1736 4016 id
1789 3971 1968 4016 autem

390 4063 538 4134 quod
565 4064 880 4130 productor,
910 4058 1173 4115 etFilium
1208 4075 1311 4112 una
1338 4072 1461 4112 cum
1489 4057 1673 4120 Patre,
1708 4063 1969 4121 tanquam

389 4170 558 4209 unam
610 4168 722 4207 rem
763 4151 924 4206 simul
973 4148 1348 4219 intelligimus.
1399 4146 1545 4202 ldettt
1591 4155 1647 4202 et
1690 4146 1759 4201 de
1809 4143 1971 4199 Patre

387 4257 446 4302 et
460 4290 466 4294 .
482 4247 551 4300 de
591 4246 860 4298 mittente.
1364 4253 1371 4260 ’

465 4336 738 4403 Quoniam
786 4334 1139 4403 igitur.quae-
1168 4331 1316 4386 Patri
1365 4343 1430 4384 ac
1476 4328 1613 4384 Filio
1661 4327 1969 4382 communia

391 4434 546 4488 sunt,
571 4423 644 4476 ita
675 4424 740 4476 ad
783 4424 1000 4476 Patrem
1035 4421 1208 4476 solum
1231 4460 1247 4486 ,
1277 4419 1436 4475 sicuti
1463 4428 1530 4472 ad
1561 4418 1750 4472 ambos
1778 4431 1840 4470 se
1874 4417 1971 4470 lta-

2065 1948 2276 2002 ratione
2328 1963 2492 2001 unum
2540 1946 2708 2001 Deum
2792 1947 3002 2001 infinita
3068 1951 3289 2005 nomina
3341 1954 3644 2008 secundum

2067 2038 2383 2094 differentes
2433 2039 2676 2093 rationes
2728 2038 2901 2106 ipsum
2949 2055 3028 2104 re,
3066 2051 3123 2093 ut
3153 2044 3410 2110 possibile
3441 2057 3548 2109 est,
3572 2047 3652 2100 si-

2068 2132 2401 2199 gnificantia,
2425 2132 2476 2185 in
2495 2130 2738 2186 infinitas
2756 2147 2844 2187 res
2867 2148 3236 2203 personasque
3258 2136 3651 2198 discernerent.

2067 2224 2334 2278 Caeterum
2375 2220 2544 2276 solam
2591 2221 2862 2276 rationum
2897 2219 3258 2277 diil'erentiant
3295 2226 3563 2283 inducunt.
3587 2246 3654 2286 ea

2069 2329 2190 2384 qua:
2226 2315 2368 2383 apud
2395 2328 2497 2368 nos
2533 2313 2748 2382 quidem
2781 2323 2910 2368 sunt
2937 2314 3277 2380 differentia,
3328 2317 3380 2371 in
3413 2318 3520 2374 Deo
3549 2337 3653 2374 au-

2071 2416 2177 2460 tem
2223 2420 2330 2460 una
2360 2404 2532 2471 ipsius
2578 2405 2880 2474 eademque
2935 2403 3242 2462 substantia
3277 2426 3291 2464 :
3332 2411 3653 2467 admirabile

2070 2511 2290 2562 nomen,
2323 2507 2378 2552 et
2396 2511 2487 2552 res
2517 2496 2600 2551 his
2624 2497 2876 2553 omnibus
2901 2501 3236 2568 respondens
3262 2517 3360 2572 per
3380 2517 3652 2559 summam

2073 2584 2485 2656 perfectionem,
2512 2594 2568 2640 et
2601 2585 3034 2656 simplicitatem,
3063 2599 3117 2644 et
3144 2590 3648 2649 unionem..Totum

2073 2677 2219 2732 enim
2247 2677 2300 2731 in
2350 2691 2410 2732 se
2447 2679 2562 2746 ipso
2607 2680 3060 2747 comprehensum
3114 2696 3236 2738 esse
3264 2683 3448 2750 habet,
3496 2689 3654 2755 quasi

2073 2770 2346 2839 quoddam
2373 2769 2604 2840 pelagus
2627 2773 2880 2826 essentia
2921 2772 3274 2839 immensum,
3301 2775 3453 2842 juxta
3489 2778 3652 2834 theo-

2075 2862 2252 2931 logum
2295 2860 2640 2932 Gregorium.
2687 2863 2746 2916 In
2789 2863 2920 2917 solis
2967 2875 3147 2918 autem
3195 2867 3658 2925 substantialibns

2076 2955 2428 3010 relativarum
2459 2970 2640 3009 rerum
2685 2952 2986 3010 differentia
3007 2965 3110 3012 est.
3142 2955 3341 3012 Verum
3369 2963 3655 3018 enimvero

2075 3047 2415 3102 arbitrantur
2456 3062 2672 3116 quoque
2716 3055 2772 3101 et
2796 3046 3012 3102 Patrem
3063 3057 3118 3102 et
3142 3049 3337 3104 Filium
3389 3052 3444 3105 in
3488 3068 3654 3108 unum

2076 3137 2430 3200 conglutinari
2459 3151 2760 3205 personam,
2791 3137 2838 3191 si
2881 3136 3034 3192 Patri
3074 3136 3248 3192 Filius
3281 3143 3646 3208 communicet,

2075 3233 2130 3285 in
2178 3231 2555 3299 productione,
2606 3233 2714 3285 sive
2754 3233 2809 3286 in
2849 3233 3136 3303 spiratione
3177 3235 3347 3287 sancti
3395 3233 3653 3304 Spiritus.

2073 3327 2210 3392 quod
2255 3338 2418 3390 neque
2453 3322 2718 3387 naturale,
2770 3340 2932 3393 neque
3005 3339 3280 3378 commune
3340 3325 3503 3378 tribus
3551 3333 3649 3389 est,

2074 3415 2337 3485 reliquum
2362 3431 2472 3470 esse
2505 3417 2682 3477 aiunt,
2717 3425 2774 3468 ut
2807 3417 3087 3482 personale
3120 3416 3186 3469 sit
3224 3431 3242 3468 :
3280 3425 3436 3483 atque
3459 3414 3653 3484 adjun-

2073 3517 2202 3576 gunt
2231 3509 2483 3578 quoniam
2518 3508 2844 3560 naturalium
2878 3508 3174 3560 communio
3225 3517 3430 3560 natura:
3458 3506 3652 3560 identi-

2074 3607 2231 3650 tatem
2260 3597 2314 3649 in
2344 3597 2578 3663 personis
2611 3596 2849 3657 indicat;
2879 3607 2932 3646 ut
2959 3595 3195 3661 personis
3217 3595 3384 3663 igitur
3413 3611 3652 3648 commu-

2075 3690 2186 3752 nio,
2215 3687 2506 3752 personalis
2542 3686 2840 3739 identitatis
2873 3686 3234 3754 signiﬁcatiua
3263 3688 3380 3751 erit,
3425 3696 3482 3740 ut
3525 3688 3649 3740 hinc

2075 3778 2369 3833 necessario
2437 3777 2708 3846 contingat
2777 3774 2996 3829 Patrem
3042 3792 3104 3828 ac
3157 3773 3381 3840 Filium,
3438 3789 3484 3830 et
3514 3778 3649 3832 duos

2073 3889 2184 3928 esse
2235 3870 2525 3926 secundum
2556 3870 2884 3938 personalem
2941 3884 3121 3922 eorum
3172 3869 3574 3938 oppositionem,
3600 3883 3653 3926 et

2017 3986 2026 3995 '
2072 3983 2236 4022 unum
2259 3981 2444 4020 rursus
2483 3973 2696 4034 propter
2743 3962 3115 4028 identitatem,
3160 3972 3209 4016 et
3235 3963 3657 4017 communionem

2075 4060 2457 4131 productionis.
2487 4058 2648 4127 Atqui
2677 4056 2724 4111 si
2744 4055 3050 4127 producere
3077 4053 3436 4110 snbstantiale
3459 4052 3657 4126 [hypo-

2073 4153 2352 4225 staticum]
2377 4163 2542 4217 esset,
2573 4151 2838 4207 haberent
2899 4151 3000 4205 ista
3061 4152 3356 4218 rationem;
3400 4153 3658 4221 quoniam

2074 4264 2204 4304 vero
2248 4245 2604 4303 substantiale
2633 4244 2683 4298 id
2712 4261 2816 4300 non
2837 4259 2980 4307 esse,
3013 4259 3173 4312 supra
3218 4244 3464 4314 plurimis
3489 4249 3656 4299 ratio-
3720 4291 3738 4307 ,

2075 4341 2236 4396 nibus
2258 4349 2539 4394 ostensum
2559 4345 2666 4402 est,
2691 4335 2868 4390 inanis
2888 4344 2972 4390 est
2994 4336 3156 4400 ratio,
3191 4336 3443 4406 quodque
3463 4337 3660 4392 docere

2075 4429 2659 4500 debuerat,supponit.
2695 4426 2866 4493 Nam,
2898 4436 2954 4481 ut
2991 4441 3110 4496 quae
3139 4428 3282 4482 dicta
3315 4435 3443 4482 sunt
3466 4443 3658 4484 rursus

390 4519 526 4573 bent
549 4516 1005 4585 quemadmodum
1035 4513 1228 4575 Pater,
1259 4514 1648 4580 eLproductor
1669 4550 1685 4575 ,
1719 4523 1830 4564 non
1861 4507 1967 4563 duo

2079 4525 2358 4594 perspicua
2382 4523 2530 4587 ﬁant,
2556 4521 2656 4575 tria
2695 4528 2904 4574 tantum
2939 4519 3101 4572 trium
3135 4533 3257 4573 esse
3283 4517 3661 4574 substantialis

392 4609 530 4663 facit
557 4607 855 4675 principia,
887 4621 1008 4660 cum
1035 4605 1089 4658 in
1117 4604 1233 4658 solo
1268 4603 1428 4658 Patre
1460 4602 1792 4672 intelligatur
1832 4617 1847 4655 :
1899 4599 1972 4654 ita

379 4714 577 4769 .neque
597 4715 719 4753 cum
751 4700 803 4751 in
832 4697 1042 4752 duobus
1063 4717 1077 4764 ;
1096 4699 1237 4766 quod
1265 4697 1310 4752 si
1338 4696 1569 4765 genitor,
1601 4705 1655 4748 et
1683 4694 1974 4762 productor

390 4809 505 4850 non
535 4792 894 4854 convertitur,
924 4805 1032 4842 non
1072 4789 1273 4842 idcirco
1307 4789 1413 4840 duo
1444 4797 1590 4840 sunt.
1628 4784 1762 4838 Nam
1793 4792 1852 4837 et
1876 4782 1975 4834 Pa-

391 4896 482 4940 ter
511 4895 568 4939 et
615 4885 754 4938 Deus
805 4899 910 4936 non
952 4881 1312 4946 convertitur,
1348 4894 1522 4945 neque
1561 4875 1726 4929 Pater
1751 4883 1808 4928 et
1854 4871 1976 4925 mit-

391 4991 544 5042 tens,
594 4977 688 5032 sed
729 4986 908 5029 tamen
956 4989 1134 5043 neque
1161 4972 1271 5026 duo
1314 4972 1592 5025 mittentes
1637 4978 1762 5023 sunt
1801 4980 1978 5035 neque

389 5071 506 5125 duo
539 5068 653 5132 dii,
689 5082 863 5135 neque
891 5067 1001 5120 duo
1033 5063 1388 5130 exsistentia;
1422 5079 1586 5116 unum
1617 5063 1761 5115 enim
1793 5057 1977 5112 Trini-

393 5172 482 5215 tas
512 5169 627 5214 tota
657 5170 765 5221 est,
800 5172 974 5225 neque
1001 5158 1120 5212 duae
1153 5171 1397 5225 persona-
1441 5177 1454 5210 :
1494 5154 1633 5208 Deus
1679 5153 1824 5208 enim
1847 5166 1977 5219 per-

393 5266 594 5307 sonam
625 5265 730 5304 non
763 5250 1039 5320 designat,
1067 5250 1226 5304 sicuti
1252 5264 1430 5316 neque
1464 5248 1777 5317 productor,
1804 5263 1978 5318 neque

391 5344 646 5400 mittens.
685 5341 885 5399 Verum
915 5344 1042 5412 quia
1069 5343 1211 5396 Deus
1238 5355 1436 5396 nomen
1477 5339 1654 5394 tribus
1686 5340 1876 5402 adest,
1914 5357 1978 5393 eo

393 5435 541 5505 quod
588 5451 694 5490 non
749 5443 1058 5504 apponatur
1102 5433 1551 5489 substantialibus
1604 5447 1793 5486 eorum
1853 5448 1978 5501 pro-

393 5527 744 5598 prietatibus,
775 5526 1068 5596 productor
1090 5538 1270 5580 autem
1299 5526 1529 5589 duobus,
1557 5524 1914 5590 universalius
1948 5539 1985 5586 ιι

391 5620 557 5677 nobis
581 5619 748 5683 Deus,
791 5633 950 5688 quam
974 5619 1270 5687 productor
1312 5616 1627 5686 intelligitur
1661 5634 1673 5669 :
1708 5631 1814 5670 non
1838 5618 1978 5686 quod

389 5713 451 5767 in
503 5711 613 5766 Deo
643 5713 718 5766 sit
765 5711 1150 5775 universalius,
1203 5711 1317 5764 sive
1363 5708 1748 5776 particularius
1777 5705 1978 5778 (neque

392 5805 542 5860 enim
580 5803 730 5859 Deus
775 5817 945 5870 genus
984 5813 1089 5869 est,
1119 5816 1292 5872 neque
1318 5802 1368 5856 in
1417 5816 1620 5873 genere
1645 5802 1978 5869 continetur,

2081 4610 2858 4687 [ltypostatica]ostendimus:
2897 4609 3074 4663 Patris
3104 4609 3322 4676 quidem
3359 4609 3664 4678 generatio-

2080 4723 2226 4771 nem,
2240 4705 2359 4759 Filii
2379 4719 2505 4759 vero
2522 4702 2880 4766 nativitatem,
2900 4700 3074 4755 sancti
3089 4710 3268 4754 autem
3285 4701 3516 4768 Spiritus
3540 4719 3663 4771 pro-

2079 4798 2400 4858 cessionetn,
2428 4810 2550 4863 quae
2576 4794 2740 4848 etiam
2774 4807 3037 4862 personas
3066 4794 3408 4858 denotantia,
3443 4797 3662 4863 proprie

2080 4887 2462 4942 substantialia
2494 4895 2621 4940 sunt
2655 4903 2668 4938 :
2703 4886 3006 4955 producere
3039 4893 3242 4949 autem,
3277 4885 3418 4939 sicut
3447 4896 3502 4940 et
3535 4887 3663 4940 tuit-

2081 4991 2216 5044 tere,
2274 4979 2494 5049 propria
2567 4977 2886 5046 simpliciter
2954 4977 3021 5030 ad
3075 4974 3272 5031 Filium
3324 4979 3658 5033 contrariam

2083 5070 2335 5126 habentia
2365 5067 2712 5131 divisionem,
2763 5067 3220 5134 quemadmodum
3254 5076 3310 5122 et
3339 5060 3502 5124 cauSa
3537 5084 3661 5139 pro-

2080 5163 2197 5232 pria
2229 5159 2571 5228 sitnpltciter,
2619 5169 2674 5212 et
2705 5156 3074 5227 signiﬁcativa
3127 5157 3250 5213 Filii
3279 5169 3333 5213 et
3366 5160 3608 5229 Spiritus
3641 5175 3657 5212 :

2082 5270 2203 5324 qua:
2253 5262 2437 5308 autem
2473 5252 2544 5307 ita
2582 5259 2707 5307 sunt
2741 5249 2982 5320 propria,
3039 5264 3098 5305 ut
3127 5266 3388 5319 personas
3417 5265 3656 5319 sequaua

2085 5356 2191 5409 tttr,
2225 5357 2453 5412 quaeque
2483 5357 2589 5398 non
2638 5351 2765 5396 sunt
2809 5342 3210 5408 substantialia,
3254 5357 3429 5409 neque
3466 5353 3656 5407 perso-

2084 5451 2209 5488 nam
2267 5433 2551 5497 denotant,
2603 5445 2782 5501 neque
2841 5432 2980 5486 duas
3033 5446 3297 5500 persenas
3341 5444 3502 5481 unum
3534 5444 3658 5482 esse

2084 5526 2308 5580 faciunt.
2337 5522 2525 5593 Neque
2555 5524 2701 5579 enim
2735 5523 2902 5578 Filius
2933 5534 2988 5578 et
3021 5521 3255 5591 Spiritus
3279 5529 3654 5584 saucttts,un:t

2085 5629 2318 5685 persona
2351 5625 2437 5670 est
2466 5621 2689 5685 propter
2715 5613 2952 5669 causalis
2983 5611 3416 5666 communionem
3441 5625 3456 5671 ;
3482 5626 3663 5677 neque

2087 5709 2250 5762 Pater
2285 5717 2338 5762 ct
2365 5705 2535 5760 Filius
2569 5721 2676 5760 una
2726 5719 2959 5775 persona
2997 5712 3145 5765 sunt,
3178 5710 3395 5771 pmpter
3423 5699 3660 5769 Spiritus

2088 5799 2262 5856 sancti
2295 5799 2606 5855 missionem
2630 5838 2645 5865 ,
2696 5796 2822 5865 quia
2855 5792 3044 5850 missio
3079 5794 3365 5863 personale
3412 5805 3522 5848 non
3556 5803 3659 5848 est.
