4114 6306
456 296 558 357 175

1693 283 1812 343 MA
1824 279 2103 342 NUELlS
2167 284 2475 345 CA‘LECZE

3686 277 3822 338 17⁵6

427 409 714 466 ‘Simtliter
755 418 887 475 ergo
919 397 1247 474 producendi
1279 400 1489 454 ratione
1518 396 1702 461 Pater,
1744 408 1799 451 et
1825 394 2014 464 Filius,
2041 401 2091 459 Α
2120 397 2240 453 liter
2272 400 2461 463 etiam,
2515 398 2584 452 ad
2614 406 2906 466 utrumque
2942 395 3230 451 referetur.
3275 393 3479 462 Itaque
3521 407 3661 448 aut
3705 398 3809 450 si-

441 519 559 559 non
591 516 696 557 una
748 513 977 571 persona
1003 505 1159 563 sunt;
1225 494 1525 565 producere
1567 493 1710 548 enim
1743 493 2004 548 substan-

426 596 576 652 aiale
607 607 711 646 non
743 598 846 647 est.

522 684 667 741 Nihil
699 683 880 752 itaque
931 691 1153 734 necesse
1203 685 1291 732 est
1327 689 1488 730 unam
1524 688 1808 743 personam
1857 687 2013 739 esse;

436 779 688 847 alioquin
723 775 885 829 etiam
919 770 1162 826 mittendi
1199 768 1410 822 ratione
1439 781 1543 820 una
1571 780 1799 832 persona
1829 774 2013 819 erunt.

451 872 751 924 Commune
771 874 854 920 est
875 863 1037 934 igitur
1056 861 1206 917 Patri
1233 868 1290 913 et
1313 857 1454 913 Filio
1480 855 1814 926 producere;
1840 868 2014 909 unus-

2121 494 2322 547 militer
2366 494 2577 561 utrique
2615 489 2837 562 aequalis
2875 491 3002 556 erit,
3071 489 3313 558 nihilque
3347 487 3617 542 distans
3697 498 3811 541 al-

2121 594 2227 650 que
2265 580 2560 634 dissimilis.

2196 670 2302 725 Sed
2328 671 2472 724 enim
2523 669 2980 739 quemadmodum
3007 669 3314 723 Pater'non
3363 669 3578 735 magis
3625 682 3805 736 per-

2122 760 2297 816 fectus
2343 772 2429 816 est
2469 776 2631 829 quam
2694 760 2888 825 Filius,
2933 757 3078 826 quod
3128 758 3218 812 ille
3261 772 3422 821 causa
3461 768 3612 822 est,
3663 759 3802 811 iste

2123 850 2362 906 causalis
2407 850 2500 915 sit,
2530 865 2713 919 neque
2738 849 2861 903 ideo
2908 849 2977 902 ab
3009 847 3099 901 illo
3140 849 3325 911 distat,
3352 846 3458 901 etsi
3513 862 3796 901 secun-

447 974 557 1029 que
591 955 900 1028 productor,
948 961 1040 1005 aut
1071 951 1285 1019 spirans
1320 947 1385 1000 ad
1440 947 1758 1015 productum
1782 985 1797 1008 .
1849 955 1904 998 et
1932 945 2016 998 in-
2100 943 2227 1000 vdes
2271 943 2341 997 ab
2385 957 2451 997 eo
2478 956 2654 997 causa
2686 941 2895 995 ratione
2927 941 3128 995 dicitur
3157 938 3439 1008 (divinitas
3470 941 3676 993 enim
3719 940 3790 992 in

445 1052 729 1122 spiratum,
776 1048 893 1101 sive
945 1044 1248 1112 Spiritum,
1301 1039 1616 1095 relationem
1669 1037 1828 1092 habet
1873 1049 2019 1090 :na-

448 1141 636 1198 scendi
699 1138 912 1195 scilicet
951 1133 1315 1204 gignendique
1370 1127 1697 1184 discretione
1775 1139 2011 1191 servata,

447 1231 564 1288 Non
606 1229 752 1284 enim
801 1239 870 1280 ex
917 1223 1081 1276 Patre
1113 1234 1177 1273 ac
1216 1217 1360 1272 Filio
1389 1227 1491 1282 est,
1524 1217 1578 1270 in
1610 1225 1870 1285 quantum
1906 1213 2015 1268 duo

449 1325 681 1378 discreta
730 1325 878 1382 sunt,
931 1315 1230 1368 secundum
1282 1309 1568 1364 relationes
1605 1323 1754 1372 suas,
1818 1307 1913 1361 sed
1967 1301 2022 1358 in

448 1419 712 1482 quantum
747 1420 911 1460 unum
941 1414 1088 1457 sunt.

523 1501 691 1554 Porro
717 1499 760 1552 si
801 1498 924 1567 quis
972 1492 1268 1572 secundum
1301 1491 1442 1559 quod
1476 1503 1642 1543 unum
1673 1496 1820 1546 sunt.
1847 1499 2012 1540 unum

447 1593 581 1648 illud
619 1589 840 1659 Spiritui
900 1586 1130 1640 reddens
1153 1622 1168 1648 ,
1219 1573 1311 1651 qui
1343 1582 1580 1648 ejusdem
1607 1579 1876 1672 esssntiaa,
1908 1578 2025 1638 vult

446 1683 609 1739 etiam
643 1680 905 1750 Spiritum
931 1693 996 1729 ex
1028 1689 1088 1729 se
1117 1675 1232 1740 ipso
1259 1688 1416 1736 esse;
1445 1669 1538 1726 sed
1567 1668 2020 1738 quemadmodum

2126 1044 2360 1103 utroque
2413 1032 2542 1099 una)
2577 1049 2592 1085 :
2631 1034 2704 1087 ita
2741 1041 2796 1086 et
2838 1031 3072 1100 Spiritus
3122 1041 3345 1085 sanctus
3390 1028 3494 1084 etsi
3561 1029 3790 1097 juxta

2125 1125 2344 1180 unicum
2370 1123 2495 1194 ejus
2517 1124 2930 1194 simplicemque
2976 1137 3292 1192 processum
3322 1137 3387 1176 ex
3422 1120 3617 1177 Patre
3652 1138 3786 1191 per

2126 1215 2324 1271 Filium
2361 1224 2465 1280 est,
2491 1224 2545 1269 et
2575 1215 2642 1269 ad
2672 1215 2889 1269 Patrem
2912 1223 2969 1268 et
2993 1213 3192 1268 Filium
3229 1211 3392 1266 veluti
3420 1212 3490 1266 ad
3539 1229 3779 1267 ultum

2127 1310 2507 1377 productorem
2571 1309 3037 1376 inspirantemque
3079 1303 3334 1371 refertur,
3386 1318 3662 1372 quorum
3702 1313 3778 1358 ct

2123 1395 2365 1468 Spiritus
2394 1405 2501 1461 est,
2538 1407 2593 1452 et
2638 1395 2966 1466 spiraculum
3000 1395 3228 1460 dicitur;
3259 1409 3364 1448 non
3391 1405 3586 1448 tamen
3634 1397 3774 1448 mi—

2131 1505 2230 1544 nor
2264 1471 2418 1554 Filio,
2457 1503 2630 1559 neque
2663 1490 2823 1543 Patre
2865 1487 3042 1542 minor
3068 1486 3193 1548 erit,
3237 1486 3361 1540 licet
3391 1501 3490 1553 per
3507 1485 3765 1540 Filium

2131 1580 2282 1634 Patri
2319 1581 2700 1649 conjungatur,
2730 1578 2968 1645 alioquin
3001 1587 3058 1631 et
3079 1576 3250 1631 Filius
3275 1575 3381 1630 erit
3419 1575 3766 1631 dissimilis

2127 1673 2271 1727 Patri
2297 1688 2361 1727 eo
2389 1673 2530 1740 quod
2552 1671 2789 1726 causalis
2819 1671 2924 1734 sit;
2950 1678 3004 1722 et
3034 1669 3213 1728 sinon
3253 1666 3329 1720 ita
3356 1667 3498 1721 sicut
3524 1664 3760 1734 Spiri-

451 1773 753 1830 secundum
805 1769 1097 1824 essentiam
1145 1765 1318 1819 Filius
1363 1779 1485 1817 cum
1543 1762 1702 1815 Patre
1749 1775 1888 1814 unus
1931 1766 2018 1814 est
2053 1746 2094 1802 Β
2125 1776 2230 1828 ius,
2261 1765 2411 1831 juxta
2443 1774 2620 1818 tamen
2654 1762 3024 1832 proportionis
3049 1761 3336 1814 rationem.

449 1876 503 1920 et
527 1865 686 1920 Pater
704 1861 917 1931 quidem
951 1857 1117 1928 gignit
1151 1855 1367 1915 Filium,
1402 1853 1570 1907 Filius
1604 1861 1780 1904 autem
1813 1867 1917 1904 non
1959 1864 2019 1903 se

449 1958 626 2026 ipsum
677 1952 868 2024 gignit,
915 1962 1232 2005 nontamen
1281 1946 1740 2001 idcircoalterius
1767 1943 2018 1998 essentia

444 2065 610 2118 quam
644 2048 804 2101 Pater
833 2056 917 2099 est
947 2062 962 2098 :
996 2046 1068 2097 ita
1105 2055 1158 2096 et
1219 2041 1453 2110 Spiritus
1505 2048 1728 2094 sanctus
1774 2035 2017 2104 ejusdem

445 2139 694 2194 essentia:
719 2152 842 2190 cum
887 2137 1048 2187 Patre
1099 2141 1152 2186 et
1193 2131 1332 2184 Filio
1362 2132 1654 2192 exsistens,
1705 2142 1770 2180 ex
1813 2140 1872 2179 se
1903 2125 2019 2193 ipso

442 2241 628 2283 tamen
662 2237 893 2282 nonest.
929 2223 1250 2278 Communis
1282 2222 1426 2275 enim
1461 2229 1652 2272 natura
1685 2217 1735 2269 in
1768 2229 2014 2282 unaqua-

444 2336 554 2389 que
577 2332 928 2388 personarnm
962 2323 1070 2377 est,
1095 2311 1387 2365 secundum
1423 2309 1811 2377 proprietatem
1838 2319 2016 2358 suam.

447 2413 506 2467 ln
541 2412 698 2466 Patre
741 2410 958 2478 quidem
1003 2415 1059 2458 ιιι
1111 2419 1141 2456 a
1194 2403 1407 2454 nomine
1463 2402 1716 2460 habente,
1750 2396 1842 2450 alii
1891 2411 2020 2448 vero

447 2505 619 2570 ipsam
654 2500 922 2570 gignendo
953 2497 1152 2557 dante;
1186 2491 1239 2544 in
1276 2488 1410 2542 Filio
1437 2497 1617 2542 autem
1651 2486 1926 2549 nascendo
1953 2501 2019 2538 ex

450 2593 612 2647 Patre
665 2587 995 2656 accipiente;
1043 2583 1098 2636 in
1141 2592 1332 2650 sancto
1379 2587 1555 2631 autem
1593 2575 1798 2646 Spirittt
1849 2577 2016 2644 ipsam

447 2682 787 2755 procedendo
817 2679 1084 2748 capiente,
1129 2675 1229 2728 hoc
1262 2680 1363 2734 est,
1387 2686 1452 2725 ex
1487 2670 1646 2724 Patre
1674 2683 1769 2736 per
1798 2666 2014 2720 Filium.

393 2827 396 2830 .
519 2770 578 2826 Si
613 2770 733 2838 quis
762 2783 890 2836 ergo
924 2767 1069 2820 illum
1097 2765 1258 2818 etiam
1289 2762 1586 2831 producere
1612 2759 1746 2824 vult,
1779 2767 1872 2811 aut
1915 2755 2018 2809 Pa-

445 2872 532 2919 ter
580 2864 721 2928 erit;
764 2869 816 2914 et
857 2857 1129 2928 quomodo
1169 2871 1196 2907 a
1248 2853 1438 2907 Patre?
1467 2861 1560 2905 aut
1603 2850 1922 2918 productor,
1963 2856 2018 2902 et

448 2953 722 3022 quomodo
747 2948 1014 3019 Spiritus?
1050 2947 1316 2999 Processu
1347 2944 1547 3012 quippe
1578 2942 2019 3002 sublato,secun-

447 3046 574 3098 dum
608 3056 767 3112 quem
819 3040 1173 3094 substantiam
1212 3036 1398 3099 habet,
1435 3035 1569 3088 ordo
1612 3041 1666 3085 et
1701 3030 1893 3084 relatio
1913 3043 2015 3082 .se-

445 3137 685 3191 cundum
738 3144 979 3194 causam,
1021 3136 1076 3182 et
1104 3127 1340 3190 causale,
1400 3127 1681 3195 ipsumque
1734 3135 2017 3192 personam

448 3241 592 3289 esse,
649 3241 751 3277 una
801 3223 1038 3276 tolletur.
1091 3219 1206 3274 Non
1243 3219 1408 3287 igitur
1448 3217 1750 3287 producere
1802 3213 2023 3269 habebit

447 3318 604 3389 quasi
647 3315 950 3384 oppositum
993 3309 1337 3366 substantiali
1395 3308 1742 3376 proprietatis
1775 3319 1907 3359 suae.

523 3411 719 3463 Putant
746 3413 1003 3474 pra-terea
1029 3403 1152 3455 inde
1181 3401 1338 3454 aliam
1372 3397 1759 3452 ahsurditatem
1792 3396 1942 3464 sequi
1967 3404 2021 3449 et

451 3502 637 3556 dicunt
669 3517 681 3551 :
717 3495 774 3550 Si
823 3494 1056 3564 Spiritus
1100 3501 1313 3545 sanctus
1352 3491 1514 3544 etiam
1543 3505 1606 3542 ex
1650 3487 1790 3542 Filio
1825 3503 2011 3556 proce-

451 3586 734 3655 dit,major
761 3586 966 3655 quidem
993 3582 1198 3652 Spiritu
1234 3580 1406 3635 Filius
1435 3581 1554 3645 erit,
1581 3580 1867 3634 secundum
1892 3594 2018 3631 cau-

449 3694 586 3741 sam,
618 3678 814 3744 eritque
855 3673 1038 3726 tertius
1073 3689 1104 3725 a
1153 3671 1337 3725 Patre.
1373 3671 1448 3724 Ac
1491 3668 1669 3723 Filius
1703 3669 1914 3738 quidem
1942 3668 2016 3720 si-

449 3769 627 3822 milior
678 3765 854 3826 Patri,
898 3774 1076 3834 utpote
1123 3779 1195 3817 ex‘
1233 3767 1344 3831 ipso
1384 3764 1494 3816 sine
1539 3762 1708 3815 medio
1739 3760 2014 3821 exsistam,

449 3859 676 3928 Spirims
709 3873 826 3910 rero
861 3856 1009 3908 Patri
1051 3855 1378 3916 dissimilior,
1423 3867 1583 3918 neque
1615 3852 1694 3902 ita
1719 3851 1851 3902 idem
1880 3851 2016 3902 sicut

449 3962 496 4004 rt
530 3950 723 4004 Filius.
760 3947 876 3998 Erit
901 3947 1055 3998 etiam
1092 3944 1237 3997 Filio
1281 3949 1471 4006 minor,
1497 3945 1682 4010 quippe
1705 3947 1791 4010 qui
1821 3960 1914 4012 per
1952 3945 2018 3995 it-

450 4044 557 4094 ltm
610 4044 858 4105 majorem
894 4035 1218 4086 conneuitur
1275 4031 1447 4086 Patri.
1489 4031 1554 4083 Et
1601 4032 1772 4085 Itilius
1811 4034 2017 4100 quidem

451 4131 707 4182 minorem
747 4123 1056 4177 distantiam
1107 4122 1312 4174 habebit
1359 4124 1427 4172 ad
1481 4119 1743 4182 Patrem;
1787 4120 2015 4186 Spiritus

380 4275 391 4285 ,
451 4229 648 4282 autem,
678 4215 954 4282 majorem,
983 4212 1208 4265 maxime
1239 4227 1353 4263 cum
1382 4212 1579 4264 nullius
1607 4228 1772 4264 causa
1817 4216 1909 4266 sit.

522 4310 682 4381 Atqui
730 4310 828 4360 ista
859 4319 1074 4372 quoque
1123 4303 1436 4357 doctoribus
1481 4305 1794 4370 imputanda
1837 4305 2016 4372 potius

2198 1854 2261 1907 Et
2321 1853 2481 1907 sicuti
2549 1852 2708 1905 Pater
2753 1865 2932 1905 causa!
2987 1850 3196 1903 ratione
3248 1846 3383 1902 Filio
3444 1845 3637 1912 major
3713 1862 3751 1897 τι

2122 1947 2395 2016 plerisque
2432 1944 2686 1998 Patrihus
2713 1941 2995 2004 asseritur,
3032 1954 3211 2008 neque
3289 1937 3494 1991 idcirco
3519 1947 3744 1988 tamen

2120 2036 2281 2090 Patre
2327 2035 2503 2086 minor
2539 2044 2622 2087 est
2674 2031 2844 2084 Filius
2901 2035 3020 2084 :ita
3050 2039 3104 2082 et
3143 2027 3331 2088 Filius,
3375 2025 3476 2080 etsi
3529 2023 3745 2093 major

2123 2125 2328 2195 Spiritu
2359 2123 2577 2186 dicitur,
2616 2137 2718 2174 non
2749 2131 2926 2173 tamen
2983 2128 3268 2188 prepterea
3315 2115 3553 2185 Spiritus
3581 2115 3734 2180 ipso

2119 2215 2225 2268 erit
2258 2213 2451 2266 minor.
2491 2212 2756 2277 QuOcirea
2811 2224 3038 2277 magnus
3080 2222 3301 2277 quoque
3345 2205 3573 2259 Basilius
3615 2205 3737 2257 die

2122 2305 2276 2356 cehat
2313 2319 2326 2356 :
2367 2301 2483 2356 Etsi
2511 2301 2646 2355 Filio
2677 2286 2907 2354 succedit
2937 2301 3122 2352 ordine
3183 2309 3228 2351 et
3275 2297 3554 2365 dignitate,
3599 2310 3728 2347 non

2121 2407 2297 2450 tamen
2327 2396 2511 2449 cliente
2546 2404 2754 2448 natura:
2781 2402 2878 2446 est.
2915 2392 3021 2446 Ista
3057 2394 3200 2446 enim
3238 2403 3458 2460 propter
3491 2404 3724 2454 causa,

2121 2498 2175 2541 et
2200 2485 2434 2541 causalis
2459 2487 2523 2539 ad
2549 2485 2780 2540 invicem
2810 2485 3055 2538 ordinem
3090 2493 3144 2536 et
3171 2473 3484 2538 relatidnem
3510 2481 3724 2535 dicun-

2129 2589 2239 2632 tur.
2282 2579 2426 2632 Ordo
2457 2587 2634 2631 autem
2672 2587 2723 2630 et
2764 2578 2829 2630 ad
2873 2577 3071 2646 aliquid
3129 2575 3535 2645 quomodolihet
3598 2575 3716 2629 hac

2089 2671 2267 2736 .here,
2303 2680 2618 2730 naturarum
2661 2685 2764 2722 non
2799 2669 2931 2724 facit
2964 2668 3342 2723 differentiam.

2193 2761 2347 2824 Nam,
2386 2761 2532 2814 verbi
2583 2763 2777 2825 gratia,
2811 2776 2875 2814 eo
2903 2763 3046 2830 quod
3081 2763 3290 2816 amicus
3310 2761 3403 2823 sit,
3457 2761 3538 2816 vel
3569 2762 3712 2815 vici-

2121 2859 2244 2911 nns,
2280 2845 2362 2898 vel
2401 2845 2681 2912 magister,
2721 2844 2853 2897 nihil
2887 2844 2936 2896 in
2974 2859 3034 2899 se
3063 2846 3240 2916 ipsum
3276 2844 3436 2898 alicui
3466 2847 3704 2908 accedit,

2123 2945 2182 2989 ut
2212 2943 2432 3005 propter
2458 2935 2699 2989 habitum
2738 2934 3031 3003 perfectior
3063 2937 3115 2990 in
3147 2951 3205 2992 se
3232 2937 3351 3005 ipso
3395 2939 3702 2992 secundum

2121 3029 2410 3107 essentiam
2446 3029 2532 3080 sit.
2567 3026 2754 3096 Neque
2776 3029 2820 3081 si
2846 3028 3114 3097 quispiam
3147 3030 3313 3083 ﬁlium
3346 3045 3409 3084 ac
3441 3039 3692 3098 nepotem

2131 3119 2349 3179 haheat,
2393 3117 2584 3171 tertius
2635 3119 2871 3172 maxime
2893 3122 3018 3186 erit,
3055 3122 3138 3175 vel
3171 3121 3510 3183 similior,ch
3543 3123 3696 3176 dissic

2119 3207 2301 3259 utilior
2326 3221 2424 3259 avo
2453 3208 2748 3260 secandum
2774 3212 3092 3275 essentiam,
3123 3227 3286 3281 quant
3325 3211 3468 3266 tilius
3500 3231 3512 3267 :
3552 3215 3698 3282 quod

2119 3295 2162 3348 si
2216 3296 2266 3348 in
2303 3300 2464 3349 rebus
2507 3295 2761 3349 humanis
2806 3298 2877 3350 ita
2927 3301 3207 3369 contingit,
3237 3301 3606 3371 multomagis
3643 3305 3696 3356 in

2119 3384 2316 3439 divinis
2360 3387 2627 3454 personis,
2657 3388 2742 3442 tibi
2771 3405 2872 3442 una
2902 3394 3166 3445 asseritur
3195 3404 3412 3457 natura,
3457 3411 3518 3448 ac
3559 3409 3700 3462 pra:-

2122 3487 2201 3529 ter
2244 3476 2408 3529 solam
2446 3492 2590 3544 ,quze
2631 3479 2928 3532 secundum
2960 3495 3180 3534 causam
3229 3493 3282 3537 et
3312 3485 3533 3537 eausale
3583 3497 3697 3548 est,

2118 3569 2496 3636 diﬂ'erentiam,
2528 3570 2668 3623 nulla
2693 3574 2798 3624 alia
2823 3574 3082 3627 discretio
3120 3586 3226 3628 est.

2186 3661 2266 3712 Ad
2295 3658 2410 3713 haec
2436 3698 2451 3722 ,
2499 3659 2646 3713 aliud
2684 3676 2902 3729 quoque
2939 3663 3306 3732 subjungunt,
3353 3675 3408 3719 et
3442 3667 3633 3721 dicunt
3675 3684 3690 3721 :

2117 3752 2180 3804 Si
2224 3751 2486 3818 perfectus
2531 3761 2608 3804 est
2651 3751 2886 3819 Spiritus
2917 3758 3088 3806 sancti
3129 3773 3158 3806 α
3201 3755 3360 3810 Patre
3395 3774 3693 3825 processus,

2116 3847 2417 3914 superfluus
2446 3846 2516 3897 sit
2548 3847 2756 3897 necesse
2785 3857 2868 3899 est
2909 3861 3190 3912 processus
3219 3864 3283 3901 ex
3309 3848 3466 3904 Filio.
3505 3851 3568 3903 Et
3603 3851 3694 3905 hic

2119 3934 2304 4001 igitur,
2355 3935 2398 3988 si
2451 3937 2668 4003 quidem
2725 3937 3036 4000 diceretur,
3093 3939 3230 3992 duos
3278 3955 3398 3992 esse
3453 3940 3692 4008 Spiritus

2117 4027 2290 4080 sancti
2319 4041 2626 4094 processus,
2654 4027 2830 4080 locum
2858 4028 3083 4081 haberet
3107 4027 3359 4083 fortassis
3391 4033 3503 4085 ha-c
3529 4034 3690 4086 ratio.

2116 4116 2384 4169 Caeterum
2418 4116 2464 4170 si
2506 4118 2642 4170 duos
2673 4131 2794 4170 esse
2827 4127 2881 4171 et
2916 4118 2988 4172 illi
3038 4128 3274 4188 negant,
3309 4122 3400 4189 qui
3425 4124 3584 4176 etiam
3624 4139 3693 4177 ex

2116 4206 2255 4260 Filio
2293 4207 2589 4274 procedere
2621 4208 2917 4274 atlirtnant,
2943 4224 3214 4280 unumque
3248 4228 3481 4267 numero
3515 4215 3694 4268 faten~

2121 4308 2241 4362 tur,
2287 4297 2576 4351 ridiculum
2625 4309 2706 4352 est
2759 4301 3161 4357 conclusionem
3213 4303 3416 4358 inferre
3463 4304 3546 4359 his
3596 4305 3687 4374 qui

452 4409 599 4461 sunt,
654 4395 698 4448 si
727 4394 942 4463 quidem
988 4395 1216 4446 absurda
1282 4393 1584 4445 videantur.
1649 4390 1758 4460 lpsi
1816 4395 2016 4462 quippe
2043 4410 2092 4470 υ
2119 4390 2539 4457 propositionem
2572 4401 2797 4459 negant.
2832 4390 3016 4444 Sancti
3045 4393 3189 4446 enim
3224 4393 3455 4462 Spiritus
3487 4413 3552 4450 ex
3583 4397 3687 4450 Pa-

440 4499 600 4551 ‘sunt,
632 4487 721 4553 qui
751 4483 1006 4550 Spiritum
1039 4496 1068 4534 a
1099 4480 1258 4536 Patre
1292 4483 1508 4534 tertium
1540 4485 1758 4546 docent,
1804 4493 2015 4550 sumpta

453 4579 660 4632 scilicet
689 4578 756 4629 ab
793 4577 907 4644 ipso
958 4573 1186 4626 Domino
1209 4573 1520 4638 occasione,
1554 4573 1604 4624 in
1633 4573 1891 4626 salutaris
1910 4581 2020 4625 tra-

451 4672 654 4724 ditione
676 4665 1028 4735 baptismatis,
1061 4679 1122 4716 ac
1151 4679 1243 4732 per
1263 4662 1455 4718 Filium
1486 4665 1775 4731 procedere
1797 4665 2007 4728 dicunt,

452 4776 652 4830 perque
689 4760 862 4828 ipsum
888 4757 1030 4810 Patri
1063 4753 1337 4824 conjungi.
1386 4751 1649 4822 Majorem
1680 4770 1893 4824 quoque
1927 4755 2019 4809 Fi—

452 4851 583 4904 lium
611 4849 814 4919 Spiritu
860 4855 1048 4902 sancto
1095 4861 1322 4915 magnus
1368 4845 1443 4898 ait
1476 4847 1822 4900 Athanasius.
1861 4847 2016 4912 Quod

399 4947 401 4949 ’
454 4943 498 4995 si
524 4942 624 4994 ista
686 4956 713 4992 a
747 4943 952 4992 sanctis
986 4939 1128 4992 dicta
1166 4951 1312 5001 sunt,
1359 4938 1580 4990 omnino
1611 4937 1752 4990 nulla
1784 4953 1879 4991 eos
1923 4940 2015 5006 qui

449 5034 555 5088 ista
587 5031 792 5092 dicunt,
843 5030 1148 5081 absurditas
1180 5030 1439 5097 sequitur.
1488 5027 1867 5098 Praetereaque
1897 5030 2018 5098 δμι-

456 5135 598 5182 ritus
636 5136 854 5178 sanctus
906 5123 950 5176 si
1001 5138 1027 5172 a
1063 5120 1226 5174 Patre
1279 5122 1496 5189 quidem
1529 5123 1634 5175 alio
1680 5136 1954 5189 processu,
1985 5137 2014 5174 a

450 5222 593 5277 Filio
631 5229 812 5271 autem
847 5215 954 5267 alio
985 5213 1322 5282 procederet,
1362 5225 1610 5280 essetque
1642 5228 1926 5279 processus
1949 5229 2014 5266 ex

449 5309 708 5366 ambobus
755 5303 975 5370 duplex,
1024 5299 1274 5354 fortassis
1316 5297 1541 5352 haberet
1578 5300 1844 5353 rationem
1897 5299 2010 5351 cul-

449 5416 578 5470 pare
625 5395 988 5452 dill'erentiam
1036 5404 1407 5459 processuum,
1461 5387 1602 5455 quod
1652 5390 1813 5444 etiam
1863 5389 2017 5445 δίπυ-

451 5501 633 5545 rcnter
675 5503 704 5540 a
732 5485 893 5540 Patre
938 5496 992 5539 et
1017 5481 1150 5536 Filio
1180 5481 1405 5536 distaret
1443 5478 1698 5547 Spiritus,
1747 5496 1810 5534 ac
1854 5495 2014 5549 ρων.

452 5593 595 5637 terea
623 5581 818 5649 gradus
846 5581 895 5633 in
925 5576 1172 5648 personis
1191 5573 1454 5643 quosdam
1474 5572 1746 5640 cogitare;
1780 5573 1860 5626 sin
1891 5586 2016 5626 vero

449 5690 590 5732 unus
635 5676 882 5743 idemque
913 5671 1014 5728 sibi
1045 5669 1113 5725 ab
1140 5677 1371 5736 utroque
1406 5679 1689 5735 processtts
1716 5674 1821 5733 est,
1852 5666 2004 5720 simi-

2123 4490 2204 4533 tre
2232 4478 2476 4548 Filioque
2507 4495 2796 4548 processus
2840 4497 2976 4535 unus
3005 4483 3172 4551 atque
3215 4485 3358 4537 idem
3390 4495 3494 4551 est,
3531 4496 3582 4540 et
3618 4490 3686 4541 ab

2120 4583 2350 4639 utroque
2383 4571 2622 4640 perfecte
2657 4572 2920 4639 procedit,
2945 4572 3098 4640 juxta
3129 4589 3223 4628 cos
3244 4578 3333 4643 qtti
3361 4577 3510 4629 illunt
3538 4579 3688 4634 dixe-

2118 4672 2247 4715 runt
2291 4676 2356 4716 ex
2412 4663 2567 4717 Patre
2617 4679 2712 4732 per
2743 4662 2939 4716 Filium
2973 4667 3286 4730 procedere.
3326 4667 3387 4720 Et
3423 4673 3680 4735 quoniam

2120 4749 2462 4822 procedentis
2492 4762 2578 4808 est
2612 4755 2750 4808 ratio
2781 4770 2844 4808 ex
2880 4755 3039 4809 Patre
3073 4772 3196 4811 esse
3247 4773 3342 4824 per
3391 4765 3629 4828 genitum
3667 4776 3682 4813 :

2119 4862 2289 4915 neque
2316 4846 2476 4901 Pater
2503 4847 2653 4901 solus
2686 4847 2945 4916 producet
2979 4847 3239 4918 Spiritum
3276 4863 3526 4906 sanctum
3563 4856 3681 4923 (nc-

2117 4955 2222 5006 que
2251 4940 2390 4991 enim
2431 4941 2730 5006 procedens
2765 4952 2927 5004 esset,
2965 4943 3007 4993 si
3056 4952 3203 4996 esset
3234 4943 3354 4997 sine
3403 4947 3578 4999 medio
3615 4961 3680 4999 ex

2119 5030 2340 5096 primo),
2377 5044 2556 5096 neque
2576 5027 2746 5083 Filius
2780 5031 2950 5098 solus,
2982 5047 3085 5087 non
3114 5034 3256 5088 enim
3290 5036 3562 5092 diceretur
3589 5054 3684 5108 per

2121 5121 2316 5174 Filium
2362 5136 2427 5174 ex
2477 5120 2637 5174 Patre
2669 5129 2984 5190 procedere,
3029 5127 3124 5179 sed
3161 5137 3242 5180 est
3290 5144 3353 5180 ex
3398 5128 3558 5183 Patre
3589 5146 3686 5200 per

2119 5211 2314 5265 Filium
2355 5222 2409 5267 et
2457 5227 2522 5266 ex
2571 5211 2732 5280 Filio,
2763 5219 2916 5284 quasi
2947 5233 3012 5271 ex
3049 5233 3154 5271 una
3185 5233 3264 5283 re,
3300 5231 3358 5274 ut
3385 5236 3528 5290 saepe
3567 5223 3679 5292 jam

2119 5304 2320 5358 dictum
2349 5313 2432 5358 est
2459 5319 2476 5360 :
2506 5304 2649 5371 ideo,
2677 5321 2901 5376 magnus
2929 5323 3143 5378 quoque
3172 5311 3500 5368 Athanasius
3527 5315 3680 5367 dixit:

2119 5393 2327 5449 Idcirco
2365 5411 2428 5448 et
2464 5395 2625 5450 Patre
2656 5400 2930 5465 procedere
2967 5401 3185 5468 dicitur,
3206 5405 3451 5472 quoniam
3482 5422 3514 5458 a
3539 5405 3680 5460 Filio

2119 5497 2230 5549 est;
2258 5488 2415 5541 aliter
2445 5491 2588 5542 enim
2626 5494 2926 5558 procedens
2951 5506 3057 5547 non
3089 5506 3229 5548 esset
3257 5535 3273 5561 ,
3319 5501 3413 5552 sed
3463 5509 3554 5552 aut
3585 5514 3682 5552 ne-

2117 5593 2222 5647 que
2263 5594 2492 5647 persona
2539 5590 2704 5641 esset,
2758 5583 2802 5634 si
2850 5583 3029 5637 dicere
3067 5583 3148 5640 fas
3187 5589 3280 5651 sit,
3332 5589 3676 5644 aut-Filius:

2119 5670 2365 5741 quamvis
2399 5671 2509 5726 hac
2539 5671 2842 5728 absurditas
2879 5683 2932 5729 et
2980 5690 3072 5730 eos
3101 5678 3452 5736 nihilominus
3481 5695 3679 5750 seque-
