4114 6306
292 242 403 306 ΠΤ

1387 248 1792 307 ADVERSUS
1833 248 2147 310 GRzECOS
2189 252 2335 313 LIB.
2374 252 2488 310 lll.

3442 251 3542 313 178

288 366 372 406 tur
405 370 419 407 :
449 367 574 407 nam
604 354 647 408 si
678 355 914 423 perfecte
946 373 973 410 a
1008 356 1166 411 Patre
1197 356 1432 411 mittitur
1471 357 1708 426 Spiritus
1735 374 1860 410 sau—
1893 370 1934 424 Α
1965 374 2183 428 quoque
2212 360 2511 428 producere
2539 368 2760 429 cogunt,
2790 360 2872 413 vel
2903 376 2962 414 se
2988 362 3184 429 ipsum,
3208 357 3290 415 vel
3315 361 3542 415 alterum

287 453 427 507 stus,
468 446 803 513 superfluum
854 450 981 512 erit,
1009 458 1063 503 et
1096 464 1124 501 a
1161 447 1295 502 Filio
1343 449 1525 511 mitti;
1565 449 1650 504 sin
1685 455 1864 501 autem

288 531 622 602 imperfecte,
688 552 795 591 non
838 554 966 607 ergo
1025 538 1293 605 perfectus
1338 548 1420 592 est
1470 538 1649 591 Pater.
1711 536 1777 590 Et
1819 538 1865 589 si

286 627 525 692 perfecte
556 630 737 692 omnia
775 644 804 682 a
854 627 1016 685 Patre
1049 643 1232 684 creata
1281 641 1405 685 sunt
1428 670 1443 693 ,
1477 631 1609 698 quid
1642 644 1867 683 necesse

285 717 386 771 fuit
415 720 595 774 dicere
626 736 639 773 :
668 719 859 776 Omnia
891 739 984 791 per
1006 724 1176 791 ipsum
1202 724 1346 792 facta
1375 733 1495 775 sunt
1518 725 1543 777 2
1568 723 1654 776 sin
1685 734 1865 775 autem

285 810 600 878 imperfecte
625 851 642 875 ,
676 824 865 867 contra
903 815 1115 869 Patrem
1153 816 1469 884 blasphema
1505 816 1863 869 nihilominus

282 913 373 953 ora
399 901 677 957 laxabunt.
709 902 838 967 Sed,
864 906 1101 960 absurda
1136 922 1231 961 eos
1266 907 1578 961 necessario
1616 920 1860 975 sequun-

289 1000 396 1055 tur,
434 994 527 1063 qui
566 995 704 1049 duos
735 1010 1024 1062 processus
1052 1008 1284 1062 ponunt.

356 1082 543 1144 Porro,
575 1084 668 1151 qui
705 1100 869 1139 unam
902 1095 1116 1141 tantum
1151 1103 1333 1149 rerum
1380 1090 1624 1143 omnium
1658 1090 1865 1160 produ-

292 1170 518 1225 ctionem
552 1174 889 1228 conﬁtentur
916 1190 982 1230 ex
1009 1175 1169 1231 Patre
1200 1191 1298 1246 per
1330 1176 1528 1232 Filium
1565 1180 1619 1233 in
1653 1179 1863 1248 Spiritu

289 1275 487 1323 sancto.
520 1280 793 1333 unamque
822 1267 1161 1333 missionem,
1186 1278 1242 1323 et
1272 1269 1639 1338 largitionem,
1672 1280 1725 1324 et
1758 1272 1859 1323 da-

295 1356 479 1409 tionem
526 1359 704 1413 sancti
754 1346 994 1429 Spiritus
1060 1376 1126 1416 ex
1175 1361 1355 1429 Patre,
1403 1372 1460 1418 et
1520 1362 1657 1417 Filio
1734 1364 1863 1433 (una

293 1447 475 1515 quippe
508 1449 767 1515 datione,
803 1459 858 1506 et
890 1450 1177 1521 largitione
1222 1454 1363 1508 mitti
1396 1470 1425 1507 a
1464 1454 1729 1520 theologis
1771 1468 1861 1507 as-

294 1538 521 1606 seritnr);
553 1556 723 1594 unum
755 1558 971 1612 quoque
1005 1544 1360 1613 inspirantem
1389 1549 1737 1613 confitentur,
1759 1547 1863 1602 dif-

297 1624 510 1681 ferentia
541 1630 612 1684 ad
650 1631 881 1686 invicem
925 1644 1139 1688 servata
1173 1653 1187 1688 :
1222 1650 1318 1689 eos
1363 1634 1497 1690 nihil
1529 1637 1723 1690 durum
1769 1647 1863 1691 aut

1970 452 2254 518 Spiritum,
2287 462 2379 505 aut
2399 452 2617 517 Filium;
2652 453 2695 507 si
2726 463 2904 507 autem
2930 470 2994 509 ex
3027 455 3324 509 substantia
3351 453 3536 525 [hypo-

1968 541 2124 614 stasi]
2151 544 2408 610 quoniam
2443 545 2560 597 dure
2590 545 2906 599 substantiae
2938 556 3082 609 sunt,
3102 545 3297 609 Patris,
3326 556 3379 599 et
3402 546 3539 607 Filii,

1968 638 2013 689 si
2040 634 2258 702 quidem
2288 649 2352 689 ex
2383 635 2561 690 Patris
2592 636 2889 690 substantia
2920 648 3021 697 est,
3050 647 3257 690 constat
3286 636 3543 704 quoniam

1968 741 2033 779 ex
2067 724 2227 779 Patre
2260 726 2373 779 solo
2416 742 2431 779 :
2460 726 2732 796 quomodo
2777 727 2942 796 igitur
2979 739 3041 779 ex
3079 726 3254 781 Filio?
3284 728 3327 780 si
3363 735 3543 779 autem

1966 831 2029 870 ex
2060 816 2176 869 Filii
2203 816 2642 881 substantia,aut
2668 818 3109 872 substantialiutn
3140 817 3389 871 COIIrlhiO
3412 818 3539 879 erit,

1968 920 2063 961 aut
2102 908 2210 963 duo
2235 908 2522 978 principia,
2566 910 2707 965 sicut
2736 919 2790 964 et
2828 910 3144 965 substantiae
3172 905 3542 979 [hypostases]

1956 997 2086 1052 ’dua
2117 1016 2132 1053 :
2178 1000 2272 1055 sed
2307 1000 2451 1056 enim
2493 1003 2585 1070 qui
2634 1002 2733 1055 ista
2763 1000 2975 1060 dicunt.
3004 1000 3256 1054 arbitrari
3295 1000 3546 1053 videnlur

1966 1089 2113 1143 aliud
2149 1088 2371 1159 quidem
2403 1091 2700 1145 secundum
2733 1105 2791 1145 se
2823 1105 2946 1145 esse
2980 1090 3365 1151 substantiam,
3402 1087 3548 1141 aliud

1968 1196 2098 1237 vero
2128 1183 2427 1237 essentiam
2468 1200 2483 1238 :
2519 1184 2729 1252 istaque
2757 1182 3061 1238 secundum
3094 1197 3207 1235 rem
3238 1196 3267 1234 a
3314 1196 3371 1234 se
3400 1182 3545 1233 invi-

1966 1286 2085 1326 cem
2113 1272 2351 1327 diﬂerre.
2373 1271 2487 1326 Hoc
2510 1282 2690 1327 autem
2719 1282 2775 1326 et
2806 1271 2999 1325 falsum
3023 1270 3182 1325 simul
3206 1280 3262 1326 et
3293 1270 3549 1338 blasphe-

1967 1380 2115 1419 mum
2148 1379 2268 1419 esse
2292 1378 2357 1418 ex
2386 1365 2761 1431 superioribus
2790 1374 3074 1420 ostensum
3104 1371 3211 1426 est,
3246 1362 3549 1430 adjectum-

1966 1469 2073 1522 que
2120 1444 2416 1509 secundum
2453 1468 2616 1521 quam
2654 1455 2920 1507 rationem
2950 1494 2965 1517 ,
3009 1451 3155 1505 aliud
3207 1452 3503 1505 essentiam
3530 1492 3545 1513 ,

1966 1547 2111 1601 aliud
2142 1546 2528 1609 substantiam,
2564 1554 2658 1598 aut
2696 1561 2800 1599 non
2834 1544 2977 1600 idem
3013 1546 3081 1599 in
3106 1543 3213 1599 Deo
3243 1557 3363 1599 esse
3398 1543 3552 1597 theo-

1969 1638 2070 1707 logi
2096 1637 2397 1699 aﬂirmant;
2423 1638 2517 1692 sed
2543 1635 2832 1690 dicendum
2856 1646 2958 1697 est,
2987 1644 3297 1689 sanctorum
3324 1635 3547 1703 vestigia

296 1730 529 1783 asperum
554 1721 830 1784 sequitur.
864 1721 1012 1776 Idem
1046 1732 1101 1777 et
1128 1722 1181 1775 in
1217 1738 1474 1792 processu
1517 1722 1693 1778 sancti
1734 1723 1858 1791 Spi-

1975 1728 2401 1796 Iheologiamque
2431 1728 2727 1794 sequendo,
2758 1741 2821 1781 ει
2855 1725 3034 1779 Patris
3065 1736 3120 1779 et
3150 1726 3269 1779 Filii
3301 1726 3543 1780 essentia

296 1808 419 1863 ritus
448 1811 779 1877 dicendum;
808 1808 959 1867 sicut
1006 1816 1155 1869 enim
1188 1853 1206 1877 ,
1240 1815 1381 1882 quod
1416 1815 1640 1880 dicitur,
1675 1817 1857 1868 omnia

296 1898 423 1954 facta
454 1916 578 1956 esse
610 1917 709 1972 per
728 1902 949 1968 Filium,
971 1906 1264 1961 voluntatis
1294 1908 1554 1960 unitatem
1586 1922 1864 1963 commen-

293 1991 373 2043 dat
402 2008 415 2045 :
446 1993 516 2045 ita
543 2004 595 2044 et
621 2010 717 2062 per
745 1994 937 2048 Filium
969 1998 1265 2065 procedere
1291 1997 1553 2067 Spiritum
1586 2010 1861 2069 sapctutn,

294 2083 540 2137 unitatem
574 2085 957 2141 substantialis
1014 2103 1305 2157 processus
1333 2090 1472 2159 ejus,
1494 2092 1867 2161 productionis

293 2178 717 2241 processionisve
752 2180 1115 2236 demonstrat.

355 2268 547 2320 Putant
579 2279 839 2334 praeterea
884 2286 1110 2327 necesse
1138 2288 1279 2334 esse,
1312 2276 1661 2342 compositum
1693 2274 1867 2344 Spiri-

293 2366 394 2411 ttur.
426 2371 674 2412 sam-tuus
713 2362 981 2428 conﬁteri,
1006 2363 1095 2418 Itis
1119 2367 1211 2425 aui
1232 2366 1381 2419 illum
1416 2377 1466 2419 et
1492 2383 1558 2420 ea:
1579 2368 1716 2421 Filio
1748 2383 1869 2434 pro-

291 2452 458 2505 cedere
486 2454 724 2520 fatentur
744 2468 763 2507 :
790 2454 1051 2523 istttdque.
1084 2458 1206 2526 quia
1252 2460 1318 2510 ab
1359 2460 1595 2528 utrisque
1632 2461 1869 2521 accipere

290 2559 491 2599 necesse
538 2554 655 2609 est;
700 2547 746 2599 si
782 2555 954 2600 autem
1000 2550 1106 2603 duo
1154 2562 1300 2616 sunt,
1349 2568 1383 2605 a
1434 2554 1624 2621 quibus
1654 2554 1864 2620 accipit,

287 2639 501 2691 omnino
532 2654 598 2690 ea:
620 2638 834 2705 duobus
866 2644 1183 2708 compositus
1221 2645 1345 2697 erit.

363 2727 470 2783 Sed
502 2730 605 2783 hoc
636 2746 853 2800 quoque
875 2734 1111 2802 primum
1143 2736 1356 2801 quidem
1390 2735 1595 2787 sanctis
1622 2733 1871 2788 Patrihus

292 2816 653 2885 objicietidum
693 2821 811 2874 fuit.
845 2822 909 2876 ili
958 2825 1105 2879 enim
1155 2833 1318 2888 sunt,
1348 2824 1439 2892 qui
1477 2824 1529 2879 id
1557 2825 1699 2892 quod
1738 2824 1872 2879 dici-

294 2916 380 2960 tur
410 2923 426 2961 :
459 2908 537 2962 De
584 2927 695 2963 meo
726 2912 983 2979 accipiet,
1014 2929 1109 2979 pro
1138 2928 1225 2975 eo.
1259 2914 1400 2982 quod
1446 2925 1565 2979 est,
1599 2931 1665 2968 ea:
1704 2912 1869 2977 Filio,

292 3013 705 3068 exposuerunt:
745 3004 948 3071 quique
997 3019 1026 3056 a
1074 3004 1256 3071 Patre,
1304 3018 1353 3060 et
1408 3004 1545 3060 Filio
1598 3008 1869 3076 accipere,

296 3099 456 3158 atque
486 3095 680 3143 audire
710 3094 983 3149 dixtﬁ'uut.
1017 3105 1075 3148 ut
1102 3112 1263 3165 supra
1301 3098 1603 3150 docuimus.

364 3182 592 3246 Deinde,
615 3200 784 3251 neque
802 3187 917 3253 ipse
932 3187 1164 3255 Spiritus
1185 3197 1405 3242 sanctus
1427 3188 1568 3242 aliud
1587 3190 1880 3259 exsistens,

296 3268 435 3327 aliud
457 3290 486 3327 a
508 3275 694 3337 Patre,
718 3287 772 3330 et
794 3277 928 3331 Filio
945 3280 1161 3347 accipit;
1181 3281 1293 3335 sive
1310 3282 1453 3335 aliud
1477 3281 1695 3350 quidem
1728 3296 1756 3333 a
1786 3282 1885 3335 Pa-

297 3372 397 3421 tre.
428 3366 575 3420 aliud
599 3377 775 3420 autem
801 3386 829 3421 a
853 3368 1007 3436 Filio;
1037 3371 1150 3426 sive
1188 3371 1354 3441 igitur
1373 3388 1467 3440 per
1496 3386 1554 3425 se
1592 3373 1714 3439 quis
1739 3386 1882 3427 com-

295 3455 614 3519 positionem
633 3458 913 3520 Vult,uihi|
942 3461 1084 3514 aliud
1109 3476 1270 3529 tutam
1301 3462 1589 3515 essentiam
1615 3472 1665 3515 et
1690 3476 1813 3515 esse
1827 3470 1883 3515 et

296 3547 432 3610 quod
455 3556 562 3610 εει,
600 3549 829 3617 accipit;
860 3566 981 3605 esse
1019 3566 1171 3615 vero,
1198 3564 1252 3606 et
1280 3554 1513 3608 essentia
1557 3553 1729 3608 sancti
1760 3552 1883 3621 Spi-

298 3635 455 3700 ritus,
476 3648 530 3690 et
549 3640 691 3703 quod
713 3630 818 3704 est,
839 3658 1004 3696 ttuttm
1026 3645 1280 3711 quiddam
1301 3656 1353 3697 et
1377 3643 1599 3711 simplex
1625 3654 1709 3699 est
1731 3661 1745 3697 :
1770 3646 1883 3699 sive

299 3739 516 3796 propter
548 3745 641 3781 eos
676 3735 761 3799 qui
792 3736 941 3799 dant,
978 3744 1073 3789 aut
1100 3738 1426 3805 producunt,
1461 3752 1628 3790 unum
1656 3746 1739 3791 est
1774 3736 1879 3789 Pa-

301 3825 379 3872 ter
412 3831 461 3873 et
493 3818 685 3876 Filius.
729 3820 844 3876 Non
878 3824 1021 3877 enim
1057 3826 1109 3878 in
1161 3835 1421 3894 quantum
1454 3828 1558 3879 duo
1590 3833 1752 3889 sunt,
1785 3826 1879 3879 sed

300 3910 353 3965 in
401 3922 665 3980 quantmu
730 3930 893 3966 unum
939 3930 1003 3968 ex
1073 3914 1236 3969 Patre
1275 3924 1329 3968 et
1373 3915 1505 3970 Filio
1535 3926 1615 3970 est
1646 3914 1881 3983 Spiritus

295 4017 558 4069 sanctus;
604 4008 699 4059 sed
732 4009 1188 4075 quemadmodum
1220 4009 1388 4063 Filius
1429 4018 1576 4063 totus
1628 4024 1692 4063 ex
1744 4018 1876 4071 toto,

300 4095 373 4148 ita
406 4105 462 4149 et
492 4094 728 4165 Spiritus
762 4107 907 4151 totus
934 4113 996 4152 es
1028 4108 1139 4155 toto
1185 4100 1469 4155 asseritur.
1514 4098 1697 4166 Neque
1731 4100 1875 4153 aliud

294 4187 518 4252 quidem
544 4197 711 4241 totum
743 4187 925 4252 Pater,
957 4190 1100 4244 aliud
1130 4202 1310 4245 autem
1332 4200 1504 4244 totum
1550 4188 1735 4250 Filius.
1781 4191 1875 4245 sed

300 4293 468 4333 unum
506 4288 673 4333 totum
705 4291 786 4333 est
815 4281 968 4349 juxta
1008 4283 1129 4337 fidei
1163 4283 1505 4351 positionem,
1535 4281 1785 4348 gignendi
1816 4296 1878 4334 ac

1902 3070 1950 3130 (Ξ

1965 1834 2091 1874 esse
2122 1816 2387 1885 Spiritum
2419 1824 2693 1879 sanctum,
2730 1824 2787 1869 ut
2840 1831 2904 1870 ex
2934 1815 3301 1885 superioribus
3345 1816 3551 1867 consti-

1968 1910 2055 1964 tit.
2093 1908 2264 1962 Porro
2294 1906 2472 1961 Patris
2502 1907 2738 1961 essentia
2778 1905 2956 1961 Patris
2990 1920 3217 1974 persona
3246 1915 3350 1967 est,
3387 1906 3547 1958 sicuti

1967 2002 2088 2057 Filii
2119 2001 2389 2065 essentia,
2419 1998 2538 2053 Filii
2570 2000 2752 2053 itidem
2787 2013 3017 2066 persona
3069 2009 3173 2059 est,
3229 2014 3326 2065 per
3374 1996 3553 2049 Patris

1968 2109 2165 2148 nomen
2188 2108 2252 2147 ac
2278 2090 2401 2145 Filii
2426 2090 2750 2145 substantiis
2774 2086 3214 2159 [hypostasibus]
3240 2086 3553 2151 insinuatis;

1968 2184 2131 2239 Pater
2158 2187 2303 2238 enim
2347 2193 2403 2239 et
2444 2182 2611 2237 Filius
2645 2184 3075 2236 substantiarum
3129 2191 3254 2234 sunt
3290 2180 3551 2242 nomina;

1969 2291 2065 2343 per
2089 2292 2287 2332 nomen
2316 2285 2494 2331 autem
2521 2276 2802 2338 essentite,
2824 2273 3061 2328 essentia
3096 2274 3209 2340 ipsa
3237 2281 3553 2339 apparente.

1970 2365 2157 2433 Neque
2202 2366 2347 2419 enim
2402 2366 2638 2419 essentia
2690 2375 2776 2419 est
2824 2365 2940 2417 sine
2993 2363 3322 2422 substantia,
3375 2374 3549 2427 neque

1970 2457 2277 2514 substantia
2311 2457 2431 2511 siue
2454 2457 2729 2520 essentia;
2775 2470 2899 2507 nam
2932 2464 2985 2508 et
3015 2455 3321 2507 substantia
3356 2451 3558 2504 dicitur

1970 2563 2262 2604 commune
2287 2563 2407 2602 cum
2440 2550 2691 2614 proprio;
2727 2563 2830 2599 non
2870 2556 3077 2608 tamen,
3113 2547 3239 2612 quia
3271 2546 3433 2597 unius
3472 2557 3557 2596 est

1972 2640 2226 2695 essentia;
2259 2652 2381 2693 cum
2424 2637 2587 2692 Patre
2622 2647 2678 2692 et
2708 2637 2846 2691 Filio
2874 2635 3111 2705 Spiritus
3154 2645 3398 2696 sanctus,
3437 2635 3558 2686 ideo

1974 2747 2198 2788 necesse
2222 2740 2306 2786 est
2334 2732 2534 2800 ipsum,
2565 2729 2646 2784 vel
2690 2743 2751 2783 se
2799 2728 2999 2795 ipsum,
3048 2726 3131 2777 vel
3185 2724 3382 2779 Filium
3413 2764 3427 2788 ,
3474 2729 3555 2777 vel

1926 2820 1939 2831 “
1973 2826 2137 2881 alium
2164 2823 2436 2893 Spiritum
2468 2824 2789 2891 producere.
2816 2819 3032 2873 Dictum
3064 2818 3262 2887 quippe
3291 2828 3396 2880 est,
3423 2832 3560 2885 quo-

1976 2916 2119 2968 niam
2145 2923 2337 2969 natura
2360 2923 2622 2983 operatur
2643 2913 2792 2983 juxta
2819 2910 3207 2981 preprietatetn
3236 2924 3480 2979 persona
3502 2910 3554 2961 iu

1976 3021 2082 3077 qua
2106 3015 2209 3061 est.

2055 3098 2241 3167 Itaque
2272 3096 2486 3151 Patrem
2526 3097 2749 3165 quidem
2784 3110 2846 3150 ac
2890 3096 3084 3151 Filimn
3112 3135 3126 3159 ,
3176 3096 3287 3149 sive
3324 3095 3556 3149 Mentem

1986 3204 2049 3245 ac
2085 3189 2316 3244 Verbum
2343 3229 2359 3253 ,
2396 3204 2515 3257 quae
2557 3188 2781 3242 relative
2812 3189 3067 3241 dicuntur
3101 3188 3396 3240 scentulum
3428 3200 3557 3254 pro-

1985 3281 2274 3347 prietatem
2306 3295 2483 3343 suam,
2513 3294 2568 3332 et
2602 3278 2864 3347 Spiritum
2893 3281 3093 3333 habere
3122 3277 3387 3344 sequitur;
3428 3290 3560 3344 pro-

1986 3372 2160 3437 prium
2186 3370 2333 3425 enim
2380 3371 2523 3439 quod
2557 3370 2789 3423 Mentem
2822 3370 3094 3437 sequitur,
3125 3378 3209 3422 est
3242 3384 3307 3421 ex
3345 3383 3406 3422 se
3438 3370 3556 3436 ipsa

1986 3460 2231 3530 proferre
2249 3460 2484 3515 Verbum
2505 3461 2623 3514 sine
2646 3459 2844 3523 medio,
2868 3459 3163 3513 secundum
3192 3459 3557 3528 intelligentiae

1984 3565 2322 3621 processum.
2345 3551 2517 3605 Aliter
2537 3551 2681 3605 enim
2704 3563 2859 3603 mens
2886 3552 3006 3603 sine
3028 3546 3202 3601 Verbo
3242 3558 3408 3610 esset,
3428 3547 3556 3601 Ver-

1986 3643 2222 3710 bumque
2251 3641 2368 3696 sine
2395 3648 2574 3695 mente
2604 3654 2768 3709 porro
2801 3637 3118 3709 lnteliigibili
3150 3652 3214 3691 ae
3250 3638 3505 3690 rationali
3536 3678 3551 3701 ,

1983 3735 2289 3803 cujusmodi
2337 3735 2570 3803 primum
2610 3748 2673 3787 ac
2705 3747 2979 3787 summum
3020 3734 3163 3788 Deus
3212 3740 3334 3793 est,
3388 3732 3555 3783 etiam

1985 3826 2245 3893 Spiritum
2283 3825 2482 3881 habere
2531 3827 2799 3894 sequitur,
2838 3840 2997 3894 quem
3050 3825 3381 3877 voluntatem
3407 3859 3421 3883 ,
3459 3835 3567 3875 scit

1983 3916 2326 3979 charitatem,
2353 3930 2446 3970 seu
2477 3912 2884 3983 quomodolibet
2915 3928 3034 3968 eam
3067 3914 3189 3980 quis
3222 3922 3417 3963 vocare
3462 3923 3557 3958 ve-

1984 4009 2065 4069 lit,
2096 4024 2126 4061 a
2159 4006 2422 4076 theologis
2450 4006 2676 4070 dictum,
2706 4020 2867 4073 supra
2902 4012 3259 4060 monstratum
3277 4010 3361 4053 est
3387 4016 3400 4051 :
3423 4014 3558 4068 quo-

1983 4098 2125 4152 niam
2160 4096 2396 4165 Spiritus
2429 4106 2657 4150 sauctus
2685 4110 2753 4148 ex
2782 4093 2960 4148 Mente
3001 4108 3095 4161 per
3140 4090 3376 4146 Verbum
3397 4130 3411 4152 ,
3468 4104 3556 4143 se-

1983 4189 2218 4243 cundum
2264 4186 2549 4241 charitatis
2588 4200 2900 4255 processum
2948 4186 3164 4255 prodit.
3212 4197 3372 4253 quem
3408 4180 3552 4235 enim

1984 4278 2136 4334 Mens
2165 4292 2259 4347 per
2282 4276 2522 4332 Verbum
2555 4276 2834 4346 intelligit,
2867 4276 3012 4330 hunc
3047 4286 3100 4329 et
3127 4274 3323 4343 diligit,
3342 4282 3394 4326 et
3420 4272 3553 4335 vult;

307 4372 561 4425 nascendi
586 4370 914 4428 discretione
942 4384 1177 4427 servata.
1201 4372 1356 4428 Nullo
1375 4388 1504 4443 ergo
1536 4374 1692 4425 modo
1723 4388 1870 4425 com-
1912 4394 1953 4448 η
1987 4380 2148 4432 atque
2179 4368 2336 4422 aliter
2362 4373 2422 4419 ut
2449 4365 2543 4429 sit,
2575 4366 2833 4436 possibile
2865 4382 2971 4435 non
3011 4373 3115 4419 est.
3149 4365 3227 4417 Ita
3262 4365 3426 4431 igitur
3456 4378 3556 4416 vo-

309 4464 629 4530 pcsitionetn
663 4466 904 4534 cogitare
951 4465 1113 4528 licet,
1147 4480 1454 4535 quanquam
1500 4466 1714 4518 etiamsi
1756 4465 1880 4533 plus

309 4568 466 4621 quam
518 4566 629 4609 tres
680 4571 921 4624 personat
977 4568 1121 4613 esset
1167 4557 1307 4612 Deus
1336 4598 1352 4621 ,
1403 4556 1550 4611 nulla
1587 4559 1882 4611 necessitas

310 4648 722 4717 compositionis
754 4658 920 4713 esset,
945 4660 998 4704 et
1019 4651 1160 4719 quod
1185 4659 1485 4704 extremum
1517 4648 1883 4716 processiouis

311 4741 502 4809 ordine
535 4756 563 4793 a
594 4741 821 4811 singulis
844 4741 1133 4807 acciperet.
1167 4740 1287 4794 Non
1308 4740 1451 4795 enim
1476 4740 1718 4793 dantium
1752 4739 1886 4792 mul-

317 4830 571 4895 titudine,
603 4830 700 4885 sed
744 4846 808 4885 ex
851 4846 1040 4884 eorum
1074 4832 1166 4899 qui
1201 4832 1356 4895 dant,
1396 4842 1719 4897 eorumque,
1760 4843 1883 4895 qum

316 4923 517 4987 insunt,
552 4922 854 4976 differentia
884 4959 901 4983 ,
926 4922 1246 4990 compositio
1278 4921 1587 4990 judicatus;
1617 4920 1661 4974 si
1699 4929 1878 4973 autem

313 5027 430 5081 qua:
454 5016 673 5077 dantur,
694 5013 999 5067 differentia
1036 5022 1186 5075 Stlttl,
1217 5022 1271 5065 et
1292 5026 1410 5078 qua:
1440 5013 1643 5073 insunt,
1668 5010 1883 5065 differre

316 5120 539 5159 necesse
574 5114 657 5158 est
691 5118 706 5155 :
737 5116 901 5172 atque
933 5104 1006 5157 ita
1037 5101 1395 5171 compositum
1438 5102 1575 5164 erit,
1626 5103 1768 5168 quod
1815 5117 1881 5156 es

319 5197 624 5265 bujttsmodi
656 5196 951 5257 constabit,
987 5194 1134 5262 quod
1171 5192 1223 5247 in
1256 5202 1446 5247 sancto
1488 5191 1693 5259 Spiritu
1758 5208 1885 5247 nus-

319 5303 476 5356 quam
519 5289 677 5341 habet
716 5290 915 5341 locum.

388 5378 455 5433 Et
487 5379 540 5431 id
582 5392 816 5445 quoque,
864 5375 1017 5442 quasi
1068 5374 1374 5441 inevitabile
1403 5374 1711 5443 percontari
1763 5388 1883 5441 per-

320 5479 448 5537 gunt
477 5483 493 5521 :
531 5466 712 5521 Utrum
751 5482 816 5521 ea:
843 5466 1067 5520 essentia
1105 5482 1175 5520 an
1198 5480 1264 5520 ea:
1292 5467 1582 5521 substantia
1610 5482 1685 5519 est
1707 5465 1884 5534 Spiri-

323 5568 399 5611 tus
435 5558 690 5619 sanctus?
720 5558 775 5609 Si
807 5556 953 5610 enim
983 5571 1043 5607 ex
1080 5546 1338 5623 essentia,
1374 5557 1497 5623 quia
1522 5556 1761 5626 ejusdem
1793 5571 1882 5609 es-

320 5651 506 5705 sentia:
528 5659 742 5704 estcum
764 5646 923 5701 Patre
958 5656 1010 5697 et
1040 5644 1172 5699 Filio
1194 5644 1426 5712 Spiritus
1444 5655 1682 5709 sanctus,
1704 5645 1881 5708 ipsum

1989 4460 2188 4522 luntas.
2229 4460 2344 4513 sive
2368 4471 2541 4521 amor,
2565 4467 2619 4511 et
2646 4458 2861 4513 dilectio
2894 4472 2960 4510 ex
2994 4455 3172 4509 Mente
3202 4470 3297 4524 per
3319 4454 3553 4509 Verbum

1982 4551 2193 4619 prodit;
2224 4548 2567 4619 praecogitato
2629 4548 2846 4616 quidem
2880 4561 3135 4613 processu
3164 4561 3229 4599 ex
3262 4545 3442 4598 Mente
3460 4559 3555 4613 per

1983 4636 2243 4700 Verbum,
2277 4636 2735 4705 quemadmodum
2774 4650 2993 4690 causam
3019 4644 3145 4689 ante
3175 4636 3388 4689 cauSaIe
3419 4653 3557 4703 pra:-

1982 4731 2209 4802 cogitari
2258 4729 2529 4789 dicimus,
2585 4728 2687 4782 etsi
2742 4727 2901 4781 simul
2955 4730 3215 4781 asseritur
3250 4744 3264 4781 :
3295 4729 3554 4797 quoniam

1986 4822 2128 4873 aliud
2161 4819 2377 4886 quidem
2413 4818 2762 4872 continenter
2789 4832 2855 4869 ex
2888 4817 3080 4883 primo,
3114 4817 3258 4871 aliud
3304 4834 3433 4873 vero
3460 4834 3556 4887 per

1987 4909 2037 4963 id
2072 4910 2212 4977 quod
2238 4918 2323 4963 est
2360 4906 2706 4967 cantinenter
2727 4921 2794 4960 ex
2824 4907 3023 4975 primo.

2053 5002 2378 5073 Quanquam
2407 5048 2424 5074 ,
2471 5000 2574 5055 etsi
2608 5000 2841 5068 primam
2884 5014 3102 5054 causam
3144 5002 3361 5057 Patrem
3400 5014 3557 5054 voca-

1987 5111 2128 5159 mus,
2156 5104 2212 5149 et
2236 5103 2636 5177 cunsequeuter
2669 5090 2926 5152 Verbum,
2966 5090 3182 5156 Filium,
3214 5091 3406 5145 Filium
3434 5088 3557 5156 qui-

1984 5188 2105 5242 dem
2150 5189 2276 5259 siuq
2325 5201 2518 5267 medio
2550 5203 2613 5243 ex
2638 5185 2795 5238 Patre
2834 5183 2980 5237 nasci
3012 5184 3262 5245 dicimus,
3298 5180 3558 5267 Spiritum

1986 5294 2114 5333 vero
2137 5236 2306 5365 san;|
2325 5236 2521 5365 ibi“;
2538 5286 2689 5341 patre
2718 5289 2807 5342 per
2828 5272 3017 5326 Filium
3041 5268 3351 5365 procedere.
3381 5266 3563 5334 Itaque

1987 5372 2135 5426 Patri
2167 5344 2431 5449 ρξξξὶιιθ
2452 5344 2888 5449 νῖμιοωοῦυὶὼει
2916 5363 3034 5431 quis
3066 5359 3274 5449 divinas
3311 5369 3567 5449 personas

1986 5407 2231 5533 vocare?
2261 5408 2468 5550 ἴδωσι
2508 5407 2782 5550 ἳέἔιιωιωιι
2822 5407 3155 5520 personarum
3198 5443 3568 5498 substantiales

2254 5505 2464 5623 VS
2513 5505 2914 5623 θξῑᾷξξιςιγὶιῖιω
2936 5533 3147 5623 habere,
3175 5531 3428 5599 sequitur.
3454 5532 3573 5623 ideo

1989 5579 2232 5665 ¹¹¹υνῗ¹ςξ
2279 5579 2464 5686 ‘\\;tt
2539 5579 2671 5671 pel“
2692 5579 2914 5640 """.'.‘.‘“'.'
3457 5579 3577 5653 ’τί

1984 5652 2033 5693 ει
2063 5626 2281 5768 δριῐὶὶ
2292 5668 2381 5768 \\
2434 5718 2481 5768 ω
2507 5645 2644 5768 βιός,
2670 5651 2725 5698 λα
2744 5628 2853 5683 Vibi
2876 5628 3095 5691 Spiritus
3123 5627 3327 5682 dicitur,
3370 5632 3423 5672 et
3455 5620 3548 5683 Spt

2222 5716 2255 5781 κ
2270 5715 2389 5792 ὓι
2404 5718 2496 5792 οβ’,
2509 5715 2589 5792 -t‘

2270 5732 2542 5882 \W

2418 5902 2448 5968 θ

2331 5816 2421 5971 \
