4114 6306
521 399 625 462 179

1782 396 2179 461 MANUELIS
2215 395 2520 456 CALECIE

3771 389 3909 459 ιεο

517 506 760 562 raculum
808 506 986 563 Patris
1023 520 1078 563 et
1128 509 1270 575 Filii,
1314 511 1439 577 quia
1486 521 1539 565 et
1589 511 1750 580 hujus
1802 524 2092 580 processus
2123 514 2165 569 Α
2200 506 2250 559 in
2281 507 2414 560 Filio
2431 516 2634 567 autem,
2661 504 2934 570 liliariter,
2959 507 3063 561 hoc
3083 516 3165 560 est
3182 508 3497 570 causaliter,
3531 510 3896 564 nascendi

518 600 792 665 spiraculo
816 600 1166 667 assimilatur,
1193 603 1491 675 secundum
1516 602 1898 661 Athanasium.
1928 610 2093 668 atque

518 692 586 745 ad
613 690 827 745 Patrem
877 702 928 744 ct
952 690 1142 746 Filium
1171 694 1397 750 relative
1422 696 1641 757 dicitur,
1673 704 1730 747 ut
1757 694 2094 749 demonstra-

520 796 632 836 tum
666 794 781 847 est;
811 784 971 837 veluti
1007 789 1307 853 procedens
1335 795 1390 845 et
1423 787 1749 854 inspiratum
1787 785 1850 837 ad
1887 784 2094 853 produ-

519 883 727 929 centem
761 883 923 944 atque
957 875 1317 944 inSpirantem
1367 895 1380 930 :
1427 877 1739 943 indicatque
1772 883 1827 926 et
1852 873 1993 942 quod
2028 890 2092 925 ex

519 963 679 1018 Patre
748 968 992 1034 genitum
1034 977 1153 1030 est,
1220 976 1279 1020 ut
1332 967 1493 1021 etiam
1548 970 1613 1020 ad
1682 965 1893 1019 Patrem
1933 973 2094 1033 atquc

520 1054 717 1109 Filium
753 1058 974 1116 relatio.
1003 1060 1157 1124 quasi
1191 1058 1243 1110 in
1280 1073 1445 1109 unum
1473 1058 1889 1126 producentcm,
1921 1057 2093 1116 inspi-

517 1157 837 1213 rantemque
869 1148 1166 1201 reducatur
1192 1186 1208 1211 ,
1239 1163 1400 1216 quam
1436 1149 1504 1202 ob
1534 1161 1753 1201 causam
1778 1134 1811 1207 ,⁸
1828 1146 1991 1199 etiam
2027 1145 2093 1198 ad

518 1239 748 1291 invicem
782 1237 945 1290 simul
991 1238 1319 1303 cogitantur,
1352 1237 1648 1293 secundum
1680 1237 1962 1292 relationis
1994 1238 2093 1290 ha-

517 1330 687 1382 bitum
725 1345 739 1382 :
773 1343 899 1381 nam
948 1329 1041 1396 qui
1090 1329 1350 1396 Spiritum
1387 1331 1553 1392 dicit,
1594 1345 1715 1385 eum
1744 1328 1905 1382 simul
1939 1328 2093 1395 cujus

517 1428 603 1475 est
633 1420 875 1486 Spiritus
908 1420 1236 1490 cogitatione
1264 1422 1702 1489 comprehendit.
1734 1421 1809 1474 ita
1844 1435 1971 1489 ergo
2000 1435 2090 1473 ne-

515 1511 761 1566 cessario
810 1526 1153 1581 consequens
1197 1522 1302 1575 est,
1362 1520 1659 1565 secundum
1710 1509 2095 1563 substantiales

515 1618 703 1659 eorum
733 1606 1115 1674 proprietates,
1148 1604 1364 1659 Patrem
1407 1620 1467 1659 ac
1498 1604 1694 1658 Filium
1742 1603 1942 1657 habere
1963 1642 1977 1665 ,
2031 1617 2094 1655 ac

518 1698 755 1764 mittere,
782 1707 837 1753 et
864 1712 1123 1752 emanare
1157 1699 1419 1768 Spiritum
1446 1708 1712 1759 sanctum,
1739 1704 2094 1750 attestantur-

515 1802 623 1855 que
655 1788 741 1843 his
763 1789 1018 1844 Ecclesia
1043 1790 1305 1859 magistri.
1334 1790 1629 1859 Gregorius
1660 1790 1877 1857 quidem
1912 1786 2091 1841 Theo-

2197 600 2524 667 prnprietate
2551 598 2781 667 adjecta,
2811 597 2966 667 juxta
3012 599 3316 654 nativitatis
3350 600 3718 654 terminum
3752 618 3773 661 :
3818 601 3889 654 in

2196 698 2381 741 sancto
2417 697 2591 740 autem
2618 686 2824 755 Spiritu
2854 689 3184 757 processive,
3213 688 3314 741 hoc
3341 697 3423 743 est
3445 690 3874 751 causaliter,

2196 790 2405 833 servata
2446 781 2545 833 sibi
2586 781 2916 849 proprietate
2950 796 3264 850 processus.
3304 816 3319 831 .

2266 873 2737 936 Quemadmodum
2789 872 2952 941 igitur
2988 872 3147 926 Pater
3193 885 3297 927 non
3334 882 3479 928 esset
3508 874 3772 937 Pater,
3814 878 3873 930 si

2195 963 2358 1015 etiam
2384 961 2521 1016 Filio
2555 960 2725 1015 Filius
2754 972 2920 1023 esset,
2947 963 3017 1015 ita
3046 963 3189 1016 enim
3221 972 3367 1017 esset
3392 972 3443 1017 et
3473 963 3701 1019 Filius
3743 965 3876 1017 Pa-

2199 1064 2298 1116 ter,
2343 1068 2811 1121 personarumque
2842 1051 3094 1106 confusio
3122 1064 3477 1120 sequeretur:
3517 1066 3588 1109 ct
3637 1068 3867 1118 certe,

2197 1159 2319 1198 cum
2356 1159 2458 1195 una
2492 1144 2565 1196 sit
2593 1144 2741 1198 Patri
2766 1184 2782 1207 .
2838 1160 2900 1199 ac
2927 1144 3062 1199 Filio
3095 1147 3337 1199 essentia
3378 1163 3392 1199 :
3428 1158 3483 1199 et
3517 1150 3868 1214 quemad-

2198 1236 2412 1289 modum
2446 1235 2613 1290 Filius
2653 1252 2757 1290 non
2788 1248 2932 1291 esset
2964 1237 3133 1292 Filius
3172 1238 3277 1293 nisi
3324 1249 3466 1293 esset
3503 1254 3577 1291 ex
3646 1238 3863 1293 Patre

2197 1328 2315 1383 sine
2358 1330 2555 1392 medio,
2585 1330 2635 1383 id
2670 1332 3117 1398 est,.nascendo;
3153 1332 3226 1386 ita
3263 1341 3316 1386 et
3362 1331 3617 1399 Spiritus
3652 1348 3853 1386 ’διπη-

2198 1431 2316 1473 etus
2366 1434 2469 1471 non
2516 1431 2658 1473 esset
2707 1420 2940 1485 Spiritus
2997 1423 3101 1477 nisi
3168 1432 3314 1476 esset
3358 1438 3423 1475 ex
3479 1421 3678 1476 Patre
3730 1438 3855 1491 per

2200 1508 2457 1564 Verbum.
2488 1511 2622 1565 Nam
2657 1514 2699 1566 si
2728 1528 2790 1567 ex
2831 1514 2991 1566 Patre
3026 1523 3169 1567 esset
3204 1514 3319 1566 sine
3356 1513 3521 1567 Verbi
3568 1515 3839 1576 medio,

2198 1605 2469 1656 nascendo
2508 1614 2651 1657 esset
2677 1644 2692 1668 ,
2731 1614 2783 1658 et
2814 1616 3230 1673 consequenter,
3286 1605 3477 1659 Filius.
3516 1604 3584 1658 Et
3655 1608 3846 1661 sicut

2195 1694 2364 1750 Filius
2401 1712 2463 1749 ex
2495 1696 2880 1750 communione
2917 1709 3121 1751 natura-
3171 1702 3235 1749 ad
3288 1696 3507 1749 Patrem
3530 1734 3544 1757 ,
3607 1713 3839 1766 neque

2196 1786 2412 1843 Patrem
2446 1805 2546 1843 nec
2580 1791 2814 1859 seipsum
2848 1790 3041 1859 gignit,
3074 1790 3125 1843 id
3169 1791 3367 1859 quippe
3404 1800 3548 1843 esset
3583 1800 3839 1857 praeter

514 1878 673 1947 lOgus
710 1881 899 1935 dicens
933 1896 949 1933 :
986 1882 1103 1937 Non
1143 1858 1280 1939 enim
1314 1858 1529 1937 decebat
1566 1882 1645 1937 vel
1676 1880 1885 1936 Filium
1928 1879 2089 1933 Patri
2128 1858 2170 1915 Β
2199 1879 2321 1935 Filii
2348 1882 2661 1947 terminum,
2699 1897 2794 1949 per
2827 1858 2987 1951 quem
3022 1858 3253 1949 persona
3290 1893 3406 1946 est,
3442 1883 3512 1935 ita
3543 1891 3611 1935 et.
3663 1882 3825 1949 Spi-

515 1971 598 2025 uel
632 1971 893 2039 Spiritum
926 1970 1071 2027 Filio
1098 1990 1329 2043 unquam
1358 1976 1561 2027 deesse.

587 2063 820 2118 Sanctus
859 2065 1185 2119 Anastasius
1221 2067 1595 2118 Antiochenus
1633 2067 1685 2118 in
1721 2066 1836 2133 ipso
1867 2080 1966 2119 suo
1993 2064 2092 2118 do-

518 2158 763 2223 gmatico
797 2157 935 2212 libro
964 2174 980 2209 :
1011 2159 1246 2226 Spiritus
1276 2167 1514 2219 sanctus,
1546 2158 1642 2219 ait,
1673 2174 1787 2209 cum
1832 2157 2014 2219 Patre,
2043 2166 2093 2210 et

517 2245 665 2299 Filio
712 2248 873 2301 simul
925 2259 1186 2317 apparet,
1227 2249 1386 2301 veluti
1419 2265 1535 2301 cum
1577 2258 1768 2312 mente,
1820 2256 1868 2301 et
1915 2249 2093 2301 rerbo.

520 2338 893 2393 Damasceuus
933 2355 1155 2407 quoque
1197 2341 1273 2393 ait
1326 2358 1341 2393 :
1396 2338 1611 2405 Oportet
1654 2349 1832 2391 autem
1871 2337 2093 2393 Verbum

515 2430 679 2482 etiam
707 2428 964 2494 Spiritum
996 2430 1204 2484 habere.

591 2518 848 2588 Magnum
897 2520 1024 2574 item
1075 2521 1337 2576 Basilium
1385 2523 1725 2576 ostendimus
1772 2520 1826 2574 in
1863 2520 2092 2586 quodam

516 2608 780 2663 adversus
812 2610 1138 2666 Eunomium
1173 2614 1412 2681 capitulo
1444 2613 1711 2677 dicentem
1751 2630 1766 2666 :
1809 2611 1929 2665 Nisi
1971 2610 2096 2679 Spi-

515 2699 677 2751 ritum
704 2698 903 2754 eastDeo
930 2700 1057 2753 dicit
1082 2701 1365 2770 quispiam,
1399 2718 1464 2755 ne
1499 2700 1721 2755 Verbum
1753 2703 1984 2771 quidem.

592 2792 855 2858 Quoniam
893 2794 1055 2861 igitur
1085 2796 1361 2864 proprium
1391 2804 1476 2850 est
1516 2810 1753 2863 sequens
1784 2796 2094 2855 necessario

514 2884 759 2940 Verbum
811 2894 864 2939 et
910 2884 1424 2953 Spiritum'habere
1467 2905 1481 2940 :
1524 2889 1707 2941 omnia
1758 2897 1937 2941 autem
1976 2902 2095 2953 quae

491 2971 684 3029 'Pater
714 2978 919 3039 habet,
970 2979 1131 3031 habet
1165 2987 1221 3031 et
1247 2977 1447 3041 Filius;
1483 2979 1583 3031 nisi
1617 2994 1750 3034 vero
1794 2979 1958 3033 Pater
1994 2980 2097 3032 ha-

517 3067 668 3132 beat,
700 3081 799 3119 nec.
827 3066 993 3121 Filius
1027 3068 1229 3133 habet;
1262 3069 1345 3121 sin
1377 3080 1558 3122 autem
1587 3084 1693 3123 non
1728 3070 1889 3124 habet
1922 3085 2097 3137 neque

518 3157 759 3213 Verbum
782 3157 908 3221 erit,
936 3170 1114 3223 neque
1131 3172 1193 3210 ex
1214 3155 1410 3221 Patre;
1444 3170 1659 3226 oportet
1690 3160 1836 3212 enim
1859 3158 2092 3211 Verbum

516 3251 683 3305 etiam
722 3248 921 3304 habere
952 3248 1236 3319 Spiritum,
1267 3258 1328 3303 ut
1364 3250 1667 3303 rectissime
1696 3250 1953 3319 magister
1982 3248 2096 3318 (38)

517 3344 673 3398 dixit.
708 3341 763 3396 Si
793 3343 938 3397 enim
967 3341 1229 3412 Spiritum
1264 3357 1327 3397 ex
1355 3340 1488 3405 Deo,
1514 3351 1567 3395 et
1595 3343 1756 3396 Patre
1782 3342 1910 3395 dicit
1943 3344 2097 3411 quis-

518 3435 683 3504 piam,
720 3449 785 3489 ne
818 3434 1056 3491 Verbum
1083 3435 1336 3504 quidem;
1367 3434 1624 3503 quoniam
1654 3449 1784 3488 vero
1812 3433 1971 3487 Pater
2004 3434 2098 3487 ha-

518 3525 611 3577 bet
636 3534 688 3577 et
723 3523 891 3578 Filius
921 3524 1103 3580 habet.
1141 3521 1373 3580 Sanctus
1402 3525 1545 3578 enim
1575 3525 1813 3594 Spiritus
1840 3540 1963 3578 cum
1993 3523 2096 3577 Pa-

520 3626 624 3680 tre,
673 3627 729 3670 et
776 3616 911 3671 Filio
941 3617 1103 3671 simul
1149 3626 1396 3687 apparet,
1436 3617 1602 3671 veluti
1656 3633 1778 3672 cum
1830 3628 2009 3671 mente
2038 3623 2095 3671 et

515 3709 704 3771 verbo,
768 3721 831 3762 ac
878 3709 1175 3764 secundum
1219 3708 1470 3763 eumdem
1518 3708 1777 3771 modum,
1834 3709 1913 3760 sic
1950 3708 2093 3760 enim

517 3798 691 3851 sancti
737 3799 909 3871 aiunt.
964 3798 1168 3853 Deinde
1212 3796 1547 3852 concludens
1580 3793 1787 3849 infert:
1823 3791 2094 3856 Quomodo

514 3891 684 3960 igitur
713 3891 948 3957 separari
981 3897 1198 3956 possunt
1222 3888 1623 3955 inseparabilia,
1650 3886 1873 3938 Verbum
1897 3884 2094 3938 scilicet

517 3998 583 4036 ea:
616 3981 746 4043 Deo,
781 3989 829 4033 et
860 3979 1091 4046 Spiritus
1126 3993 1191 4031 ex
1226 3978 1333 4032 Deo
1359 3992 1452 4043 per
1478 3978 1747 4049 Filiumﬂ

592 4069 822 4133 Magnus
852 4068 977 4122 item
1028 4068 1361 4121 Athanasius
1391 4069 1469 4120 ait
1502 4084 1516 4119 :
1548 4066 1816 4129 Quoniam
1856 4067 2094 4133 Spiritus

516 4178 623 4217 non
655 4171 727 4215 est
752 4171 901 4215 extra
942 4159 1187 4214 Verbum.
1225 4159 1291 4213 Et
1323 4175 1536 4213 rursum
1567 4177 1578 4211 :
1627 4157 1772 4212 Ess'et
1802 4160 1960 4212 etiam
1994 4161 2097 4211 int-

516 4252 769 4321 possibile
820 4252 878 4304 iu
937 4250 1219 4304 Trinitatis
1261 4252 1435 4319 gloria
1483 4249 1743 4316 Spiritum
1784 4249 2091 4317 gloriﬁcari,

518 4347 621 4401 uisi
651 4360 924 4414 processus
965 4345 1171 4397 ratione
1212 4353 1342 4396 esset
1392 4358 1456 4395 ea;
1506 4342 1614 4394 Deo
1649 4358 1741 4405 per
1770 4341 1981 4394 Filium.
2020 4339 2096 4394 De

518 4436 753 4491 naturali
793 4435 912 4503 ejus
952 4434 1405 4502 aubstantialique
1456 4448 1710 4502 processu
1756 4431 2096 4485 verbumhic

2197 1975 2338 2028 ritus
2367 1984 2586 2029 sanctus
2614 1990 2709 2043 per
2733 1986 2941 2029 naturae
2973 1976 3038 2028 ad
3064 1974 3277 2028 Patrem
3312 1983 3366 2026 et
3390 1972 3586 2026 Filium
3629 1974 3827 2026 iden-

2200 2069 2428 2129 titatem,
2452 2077 2505 2119 et
2536 2068 2995 2132 communionem,
3033 2066 3443 2135 productionem
3476 2080 3584 2118 non
3620 2066 3821 2119 hahe-

2198 2160 2306 2224 bit;
2339 2159 2537 2227 quippe
2565 2158 2698 2211 alias
2720 2158 2933 2212 desinet
2962 2174 3083 2212 esse
3115 2157 3413 2226 procedens
3440 2156 3720 2224 Spiritus:
3750 2165 3821 2209 ct

2197 2253 2311 2307 sive
2341 2251 2607 2322 gignendo
2640 2250 2801 2304 Pater
2827 2250 2953 2312 erit.
2988 2260 3042 2303 et
3075 2250 3343 2316 quomodo
3378 2264 3407 2302 a
3434 2247 3638 2302 Patre?
3670 2249 3812 2302 sive

2196 2345 2515 2414 productor,
2563 2354 2619 2399 et
2656 2344 2926 2413 quomodo
2973 2341 3250 2409 Spiritus?
3305 2357 3665 2409 prorsusque,
3749 2342 3805 2395 si

2197 2435 2412 2503 quidem
2440 2450 2601 2489 causa
2627 2435 2698 2488 sit
2726 2434 2845 2487 Filii
2874 2475 2888 2497 ,
2920 2444 3316 2500 consequenter
3352 2434 3452 2485 erit
3502 2447 3568 2485 ex
3610 2434 3803 2485 Patre

2199 2525 2366 2579 Filius
2393 2540 2490 2594 per
2528 2524 2811 2593 Spiritum,
2846 2524 3144 2593 tertiusque
3174 2525 3281 2577 erit
3310 2539 3336 2575 a
3363 2522 3545 2585 Patre,
3586 2537 3803 2575 securi.

2198 2620 2325 2673 dum
2368 2618 2704 2684 personalem
2752 2617 3033 2684 ordinem;
3064 2616 3203 2684 quod
3238 2615 3482 2683 proiecto
3511 2622 3595 2668 est
3632 2629 3792 2682 prm-

2201 2719 2281 2763 ter
2306 2708 2425 2762 Filii
2456 2723 2519 2762 ac
2548 2707 2785 2777 Spiritus
2818 2708 3134 2760 terminum.

2270 2800 2339 2851 At
2371 2812 2549 2866 neque
2575 2798 2657 2851 sui
2697 2797 2867 2864 ipsius
2907 2810 3070 2849 causa
3117 2808 3240 2849 esse
3275 2803 3469 2862 potest.
3504 2793 3587 2847 Nil
3622 2794 3781 2847 cuius

2201 2894 2376 2962 ipsum
2410 2891 2493 2945 sui
2536 2889 2707 2958 ipsius
2742 2902 2905 2940 causa
2946 2896 3049 2941 est.
3084 2885 3585 2940 Contradictionem
3621 2885 3777 2938 enim

2200 2986 2273 3038 ita
2304 2983 2618 3043 continebit,
2654 2980 2947 3035 secundum
2981 2980 3144 3033 idem.
3179 2977 3362 3044 Neque
3399 2976 3621 3029 alterius
3654 2974 3784 3043 Spi-

2201 3076 2336 3131 ritus
2397 3088 2558 3128 causa
2611 3086 2730 3125 esse
2784 3080 2981 3140 potest.
3028 3070 3143 3149 liae
3192 3070 3337 3123 enim
3389 3068 3619 3129 ratione,
3663 3082 3777 3121 non

2118 3186 2166 3250 ρ
2203 3164 2603 3221 esset'l‘rinitar
2641 3164 2779 3216 Dens
2813 3178 2827 3215 :
2860 3163 3148 3229 simulque,
3182 3161 3470 3217 necnobis
3498 3158 3630 3211 ﬁdes
3662 3166 3773 3211 tra~

2199 3257 2331 3313 didit
2354 3256 2638 3325 Spiritum,
2664 3256 2747 3307 vel
2775 3253 2859 3307 sui
2889 3254 3077 3323 ipsius,
3108 3253 3188 3307 vel
3219 3252 3482 3320 Spiritum
3511 3250 3774 3317 Spiritus.

2197 3352 2403 3420 Nempe
2440 3350 2584 3405 enim
2618 3349 2662 3405 si
2696 3347 3017 3402 Trinitatem
3046 3344 3458 3407 excesserimus.
3491 3344 3622 3397 nihil
3654 3360 3781 3413 pro-

2199 3442 2425 3506 hibebit,
2458 3450 2513 3494 et
2540 3442 2809 3509 quintam,
2840 3446 2896 3492 et
2921 3444 3128 3491 sextam
3161 3448 3447 3502 personam
3489 3433 3541 3487 in
3575 3433 3778 3487 divinis

2198 3545 2464 3596 quaerere.

2270 3622 2393 3678 Hice
2442 3621 2605 3693 igitur
2648 3621 2809 3679 velle.
2858 3618 3138 3673 hominum
3172 3624 3255 3671 est
3281 3657 3296 3680 ,
3330 3627 3454 3685 quae
3482 3614 3549 3667 de
3579 3620 3773 3667 sancta

2198 3716 2465 3771 Trinitate
2494 3723 2615 3768 sunt
2654 3715 2871 3776 tradita,
2904 3711 3119 3767 auferre
3148 3710 3459 3769 nitentium,
3492 3709 3776 3776 ipsamque

2199 3822 2229 3860 e
2262 3809 2483 3876 regione
2530 3800 3045 3873 blasphetuantium.
3084 3802 3267 3871 Neque
3309 3801 3452 3855 enim
3488 3799 3776 3853 multitudo

2199 3912 2554 3967 personarum
2585 3906 2699 3959 est,
2735 3896 2829 3949 sed
2863 3910 3033 3964 usque
3064 3896 3130 3947 ad
3162 3893 3487 3947 Trinitatem
3516 3903 3773 3960 progres-

2199 4003 2291 4042 sus
2320 3998 2405 4042 est
2438 4002 2716 4041 numerus.

2277 4078 2541 4143 Quocirca
2591 4088 2672 4130 est
2705 4076 2921 4145 quidem
2973 4076 3206 4144 Spiritus
3247 4084 3468 4129 sanctus
3502 4087 3565 4126 ex
3598 4070 3777 4126 Patris

2200 4185 2262 4225 ac
2292 4170 2414 4223 Filii
2444 4169 2706 4229 essentia,
2743 4170 2857 4223 sive
2881 4184 2946 4223 ex
2982 4167 3291 4224 substantia
3320 4167 3497 4225 Patris
3530 4180 3594 4220 ac
3624 4164 3774 4230 Filii,

2200 4261 2499 4315 secundum
2541 4259 2793 4313 traditam
2820 4260 3108 4324 rationem,
3132 4273 3237 4311 non
3278 4258 3329 4310 in
3364 4264 3623 4326 quantum
3658 4256 3777 4307 dure

2200 4354 2518 4407 substantia:
2559 4361 2716 4416 sunt,
2760 4351 2852 4405 sed
2904 4366 2965 4405 ea
3011 4350 3243 4411 ratione,
3284 4363 3388 4417 qua
3436 4363 3597 4401 unum
3648 4356 3778 4399 sunt

2198 4445 2359 4499 Pater
2386 4452 2440 4497 et
2478 4443 2668 4507 Filius,
2708 4443 3055 4509 producendo
3105 4441 3337 4502 scilicet,
3372 4439 3514 4506 quod
3558 4437 3776 4503 utrique

516 4529 753 4583 faciebat
786 4534 1029 4585 sanctus.
1081 4523 1381 4579 secundum
1409 4539 1569 4593 quem
1598 4534 1683 4578 est
1716 4533 1881 4592 atque
1913 4522 2091 4577 subsi-
2125 4562 2168 4617 ο
2197 4548 2487 4587 commune
2525 4543 2608 4586 est,
2631 4571 2645 4594 ,
2683 4542 2740 4585 ul,
2774 4545 2915 4599 saepe
2949 4530 3061 4597 jam
3093 4531 3373 4592 diximus;
3412 4538 3574 4597 atque
3609 4528 3734 4580 hinc
3756 4565 3774 4590 ,

516 4622 611 4674 stit
651 4620 887 4689 Spiritus
916 4630 1159 4672 sanctus.
1198 4616 1323 4672 Non
1351 4626 1426 4670 est
1470 4616 1605 4670 enim
1637 4627 1787 4669 castra
1828 4616 2089 4681 Verbum;

517 4725 775 4783 tanquam
809 4714 852 4767 si
887 4715 1094 4768 diceret
1127 4729 1141 4765 :
1179 4710 1294 4764 Non
1326 4710 1577 4765 subsistit
1605 4707 1730 4764 sine
1752 4706 1968 4773 Verbo;
1996 4725 2093 4777 per

518 4809 692 4877 ipsum
722 4810 864 4860 enim
898 4808 1144 4875 procedit
1202 4819 1267 4857 ex
1314 4802 1497 4857 Patre.
1534 4802 1658 4857 litec
1694 4804 1875 4871 itaque
1925 4803 2001 4855 sic
2035 4813 2094 4855 se

518 4901 740 4961 habent,
771 4911 825 4952 et
854 4915 974 4966 qua:
1007 4900 1109 4952 alia
1145 4900 1208 4953 de
1240 4898 1343 4952 hoc
1376 4898 1634 4964 praedicta
1668 4905 1797 4951 sunt
1839 4912 1852 4948 :
1901 4904 2093 4949 sancto

519 5001 699 5044 autem
736 4991 985 5060 Spiritui,
1021 4992 1320 5044 secundum
1346 5006 1500 5045 suam
1530 4990 1940 5046 substantialem
1970 5004 2098 5058 pro-

519 5081 829 5150 prietatem,
854 5081 1096 5148 sequitur
1122 5096 1186 5133 ex
1221 5079 1404 5135 Mente
1441 5096 1535 5149 per
1554 5081 1794 5137 Verbum
1828 5099 1970 5139 esse.
2000 5082 2099 5137 Hic

516 5173 665 5225 enim
695 5179 778 5223 cst
812 5172 1178 5238 procedentis.
1210 5170 1295 5223 vel
1321 5169 1557 5238 Spiritus
1591 5176 1875 5239 terminus,
1904 5190 2099 5229 secun—

516 5266 645 5319 dum
680 5276 841 5332 quem
886 5260 1047 5313 etiam
1095 5270 1153 5313 ut
1195 5261 1503 5316 subsistens
1546 5264 1658 5327 sit,
1706 5269 2003 5320 secumlum
2042 5283 2099 5322 sc

519 5370 755 5429 persona
805 5354 986 5409 habet.
1040 5354 1151 5409 Una
1190 5354 1427 5424 denique
1478 5367 1531 5408 et
1578 5357 1769 5411 eadem
1818 5362 2099 5427 essentia,

522 5452 722 5513 Patris,
748 5459 802 5505 et
825 5446 970 5512 Filii,
1001 5457 1053 5501 ct
1073 5446 1312 5515 Spiritus
1345 5448 1518 5502 sancti
1555 5464 1567 5500 :
1595 5450 1645 5502 in
1671 5450 1829 5506 Patre
1854 5451 2095 5521 quidem,

521 5551 743 5607 paterae
783 5547 865 5592 est
888 5577 902 5603 ,
942 5537 1046 5592 hoc
1078 5545 1185 5600 est,
1222 5537 1338 5593 sine
1369 5552 1533 5592 causa
1558 5576 1574 5601 ,
1609 5538 1818 5608 adjecta
1851 5543 2099 5610 prpprie-

524 5639 634 5685 tate
682 5627 935 5698 gignendi
968 5676 981 5693 ,
1029 5627 1327 5685 secundum
1391 5628 1732 5699 paternitatis
1771 5629 2091 5697 terminum;

592 5812 703 5887 (58)
741 5812 993 5868 Basilius.

2200 4638 2375 4690 neque
2405 4622 2794 4691 conglutinatio
2826 4623 2931 4675 erit
2975 4622 3151 4675 Patris
3203 4631 3259 4675 et
3298 4620 3457 4685 Filii;
3497 4635 3597 4674 nec
3627 4619 3772 4673 enim

2202 4716 2560 4769 sobstantiale
2584 4726 2688 4777 est,
2721 4716 3055 4781 producere;
3088 4729 3265 4782 neque
3310 4729 3417 4767 una
3461 4713 3773 4767 substantia

2203 4816 2286 4861 est
2336 4806 2500 4861 Pater
2529 4820 2583 4861 et
2620 4807 2826 4871 Filitts;
2862 4822 3035 4875 neque
3076 4808 3181 4859 duo
3231 4805 3494 4874 principia
3524 4843 3539 4865 ,
3572 4804 3776 4872 quippe

2205 4915 2346 4953 unus
2376 4899 2678 4967 producens
2708 4909 2809 4953 est.
2836 4898 2938 4963 Qui
2964 4898 3110 4953 enim
3147 4896 3485 4965 producitur,
3520 4911 3582 4949 ex
3616 4894 3777 4948 Patre

2203 5006 2299 5055 per
2328 4988 2522 5044 Filium
2565 4991 2903 5059 producitur,
2938 4998 2993 5043 et
3041 4990 3287 5057 procedit
3344 5002 3453 5042 uno
3490 5002 3768 5055 processu.

2202 5081 2388 5149 Neque
2418 5080 2539 5134 Filii
2573 5095 2735 5134 causa
2772 5091 2890 5147 est;
2925 5081 3028 5135 hoc
3055 5080 3197 5133 enim
3248 5089 3445 5147 praeter
3483 5077 3774 5131 terminum

2201 5172 2403 5243 proprii
2446 5185 2733 5239 processus
2757 5182 2862 5225 est.
2897 5172 3017 5240 ipse
3059 5172 3258 5240 quippe
3304 5183 3401 5237 per
3440 5166 3633 5221 Filium
3665 5177 3769 5222 est.

2198 5264 2386 5334 Neque
2409 5263 2493 5318 sui
2522 5264 2715 5331 ipsius.
2748 5263 2886 5318 nihil
2917 5262 3060 5315 enim
3090 5262 3264 5329 ipsum
3298 5260 3380 5314 sui
3413 5260 3584 5329 ipsius
3608 5272 3774 5313 causa

2196 5366 2297 5412 est.
2327 5356 2515 5426 Neque
2540 5372 2786 5426 personae
2822 5356 3084 5418 alterius;
3125 5352 3368 5407 Trinitas
3404 5353 3547 5407 enim
3588 5364 3773 5419 perso-

2198 5465 2386 5503 narum
2427 5450 2567 5503 Deus
2590 5459 2693 5503 est.
2723 5447 2883 5516 Atqui
2916 5461 3017 5500 nec
3045 5446 3181 5499 Filio
3214 5454 3298 5498 est
3322 5446 3517 5497 minor.
3552 5444 3682 5496 Nam
3718 5450 3774 5496 et

2199 5541 2370 5595 Filius
2415 5532 2985 5599 causalis'exsistens,
3029 5552 3093 5592 ac
3126 5537 3400 5592 secundus
3435 5551 3463 5589 a
3496 5535 3655 5588 Patre
3687 5550 3775 5587 se-

2203 5633 2437 5688 cundum
2469 5631 2807 5701 personalem
2839 5630 3121 5697 ordinem;
3158 5644 3264 5685 non
3313 5629 3434 5683 ideo
3467 5638 3643 5683 tamen
3676 5625 3775 5679 Pa-
