4114 6306
211 300 334 367 T81
380 373 392 382 .

1353 311 1755 374 ADVERSUS
1785 310 2100 371 caecos
2133 311 2260 371 ιω
2321 311 2436 373 lll.
2649 273 2662 279 “
3419 305 3521 371 182

215 424 311 469 tre
343 415 548 470 minor
580 425 662 472 est
687 459 702 484 ,
738 431 806 473 ne
853 417 1014 474 Pater
1043 415 1261 489 quidem
1305 419 1601 490 profectior
1631 418 1840 473 idcirco
1867 423 1914 481 Α
1943 419 2066 483 erit,
2100 418 2194 472 sed
2226 418 2416 482 Filius,
2453 428 2507 471 ut
2542 416 2744 472 dictum
2775 425 2858 472 est
2889 435 2902 471 :
2936 419 3151 485 duoque
3183 418 3275 472 filii
3311 419 3364 471 in
3392 419 3519 474 ’l‘ri-

215 515 337 571 est,
375 509 652 578 quoniam
692 524 759 565 ex
812 511 960 564 nullo
1012 522 1115 566 est.
1172 511 1283 566 Ista
1332 512 1477 565 enim
1535 511 1834 565 secundum

213 598 642 654 substantiales
675 602 968 656 relationes
1017 612 1140 658 sunt
1165 643 1180 668 ,
1213 619 1335 675 qua:
1373 615 1689 659 naturarum
1727 619 1836 658 non

213 689 514 744 inducunt
546 690 934 746 differentiam.

299 779 413 838 His
471 782 637 851 igitur
676 785 748 838 ita
783 785 1106 852 enucleatis,
1154 801 1220 842 ac
1273 787 1435 844 Patre
1493 790 1712 858 quidem
1741 789 1834 850 (ex

219 869 389 924 nullo
421 872 751 936 exsistente,
782 871 918 927 Filio
948 886 1128 928 autem
1157 892 1218 931 ex
1245 869 1372 931 ’uno
1397 886 1450 930 et
1484 877 1600 930 solo
1648 877 1832 944 Patre,

217 971 440 1014 sancto
464 971 648 1015 autem
679 963 887 1031 Spiritu
919 981 984 1019 ex
1023 969 1198 1035 primo
1230 984 1327 1038 per
1352 969 1610 1034 medium,
1641 969 1833 1024 tertius

214 1063 323 1115 per
367 1051 621 1104 medium
673 1053 850 1120 primo
881 1057 1250 1127 conjungitur.
1292 1059 1412 1112 Filii
1463 1059 1664 1128 quippe
1714 1076 1832 1116 me-

215 1140 408 1195 diatio
440 1150 497 1195 et
537 1141 640 1196 sibi
678 1143 778 1212 ipsi
809 1145 1068 1214 unigeniti
1115 1151 1370 1202 honorem
1404 1161 1606 1213 servat,
1635 1161 1690 1206 et
1714 1153 1834 1221 Spi-

217 1231 406 1285 ritum
441 1234 680 1287 naturali
714 1237 778 1288 ad
815 1236 1028 1291 Patrem
1066 1239 1255 1294 habitu
1300 1242 1522 1296 minime
1551 1244 1788 1298 excludit
1811 1285 1829 1311 ,

221 1331 282 1375 ut
319 1323 410 1376 ait
441 1322 744 1394 Gregorius
770 1327 1072 1398 Nyssenus;
1104 1332 1296 1400 sicque
1322 1333 1474 1402 juxta
1511 1336 1691 1403 magni
1725 1336 1829 1390 Ba-

221 1415 341 1468 silii
380 1418 744 1484 sententiam,
779 1430 830 1472 et
864 1423 1180 1478 substantia:
1220 1422 1590 1499 [bypostases]
1625 1441 1828 1483 conce-

222 1507 469 1575 duntur,
499 1519 550 1564 et
581 1513 731 1580 pium
761 1513 905 1568 unici
939 1515 1282 1586 principatus
1313 1518 1506 1588 dogma
1540 1535 1647 1573 non
1683 1522 1830 1574 deci-

223 1594 330 1651 dit.
365 1599 553 1668 Atque
599 1602 672 1654 ita
721 1617 904 1658 sermo
941 1605 1101 1660 nobis
1145 1606 1211 1660 ad
1258 1607 1586 1676 principium
1619 1608 1825 1673 rediit;

227 1691 448 1761 quippe
483 1709 610 1748 cum
660 1705 866 1749 sancta:
900 1695 1189 1752 Trinitatis
1238 1699 1432 1753 ordine
1477 1699 1828 1755 inchoaveri-

228 1797 392 1848 Inus,
428 1788 495 1840 ad
528 1787 706 1856 ipsum
737 1803 954 1844 rursum
984 1790 1227 1845 ordinem
1259 1793 1630 1861 pervenimus.

305 1877 367 1931 Si
409 1879 570 1948 igitur
603 1879 690 1934 his
713 1880 786 1934 ita
821 1883 1126 1947 concessis,
1160 1883 1294 1937 nihil
1327 1885 1548 1954 quidem
1581 1900 1646 1939 ex
1670 1887 1826 1952 ratis,

231 1981 409 2041 atque
433 1977 707 2028 communi
748 1974 874 2031 fidei
905 1977 1256 2033 confessione
1292 1980 1700 2047 comprehensis
1727 1981 1830 2035 tol-

233 2062 402 2130 litnr,
451 2064 691 2135 ﬁdeique
736 2068 1021 2137 principiis
1071 2083 1134 2124 ac
1181 2081 1493 2125 sanctorum
1536 2073 1828 2129 sententiis

236 2157 426 2210 omnia
459 2169 796 2223 consonant;
826 2174 1126 2228 eorumque
1153 2163 1246 2230 qui
1287 2177 1351 2217 ex
1395 2163 1578 2228 Patre,
1607 2175 1661 2219 et
1689 2163 1828 2222 Filio

237 2245 507 2316 Spiritum
540 2259 791 2305 sanctum
833 2251 1182 2319 confitentur,
1219 2256 1419 2308 veritas
1472 2258 1726 2327 utrinque
1766 2273 1826 2314 se

238 2342 440 2410 aperit,
473 2357 540 2396 ex
569 2344 815 2412 prepriis
845 2345 1058 2399 scilicet
1098 2360 1163 2401 ac
1194 2349 1493 2402 secundum
1526 2365 1583 2404 se
1627 2353 1828 2419 produ-

236 2436 346 2488 ctis
379 2435 688 2492 rationibus
719 2451 737 2490 :
775 2437 932 2492 nobis
969 2439 1187 2508 quidem
1224 2441 1272 2494 id
1303 2443 1448 2510 quod
1479 2442 1638 2497 initio
1669 2444 1830 2498 insti-

238 2533 548 2589 tueramus,
580 2526 743 2582 finem
770 2529 1022 2599 accipiet.
1057 2529 1286 2586 Constat
1316 2547 1466 2597 vero,
1497 2548 1592 2588 eos
1622 2534 1718 2604 qui
1759 2549 1828 2589 ex

137 2661 147 2670 .
238 2615 403 2673 Patre
437 2619 557 2673 solo
588 2619 923 2676 confitentur
970 2623 1234 2690 Spiritum
1271 2633 1519 2678 sanctum
1545 2667 1560 2690 ,
1596 2626 1828 2680 veritate

237 2706 539 2778 frustrari;
577 2713 755 2782 ipsum
785 2715 930 2794 enim
975 2714 1262 2770 Trinitatis
1293 2707 1543 2771 ordinem
1587 2719 1784 2772 tollttut
1811 2759 1826 2781 ,

240 2817 344 2872 per
369 2819 534 2872 quem
563 2805 704 2861 alius
734 2807 956 2877 quidem
999 2815 1102 2872 est,
1147 2809 1434 2885 ex.prituo
1489 2820 1655 2880 atque
1702 2813 1829 2865 hinc

242 2895 500 2954 miscent,
525 2903 579 2949 et
603 2897 946 2952 confundunt
979 2898 1302 2964 discretum,
1329 2910 1383 2954 et
1407 2902 1829 2970 supersubstan-

244 2982 368 3036 tiale
388 2998 614 3047 nomen,
637 2995 692 3039 et
722 3000 834 3038 rem
870 2985 1072 3050 Patris,
1097 2987 1236 3052 Filii,
1270 3002 1319 3043 et
1350 2989 1590 3058 Spiritus
1623 2994 1824 3059 sancti,

243 3069 622 3143 Spiritumque
653 3086 901 3130 sanctum
935 3093 1001 3132 ex
1029 3076 1193 3132 Patre
1222 3095 1344 3134 esse
1381 3081 1501 3135 sine
1535 3082 1712 3139 medio
1738 3083 1823 3137 tli-
1851 3091 1896 3151 α

244 3177 448 3230 centes,
477 3166 846 3236 ipsum-etiam
881 3168 1118 3237 proprie,
1149 3183 1212 3223 ac
1235 3155 1678 3228 substantialiter
1703 3189 1828 3231 esse

247 3257 509 3329 Spiritum
545 3258 827 3324 auferunt;
855 3260 1071 3316 sublato
1098 3263 1297 3331 quippe
1323 3247 1673 3320 substan’tiali
1705 3267 1828 3336 ejus

243 3351 702 3422 processu,juxta
733 3352 1076 3419 procedentis
1109 3355 1398 3420 rationem,
1436 3356 1519 3409 vel
1561 3371 1668 3410 non
1698 3373 1827 3426 pro-

244 3443 443 3504 cedens
467 3443 572 3497 crit
599 3440 857 3511 Spiritus,
879 3443 960 3496 vel
986 3443 1139 3512 juxta
1165 3445 1463 3500 nativitatis
1485 3460 1826 3514 processum,

242 3531 412 3588 Filius
443 3536 587 3600 erit,
618 3535 920 3590 secundum
956 3549 1122 3606 quem
1171 3536 1342 3592 Filius
1385 3551 1449 3590 ex
1494 3532 1657 3592 Patre
1708 3540 1828 3595 sine

245 3628 422 3682 medio
453 3631 721 3683 nascitur.

313 3716 485 3772 Porro
521 3716 759 3772 Verbum
809 3718 900 3774 Dei
941 3721 1280 3788 unigenitum
1307 3760 1324 3787 ,
1367 3722 1830 3795 signaculumque

241 3812 520 3865 uniforme
566 3810 767 3878 Patris,
803 3821 968 3883 atque
1019 3814 1354 3870 immobilem
1400 3816 1826 3872 incommutabi-

241 3902 459 3972 lemque
490 3904 744 3971 ﬁguram,
775 3915 828 3960 et
857 3921 981 3960 eum
1018 3905 1110 3975 qui
1140 3921 1205 3961 ex
1239 3905 1400 3963 Patre
1439 3916 1586 3963 totus
1620 3923 1685 3964 ex
1717 3917 1829 3964 toto

243 3995 482 4062 perfecte
503 3994 831 4062 resplendet,
859 3995 1476 4067 incommutabilemque
1505 3998 1824 4067 imaginem,

244 4095 296 4139 et
315 4083 495 4139 Patris
517 4085 915 4154 definitionem,
945 4101 1007 4142 ac
1032 4087 1292 4154 Verbum,
1311 4091 1548 4144 maxime
1571 4101 1828 4159 paterno-

240 4190 358 4230 rum
375 4176 638 4231 bonorum
663 4178 996 4241 fraudantes,
1041 4177 1344 4242 identitate,
1386 4196 1506 4249 qua:
1540 4181 1695 4236 illiad
1727 4181 1830 4236 Pa-

245 4277 377 4324 trem
414 4280 521 4333 cst,
554 4280 927 4339 perpetuaque
953 4271 1258 4325 constantia
1299 4272 1629 4338 excludunt;
1679 4277 1822 4344 quod

241 4359 454 4414 Ariana:
480 4361 778 4430 impietatis
806 4371 906 4417 est.
945 4361 1010 4414 Et
1045 4363 1306 4432 quoniam
1338 4365 1430 4434 qui
1459 4380 1566 4420 non
1589 4365 1822 4422 honorat

239 4450 457 4516 Filium,
497 4468 597 4506 nec
636 4451 848 4507 Patrem
892 4456 1146 4521 honorat,
1181 4465 1238 4508 ut
1275 4457 1392 4525 ipse
1419 4456 1679 4512 Dominus
1701 4461 1776 4512 ait
1809 4477 1822 4516 :
1854 4425 1907 4484 Β

241 4543 344 4609 Qui
371 4545 508 4598 ridet
537 4561 636 4610 me,
671 4546 808 4598 videt
833 4557 882 4598 et
915 4546 1132 4600 Patrem
1162 4564 1181 4602 :
1205 4550 1452 4618 quoniam
1485 4552 1685 4606 omnia.
1711 4568 1828 4620 qum

237 4635 386 4688 habet
415 4636 595 4702 Pater,
619 4654 733 4691 mea
760 4639 948 4698 sunt”;
974 4653 1147 4708 neque
1175 4639 1390 4694 Patrem
1415 4653 1628 4707 natura,
1650 4652 1707 4697 et
1737 4659 1827 4698 ve-

237 4743 353 4782 rum
382 4730 604 4782 Patrem
635 4770 648 4793 ,
685 4745 746 4781 ae
777 4729 1085 4798 perfectum
1113 4742 1377 4801 cogentur
1408 4734 1684 4798 confiteri,
1719 4735 1821 4790 nisi

235 4820 380 4875 Patri
425 4821 619 4875 similis
670 4821 844 4878 Filius
878 4824 982 4886 sit,
1019 4835 1184 4892 atque
1216 4825 1268 4878 in
1303 4839 1364 4878 se
1401 4826 1516 4894 ipso
1556 4825 1819 4892 Patrem,

236 4914 382 4966 unde
410 4913 702 4981 processit,
733 4912 976 4982 perfecte
1008 4913 1209 4968 indicet
1237 4932 1249 4967 :
1276 4927 1474 4983 praeter
1498 4917 1670 4969 solum
1698 4933 1820 4970 esse

235 5002 477 5068 Patrem,
505 5003 660 5070 juxta
691 5020 1008 5060 sanctorum
1041 5006 1388 5060 sententiam.
1416 5007 1552 5062 Nam
1579 5010 1672 5077 qui
1700 5009 1824 5078 Spi-

237 5094 402 5147 ritum
447 5103 698 5148 sanctum
736 5095 787 5149 in
841 5095 980 5151 Filio
1027 5112 1132 5151 non
1184 5098 1489 5166 conspicit,
1539 5115 1717 5168 neque
1769 5101 1822 5153 in

239 5181 398 5238 Patre
432 5186 754 5255 conspicict.
784 5185 886 5252 Qui
913 5187 1058 5241 enim
1096 5188 1240 5241 videt
1265 5186 1485 5247 Filium.
1512 5200 1566 5242 et
1605 5189 1822 5244 Patrem

237 5273 406 5330 videt.
439 5277 576 5342 lmo,
609 5278 762 5346 juxta
801 5296 1054 5348 magnum
1088 5280 1473 5345 Athanasium,
1509 5286 1765 5350 quoniam
1793 5298 1822 5336 a

237 5363 398 5422 Patre
429 5371 724 5438 procedere
760 5372 960 5426 dicitur
982 5413 996 5437 ,
1042 5374 1164 5427 ideo
1205 5375 1462 5444 quoniam
1483 5390 1523 5426 ra
1553 5375 1689 5429 Filio
1717 5387 1820 5436 est.

237 5459 326 5526 qui
371 5475 494 5514 eum
525 5475 648 5516 esse
695 5472 854 5531 negat
898 5478 963 5517 ex
1015 5462 1174 5528 Filio,
1225 5479 1398 5534 neque
1436 5480 1465 5517 a
1498 5464 1658 5520 Patre
1705 5480 1824 5522 esse

239 5550 605 5609 conﬁtebitur.
655 5551 709 5607 Id
747 5553 790 5608 si
829 5555 902 5608 ita
949 5557 1091 5619 erit,
1121 5558 1344 5613 omnino
1379 5573 1486 5612 non
1521 5561 1824 5628 procedens

306 5731 326 5762 ⁸
375 5730 536 5790 Joan.
597 5732 814 5800 xw,'9;
845 5731 984 5797 XVI,
1028 5735 1108 5789 lii.
1189 5735 1208 5765 ’
1237 5733 1394 5789 Joan.
1432 5750 1512 5800 Ill,
1550 5735 1638 5790 56.

1945 511 2115 564 nitate
2145 519 2328 572 erunt,
2362 510 2494 564 nihil
2527 509 2836 564 dlﬂ‘erentes
2872 526 2901 564 a
2947 527 3005 565 se
3039 513 3308 572 invicem,
3356 521 3521 578 atque

1942 603 2011 655 ita
2047 602 2265 656 habitus
2295 602 2360 655 ad
2397 603 2667 665 invicem,
2705 617 2768 654 ac
2805 601 3062 656 discretio
3095 601 3351 665 tolletur;
3395 605 3514 656 sola

1937 694 2085 748 enim
2118 709 2296 748 causa:
2327 694 2667 762 causalisqne
2701 695 2909 748 ratione
2936 732 2949 754 ,
3005 693 3217 746 divinas
3263 694 3507 748 discerni

1939 799 2198 851 personas
2240 799 2270 837 a
2306 787 2512 840 sanctis
2546 786 2880 854 accepimus,
2929 797 2982 839 et
3030 785 3205 839 Verbo
3258 803 3286 838 a
3347 803 3517 840 causa

1937 877 2233 942 Subdiviso,
2260 888 2503 932 sanctam
2533 878 2850 932 Trinitatem
2874 878 2939 930 ad
2977 893 3034 932 se
3066 879 3236 944 ipsam
3280 879 3332 929 in
3367 879 3517 931 nullo

1936 967 2040 1019 nisi
2075 969 2418 1022 concorditer
2448 968 2667 1022 habere.
2717 969 2790 1022 Ita
2837 969 3001 1038 igitur
3035 969 3366 1023 beatissima:
3396 968 3520 1024 Tri-

1937 1059 2121 1112 uitatis
2166 1060 2366 1113 seriem
2415 1069 2578 1127 atque
2628 1060 2918 1114 insolubile
2975 1061 3188 1115 ordinis
3234 1060 3514 1114 vinculum

1937 1149 2230 1212 auferunt,
2269 1150 2616 1220 singulasque
2665 1151 2974 1205 divinarum
3013 1167 3406 1220 personarum,
3460 1165 3516 1207 et

1933 1242 2196 1308 dignitate
2226 1257 2490 1311 congrua,
2515 1253 2568 1297 et
2603 1244 2824 1312 prepria
2851 1243 3154 1297 substantia
3186 1259 3283 1313 per
3307 1260 3370 1298 ea
3397 1260 3518 1315 qum

1932 1335 2136 1398 dicunt,
2169 1336 2449 1404 deponunt
2484 1354 2495 1389 :
2531 1337 2646 1390 sive
2683 1337 2901 1405 penitus
2951 1338 3233 1404 dejiciuut.
3285 1338 3516 1407 Oblique

1932 1436 2114 1481 autem
2153 1427 2462 1494 Ithjusmodi
2493 1428 2825 1496 blasphemia
2860 1427 3058 1481 Filium
3095 1429 3315 1497 respicit
3339 1469 3354 1491 ,
3392 1447 3515 1500 quae

1931 1528 1985 1571 et
2020 1519 2122 1571 alia
2159 1519 2392 1588 plurima
2429 1519 2665 1573 absurda
2701 1534 2886 1572 secum
2927 1521 3117 1573 trahit.
3159 1519 3279 1573 Uno
3315 1523 3463 1575 enim
3493 1562 3509 1582 .

1933 1607 2129 1676 inquit,
2168 1623 2449 1674 concesso,
2503 1609 2738 1678 plurima
2788 1610 2968 1678 inepta
3011 1621 3330 1678 sequuntur.
3366 1612 3426 1664 Et
3467 1612 3514 1667 si

1932 1700 2077 1754 enim
2107 1715 2202 1754 ore
2233 1716 2339 1754 non
2381 1702 2484 1755 ista
2519 1702 2845 1755 confitentur
2865 1743 2878 1766 ,
2913 1718 3084 1771 neque
3112 1719 3170 1756 sc
3202 1705 3275 1757 ita
3305 1706 3514 1758 sentire

1935 1799 2278 1853 asseverant,
2311 1791 2474 1844 etiam
2505 1791 2547 1844 si
2582 1791 2779 1855 nolint,
2813 1792 2867 1845 in
2899 1807 2962 1861 eo
3004 1794 3414 1860 po-rtrahuntur.
3451 1795 3516 1847 Et

1931 1882 1978 1937 si
2019 1881 2219 1936 Filium
2255 1883 2780 1938 consubstantialem
2818 1884 3177 1948 confitentur,
3211 1885 3297 1937 illa
3330 1896 3512 1939 tamen

1931 1973 2119 2036 dicunt
2156 1989 2222 2028 ex
2255 1975 2458 2044 quibus
2490 1976 2591 2028 hoc
2627 1975 2856 2029 tollitur.
2907 1975 3094 2040 Neque
3129 1977 3277 2029 enim
3315 1976 3514 2030 sollirit

1930 2065 2166 2119 absurda
2200 2080 2400 2136 negare
2423 2106 2439 2130 ,
2474 2067 2554 2119 vel
2586 2067 2689 2120 ista
2724 2081 2820 2122 ore
2860 2083 2969 2120 non
2999 2067 3204 2132 dicere,
3239 2083 3408 2137 seque
3440 2069 3515 2122 ita

1931 2158 2160 2222 sentire,
2198 2159 2489 2228 denegare,
2525 2160 2629 2213 nisi
2663 2169 2716 2214 et
2754 2159 2844 2212 illa
2889 2159 3075 2213 dicere
3108 2172 3361 2221 caveant,
3393 2161 3513 2230 qui-

1930 2250 2031 2306 bus
2071 2251 2300 2321 positis,
2334 2250 2650 2304 necessario
2699 2250 2931 2304 absurda
2971 2260 3292 2319 sequantur.
3335 2251 3470 2304 Nam
3496 2293 3511 2315 ,

1932 2341 2080 2394 verbi
2116 2341 2289 2409 gratia
2316 2380 2330 2400 .
2369 2340 2642 2395 Sabellius
2675 2341 2892 2410 quidem
2927 2356 2986 2396 se
3032 2342 3316 2406 judaizare
3347 2343 3517 2394 dene—

1930 2428 2114 2498 gebat,
2157 2425 2250 2483 sed
2298 2429 2603 2482 divinarum
2635 2445 2991 2498 personarum
3028 2429 3360 2484 Trinitatem
3407 2448 3515 2484 non

1932 2519 2250 2580 admittens,
2285 2519 2338 2573 in
2367 2520 2420 2572 id
2443 2559 2458 2579 .
2490 2521 2573 2574 vel
2616 2520 2819 2574 invitus
2873 2521 3272 2590 impellebatur.
3309 2522 3373 2576 Et
3415 2521 3514 2575 Ju-

1931 2611 2031 2665 dari
2076 2610 2292 2679 quidem
2337 2612 2609 2663 honorare
2653 2625 2711 2664 se
2763 2609 2931 2664 Deum
2971 2614 3330 2674 arbitrantur,
3368 2613 3514 2666 illius

1931 2716 1992 2757 se
2023 2703 2220 2770 legem,
2259 2711 2319 2754 ut
2365 2701 2473 2755 illis
2520 2701 2626 2755 lata
2675 2712 2782 2764 est,
2842 2701 2997 2770 sequi
3051 2713 3377 2762 asserentes.
3420 2705 3517 2758 sed

1931 2794 2004 2848 ita
2039 2794 2353 2864 Seripturas
2386 2802 2710 2863 exponunt,
2747 2806 2806 2848 ut
2838 2795 2916 2849 eis
2963 2797 3044 2849 lex
3081 2812 3254 2863 neque
3283 2797 3364 2849 vel
3400 2813 3515 2848 tun-

1929 2886 2052 2941 dice
2087 2885 2280 2955 prosit.
2310 2885 2498 2954 Neque
2541 2887 2688 2942 enim
2736 2887 2949 2942 salvare
2998 2898 3209 2957 potest,
3259 2901 3308 2943 et
3347 2890 3515 2944 Deum

1930 2993 2029 3046 per
2065 2991 2128 3033 ea
2160 2993 2281 3048 quae
2313 2978 2534 3043 dicunt,
2569 2980 2918 3036 inhonorant.
2951 2981 3052 3046 Qui
3087 2982 3230 3036 enim
3278 2999 3382 3035 non
3417 2982 3512 3035 ho-

1930 3077 2090 3121 norat
2134 3068 2356 3132 Filium,
2408 3085 2587 3135 neque
2614 3069 2828 3124 Patrem
2863 3071 3094 3126 honorat
3120 3090 3134 3136 ;
3158 3084 3211 3126 et
3242 3090 3255 3126 :
3286 3074 3388 3136 Qui
3412 3089 3517 3127 non

1933 3160 2102 3213 credit
2131 3159 2291 3228 Filio,
2332 3177 2434 3216 non
2469 3161 2661 3215 videbit
2703 3162 3013 3225 eitam,sed
3063 3165 3146 3217 ira
3196 3163 3293 3218 Dei
3337 3175 3514 3219 utanet

1929 3267 2088 3322 super
2117 3269 2259 3319 eum,
2293 3261 2352 3308 ut
2381 3255 2455 3309 ait
2485 3254 2602 3325 ipse
2629 3253 2894 3310 Dominus
2927 3256 2968 3308 '.
3016 3306 3024 3314 .

2001 3341 2228 3398 Constat
2259 3358 2324 3398 ex
2355 3343 2440 3398 his
2493 3359 2622 3403 una,
2661 3359 2766 3397 non
2822 3359 3042 3412 parvam
3101 3344 3338 3412 aliquam
3395 3360 3517 3399 esse

1931 3433 2291 3489 diﬂ'erentiam
2316 3449 2504 3488 eorum
2539 3434 2631 3502 qui
2668 3447 2733 3487 ex
2763 3434 2919 3488 Patre
2949 3444 3004 3489 et
3039 3435 3197 3497 Filio,
3221 3438 3421 3507 quique
3449 3454 3515 3492 er.

1931 3526 2098 3580 Patre
2127 3525 2244 3581 solo
2273 3525 2535 3592 Spiritum
2585 3534 2832 3578 sanctmn
2900 3529 3192 3593 procedere
3251 3530 3517 3583 sentiunt.

1930 3617 1990 3672 In
2023 3619 2136 3687 ipsa
2172 3632 2404 3686 namque
2432 3617 2550 3669 fidei
2584 3615 2754 3679 initia,
2775 3619 3514 3684 sanctorumquedoctrinam

1933 3709 2290 3772 intuentibus,
2329 3708 2465 3763 nihil
2502 3708 2606 3763 erit
2638 3707 2922 3762 tliﬂ'erens.
2957 3707 3331 3762 Comtnunitcr
3366 3711 3508 3762 enim

1931 3805 2032 3859 hos
2065 3803 2174 3858 Deo
2209 3803 2592 3872 conjungente,
2626 3803 2691 3855 de
2741 3801 2843 3854 hoc
2896 3815 3086 3855 omnes
3141 3803 3512 3859 consentiunt.

1933 3894 2011 3950 Illi
2041 3897 2260 3966 quidem
2309 3905 2365 3951 et
2409 3895 2615 3949 eisdem
2666 3904 2882 3950 utentes
2918 3894 3279 3960 dictionibus;
3315 3897 3367 3950 hi
3413 3913 3513 3950 au-

1933 3996 2040 4041 tem
2083 4002 2180 4055 per
2223 3987 2359 4041 alias
2407 3987 2802 4057 mquivalentes
2855 3987 2920 4038 ad
2980 3987 3228 4040 eumdem
3268 3991 3512 4043 veritatis

1932 4081 2096 4134 finem
2136 4080 2550 4134 cantendcntes.
2588 4077 2792 4141 Veluti,
2818 4079 2862 4132 si
2893 4080 3016 4146 quis
3051 4081 3304 4148 patriam,
3339 4083 3514 4136 solum

1932 4172 2197 4241 patrium,
2252 4186 2346 4224 seu
2380 4187 2584 4225 reetam
2619 4171 2838 4233 lineam,
2875 4186 3106 4240 mquam,
3143 4173 3224 4225 vel
3256 4174 3512 4243 parilem,

1933 4265 2016 4317 vel
2051 4278 2265 4324 novem.
2291 4276 2372 4315 ter
2393 4263 2494 4314 tria
2519 4262 2662 4316 dicat
2691 4279 2706 4327 ;
2733 4263 2988 4332 nullaque
3011 4265 3148 4332 apud
3173 4263 3514 4332 Scripturam

1935 4367 2204 4418 sanctam,
2245 4364 2574 4418 sanctosque
2606 4355 2794 4410 Patres
2827 4357 3101 4409 invenitur
3125 4359 3429 4422 contentio,
3463 4361 3510 4412 si

1934 4449 2056 4516 quis
2108 4449 2174 4500 ad
2227 4447 2396 4498 solam
2447 4447 2522 4500 rei
2568 4447 2844 4500 intueatur
2890 4449 3228 4503 veritatem:
3279 4453 3415 4505 adeo
3455 4464 3516 4506 ut

1935 4555 2054 4609 quae
2086 4554 2113 4592 a
2152 4539 2360 4592 sanetis
2386 4539 2660 4604 omnibus,
2690 4549 2852 4605 atque
2883 4540 2949 4591 ab
2972 4540 3218 4607 utrisque
3240 4543 3510 4607 partibus.

1935 4632 2020 4700 pie
2081 4627 2421 4693 fideliterque
2465 4627 2610 4680 dicta
2644 4637 2793 4689 sunt,
2829 4625 2932 4678 sibi
2968 4626 3199 4678 invicem
3226 4642 3345 4680 esse
3377 4642 3509 4679 cou-

1933 4737 2090 4782 sona,
2136 4723 2421 4786 sacrisque
2474 4719 2669 4770 litteris
2697 4731 2941 4784 congrua
2995 4716 3154 4770 fateri
3201 4719 3514 4774 necessario

1930 4825 2216 4880 cogantur.

2002 4876 2224 4966 Vei‘um,
2253 4919 2350 4971 pro
2387 4901 2650 4954 utentium
2695 4901 3057 4967 expositione,
3102 4916 3196 4957 seu
3244 4919 3514 4972 prmsum-

1932 4999 2138 5068 ptione,
2171 5010 2270 5049 seu
2307 4997 2608 5058 voluntate,
2642 5009 2734 5049 seu
2763 4996 2868 5048 alia
2898 4997 3091 5064 quavis
3123 4995 3427 5051 intentione
3456 4997 3510 5050 in

1935 5101 2129 5154 totum,
2166 5098 2220 5142 et
2251 5094 2502 5156 omnino,
2547 5086 2689 5156 quod
2745 5089 2960 5152 dicitur,
3016 5087 3216 5151 differt,
3262 5103 3510 5156 pret-sns-

1931 5199 2038 5253 que
2110 5187 2470 5258 manifestam
2529 5180 2974 5236 contradictionis
3038 5195 3268 5249 pugnam
3324 5179 3507 5230 habet.

1936 5280 2132 5349 Liquet
2165 5296 2359 5372 amem
2389 5289 2448 5354 ῖιι
2481 5273 2620 5348 quod
2654 5272 2742 5372 illi
2783 5272 2997 5339 quidem
3032 5265 3515 5372 tertitiiataulh‘vtrq

1935 5372 2203 5441 Spiritum
2262 5354 2610 5463 (ξζὶωειιωτ
2654 5363 2796 5433 juxta
2840 5361 3174 5429 personaletu
3233 5354 3517 5463 ordinent;

2262 5420 2674 5552 Quttl‘;‘;‘m‘m:
2706 5470 2795 5508 eos
2827 5453 3001 5506 divino
3043 5443 3289 5501 reluctari
3338 5443 3519 5494 ordini

2262 5521 2304 5552 lu
2399 5523 2430 5552 ἄ
2733 5549 2743 5552 -
2955 5549 2963 5552 -
3088 5547 3227 5552 ημμ
3315 5542 3500 5552 ---μμΑ

2250 5515 2351 5616 \Ql'
2399 5515 2665 5656 sexceni
2707 5549 3050 5602 observantes.
3079 5547 3233 5603 quam
3314 5542 3530 5599 accepe-

2257 5633 2274 5656 |
2400 5623 2466 5656 -n

3993 279 4005 336 i

3991 337 4005 512 ξ

3991 529 4005 606 ἓ

3999 697 4005 720 ς

3995 843 4005 890 1‘

3995 939 4007 1020 ἒ

3997 1217 4005 1258 l

4003 1307 4007 1328 l
