4078 6258
549 408 652 470 183

1771 411 2167 473 MANUELIS
2200 414 2503 476 CALECﬂ

3700 415 3800 483 184

546 529 666 572 rant
693 535 937 574 normam
962 520 1393 591 glorificatimris,
1424 538 1610 577 verum
1645 523 1795 576 vocis
1823 532 2111 591 captantes
2145 531 2186 584 Α
2246 536 2601 594 apertissuma
2657 524 3101 579 contradictionis
3148 532 3297 582 sunt.
3353 524 3420 580 Et
3463 526 3568 596 ipsi
3625 537 3798 581 autem

546 612 859 665 novitatem.

616 701 732 766 Isti,
763 705 1058 759 secundum
1088 722 1116 759 a
1146 705 1305 761 Patre
1333 722 1456 761 esse
1485 709 1662 763 aiunt.
1692 708 1869 778 Atque
1897 709 1971 763 illi
2001 708 2120 776 qui-

545 795 666 847 dem
691 794 886 849 Filium
916 812 978 850 ex
1007 797 1168 849 Patre
1194 798 1311 853 sine
1358 800 1537 853 medio
1568 801 1712 854 nasci
1768 801 2122 862 conﬁtentur,

546 895 712 954 atque
744 886 878 939 Filio
903 898 1232 957 praiponunt
1264 890 1549 959 Spiritum.
1579 889 1683 945 Eos
1704 892 1955 947 vitandos
1980 893 2126 946 arhi-

545 985 783 1042 trantur,
837 989 893 1032 ut
930 991 1114 1048 aperte
1150 983 1338 1051 pietati
1386 983 1740 1047 reluctantes,
1775 999 1935 1053 quam
1972 986 2120 1039 scili-

544 1077 633 1120 cet
668 1069 826 1123 nobis
886 1069 1143 1124 Dominus
1181 1073 1399 1127 tradidit
1434 1074 1485 1127 in
1523 1075 1781 1130 salutaris
1829 1076 2127 1144 baptisma-

544 1160 618 1216 tis
671 1163 981 1217 traditione.
1020 1164 1113 1217 isti
1150 1180 1303 1227 vero,
1363 1169 1499 1223 nihil
1532 1169 1826 1239 prohibere
1856 1169 2042 1223 dicunt
2071 1179 2127 1221 et

543 1251 739 1306 Filium
774 1256 957 1307 dicere
997 1272 1060 1310 ex
1089 1257 1415 1325 productore
1449 1274 1544 1327 per
1578 1260 1900 1329 productum
1937 1256 2119 1322 nasci;

543 1340 717 1415 atque.
756 1347 831 1399 illi
867 1348 1082 1416 quidem
1113 1347 1235 1402 Filii
1279 1350 1662 1405 mediationem
1700 1366 1820 1402 cum
1864 1349 2123 1402 Ecclesia:

541 1438 820 1503 magistris
853 1439 1212 1505 conﬁtentur;
1243 1441 1352 1507 isti,
1387 1442 1529 1495 hanc
1575 1440 1861 1495 manifeste
1902 1449 2119 1505 negant.

543 1528 614 1580 Et
645 1528 720 1581 illi
745 1530 962 1594 quidem
990 1546 1053 1583 ex
1082 1529 1241 1583 Patre
1259 1547 1353 1600 per
1375 1530 1573 1585 Filium
1617 1533 1914 1601 procedere
1943 1543 1997 1585 et
2028 1545 2125 1597 per

545 1634 693 1682 cuni,
727 1621 817 1685 qui
867 1628 975 1683 est,
1025 1622 1371 1675 continenter
1392 1638 1475 1677 λε
1515 1624 1693 1692 primo
1740 1638 1862 1677 esse
1899 1623 2129 1675 credunt

548 1708 812 1778 Spiritum
847 1723 1117 1765 sanctmn.
1174 1712 1238 1766 ili
1275 1722 1483 1777 autem,
1523 1730 1587 1767 ex
1645 1715 1765 1768 solo
1799 1712 1980 1777 Patre,
2020 1714 2127 1766 hoc

2225 628 2411 684 aperte
2443 619 2702 682 iudicant,
2740 634 2844 673 non
2878 633 3095 688 parvam
3117 634 3238 673 esse
3259 617 3653 684 diﬂ‘erentiam,
3677 622 3799 675 dum

2225 707 2499 761 abstinent
2526 710 2593 763 ah
2621 711 2877 774 invicem,
2898 709 3313 778 sequeinvicem
3342 710 3646 779 impietatis
3673 713 3802 765 insi-

2223 795 2431 849 mulant
2464 815 2478 851 :
2507 814 2741 865 suosque
2772 800 2965 867 singuli
2986 798 3212 852 aliorum
3245 799 3693 852 communionem
3724 801 3803 854 iu-

2226 907 2373 959 gere,
2409 900 2463 945 et
2498 891 2667 946 vitare
2698 891 3014 957 admonent,
3040 903 3101 946 ut
3141 893 3455 960 perniciem,
3484 902 3545 945 et
3579 903 3802 960 pestem.

2229 983 2359 1037 Utra
2386 991 2565 1037 autem
2596 998 2724 1050 pars
2752 982 3134 1038 «immunibus
3166 982 3472 1037 rationibus
3537 981 3688 1049 ﬁdei,
3717 982 3807 1035 Pa-

2225 1081 2478 1141 trumque
2518 1072 2801 1141 theologia:
2841 1074 3112 1137 conciliat,
3159 1087 3227 1127 ex
3288 1073 3674 1140 superioribus
3700 1072 3802 1123 cla.

2221 1165 2331 1217 ruit
2360 1178 2660 1232 eorumque
2689 1165 3036 1219 conscientiae
3068 1164 3414 1233 relinquitur,
3439 1165 3533 1231 qui
3564 1164 3670 1217 ista
3708 1163 3806 1215 lec-

2226 1254 2332 1309 tttri
2349 1263 2494 1316 sunt,
2518 1254 2619 1308 sub
2643 1254 2751 1309 Deo
2773 1263 2931 1319 teste,
2949 1265 3000 1309 et
3024 1263 3215 1308 cuncta
3246 1255 3623 1323 inspectante:
3656 1254 3805 1305 modo

2224 1346 2490 1415 quispiam
2521 1348 2666 1400 omni
2692 1347 3094 1413 anticipatione,
3123 1358 3175 1401 et
3195 1346 3557 1400 irrationabili
3592 1345 3721 1399 odio
3743 1360 3802 1398 ex

2224 1439 2409 1493 animo
2432 1440 2679 1508 depulso,
2714 1455 2887 1508 neque
2913 1456 3018 1493 una
3039 1440 3215 1507 aliqua
3242 1439 3511 1509 particula
3545 1449 3603 1493 et
3625 1453 3689 1493 ea
3721 1454 3810 1490 ne-

2225 1530 2492 1598 gligenter
2524 1530 2781 1597 perlecta,
2808 1531 2902 1584 sed
2940 1531 3194 1584 omnibus
3240 1533 3539 1597 prudenter
3572 1538 3629 1582 et
3659 1540 3807 1583 caute

2224 1618 2495 1684 decursis,
2519 1620 2728 1673 medius
2778 1621 3064 1674 ambarum
3114 1620 3345 1687 partium
3383 1621 3553 1688 judex
3607 1623 3807 1681 sedeat,

2226 1718 2388 1775 atque
2452 1710 2522 1762 ita
2574 1710 2641 1764 de
2690 1710 2943 1764 omnibus
2998 1712 3322 1765 sententiam
3384 1711 3549 1765 ferat.
3614 1713 3809 1780 Aperta

545 1812 652 1865 est,
683 1804 801 1856 sine
846 1804 1025 1857 medio
1066 1806 1238 1874 ipsum
1274 1808 1571 1875 procedere
1609 1807 1900 1858 allirmant.
1951 1806 2126 1871 Atque
2157 1841 2202 1901 Β
2229 1802 2373 1853 enim
2395 1801 2516 1853 ﬁdei
2565 1800 2700 1853 ratio
2726 1812 3152 1870 sanctorumque
3169 1802 3411 1857 doctrina
3431 1805 3686 1870 exposita
3710 1810 3809 1856 est.

545 1893 620 1945 illi
640 1896 854 1962 quidem
893 1912 1081 1960 unum,
1106 1908 1160 1950 ct
1194 1898 1695 1965 intemporalem.et
1724 1907 1985 1949 aeternum
2008 1895 2130 1963 Spi-

538 1989 679 2040 ritus
711 2004 1045 2054 processum,
1079 1993 1373 2044 secundum
1423 2004 1581 2058 quem
1624 2002 1687 2041 cx
1716 1987 1877 2042 Patre
1929 2001 2024 2056 per
2046 1984 2134 2038 Fi-

543 2078 674 2130 limn
708 2081 1039 2146 procedit,et
1070 2082 1154 2135 his
1178 2083 1267 2150 qni
1303 2084 1602 2136 secundum
1641 2091 1849 2148 tempus
1880 2086 2132 2148 possunt,

545 2174 878 2249 agnOScitur,
938 2172 1208 2238 fatentur;
1272 2188 1375 2226 non
1430 2173 1572 2225 enim
1636 2171 1813 2240 prodit
1883 2170 1938 2224 in
2000 2159 2133 2224 teni-

532 2280 680 2339 pore
723 2266 868 2334 quod
926 2266 1173 2335 procedit
1240 2281 1305 2319 ex
1375 2264 1505 2328 Deo,
1539 2262 1756 2317 etiamsi
1794 2262 1847 2313 in
1891 2272 2133 2329 tempore

546 2358 798 2410 videatur
858 2357 1094 2423 operari.
1156 2356 1220 2409 ili
1286 2365 1513 2419 autem,
1571 2356 1715 2422 quod
1778 2367 1872 2421 per
1938 2350 2130 2404 Filium

549 2448 753 2501 dicitur
800 2447 1123 2516 procedere,
1167 2446 1518 2516 temporalem
1573 2444 1862 2513 quemdam
1908 2457 2130 2510 proces-

548 2555 669 2592 sum
700 2541 987 2607 designare
1021 2539 1208 2592 dicunt
1242 2556 1255 2592 :
1290 2553 1353 2592 ac
1387 2538 1681 2605 procedere
1702 2534 1963 2597 Verbum,
1986 2535 2130 2601 quod

548 2640 739 2679 omnes
773 2625 1007 2696 Spiritus
1039 2628 1212 2681 sancti
1235 2627 1560 2681 sulistantize
1590 2622 2013 2693 signiﬁcativum
2038 2638 2131 2677 ac-

549 2728 834 2787 ceperunt,
885 2728 946 2772 ut
982 2719 1208 2789 intelligi
1276 2721 1454 2782 datur,
1505 2717 1605 2786 ipsi
1658 2715 1971 2779 dillitentur,
2003 2717 2128 2769 dum

554 2822 874 2875 processum
904 2808 1055 2861 illum
1077 2809 1430 2877 temporalem
1456 2808 1637 2861 dicere
1661 2815 1965 2875 coguntur:
1999 2804 2128 2872 quin

556 2897 691 2953 hinc
725 2913 942 2968 quoque
992 2899 1130 2952 Filio
1172 2910 1226 2953 et
1262 2898 1489 2968 Spiritui
1526 2897 1843 2967 temporalia
1878 2897 2125 2962 (praedam

552 2988 810 3042 accedere
848 3007 860 3041 :
900 2989 972 3040 illi
1003 2988 1253 3057 quidem,
1283 2992 1449 3050 dare;
1483 2988 1607 3041 huic
1661 2998 1860 3050 autem,
1902 2986 2025 3038 dari
2062 2987 2129 3038 ab

554 3076 647 3130 illo
677 3086 840 3145 atque
865 3078 1026 3139 mitti,
1066 3077 1250 3131 dicere
1280 3086 1563 3146 cogentur.

2238 1889 2503 1958 Atqueita
2530 1901 2707 1959 utquo
2745 1890 2934 1945 ﬁerent
2955 1893 3245 1958 apertiora,
3264 1892 3457 1947 eadem
3491 1893 3580 1945 his
3605 1902 3812 1961 terque,

2236 1997 2298 2054 ac
2316 1980 2530 2050 saepius,
2551 1984 2779 2051 repetita
2803 1992 2928 2037 sunt
2954 2000 2970 2038 :
2992 1984 3233 2052 nihilque
3254 1985 3554 2049 curiosum,
3589 1985 3673 2036 vel
3703 2000 3812 2036 am-

2240 2068 2500 2123 bitionem
2532 2085 2595 2123 ac
2624 2070 2943 2138 iactantiam
3002 2072 3252 2125 redolens
3284 2074 3336 2125 in
3376 2073 3692 2137 huiusmodi
3723 2087 3813 2139 ap-

2234 2170 2390 2227 paret
2441 2161 2781 2229 expositione
2824 2180 2838 2215 :
2891 2178 3067 2231 neque
3120 2163 3319 2232 aliquid
3372 2164 3808 2233 syllOgismorum

2236 2251 2554 2320 adjunctum
2622 2263 2753 2308 est:
2794 2254 2895 2309 nisi
2933 2256 3133 2324 aliquid
3185 2263 3389 2322 aperte,
3445 2265 3500 2307 et
3549 2256 3699 2323 quod
3750 2255 3812 2305 ab

2236 2346 2489 2399 omnibus
2545 2360 2858 2401 concessum
2900 2356 3068 2412 esset,
3120 2356 3461 2416 sequeretur.
3506 2344 3714 2400 Verum
3751 2360 3809 2398 ex

2236 2437 2369 2505 ipsis
2421 2437 2722 2492 Salvatoris
2764 2438 2967 2505 verbis,
3012 2453 3309 2501 eorumque
3353 2437 3810 2507 expositionibus,

2237 2540 2346 2581 uta
2376 2531 2583 2584 sanctis
2618 2529 2869 2585 Patribus
2894 2529 3118 2600 digestae
3153 2539 3300 2594 sunt,
3341 2540 3604 2583 constant
3635 2529 3806 2583 omnia

2235 2619 2487 2687 praedicta
2520 2639 2533 2675 :
2570 2636 2638 2674 ne
2669 2621 2790 2690 quis
2837 2637 2934 2676 nos
2989 2623 3039 2673 in
3070 2621 3418 2689 persuasione
3444 2619 3805 2680 humanaesa-

2235 2710 2454 2777 pientis:
2481 2727 2696 2766 crucem
2723 2712 2924 2767 Christi
2977 2728 3239 2766 evacuare
3293 2714 3453 2776 dicat,
3489 2714 3808 2779 inanemque

2236 2801 2676 2868 praedicationem
2728 2802 2927 2866 facere,
2963 2803 3007 2857 si
3070 2804 3168 2857 has
3220 2804 3458 2872 argutias
3491 2818 3804 2872 persequar,
3888 2800 3891 2807 ⁴

2235 2908 2353 2961 quae.
2406 2895 2820 2951 adolescentulis
2869 2909 3085 2964 quoque
3133 2904 3275 2948 notm
3329 2904 3473 2959 sunt,
3533 2895 3664 2948 inde
3699 2894 3806 2962 glo-

2234 2986 2370 3039 riam
2396 2988 2692 3055 inanesque
2726 2986 3067 3039 rumusculos
3106 3000 3398 3053 aucupans.

2306 3077 2439 3143 Quis
2469 3077 2609 3129 enim
2639 3078 2855 3146 ignorat
2884 3077 3049 3130 Deum
3089 3089 3261 3142 neque
3294 3090 3460 3141 geuus
3491 3090 3618 3129 esse
3644 3089 3809 3144 neque

628 3171 802 3237 Atque
828 3169 902 3222 illi
924 3170 1137 3237 quidem
1158 3171 1333 3224 Patris
1354 3170 1534 3223 omnia
1556 3146 1976 3238 propria,atque
1995 3182 2134 3238 przn-
2163 3164 2210 3225 (Ξ
2242 3170 2501 3238 speciem,
2546 3183 2721 3236 neque
2754 3168 2806 3221 in
2840 3168 2925 3221 his
2970 3168 3101 3236 ipsis
3125 3168 3413 3228 contineri,
3462 3166 3556 3221 sed
3596 3168 3805 3220 initium

554 3275 715 3330 cnpua
744 3259 940 3313 Filium
972 3260 1175 3314 habere
1205 3270 1476 3324 asserunt,
1502 3269 1697 3330 praeter
1714 3260 1887 3315 solum
1914 3261 2127 3315 Patrem

552 3367 712 3410 esse:
741 3366 866 3405 esse
893 3361 1076 3404 autem
1125 3349 1318 3405 Filium
1347 3353 1465 3406 sine
1506 3354 1835 3421 paternitate
1870 3354 2008 3411 sola.
2041 3361 2126 3404 at-

553 3458 660 3514 que
692 3445 742 3497 in
767 3457 832 3497 eo
856 3443 973 3497 solo
996 3440 1257 3509 diil‘erre;
1288 3443 1392 3497 alia
1425 3453 1605 3498 autem
1630 3428 1839 3509 omnia,
1868 3444 1943 3496 illi
1978 3459 2128 3498 com-

558 3537 817 3603 muniter,
847 3547 897 3589 et
934 3537 1139 3605 absque
1173 3535 1275 3588 ulla
1328 3535 1589 3589 varietate
1618 3536 1830 3590 adesse.
1856 3534 1918 3587 Hi
1947 3545 2127 3589 autem

564 3628 665 3680 ista
700 3626 987 3680 manifeste
1015 3638 1234 3697 negant.
1279 3626 1344 3681 Et
1376 3627 1688 3695 illiquidem
1722 3627 1984 3697 genitoris
2011 3625 2132 3694 Spi‘

553 3718 718 3773 ritum
745 3719 910 3774 etiam
941 3717 1133 3773 Filium
1168 3718 1367 3773 habere
1409 3720 1754 3786 conﬁtentur,
1778 3719 2009 3786 propriae
2038 3734 2132 3769 ua-

553 3818 691 3862 turaa
751 3808 974 3871 bonum,
1008 3809 1463 3875 quemadmodum
1499 3819 1552 3860 et
1599 3807 1785 3860 Pater.
1835 3805 1899 3859 lli
1946 3815 2128 3859 autem

556 3893 754 3951 habere
780 3898 997 3965 quidem
1052 3896 1223 3958 illum,
1258 3899 1351 3950 sed
1404 3913 1507 3952 non
1547 3898 1737 3951 eodem
1773 3896 1954 3961 modo,
1992 3911 2131 3949 con-

555 3990 806 4042 tendunt.
840 3989 1110 4056 Atqueilli
1145 3989 1367 4056 quidem
1404 3988 1668 4058 Spiritum
1702 4004 1766 4041 ex
1791 3987 1914 4042 Filii
1941 4005 2131 4043 essen-

554 4079 651 4143 tia,
679 4091 778 4145 pro
812 4091 876 4132 eo
906 4077 1049 4145 quod
1073 4085 1175 4142 est,
1202 4091 1267 4131 ex
1304 4077 1602 4131 substantia
1622 4076 2134 4148 [hypostasi],aﬂir-

554 4177 703 4220 mant
727 4181 846 4221 esse
872 4185 886 4220 :
916 4168 1057 4219 sicut
1086 4178 1137 4221 et
1161 4166 1305 4235 quod
1331 4182 1398 4220 ex
1429 4167 1606 4221 Patris
1633 4167 1867 4222 essentia
1882 4169 2133 4223 substan-

551 4261 683 4312 tiam
723 4266 1003 4326 ponentes,
1032 4266 1086 4311 et
1114 4257 1468 4313 substantiam
1491 4259 1708 4327 quidem
1728 4260 1845 4314 sine
1867 4261 2126 4327 essentia,

552 4352 850 4403 essentiam
888 4362 1014 4401 vero
1042 4348 1160 4401 sine
1190 4349 1496 4401 substantia
1525 4351 1706 4403 dicere
1730 4360 2016 4420 coguntur.
2048 4350 2127 4405 illi

553 4444 694 4511 quod
713 4442 908 4495 dicitur
931 4456 994 4495 ex
1018 4439 1136 4495 Filii
1163 4443 1419 4508 essentia,
1444 4456 1659 4495 causam
1684 4444 1900 4511 signare
1920 4446 2124 4509 dicunt,

552 4538 597 4588 si
624 4534 839 4603 etquod
866 4533 1065 4587 dicitur
1092 4548 1153 4587 ex
1178 4532 1358 4587 Patris
1384 4537 1647 4601 essentia,
1680 4537 2035 4607 similiterque
2060 4556 2123 4593 ex

554 4624 692 4679 Filio
714 4624 873 4679 sicuti
898 4625 1059 4677 etiam
1079 4638 1141 4678 ex
1163 4622 1344 4689 Patre,
1380 4624 1641 4692 Spiritum
1670 4629 1983 4695 procedere.
2011 4629 2123 4695 Isti,

554 4725 611 4771 et
645 4715 800 4770 valde
857 4715 1213 4769 reluctantur.
1249 4713 1354 4778 liii,
1391 4718 1505 4769 sola
1553 4734 1730 4773 causae
1787 4722 2129 4793 causalisque

557 4809 790 4871 ratione,
828 4806 1041 4861 divinas
1070 4806 1311 4861 discerni
1342 4809 1409 4861 ab
1457 4808 1686 4863 invicem
1727 4826 2007 4880 personas.
2041 4816 2127 4878 lii,

557 4915 663 4952 non
712 4899 826 4952 sola
863 4898 1073 4951 dicunt.
1124 4897 1202 4952 Illi
1258 4899 1666 4965 generationem
1721 4901 1913 4965 solam,
1949 4901 2129 4959 Patris

561 4990 919 5044 substantiale
944 4998 1173 5055 ponunt.
1211 4989 1275 5043 lli
1303 5002 1537 5059 quatuor
1574 4990 1719 5046 illius
1752 4993 2129 5050 substantialia
2172 5023 2178 5029 -

559 5096 682 5135 esse
714 5081 920 5141 volunt,
964 5096 1027 5135 ex
1054 5081 1251 5147 quibus
1309 5084 1399 5146 sit,
1437 5084 1722 5154 ingenitum
1757 5102 1885 5151 esse,
1930 5096 1979 5139 et
2018 5089 2129 5142 sine

562 5173 844 5243 principio.
881 5173 961 5226 nu
995 5175 1298 5241 producere
1338 5160 1698 5230 substantiale
1734 5178 1880 5231 nulla
1918 5180 2129 5233 ratione

560 5280 683 5321 esse
707 5266 925 5331 dicunt;
948 5273 1135 5319 contra
1166 5265 1241 5330 hi,
1262 5267 1621 5322 substantiale
1645 5282 1983 5336 asserentes;
2018 5271 2128 5324 bel-

563 5361 675 5411 lum
717 5357 861 5412 enim
909 5358 1346 5426 pertinacissime
1397 5363 1723 5429 suscipiunt.
1771 5359 1871 5427 Illi,
1925 5379 2027 5417 non
2061 5381 2125 5418 ex

559 5451 676 5502 solo
709 5448 867 5502 Patre
900 5448 1192 5517 procedere
1228 5449 1508 5515 fatentur;
1549 5452 1635 5506 isti
1670 5468 1735 5507 ex
1776 5454 1891 5509 solo
1919 5464 1973 5508 et
2004 5470 2127 5510 sen-

560 5543 723 5606 tiunt,
742 5553 794 5596 et
814 5541 1076 5597 scribunt.

632 5630 839 5686 Omitto
867 5636 1009 5688 enim
1054 5650 1174 5702 qua:
1208 5637 1258 5688 in
1303 5637 1600 5704 praemissis
1638 5638 2042 5691 evidentissime
2068 5653 2126 5691 se

559 5719 784 5787 ingerit,
813 5725 1015 5777 variam
1042 5728 1325 5795 utriusque
1354 5727 1523 5793 partis
1543 5741 1798 5797 pugnam,
1830 5737 1995 5796 atque
2023 5728 2125 5781 dil-

557 5810 866 5879 icrcntiam,
922 5826 976 5870 ct
1007 5831 1127 5885 qua:
1177 5817 1351 5872 CXliiS
1395 5826 1727 5887 sequuntur;
1786 5832 1903 5887 qua:
1941 5821 2123 5875 omnia

2236 3261 2347 3329 ipse
2371 3274 2495 3314 cum
2521 3261 2589 3313 sit
2612 3260 2874 3323 omnimn,
2909 3267 3071 3327 atque
3095 3258 3345 3311 omnibus
3379 3274 3609 3328 prorsus
3634 3258 3804 3313 excel-

2233 3349 2531 3405 lentissime
2548 3352 2817 3415 eminens,
2843 3351 3178 3405 documentis
3195 3336 3447 3404 omnihus
3478 3352 3810 3418 superiorem

2233 3440 2386 3493 esse?
2415 3437 2524 3493 Etsi
2561 3439 2702 3492 enim
2730 3438 2897 3493 Deum
2927 3455 3044 3494 esse
3077 3441 3350 3503 novimus,
3371 3440 3499 3509 quid
3526 3451 3712 3494 tamen
3744 3439 3810 3492 sit

2234 3532 2580 3601 ignoramus;
2613 3544 2717 3584 non
2754 3540 2955 3593 tamen,
2999 3530 3253 3597 quoniam
3297 3530 3425 3599 quid
3480 3532 3551 3585 sit
3595 3533 3810 3600 ignora-

2240 3637 2363 3678 mus
2390 3625 2510 3677 ideo
2535 3623 2951 3694 prol‘undissima
2982 3624 3300 3690 ignorantia:
3320 3634 3475 3679 nocte
3493 3625 3811 3694 caligantes,

2234 3715 2368 3769 nihil
2401 3716 2624 3769 omnino
2654 3717 2720 3769 de
2756 3716 2865 3769 Deo
2890 3727 3075 3770 nostro
3098 3717 3302 3770 scimus
3329 3733 3344 3770 :
3380 3731 3557 3785 neque
3583 3732 3715 3783 ergo
3737 3725 3810 3768 tr-

2237 3817 2374 3869 tnm,
2410 3815 2471 3859 ut
2498 3814 2581 3859 est
2630 3806 2775 3860 scire
2803 3806 3224 3875 nequeipenitus
3264 3806 3471 3859 nescire
3503 3822 3623 3869 nos,
3668 3810 3810 3875 inge-

2235 3912 2341 3951 nue
2368 3898 2635 3960 fatemur;
2673 3896 2718 3951 si
2755 3900 2900 3951 enim
2949 3898 3085 3952 nihil
3118 3899 3342 3952 omnino
3372 3898 3600 3960 scimus,
3634 3898 3809 3950 inanis

2234 3991 2341 4044 erit
2370 3989 2499 4043 ildcs
2526 3998 2747 4055 nostra;
2776 3998 2829 4044 et
2850 3989 2895 4043 si
2920 3989 3132 4043 divinos
3170 3989 3291 4043 illos
3323 4005 3662 4057 arcanosque
3685 4005 3808 4053 pro-

2235 4095 2422 4135 cessus
2475 4081 2823 4145 conﬁtemur,
2850 4081 3128 4151 quomodo
3173 4090 3353 4135 tamen
3388 4081 3439 4134 id
3489 4080 3586 4141 sit,
3638 4093 3809 4146 neque

2236 4172 2440 4235 dicere,
2494 4187 2667 4241 neque
2703 4171 3005 4241 intelligere
3041 4186 3353 4243 possumus,
3382 4181 3441 4225 ut
3478 4172 3591 4241 ipse
3623 4187 3684 4225 se
3731 4169 3809 4239 ip-

2234 4278 2352 4319 sum
2388 4261 2528 4319 Deus
2560 4264 2731 4318 novit.
3596 4328 3597 4331 η

2223 4376 2230 4380 -
2304 4354 2573 4409 Caeterum
2624 4356 2968 4409 nativitatem
3008 4357 3225 4423 quidem
3272 4355 3526 4416 alterum,
3571 4354 3802 4407 alterum

2235 4461 2366 4500 vero
2401 4446 2841 4514 processionem;
2873 4453 2927 4500 et
2956 4444 3105 4500 illum
3134 4446 3350 4515 quidem
3375 4444 3639 4515 genitmn,
3666 4444 3807 4497 hunc

2234 4548 2414 4592 autem
2453 4540 2869 4606 procedentem;
2904 4548 2959 4593 et
2988 4537 3137 4591 illum
3172 4536 3395 4604 Filium,
3443 4537 3588 4590 hunc
3633 4534 3805 4601 Spiri-

2237 4640 2373 4692 tum,
2411 4629 2672 4695 illumque
2712 4628 2832 4682 sine
2870 4627 3052 4681 medio
3089 4643 3154 4681 ex
3192 4628 3392 4699 primo,
3446 4628 3592 4680 hunc
3623 4634 3801 4678 autem

2233 4734 2329 4787 per
2372 4734 2493 4772 eum
2540 4719 2719 4785 ipsum
2753 4719 2843 4787 qui
2880 4726 2962 4771 est
2996 4718 3340 4772 continenter
3368 4732 3433 4772 ex
3471 4717 3647 4785 primo
3665 4728 3801 4776 esse,

2232 4826 2356 4864 cum
2385 4824 2414 4863 a
2465 4811 2569 4863 [ide
2595 4810 2710 4879 ipsa
2746 4818 2802 4863 et
2831 4824 2863 4862 a
2906 4810 3112 4864 sanctis
3142 4808 3394 4863 Patribus
3423 4811 3496 4862 ita
3530 4807 3805 4877 acceperi-

2234 4914 2375 4963 mus.
2405 4900 2700 4954 credimus.
2736 4897 2949 4961 Quibus
2980 4898 3259 4966 subjectis,
3300 4898 3626 4954 Trinitatem
3670 4912 3801 4951 con-

2234 4990 2468 5053 ﬁtemur,
2514 5004 2690 5058 neque
2756 5000 2974 5058 prepter
3029 5005 3290 5059 personas
3364 4989 3623 5043 unitatem
3669 4987 3806 5040 divi-

2232 5084 2440 5147 dentes,
2484 5095 2658 5149 neque
2702 5096 2965 5149 personas
3017 5091 3240 5153 prepter
3270 5081 3529 5138 unitatem
3576 5078 3804 5134 confun-

2229 5176 2437 5230 dentes.

2301 5267 2418 5321 Non
2479 5268 2623 5321 enim
2682 5282 2803 5321 cum
2862 5267 2929 5321 de
2986 5267 3137 5320 hisce
3197 5266 3446 5319 doctores
3506 5264 3799 5323 disserunt,

2230 5358 2435 5412 Christi
2460 5373 2678 5412 crucem
2710 5368 2999 5420 evacuant,
3048 5358 3318 5422 iidemque
3355 5356 3409 5408 in
3442 5352 3799 5423 persuasione

2231 5451 2484 5504 humana:
2516 5451 2798 5518 sapientia:
2837 5450 3166 5503 aununtiant
3195 5467 3208 5503 :
3240 5463 3568 5517 quanquam,
3606 5446 3695 5514 qui
3727 5447 3796 5497 ita

2228 5543 2487 5612 loquitur,
2527 5543 2570 5596 si
2616 5543 2840 5595 omnino
2870 5542 3214 5612 syllogismos
3242 5552 3296 5594 ct
3331 5539 3793 5593 ratiocinationem

2231 5635 2391 5701 lollit,
2440 5636 2675 5702 primum
2707 5636 2924 5702 quidem
2972 5635 3115 5702 quod
3148 5635 3397 5687 humana:
3443 5641 3643 5684 natura:
3672 5643 3797 5696 pro-

2231 5728 2405 5795 prium
2439 5735 2544 5789 cst,
2580 5726 2968 5792 hominumque
3006 5724 3071 5777 ad
3103 5724 3330 5778 invicem
3362 5728 3673 5775 consuetam
3706 5718 3789 5769 Ιο-

2229 5816 2500 5871 cutionem
2531 5824 2584 5869 et
2613 5802 3045 5870 communionem
3077 5830 3236 5871 unam
3262 5813 3437 5869 aufert
3469 5831 3481 5867 :
3522 5808 3789 5880 culpabit-
