4114 6306
272 165 394 230 185
1386 179 1789 244 ADVERSUS
1828 184 2143 249 GRAECOS
2174 189 2326 251 LIB.
2367 189 2507 255 III.‘
3451 203 3553 271 186

266 298 391 347 que
445 284 668 388 beatum
710 284 936 388 Paulum
988 304 1104 388 eos“
1123 290 1517 361 increpantem.
1545 298 1639 367 qui
1680 313 1775 366 per
1803 314 1868 354 ea
1898 302 1951 362 Α
1974 316 2095 371 quae
2125 303 2194 359 de
2224 304 2328 359 ﬁde
2358 321 2614 365 concessa
2649 318 2794 377 sunt,
2830 326 2951 383 qua
2976 321 3165 388 aperte
3215 316 3417 388 scripta
3444 337 3550 375 non

270 391 407 443 qius:
447 377 710 433 videntur
748 381 818 435 de
849 382 958 435 Deo
986 384 1239 453 colligere
1267 387 1642 443 ratiocinantis
1678 391 1876 459 nequi-
1982 409 2131 463 sunt,
2163 402 2437 470 peribunt.
2846 377 2863 383 ⁷
3014 386 3024 392 ’

275 472 515 565 perunt,
544 476 599 520 et
622 470 689 522 de
709 472 975 526 creaturis
997 474 1312 531 Creatorem
1334 490 1566 533 noscere
1589 481 1655 535 “.
1684 482 1877 552 Culpa-
2052 490 2275 556 Verum,
2331 494 2375 548 si
2435 496 2557 562 quis
2612 495 2831 560 dixerit,
2891 496 2951 551 Si
2993 499 3245 565 possibile
3299 501 3368 555 sit
3405 503 3551 556 iuve-

277 553 365 656 bit
390 565 453 609 et
485 559 767 656 theologos
783 562 899 656 sive
922 563 992 618 de
1018 567 1494 631 substantialibus,
1517 571 1632 626 sive
1658 574 1723 625 de
1744 574 1878 629 divi—
1980 583 2084 637 uiri
2110 553 2472 652 syllogismum
2514 553 2911 640 conludentem
2946 553 3010 641 de
3048 553 3360 656 Scripturis,

280 648 376 700 nis
416 652 768 714 processibus
794 655 1156 723 disserentes;
1186 659 1481 716 Salvatoris
1525 664 1878 723 nihilominus

282 743 626 793 sententiam
653 738 829 808 t'ollet,
856 746 1168 816 Scriptttras
1213 750 1494 819 jubentem
1522 759 1874 823 perscrutari.

364 829 559 898 Neque
592 837 738 888 enim
771 837 1063 894 obscurum
1104 852 1206 907 est,
1255 857 1400 909 eum,
1446 848 1537 914 qui
1563 846 1878 915 Scripturas

287 932 706 988 perscrutatur,
733 928 1060 996 colligendo,
1085 943 1140 987 et
1165 935 1544 991 ratiocinando
1565 937 1830 993 lecturum
1859 960 1874 997 :

292 1014 431 1077 quin
464 1016 635 1083 ipsum
667 1034 884 1089 quoque
918 1024 1232 1089 Dominum,
1265 1029 1355 1095 qui
1390 1029 1875 1102 diligenterinspi-

296 1103 413 1156 ciat
439 1107 752 1163 ratiocinari
794 1112 1213 1178 animadvertet,
1272 1132 1395 1185 puta
1428 1135 1552 1173 cum
1583 1121 1770 1187 infert,
1799 1125 1880 1177 di-

296 1208 436 1249 cens
466 1215 480 1251 :
514 1198 579 1252 Si
623 1210 797 1255 autem
852 1221 945 1273 ego
968 1208 1019 1259 iu
1052 1208 1216 1276 digito
1280 1212 1374 1265 Dei
1414 1212 1569 1278 ejicio
1595 1216 1877 1281 demetrio,

296 1287 535 1354 profecto
563 1294 795 1353 pervenit
828 1297 877 1348 in
908 1314 995 1350 vos
1024 1314 1240 1368 regnum
1268 1300 1364 1354 Dei
1416 1304 1495 1369 “;
1535 1314 1590 1357 et
1618 1324 1631 1360 :
1675 1307 1736 1360 Si
1772 1306 1877 1360 Sa-

303 1388 461 1430 tanas
489 1378 752 1435 Satanam
781 1386 947 1453 ejicit,
983 1404 1105 1459 ergo
1131 1391 1332 1446 divisus
1364 1402 1477 1457 est;
1510 1412 1662 1449 omne
1699 1410 1874 1451 autem

299 1485 523 1539 regnum
549 1476 603 1527 iu
628 1493 684 1529 se
707 1480 820 1545 ipso
842 1480 1092 1541 divisum.
1118 1484 1393 1538 desolatur
1419 1486 1461 1516 “
1486 1501 1501 1549 ;
1532 1497 1587 1541 et
1624 1503 1835 1541 rursum
1861 1506 1875 1541 :

302 1560 492 1631 Itaque
513 1582 618 1619 non
648 1577 727 1621 est
752 1582 1078 1625 mortuorum
1107 1573 1268 1637 Deus,
1290 1577 1382 1628 sed
1412 1578 1647 1631 vivorum
1679 1580 1743 1631 ”.
1771 1580 1835 1632 Et
1861 1597 1875 1632 :

301 1653 363 1708 Si
393 1658 797 1722 [tliiAbra/tam
844 1667 1048 1725 essetis,
1092 1683 1253 1735 opera
1284 1668 1550 1722 Abraham
1579 1673 1823 1737 faceretis
1857 1688 1873 1730 :

301 1761 441 1799 nunc
482 1759 661 1803 autem
696 1756 935 1818 quazrilis
985 1772 1065 1809 me
1109 1758 1432 1826 interﬁcere;
1459 1762 1553 1813 hoc
1607 1761 1876 1814 Abraham

297 1852 399 1889 non
440 1839 563 1904 fecit
600 1841 678 1905 “;
713 1853 765 1897 et
797 1859 811 1895 :
838 1843 898 1898 Si
924 1862 1044 1913 ergo
1082 1864 1194 1913 vos,
1222 1866 1341 1902 cum
1374 1852 1489 1904 sitis
1531 1853 1681 1915 ntali,
1712 1855 1877 1905 nostis

299 1926 433 1982 bona
453 1931 584 1985 data
607 1933 735 1988 dare
760 1936 885 2000 ﬁliis
908 1942 1089 1991 vestris
1124 1956 1142 1992 :
1163 1951 1362 2010 quanto
1390 1944 1556 2010 magis
1582 1942 1742 1996 Pater
1771 1960 1879 1998 aes-

298 2030 374 2072 ter
405 2023 650 2089 ccclestis,
705 2042 827 2079 cum
857 2027 929 2081 sit
969 2028 1165 2095 bonus,
1207 2033 1343 2087 bona
1375 2035 1523 2087 dabit
1583 2035 1878 2103 petentibus

299 2124 416 2161 eum
454 2113 541 2165 ⁸⁸2
584 2125 638 2167 et
676 2132 795 2184 qua:
830 2118 976 2172 talia.

372 2201 602 2268 Deinde,
636 2215 689 2259 et
721 2223 782 2262 se
824 2209 996 2277 ipsum
1026 2211 1293 2265 destruet.
1356 2212 1490 2266 Nam
1548 2228 1668 2282 quas
1690 2223 1879 2269 contra

306 2295 775 2351 ratiocinationem
823 2302 983 2364 dixit,
1043 2304 1157 2356 hmc
1208 2304 1583 2359 ratiocinando
1630 2306 1877 2359 ait:nisi

304 2386 424 2451 quis
455 2403 581 2440 eum
617 2404 720 2442 non
750 2376 1085 2455 ratiocinari,
1111 2394 1204 2447 sed
1238 2409 1267 2446 a
1298 2396 1509 2449 ratione
1538 2398 1759 2450 deviare
1780 2414 1878 2466 po-

306 2480 411 2533 tius
445 2482 551 2535 ista
589 2482 857 2537 dicentem
908 2486 1219 2562 pronuntiet
1247 2503 1261 2539 :
1293 2489 1436 2555 quod
1480 2488 1527 2543 si
1569 2490 1878 2557 hujnsmoili

307 2572 781 2627 ratiocinationem
814 2575 864 2627 in
907 2574 1014 2628 Deo
1052 2585 1259 2630 tantum
1305 2578 1578 2642 prohibet,
1624 2590 1878 2631 cunctam

307 2676 624 2719 sanctorum
669 2669 914 2721 destruet
947 2670 1274 2739 theologiam
1303 2685 1317 2723 :
1346 2680 1400 2723 et
1429 2685 1549 2723 eam
1581 2670 1635 2723 itt
1682 2672 1878 2739 primis

310 2774 469 2824 quam
510 2772 701 2815 contra
736 2763 1113 2819 haereticorum
1146 2780 1367 2819 errores
1401 2764 1725 2821 dimicantes
1756 2767 1880 2821 dili-

314 2854 548 2918 gentius,
573 2854 934 2925 subtiliusque
989 2859 1454 2926 conscripserunt,
1485 2856 1722 2925 solisque
1750 2872 1878 2913 sen-

1978 691 2043 727 ex
2099 673 2242 728 Filio
2295 694 2406 730 esse
2465 678 2722 745 Spiritum
2788 692 3052 745 sanctum,
3104 692 3154 736 et
3211 690 3391 737 ambas
3452 688 3553 739 ka-

1979 767 2176 821 betuem
2216 770 2631 834 propositiones.
2672 769 2807 822 hunc
2836 787 2952 839 ego,
2988 780 3046 823 ut
3074 772 3285 825 veritati
3318 778 3552 829 maxime

1979 872 2369 931 congruentem,
2432 865 2774 918 tibeutissime
2824 864 3180 931 susciperem;
3225 866 3368 919 hunc
3425 883 3552 933 pro-
3613 865 3624 875 ’

1980 953 2122 1007 fectu
2153 955 2204 1008 in
2243 955 2327 1009 his
2350 969 2468 1023 quae
2498 956 2640 1010 dicta
2681 965 2830 1023 sunt,
2864 942 3067 1025 liquido
3095 956 3360 1024 reperiet;
3383 954 3554 1010 Filius

1979 1046 2179 1115 quippe
2213 1060 2279 1100 ex
2312 1048 2473 1100 Patre
2514 1047 2814 1115 accipiens,
2867 1056 2922 1101 et
2950 1047 3199 1110 audiens,
3235 1046 3303 1100 ab
3334 1064 3399 1102 eo
3426 1063 3551 1101 esse

1981 1134 2165 1189 habet.
2195 1134 2430 1189 Sanctus
2454 1147 2636 1191 autem
2695 1137 2931 1207 Spiritus
2954 1153 2981 1190 a
3006 1136 3147 1193 Filio
3176 1140 3347 1201 audit,
3380 1150 3434 1193 et
3466 1154 3555 1191 ac-

1980 1226 2131 1294 cipit.
2166 1224 2401 1293 Spiritus
2448 1238 2671 1281 sanctus
2698 1241 2828 1294 ergo
2858 1242 2888 1281 a
2914 1227 3050 1282 Filio
3081 1243 3205 1283 esse
3242 1229 3427 1283 habet.
3456 1228 3554 1283 llic

1981 1317 2155 1387 major
2193 1318 2409 1386 quidem
2445 1320 2749 1386 propositio
2782 1320 2902 1374 lldei
2950 1321 3222 1373 sententia
3259 1328 3344 1374 est
3390 1337 3404 1371 :
3453 1322 3556 1374 mi-

1981 1425 2083 1462 nor
2113 1420 2293 1464 autetn
2330 1426 2344 1463 :
2373 1410 2499 1479 quia
2530 1409 2769 1479 Spiritus
2808 1420 3023 1464 sanctus
3047 1427 3077 1461 a
3111 1409 3255 1463 Filio
3292 1411 3480 1475 accipit
3506 1420 3556 1462 et

1981 1502 2131 1553 audit
2166 1511 2267 1554 :et
2313 1501 2414 1554 ista
2474 1503 2543 1558 de
2600 1501 2885 1571 principiis
2941 1502 3088 1566 tldei,
3144 1500 3557 1569 Salvatorisque

1984 1589 2272 1642 sententiis
2322 1595 2428 1643 est.
2478 1588 2557 1642 Ita
2588 1590 2753 1659 igitur
2782 1590 2982 1649 sancti,
3018 1598 3077 1644 ιιι
3130 1598 3408 1643 ostensum
3446 1597 3554 1651 est,

1986 1680 2124 1734 hanc
2169 1680 2491 1734 sententiam
2540 1690 2935 1749 exposuerunt.
2992 1680 3202 1736 Idcirco
3234 1689 3289 1734 et
3327 1681 3394 1733 ab
3438 1680 3556 1748 ipso

1987 1770 2133 1824 illum
2170 1784 2290 1825 esse
2323 1770 2521 1824 habere
2547 1770 2739 1824 dicunt
2770 1778 2825 1824 ut
2856 1771 2947 1839 qui
2981 1773 3047 1824 ab
3087 1773 3204 1838 ipso
3230 1769 3560 1838 accipiat,et

1985 1861 2192 1923 audiat,
2229 1870 2393 1929 atque
2424 1862 2739 1927 annuntiet;
2771 1869 2824 1915 et
2855 1876 2977 1915 esse
3001 1877 3067 1914 ex
3106 1859 3262 1922 Filio,
3292 1868 3348 1914 et
3377 1875 3444 1915 ex
3486 1874 3555 1915 eo

1985 1952 2226 2021 prodire,
2256 1961 2309 2006 et
2347 1965 2445 2019 per
2476 1952 2681 2021 ipsum,
2714 1960 2767 2006 et
2808 1966 2875 2006 ex
2911 1953 3029 2021 ipso
3064 1952 3383 2022 procedere,
3412 1960 3465 2004 et
3508 1951 3557 2006 si

1986 2042 2114 2112 quid
2148 2043 2454 2108 huiusmodi
2476 2043 2787 2112 praedictum
2821 2053 2924 2099 est.
2948 2044 3113 2114 igitur
3137 2059 3257 2096 cum
3276 2044 3560 2111 quaesitum

1986 2135 2351 2205 syllogismum
2402 2136 2620 2200 habeat,
2657 2136 3008 2190 contentione
3062 2134 3309 2200 desistat,
3346 2134 3558 2202 reliquo

1986 2228 2131 2281 enim
2164 2228 2287 2281 huic
2317 2227 2525 2280 similes
2547 2228 2784 2297 adjicere
2819 2228 3036 2282 omitto.

2060 2319 2369 2380 Enimvero,
2421 2318 2468 2373 si
2510 2320 2728 2387 quidem
2777 2334 2995 2373 onmem
3047 2317 3561 2388 syllogismum,an

1989 2426 2094 2463 non
2131 2410 2320 2463 ambas
2356 2410 2424 2462 de
2451 2410 2747 2477 Scripturis
2771 2410 3175 2479 propositiones
3209 2408 3392 2472 habet,
3418 2407 3555 2461 falsa

1991 2508 2140 2567 putat
2193 2501 2559 2565 concludere;
2592 2510 2648 2553 et
2706 2500 2821 2565 ipse
2850 2501 2986 2554 falso
3016 2502 3344 2565 suspicatur,
3375 2509 3429 2552 et
3465 2499 3562 2551 Ee-

1989 2592 2167 2642 clesiae
2220 2593 2531 2657 magistros,
2562 2589 2654 2657 qui
2688 2590 2887 2643 talibus
2934 2604 3033 2655 pro
3084 2591 3313 2641 veritate
3343 2586 3395 2641 in
3448 2587 3562 2641 Deo

1990 2676 2068 2728 usi
2102 2684 2227 2727 sunt
2266 2674 2662 2739 calumniatur;
2703 2675 2804 2729 hoc
2832 2685 3008 2729 autem
3035 2683 3271 2740 constat,
3302 2675 3444 2742 quod
3472 2688 3560 2728 se—

1990 2765 2224 2819 cundum
2265 2764 2563 2819 essentiam
2598 2780 2660 2819 ex
2692 2766 2874 2835 aliquo
2911 2766 3173 2827 nascitur,
3206 2766 3448 2833 ejusdem
3470 2781 3561 2821 es-

1988 2860 2179 2913 sentia:
2201 2874 2321 2910 enm
2352 2860 2605 2927 gignente
2636 2868 2719 2913 est
2756 2856 2957 2915 :Filius
2974 2868 3150 2914 autem
3174 2875 3239 2914 ex
3272 2859 3432 2913 Patre
3463 2874 3533 2912 na

306 2943 453 2997 sibus
483 2946 790 2999 divinarum
844 2964 1021 3002 rerum
1050 2964 1305 3013 examen,
1336 2960 1395 3004 ut
1444 2950 1666 3017 intelligi
1697 2950 1875 3005 datur.
1907 2974 1952 3031 ο
1988 2953 2184 3014 scitur,
2224 2949 2393 3003 Filius
2432 2966 2562 3019 ergo
2594 2950 2838 3018 ejusdem
2872 2952 3122 3005 essentia
3154 2959 3261 3015 est,
3286 2951 3442 3019 cujus
3470 2950 3564 3005 illo

308 3037 605 3102 permittit.;
640 3037 910 3104 aliterque
962 3054 1068 3093 non
1104 3056 1168 3094 ex
1219 3040 1383 3097 Patre
1416 3042 1532 3095 solo
1584 3043 1878 3111 procedere

309 3140 496 3196 putare
553 3129 822 3197 Spiritum
875 3142 1127 3186 sanctum
1177 3133 1569 3189 documentum
1616 3136 1878 3195 admittit,

318 3219 454 3284 quod
497 3228 555 3270 ut
593 3220 664 3271 ita
698 3234 820 3274 esse
864 3223 1116 3287 probent,
1150 3224 1296 3276 omni
1331 3225 1543 3288 studio,
1570 3233 1624 3278 et
1665 3225 1880 3293 ingenio

310 3310 595 3363 nituntur:
633 3326 757 3364 eum
814 3327 943 3366 vero
972 3313 1134 3367 etiam
1175 3330 1237 3368 ex
1290 3315 1426 3369 Filio
1466 3331 1729 3374 asserere.
1774 3332 1877 3368 nott

313 3417 458 3469 aque
499 3402 873 3469 probatiooem
911 3404 1157 3468 admitti;
1192 3407 1237 3460 si
1279 3409 1425 3461 enim
1466 3407 1597 3461 illud
1631 3409 1697 3462 de
1726 3407 1881 3462 Scri-

314 3493 499 3563 pturis,
538 3502 597 3545 ut
625 3504 800 3563 putat,
839 3494 975 3548 nihil
1018 3510 1306 3564 peragens,
1352 3498 1645 3552 ostendere
1670 3499 1881 3561 nititur,

322 3584 482 3637 multo
503 3584 697 3653 magis,
729 3586 820 3654 qui
855 3585 1002 3638 illum
1024 3587 1191 3640 etiam
1210 3603 1275 3641 ex
1308 3585 1446 3640 Filio
1467 3588 1620 3649 dicit,
1641 3602 1708 3643 ex
1734 3587 1884 3643 Scri-

318 3675 482 3742 ptnris
526 3690 592 3730 ac
621 3678 955 3740 doctoribus,
988 3679 1345 3749 omnibusque
1378 3695 1559 3735 secum
1599 3697 1705 3736 una
1743 3698 1883 3753 pug-

322 3765 587 3827 nantibus,
640 3768 912 3833 copiosins
950 3768 1000 3821 id
1034 3779 1088 3822 et
1122 3770 1462 3824 manifestius
1488 3772 1726 3826 docebit.
1766 3773 1883 3829 Non

320 3854 474 3924 igitur
506 3859 703 3911 malum
728 3860 951 3915 omnino
998 3872 1105 3922 est,
1139 3864 1388 3930 probare,
1416 3865 1508 3918 sed
1531 3880 1635 3919 non
1668 3865 1735 3919 ad
1761 3881 1886 3935 pro-

321 3949 546 4015 positum
570 3950 802 4017 propriis
833 3952 904 4004 uti
938 3952 1241 4020 principiis,
1279 3968 1343 4008 ac
1384 3964 1575 4024 putare
1603 3955 1763 4010 tidem
1787 3973 1879 4011 na-

326 4039 580 4094 turalibus
615 4042 788 4094 initiis
818 4042 1061 4110 probari,
1102 4043 1154 4097 id
1187 4045 1386 4099 malum
1418 4057 1475 4100 et
1511 4048 1882 4116 perniciosum

324 4140 418 4183 cst.

391 4220 572 4287 Itaque
625 4221 672 4274 is
705 4221 920 4288 quidem
971 4223 1060 4290 qui
1106 4226 1277 4275 utitur
1322 4228 1703 4285 communibus
1760 4230 1881 4284 lldei

1982 3044 2071 3111 qui
2105 3043 2310 3108 genuit.
2343 3042 2406 3095 Et
2438 3042 2529 3096 hic
2564 3043 2729 3111 igitur
2751 3042 2927 3095 minor
2948 3056 3013 3096 ex
3050 3043 3253 3097 nostris
3280 3051 3558 3110 assumpta

1982 3150 2108 3185 vera
2135 3143 2248 3196 est;
2286 3134 2428 3201 quod
2457 3132 2602 3185 enim
2634 3134 2895 3202 gignitur,
2915 3134 3154 3200 ejusdem
3174 3134 3424 3187 essentia:
3453 3142 3563 3194 est,

1981 3223 2135 3288 cujus
2188 3222 2277 3276 ille
2325 3222 2414 3291 qui
2451 3223 2648 3292 gignit;
2696 3239 2801 3277 non
2846 3233 3023 3277 tamen
3060 3224 3183 3276 ideo
3215 3222 3563 3293 syllogismus

1994 3314 2189 3366 falsum
2220 3314 2270 3365 in
2302 3314 2410 3365 Deo
2444 3314 2740 3377 concludit,
2774 3323 2829 3368 et
2856 3314 2899 3365 si
2950 3314 3041 3368 Dei
3073 3314 3241 3368 Filius
3266 3313 3563 3381 perfectius

1981 3414 2033 3457 et
2059 3404 2413 3459 excellentius
2462 3404 2702 3471 ejusdem
2758 3406 3008 3458 essentne
3057 3420 3179 3458 cum
3218 3404 3380 3459 l’atre
3431 3420 3563 3459 con-

1984 3495 2236 3564 spicitur;
2272 3494 2495 3547 materia
2537 3494 2753 3561 quippe,
2783 3504 2835 3548 et
2868 3494 3050 3545 omnia
3089 3510 3209 3562 qua-
3233 3508 3560 3561 sequuntur.

1986 3587 2111 3639 inde
2130 3584 2440 3654 longissime
2466 3596 2678 3639 remota
2698 3597 2846 3639 sunt.
2871 3581 3008 3638 Nam
3026 3585 3127 3637 nisi
3161 3584 3561 3653 propositiones

1984 3695 2104 3749 qua:
2122 3679 2191 3731 de
2223 3678 2428 3733 nostris
2470 3686 2782 3741 sumuntur,
2822 3690 2929 3731 non
2986 3683 3237 3744 possunt,
3279 3674 3563 3741 quodcun-

1984 3786 2091 3840 que
2119 3781 2402 3839 quteratur
2439 3772 2495 3823 in
2532 3768 2664 3835 Deo,
2693 3771 2841 3825 sicut
2872 3778 2958 3823 est
2983 3767 3294 3832 ostendere,
3324 3781 3390 3819 eo
3420 3768 3562 3832 quod

1984 3862 2215 3915 Creator
2237 3862 2505 3917 creaturis
2529 3861 2849 3929 longissime
2867 3858 3121 3919 excellat,
3146 3858 3423 3913 conclusio
3451 3858 3560 3926 jam

1987 3955 2118 4011 falsa
2153 3966 2259 4022 est,
2308 3969 2469 4023 atque
2516 3955 2788 4009 contraria
2820 3972 2834 4005 :
2870 3956 2949 4008 sic
2979 3953 3123 4007 enim
3168 3951 3383 4005 veritati
3420 3948 3564 4001 veri-

1988 4059 2071 4104 tas
2105 4049 2492 4109 rcluctaretur,
2527 4055 2580 4099 et
2619 4047 2900 4101 veritatem
2928 4044 3069 4098 Deus
3105 4044 3303 4097 veritas
3337 4043 3561 4095 collide-

1989 4149 2091 4203 rct,
2120 4150 2175 4192 ttt
2223 4153 2401 4208 neque
2449 4155 2514 4193 ex
2549 4137 2858 4191 visibilibtts
2900 4135 3193 4190 invisibilia
3236 4135 3380 4187 illius
3430 4150 3563 4185 cun-

1989 4231 2350 4295 spicercntttr.
2387 4242 2561 4296 neque
2590 4227 2909 4281 Creatorem
2940 4241 3003 4279 ex
3034 4235 3300 4279 creaturae
3325 4222 3567 4292 pulchri-

331 4310 622 4378 principiis,
652 4311 796 4364 circa
829 4314 876 4362 id
909 4314 1048 4379 quod
1084 4316 1321 4381 quotidie
1349 4319 1633 4384 quaeritur,
1657 4336 1777 4373 cttm
1817 4322 1883 4377 de
1917 4295 1962 4352 θ
1992 4322 2176 4373 tudine
2223 4318 2649 4385 specularentur.
2686 4318 2792 4373 Ista
2830 4318 2973 4371 enim
3023 4316 3194 4381 magis
3235 4322 3486 4367 arcerent
3535 4328 3565 4365 a

328 4397 426 4454 “eo
446 4403 783 4469 proponitur,
817 4408 1200 4475 concessisque
1226 4417 1539 4461 sanctorum
1571 4414 1879 4467 sententiis.

331 4495 508 4560 quibus
533 4495 811 4559 subjectis,
833 4498 980 4550 nullo
1002 4515 1065 4552 ex
1093 4500 1174 4554 his
1200 4518 1318 4567 quae
1332 4514 1446 4554 rata
1472 4514 1616 4566 sunt,
1649 4504 1880 4570 sublato,

332 4586 582 4637 concinne
608 4588 911 4652 concludit;
946 4590 1085 4643 sicut
1127 4593 1367 4661 antiquis
1393 4592 1644 4647 Patribus
1666 4596 1730 4647 de
1751 4610 1886 4650 con-

334 4677 664 4729 sobstantiali
696 4678 1083 4733 disserentibns
1128 4684 1483 4753 plurimisque
1519 4687 1639 4738 aliis
1670 4688 1736 4742 de
1783 4688 1887 4740 title

336 4765 711 4834 qtttestionibtts
755 4771 1431 4839 contingit:niltilOtnintts
1473 4785 1525 4828 et
1570 4777 1719 4831 illam
1748 4794 1878 4831 con-

336 4857 613 4912 clusionem
649 4857 948 4928 Scriptura:
1003 4878 1123 4916 esse
1162 4868 1512 4929 sententiam,
1545 4884 1607 4920 ex
1648 4869 1751 4921 illis
1782 4873 1887 4922 sci-

336 4950 448 5005 licet
491 4953 771 5022 principiis
814 4959 1163 5021 pendentem.
1197 4959 1508 5027 causisqnc,
1554 4960 1697 5013 unde
1725 4962 1885 5014 ducta

340 5050 411 5095 est
447 5047 718 5111 prOpriam
758 5046 1058 5111 fatendum,
1093 5048 1354 5115 illamque
1392 5050 1753 5117 theologicam
1787 5065 1887 5104 vo-

339 5136 628 5200 candam,et
650 5152 713 5191 ex
739 5139 817 5192 eis
841 5154 959 5206 (pne
978 5150 1102 5193 sunt
1119 5155 1146 5190 a
1174 5139 1649 5205 revelatione,csso
1669 5159 1681 5192 :
1701 5156 1893 5210 quem-

346 5227 610 5281 admodum
661 5232 1001 5297 geomctrica:
1069 5230 1445 5283 conclttsioncs
1511 5247 1540 5284 a
1606 5232 1889 5301 principiis

347 5322 627 5383 geometria.-
670 5337 779 5374 non
815 5321 1128 5387 deviatttcs;
1173 5322 1413 5390 alioquin
1469 5323 1694 5391 plurima
1716 5342 1778 5379 ex
1809 5326 1891 5380 Itis

409 5495 446 5525 ιθ
470 5494 617 5553 llont.
659 5515 698 5562 t,
753 5496 842 5550 26.

350 5578 427 5621 vn.
458 5566 529 5620 ll.

956 5497 994 5527 ¹¹
1033 5495 1162 5551 Luc.
1199 5514 1273 5561 xt,
1302 5498 1391 5552 9.0.
1505 5501 1547 5531 ¹²
1580 5499 1710 5555 ibid.
1765 5498 1850 5551 18.

1966 5498 2006 5532 ιι
2025 5505 2307 5749 Μῆἱχχν
2352 5554 2502 5656 “in
2528 5618 2533 5623 ἡ

1991 4414 2240 4473 veritate,
2274 4410 2338 4460 ad
2380 4424 2564 4477 quam,
2613 4425 2710 4476 per
2738 4425 2799 4463 ea
2838 4410 3088 4463 homines
3122 4408 3391 4461 adducere
3422 4405 3565 4456 vole-

1994 4503 2104 4555 bat.
2139 4502 2317 4568 Atque
2348 4501 2446 4552 ista
2484 4501 2739 4559 dicimus,
2774 4514 2876 4552 non
2914 4500 3055 4565 quod
3099 4498 3152 4550 in
3193 4497 3566 4564 superioribus

1992 4592 2427 4662 syllogismorum
2481 4602 2601 4644 arte
2650 4591 2730 4643 usi
2790 4589 2986 4645 simus.
3047 4586 3204 4655 quasi
3266 4602 3363 4638 nos
3420 4600 3566 4637 nunc

1994 4695 2226 4751 purgare
2275 4679 2588 4748 cupientes;
2642 4680 2992 4748 praediximus
3046 4678 3190 4732 enim
3248 4686 3563 4731 sanctorum

1992 4775 2135 4828 dicta
2191 4787 2290 4827 nos
2353 4771 2676 4840 simpliciter
2733 4772 3085 4839 exposuisse;
3156 4774 3251 4825 sed
3312 4769 3568 4837 quoniam

1992 4864 2260 4935 plerique,
2295 4862 2461 4918 veluti
2492 4864 2534 4917 si
2565 4879 2593 4916 a
2619 4862 3013 4918 disserentibns
3048 4875 3368 4914 concessum
3403 4868 3569 4922 esset,

1997 4956 2162 5010 Deum
2223 4954 2566 5022 naturalibus
2614 4955 2893 5024 principiis
2933 4954 3258 5020 subjectum,
3317 4967 3413 5020 per
3459 4952 3574 5002 haec

1996 5048 2180 5112 dicere
2222 5047 2435 5131 aliquid
2468 5056 2743 5117 putantur,
2778 5045 3245 5115 sitnpl‘iciorcsqtte
3274 5042 3570 5131 decipiunt.

1998 5137 2105 5197 Sed
2144 5128 2325 5232 Ιηιξυε
2368 5138 2580 5219 quoque
2620 5139 2907 5194 voluminis
2954 5139 3233 5232 prolixius
3272 5128 3574 5232 cohibenda

1997 5244 2102 5296 est.
2466 5202 2575 5292 beo
2617 5232 2924 5295 miserante,
2984 5225 3226 5296 sequenti
3283 5230 3477 5287 quarto
3525 5226 3579 5270 et

1995 5326 2094 5395 ulti
2106 5296 2427 5427 ututi}:
2436 5334 2598 5397 disset‘
2604 5338 2747 5377 emus
2756 5362 2769 5375 .

2543 5503 2629 5562 Ὦ.
2734 5496 2772 5527 ’⁸
2800 5493 2949 5546 ioau.
3015 5482 3239 5548 vnt,'5'i.
3333 5479 3583 5534 "Matth.
