4078 6258
440 411 540 480 187
1699 418 2096 482 MANUEI'JS
2119 422 2432 484 CALECE
2869 456 2874 462 ι
3619 417 3740 484 183‘

1499 701 1864 790 LIBER
1939 696 2538 810 QUARTUS.
2583 789 2588 794 .

509 963 777 1030 Quoniam
812 965 995 1036 igitur,
1043 947 1268 1037 iuvante
1295 966 1534 1032 Christo,
1579 980 1645 1021 ac
1694 966 1832 1022 duce
1883 965 2000 1032 ipsa
2031 963 2288 1023 Astu-uti
2369 964 2673 1033 futurum'.
2741 965 2799 1020 Si
2873 967 3039 1035 igitur
3117 969 3311 1039 primis
3359 971 3734 1028 sufﬁcienter

436 1056 662 1122 pietate,
716 1053 976 1122 Spiritum
1015 1065 1264 1110 sanctum
1316 1057 1479 1110 etiam
1521 1070 1588 1110 ex
1643 1055 1780 1110 Filio
1825 1070 2014 1124 proce—
2113 1057 2485 1124 habentibus,
2549 1061 2615 1114 ad
2666 1063 3062 1118 occurrendum
3142 1065 3403 1133 periculis
3451 1067 3730 1120 omnibus

439 1145 586 1211 dere,
614 1147 884 1200 veraciter
915 1147 1202 1214 probatura
1245 1155 1348 1209 est,
1384 1147 1580 1202 mirum
1611 1147 1854 1217 proiecto
1892 1161 2012 1202 esse
2115 1148 2334 1214 futuris,
2391 1151 2537 1204 nulla
2601 1160 2787 1220 postea
2847 1153 3151 1210 necessitas
3212 1155 3407 1210 fuisset
3464 1157 3725 1210 concilia

439 1251 545 1290 non
598 1238 776 1304 debet,
815 1238 860 1292 si
914 1238 969 1292 in
1019 1237 1279 1309 Symbolo
1310 1240 1615 1295 communis
1667 1240 1790 1293 ﬁdei
1845 1239 2015 1294 dictio
2114 1241 2342 1310 cogendi
2375 1259 2390 1296 :
2423 1244 2667 1297 eamdem
2737 1245 2818 1300 sic
2880 1261 3098 1314 quoque
3131 1256 3455 1316 potestatem
3490 1258 3728 1317 tempo-

439 1330 532 1406 illa
575 1330 785 1397 adjecta
823 1340 941 1396 est;
985 1333 1078 1386 sed
1121 1333 1173 1384 id
1208 1333 1388 1401 potius
1416 1333 1704 1402 diligenter
1733 1333 2016 1400 inquiren-
2115 1334 2266 1390 ribus
2299 1338 2552 1392 omnibus
2590 1338 2888 1394 Ecclesiam
2955 1341 3177 1403 habere,
3233 1343 3538 1409 putaminum
3608 1350 3724 1401 est,

440 1401 567 1472 dum
606 1430 709 1484 est,
741 1435 943 1478 verane
977 1437 1049 1476 an
1082 1423 1215 1477 falsa
1249 1424 1321 1479 sit
1389 1425 1479 1479 illa
1509 1401 1761 1488 adiectio.
1794 1423 1928 1479 Nam
1959 1433 2014 1480 et
2117 1427 2384 1497 aliterque
2409 1429 2508 1484 hac
2538 1430 2790 1485 libertate
2815 1432 3051 1494 sublata,
3085 1447 3190 1486 non
3217 1448 3382 1502 parva
3404 1433 3734 1488 detrimen-

437 1513 532 1581 qni
588 1513 920 1568 additionem
989 1515 1356 1580 interdixere,
1445 1517 1804 1586 adiectionem
1865 1517 2010 1582 tidei,
2117 1529 2192 1583 ta,
2217 1521 2311 1576 sed
2334 1535 2599 1576 summam
2622 1523 2914 1589 perniciem
2935 1526 3085 1592 sequi
3111 1525 3734 1590 necessario,nisilice-

439 1617 807 1674 corruptaque
869 1609 1118 1677 dogmata
1181 1610 1532 1666 conscribere
1591 1612 2011 1680 prohibuerunt.
2119 1623 2202 1670 ret
2224 1613 2481 1668 Ecclesia:
2504 1614 2571 1667 de
2589 1614 2691 1667 ﬁde
2711 1623 2974 1680 statuere,
2997 1618 3254 1677 scribere,
3276 1627 3440 1685 atque
3455 1617 3734 1671 deﬁnire.

442 1695 582 1752 Nam
624 1699 678 1752 in
716 1699 992 1768 Ephesina
1033 1701 1240 1771 synodo
1291 1701 1522 1768 :Lecto,
1567 1701 1768 1771 inquit,
1820 1701 2014 1757 Niceni
2188 1702 2266 1758 Ex
2295 1692 2586 1772 praeteritis
2619 1705 2877 1774 cognitis,
2917 1707 3261 1773 perspicuum
3304 1718 3390 1761 est
3429 1723 3542 1761 non
3573 1706 3734 1771 adie-

438 1795 658 1848 concilii
706 1793 979 1864 Symbolo,
1023 1797 1374 1850 communiter
1418 1798 1724 1862 decernunt,
1766 1799 1886 1866 jam
1921 1816 2014 1854 ne-
2117 1797 2356 1852 etionem
2379 1796 2662 1859 dictionis,
2693 1797 2785 1850 sed
2827 1797 3052 1852 alterius
3082 1798 3204 1851 ﬁdei
3243 1800 3730 1866 conscriptionem

440 1888 570 1939 mini
623 1886 780 1940 licere
831 1888 988 1954 [idem
1038 1887 1201 1941 aliam
1246 1891 1594 1952 conscribere,
1627 1900 1720 1944 aut
1755 1891 2013 1960 proferre,
2119 1887 2386 1950 interdici,
2415 1887 2823 1957 Ecclesiamque
2856 1905 2965 1942 non
2991 1889 3093 1943 sibi
3125 1891 3249 1958 ipsi,
3279 1891 3370 1943 sed
3394 1889 3734 1943 hominibus

438 1985 533 2029 aut
563 1977 770 2032 tradere
802 1980 882 2033 Itis
921 1981 1013 2046 qui
1053 1995 1118 2034 ea:
1143 1979 1372 2045 Judwis,
1404 1983 1486 2035 uel
1517 1983 1782 2051 gentibus,
1812 1997 1924 2046 seu,
1951 1997 2018 2034 ea:
2119 1980 2347 2050 singulis
2388 1983 2453 2034 de
2521 1980 2624 2035 ﬁde
2677 1981 2954 2035 statuendi
3035 1984 3304 2036 ademisse
3358 1991 3727 2045 potestatem.

439 2067 550 2119 alia
584 2068 768 2134 quavis
801 2069 990 2123 ltwresi
1018 2071 1086 2122 ad
1136 2070 1436 2126 Ecclesium
1467 2074 1720 2137 veniunt;
1773 2073 1866 2142 qui
1895 2089 2015 2126 vero
2117 2071 2306 2139 Neque
2332 2071 2478 2125 enim
2511 2073 2564 2125 in
2586 2073 2704 2126 ﬁdei
2742 2073 2992 2128 terminis
3023 2073 3278 2142 deinceps
3311 2089 3341 2128 a
3376 2075 3554 2128 srtcris
3588 2087 3734 2126 con-

436 2156 534 2209 hoc
570 2162 981 2225 prccsumpserit,
1005 2163 1116 2215 haec
1143 2172 1193 2215 et
1230 2162 1326 2216 illa
1357 2165 1596 2229 patiatur
1627 2164 1764 2232 (59).
2120 2162 2259 2216 ciliis
2315 2163 2726 2228 quomodolibet
2797 2165 2990 2219 fuisset
3057 2165 3330 2233 adjectum
3357 2204 3374 2227 ,
3417 2165 3462 2219 si
3531 2181 3602 2219 ea
3665 2179 3730 2219 se

515 2248 701 2304 Fidem
739 2252 906 2304 aliam
950 2253 1225 2308 dixerunt.
1256 2254 1456 2309 Eadem
1493 2269 1623 2310 vero
1653 2254 1931 2324 liquidius,
1961 2265 2017 2309 et
2051 2297 2090 2352 Β
2120 2263 2392 2322 potestate
2446 2254 2738 2322 privasset.
2785 2257 2959 2311 Aliter
3005 2258 3174 2317 enim,
3219 2259 3309 2326 qui
3360 2259 3464 2320 ista
3499 2259 3726 2320 dicunt,

439 2343 786 2398 manifestius
818 2344 953 2399 alias
983 2346 1226 2413 qualibet
1272 2348 1600 2402 necessitate
1632 2350 2010 2417 pronuntiare,

441 2437 946 2492 contradicentibus
980 2438 1304 2507 quibusdam
1357 2441 1640 2496 catholicae
1695 2442 1841 2508 ﬁdei,
1883 2441 2016 2496 nihil

443 2525 617 2596 ipsam
655 2528 811 2582 ﬁdem
843 2531 1060 2583 unicam
1095 2531 1284 2586 violat.
1330 2530 1448 2586 Non
1481 2533 1646 2598 igitur
1671 2549 2016 2590 communem

445 2619 603 2672 ﬁdem
638 2619 938 2683 declarare,
988 2621 1339 2678 interdictum
1387 2633 1507 2690 est;
1546 2626 1665 2690 sed,
1712 2627 1795 2679 vel
1829 2626 2015 2692 aliam,

440 2709 527 2763 vel
567 2713 898 2765 contrariam
949 2713 1228 2778 inducere,
1279 2724 1339 2769 ut
1391 2715 1522 2784 ipsae
1555 2731 1773 2788 quoque
1827 2719 2020 2774 litterae

441 2804 754 2867 testantur;
788 2803 904 2857 sive
934 2805 1271 2874 quibuslibet
1305 2807 1620 2866 hominibus
1669 2810 2018 2868 interdictum

443 2898 549 2952 est,
607 2905 675 2945 ne
735 2895 965 2961 quisque
1023 2896 1256 2964 horum;
1317 2899 1517 2966 passim
1583 2902 1859 2970 proprium
1918 2904 2019 2958 sibi

443 2978 760 3050 Symbolum
796 2986 1166 3062 conscribens,
1196 2999 1251 3042 et
1273 2991 1486 3060 aliquos
1519 3007 1549 3047 a
1586 2996 1861 3049 communi
1890 3011 2023 3051 con-

442 3072 678 3127 fessione
700 3090 980 3140 separaris,
1008 3093 1129 3132 cum
1155 3081 1255 3134 hoc
1290 3081 1542 3150 deceptos
1566 3083 1827 3155 baptizet,
1857 3088 2020 3142 ﬁant-

441 3176 548 3231 que
576 3166 970 3229 conveuticula,
996 3169 1296 3237 cuiusmodi
1341 3181 1470 3227 tunc
1530 3176 1765 3244 plurima
1801 3177 2022 3235 ﬁebant.

516 3253 684 3308 Porro
714 3257 829 3324 ipsa
870 3257 1106 3314 Ecclesia
1140 3261 1242 3316 sibi
1275 3263 1672 3334 ipsi,docendi,
1714 3277 1877 3340 atque
1905 3273 2028 3329 aliis

446 3344 707 3409 dictandi,
773 3363 896 3417 qua:
957 3365 1084 3405 vera
1146 3355 1276 3419 sint,
1321 3364 1376 3410 et
1426 3357 1700 3424 salubria,
1753 3361 2026 3418 licentiam

445 3448 876 3510 potestatemque
909 3459 1014 3497 non
1047 3446 1294 3500 abstulit.
1319 3448 1436 3503 Non
1468 3451 1638 3516 enim,
1679 3457 2025 3522 postmodum

446 3531 601 3586 novis
656 3532 707 3586 in
761 3533 880 3589 dies
933 3537 1286 3601 blasphemiis
1333 3543 1744 3610 exorientibus,
1798 3551 1852 3602 in
1905 3549 2026 3605 ﬁdei

2119 2357 2214 2397 eos
2244 2343 2431 2407 etiam,
2488 2344 2577 2408 qui
2642 2345 2694 2398 in
2749 2345 2954 2402 Niceno
3008 2348 3244 2401 concilio
3302 2361 3725 2408 convenerunt,

2119 2431 2458 2486 anathemati
2489 2435 2844 2502 subiicerent,
2866 2435 2958 2506 qui
2988 2451 3094 2490 non
3129 2453 3302 2508 pauca
3336 2440 3722 2508 apostolorum

2120 2523 2366 2592 symbolo
2426 2523 2776 2590 addiderunt,
2799 2535 2855 2581 et
2899 2543 2994 2584 eos
3038 2531 3129 2598 qui
3175 2533 3520 2598 postmodum
3567 2532 3722 2587 Con-

2122 2616 2476 2685 stantinopoli
2557 2618 2985 2683 convenientes,
3041 2627 3096 2675 et
3168 2622 3267 2690 ipsi
3349 2624 3724 2679 nihilominus

2121 2703 2328 2760 Niceno
2373 2706 2630 2777 Symbolo
2672 2708 2937 2778 adiecisse
2972 2713 3400 2780 comprobantur
3429 2714 3720 2781 quaedam:

2123 2798 2373 2866 qumdam
2408 2799 2537 2856 item
2577 2801 2889 2868 abstulisse,
2915 2803 3132 2857 nemine
3163 2803 3535 2866 insimulante.
3581 2807 3718 2875 quia

2123 2891 2203 2944 sic
2232 2889 2404 2942 visum
2454 2897 2558 2944 est.
2591 2888 2796 2962 Nempe
2839 2900 2895 2946 et
2936 2893 3142 2962 reliqua
3179 2895 3435 2962 deinceps
3477 2897 3716 2952 concilia

2126 2981 2261 3035 alias
2308 2981 2469 3036 aliter
2525 2982 2793 3052 adiecisse
2850 2983 3052 3052 aliqua,
3102 2986 3186 3041 vel
3225 2987 3548 3042 immutasse
3595 2989 3720 3057 quis

2128 3074 2357 3139 nesciat,
2434 3089 2562 3130 cum
2624 3075 2707 3130 hae
2754 3075 2841 3130 vel
2891 3076 2998 3132 illa:
3044 3080 3399 3136 necessitates
3450 3096 3723 3150 casusque

2127 3164 2507 3229 requirerent?

2197 3252 2372 3309 Porro
2431 3256 2790 3313 conciliorum
2829 3259 2895 3315 de
2943 3260 3048 3316 ﬁde
3078 3261 3389 3317 sanctiones
3426 3253 3604 3332 teque,
3657 3279 3725 3319 ac

2131 3347 2446 3416 Symbolum
2486 3351 2830 3418 suscipimus.
2857 3366 2986 3420 qua
3009 3353 3060 3407 in
3106 3354 3221 3422 ipso
3250 3355 3549 3424 complexae
3580 3372 3723 3412 con-

2132 3441 2400 3497 tinentur.
2433 3441 2540 3496 Sed
2574 3452 2772 3497 etcum
2802 3445 2996 3500 beatus
3025 3445 3227 3500 Paulus
3259 3447 3403 3502 dicat
3441 3466 3454 3502 :
3489 3447 3724 3504 Etiamsi

2131 3533 2348 3603 angelus
2380 3535 2842 3603 evangelisaverit,
2867 3545 3060 3605 prtcler
3083 3536 3159 3600 id,
3191 3538 3330 3605 quod
3360 3542 3722 3610 erangelizavi

445 3623 698 3679 terminis
737 3626 850 3696 (ιο)
879 3626 1158 3694 adiiceret,
1213 3648 1332 3701 quae
1383 3635 1521 3704 pios,
1567 3637 1869 3709 impiosque
1917 3641 2032 3696 dis-
2058 3632 2101 3689 C
2133 3629 2297 3695 vobis,
2327 3631 2607 3683 anathema
2629 3631 2699 3684 sit
2732 3632 2776 3695 ί,
2808 3631 3278 3685 consubstantiale
3305 3639 3488 3685 tamen
3525 3632 3721 3688 Patres

445 3725 772 3784 cernerent;
816 3727 907 3772 aut
936 3721 1078 3775 enim
1127 3727 1488 3780 necessarium
1521 3740 1605 3783 est
1630 3731 1879 3785 conﬁteri
1913 3746 2033 3786 om-

447 3807 566 3865 nia,
595 3818 722 3862 tunc
747 3811 1077 3867 confessiOni
1113 3815 1232 3870 ﬁdei
1271 3819 1588 3886 plenissime
1619 3822 1850 3891 adiecta,
1877 3832 1930 3876 et
1964 3822 2031 3877 ad

450 3899 661 3956 futuras
694 3905 958 3959 novitates
985 3923 1067 3957 vni
1089 3924 1176 3961 um
1203 3910 1455 3966 sufﬁcere
1473 3915 1738 3967 arcendas
1765 3934 1778 3979 ;
1806 3923 1859 3969 ct
1890 3929 2034 3980 post-

448 3993 550 4048 hac
576 3995 775 4050 futuris
810 4000 1054 4052 conciliis
1087 4003 1310 4054 minime
1338 4005 1499 4057 licere
1518 4008 1584 4060 de
1610 4007 1711 4059 ﬁde
1739 4015 1980 4062 statuere
2015 4029 2030 4064 :

450 4095 539 4137 aut
567 4084 866 4139 Ecclesiam
905 4089 1058 4140 initio
1086 4091 1305 4157 quidem
1341 4095 1583 4159 potuisse
1606 4096 1669 4148 de
1693 4089 2031 4164 dogmatibus

449 4183 711 4238 Statuere,
743 4187 793 4230 et
825 4179 926 4230 alla
949 4179 1166 4245 quidem
1199 4182 1422 4244 addere,
1452 4184 1554 4236 alia
1586 4185 1837 4254 auferre;
1877 4199 2032 4256 post-

451 4268 668 4318 modum
702 4282 852 4332 vero,
870 4269 1009 4322 hanc
1043 4271 1295 4326 amisisse
1328 4281 1676 4340 potestatem.
1703 4279 1770 4330 At
1798 4280 2028 4347 primum

450 4358 580 4411 illud
635 4361 848 4424 quidem
888 4377 1073 4414 verum
1105 4379 1208 4417 non
1237 4379 1392 4429 esse,
1426 4377 1549 4435 post
1583 4369 1698 4423 hanc
1738 4384 1857 4424 acta
1893 4389 2030 4426 con-

450 4451 572 4505 cilia
627 4461 891 4506 testantur
923 4472 936 4507 :
984 4470 1105 4524 quae
1155 4457 1420 4527 profecto,
1451 4478 1722 4530 nunquam
1749 4469 2032 4521 convenis-

451 4553 595 4607 sent,
641 4545 684 4598 si
715 4547 885 4613 prima
924 4549 1010 4602 illa
1059 4551 1327 4607 scandalis
1395 4553 1592 4609 futuris
1640 4559 1771 4613 satis
1816 4560 2033 4615 obvias.

451 4647 606 4700 sent;
661 4636 749 4688 Dei
807 4639 952 4691 cuim
1004 4651 1088 4695 est
1147 4642 1324 4697 futura
1376 4660 1758 4712 prmnoscere.-
1807 4649 2029 4722 Singula

449 4741 581 4781 vero
615 4731 862 4793 concilia,
887 4733 951 4786 ad
983 4747 1219 4801 praesens
1251 4735 1550 4804 periculum
1585 4740 1818 4804 intenta,
1842 4755 2030 4799 contra

451 4819 733 4876 lucreticos
780 4836 1039 4890 pugnant,
1090 4842 1197 4880 non
1257 4826 1497 4882 futurum
1550 4833 1858 4900 prapcllunt
1919 4834 2032 4890 Hoc

449 4913 591 4964 enim
633 4912 896 4968 incertum
929 4927 1032 4972 est.
1065 4916 1200 4971 Illud
1237 4934 1400 4982 vero,
1438 4921 1625 4984 instat,
1660 4933 1711 4976 et
1744 4935 1921 4992 urget.
1949 4925 2027 4982 Ex

448 5002 648 5070 quibus
695 5014 749 5058 ct
807 5006 934 5062 illud
977 5019 1210 5072 constat,
1245 5021 1428 5078 postea
1478 5014 1706 5066 concilia
1742 5016 1946 5071 utiliter
1977 5027 2029 5072 et

448 5099 766 5152 necessario
817 5099 983 5155 fuisse
1016 5106 1268 5164 conﬂata,
1300 5107 1514 5175 quoties
1549 5105 1802 5162 Ecclesiae
1831 5126 2028 5164 neces-

447 5188 584 5242 sitas
622 5201 859 5256 urgeret.
903 5192 1106 5258 Nempe
1152 5196 1292 5248 enim
1335 5198 1582 5251 eamdem
1627 5201 1734 5252 vim
1773 5201 2029 5256 Ecclesiw

450 5295 557 5334 non
595 5297 832 5351 semper,
875 5298 938 5338 ac
985 5283 1233 5338 similiter
1266 5289 1457 5342 adesse
1491 5290 1840 5356 existimare;
1887 5306 2030 5360 mys-

454 5374 587 5426 teria
641 5375 765 5430 tidci
817 5377 1116 5430 tollentium
1165 5387 1268 5443 est,
1321 5381 1554 5433 maxime
1600 5394 1720 5431 cum
1785 5379 2034 5433 Salvator

449 5465 666 5528 dixerit,
723 5481 782 5522 se
849 5484 966 5520 cum
1014 5468 1111 5521 illa
1182 5487 1344 5537 usque
1402 5471 1470 5524 ad
1527 5472 2032 5525 consummationem

527 5577 540 5606 '
583 5577 774 5632 Matth.
835 5596 1026 5646 xxvm,
1072 5583 1161 5637 20.
1242 5585 1262 5615 ’
1289 5583 1468 5638 Galat.
1503 5599 1563 5643 ll,
1597 5582 1650 5636 8.

526 5690 638 5770 (59)
665 5692 739 5774 [ξε
769 5695 1018 5774 Ιιοειοεφ
1054 5699 1270 5774 ςοηοῇιίἰ
1302 5699 1603 5774 ⁸Ιξριιρεὶιιί,
1661 5700 1776 5771 lege
1823 5700 2029 5757 Bellar—

458 5760 731 5832 mimunil.
765 5778 804 5818 ιι
841 5765 917 5817 De
945 5760 1264 5832 Christo,'c.
1295 5760 1387 5824 29;

529 5829 644 5901 (φο)
671 5831 1090 5893 Deﬁnitionibus
1111 5829 1174 5892 et
1193 5841 1448 5896 decretis.

2062 4965 2108 5024 D

2135 3722 2487 3791 adiecerunt,
2546 3739 2667 3776 cum
2740 3739 2900 3778 nemo
2950 3734 3076 3780 ante
3135 3725 3255 3780 illos
3323 3726 3463 3781 hanc
3522 3727 3719 3781 dictio-

2134 3830 2256 3870 nem
2305 3815 2589 3870 tradiderit
2639 3815 2775 3885 (41).
2811 3816 3021 3871 Idcirco
3075 3818 3238 3871 etiam
3272 3833 3298 3869 a
3336 3820 3721 3874 contradicen-

2136 3907 2278 3962 tibus
2332 3907 2472 3961 bauc
2503 3923 2609 3962 non
2643 3908 2879 3963 inveniri
2923 3909 2976 3962 in
3014 3909 3185 3964 sacris
3223 3909 3376 3965 libris
3409 3913 3720 3980 arguebm-

2135 4005 2240 4053 tur.
2279 3997 2611 4051 Addiderunt
2638 4007 2838 4060 tamen,
2870 3998 3066 4053 littera:
3090 4013 3307 4053 sensum
3338 4001 3716 4066 conferentes,

2134 4099 2188 4142 et
2234 4099 2426 4142 contra
2477 4088 2822 4144 adversarios
2860 4093 3175 4145 Constanter
3204 4091 3528 4144 dimicantes
3559 4090 3716 4156 iuxta

2136 4180 2442 4248 theologum
2481 4179 2826 4248 Gregorium,
2857 4183 2951 4249 qui
2983 4182 3057 4234 ait
3094 4199 3108 4236 :
3147 4179 3271 4235 Non
3327 4183 3390 4235 de
3436 4182 3625 4248 verbis,
3671 4192 3720 4236 et

2135 4273 2429 4326 nominibus
2458 4289 2776 4342 pugnamus,
2811 4273 3097 4326 dummodo
3126 4274 3346 4344 syllaba:
3379 4273 3448 4327 ad
3480 4277 3717 4329 eamdem

2134 4368 2534 4436 intelligentiam
2573 4369 2769 4437 ierant.
2805 4367 2870 4418 Et
2913 4375 3063 4421 certe
3101 4382 3210 4420 non
3267 4375 3486 4434 propter
3535 4366 3722 4434 huius-

2138 4458 2280 4511 modi
2337 4457 2695 4525 adicctiouem
2746 4455 2923 4518 Pauli.
2954 4455 3328 4521 subjiciuntur
3361 4454 3719 4509 anathemati.

2135 4549 2364 4604 Prorsus
2417 4564 2547 4603 vero
2610 4549 2852 4618 synodus
2915 4549 3094 4603 omnis
3135 4563 3236 4617 pro
3292 4548 3722 4616 reprehensione

2133 4643 2571 4712 blaSphemorum
2599 4653 2947 4710 congregata,
2985 4641 3108 4694 ﬁdei
3147 4641 3436 4696 terminum
3472 4639 3749 4720 exponit,

2133 4748 2230 4803 per
2280 4733 2334 4787 id
2387 4735 2530 4803 quod
2581 4732 2866 4786 veteribus
2916 4732 3186 4786 dictiones
3241 4731 3535 4793 adduntur,
3581 4744 3720 4782 nova

2135 4824 2386 4890 dogmata
2419 4838 2695 4878 resecans.
2721 4822 2799 4876 lta
2829 4823 2974 4876 enim
3007 4838 3066 4875 se
3085 4837 3173 4874 res
3201 4821 3385 4874 habet.
3421 4819 3476 4872 Si
3504 4820 3719 4886 quidem

2135 4924 2279 4970 esset
2323 4915 2605 4982 possibile,
2639 4915 2756 4969 sine
2806 4914 2987 4982 aliqua
3039 4911 3478 4966 contradictione
3529 4925 3717 4963 eorum

2137 5008 2228 5077 qui
2286 5021 2624 5062 couimunem
2678 5007 2838 5059 iidem
2889 5020 3208 5074 cppuguare
3249 5005 3459 5066 volunt,
3497 5015 3720 5054 insuere

2139 5101 2435 5156 Ecclesium
2491 5101 2541 5152 in
2593 5099 2831 5167 antiquis
2877 5099 3160 5167 principiis
3223 5099 3526 5159 immotam,
3573 5096 3718 5147 nulla

2136 5193 2328 5248 fuisset
2361 5193 2660 5246 necessitas
2712 5193 2919 5260 aliquid
2977 5191 3387 5260 quomodolibet
3441 5189 3719 5258 adiicere;

2137 5287 2230 5340 sed
2263 5285 2574 5341 suﬁ‘ecissct
2615 5285 2683 5339 ad
2722 5285 3124 5339 confessionem
3170 5283 3319 5349 ﬁdei,
3352 5281 3718 5352 compositunt

2140 5393 2169 5431 a
2204 5381 2406 5433 sanctis
2435 5378 2704 5448 apostolis
2738 5378 2806 5432 ab
2831 5377 2987 5432 initio
3015 5377 3333 5447 Symbolum
3370 5376 3533 5431 breve
3557 5372 3724 5431 simul

2141 5487 2204 5526 ac
2232 5472 2479 5541 simplex.

2213 5701 2324 5770 (/tl)
2350 5701 2691 5755 Contrarium
2727 5712 2948 5770 apparet
2971 5715 3035 5754 ex
3059 5699 3163 5755 illis
3201 5713 3319 5767 qua:
3336 5697 3495 5752 docet
3521 5693 3726 5752 Bellar-

2147 5774 2324 5827 miuus
2349 5787 2385 5826 ll
2423 5771 2498 5825 De
2527 5771 2761 5838 Christo,
2799 5790 2848 5826 c.
2877 5773 2932 5825 5.
