4078 6258
303 604 548 656 essentia
582 605 879 665 detrudere
922 619 1290 685 praesumpsit,
1337 625 1480 692 quod
1529 628 1582 683 in
1619 637 1897 700 apostolo-

305 710 427 748 rum
489 700 743 767 symbolo
790 703 1051 772 scriptum
1098 718 1286 777 aperte
1333 730 1441 774 non
1473 718 1668 789 fuerat,
1701 726 1894 783 Filium

307 787 553 854 ejusdem
587 795 840 848 essentitr
869 812 994 850 cum
1033 796 1195 858 Patre
1231 817 1352 860 esse
1386 825 1400 862 :
1437 824 1558 865 cum
1587 787 1894 880 huiusmodi

311 892 576 932 venenum
606 895 704 946 per
731 901 925 956 corpus
949 889 1206 947 Ecclesiae
1232 911 1499 967 serperet.
1536 918 1708 971 eaque
1729 909 1897 974 pestis

313 969 686 1028 cﬁucdcretur
746 978 799 1032 in
845 981 1048 1050 plures,
1106 987 1198 1056 qui
1264 988 1314 1043 in
1368 989 1530 1048 Nicea
1589 1009 1894 1055 convenere

309 1062 519 1125 Patres.
576 1071 848 1134 veritatis,
913 1089 978 1128 ac
1044 1077 1280 1132 ﬁdelium
1339 1096 1524 1136 curam
1588 1086 1892 1156 habentes,

310 1153 570 1223 Symbolo
604 1159 712 1214 alio
737 1167 1066 1232 composito,
1096 1169 1142 1221 ei
1180 1173 1632 1232 consubstantiaie
1673 1183 1892 1238 addide-

304 1257 461 1308 runt;
516 1259 686 1318 atque
737 1263 858 1307 ante
905 1260 1082 1311 omnia
1141 1263 1334 1315 smnia
1389 1264 1584 1320 Filium
1637 1286 1701 1324 ea:
1735 1271 1892 1328 Patre

304 1339 554 1404 genitum.
587 1361 693 1396 non
747 1346 970 1412 factum,
1003 1360 1051 1404 et
1110 1367 1175 1404 ex
1235 1353 1341 1407 Deo
1389 1373 1530 1417 vero.
1571 1358 1736 1414 Deum
1778 1379 1890 1418 esse

303 1445 497 1493 rerum,
562 1445 616 1486 et
671 1451 793 1504 qtae
877 1445 1003 1492 tunc
1066 1443 1418 1512 adiecerunt,
1469 1464 1594 1502 cttm
1657 1455 1886 1519 apostoli

307 1529 490 1575 natum
519 1525 863 1582 solummodo
892 1544 955 1584 ex
986 1530 1148 1586 Patre
1181 1536 1474 1592 dixissent.

376 1611 542 1667 Erant
612 1618 716 1670 ista
786 1621 902 1684 sic;
985 1623 1384 1696 videbaturque
1463 1639 1589 1685 tunc
1667 1634 1884 1691 abunde

306 1705 505 1759 nmnita
538 1708 697 1770 ﬁdes,
719 1724 835 1761 cum
863 1725 1031 1778 parvo
1058 1725 1178 1779 post
1211 1727 1454 1784 tempore
1482 1731 1674 1776 contra
1707 1729 1881 1781 sancti

305 1795 536 1860 Spiritus
559 1800 899 1855 divinitatem
929 1818 988 1857 se
1016 1808 1186 1860 erexit
1215 1808 1485 1877 impietas.
1517 1813 1682 1868 Erant
1711 1817 1875 1881 enim,

306 1890 395 1954 qui
423 1892 678 1945 'dicerent
735 1908 956 1948 sanctos
994 1900 1044 1950 in
1079 1900 1238 1953 Nicea
1302 1901 1488 1955 Patres
1559 1907 1761 1973 optime
1817 1909 1881 1963 de
1911 1901 1956 1955 Β

311 1976 410 2029 ﬁde
442 1981 714 2041 statuisse,
742 1990 796 2034 et
826 1982 1035 2038 Patrem
1071 1988 1286 2056 quidem
1323 1989 1490 2045 Deum
1515 1996 1876 2061 praedicasse;

306 2065 491 2120 Filium
547 2071 672 2123 item
709 2074 822 2140 pari
860 2074 1017 2130 lauvle
1059 2078 1392 2146 honorasse;
1430 2082 1688 2150 Spiritum
1740 2103 1872 2142 vero

306 2168 542 2228 sanciunt
587 2177 692 2214 non
735 2163 1038 2230 appellasse
1081 2167 1270 2222 Deum.
1302 2169 1685 2228 Convenerunt
1719 2177 1873 2232 Con-

305 2251 649 2316 stantinopoli
709 2254 921 2317 Patres,
965 2266 1016 2308 et
1071 2258 1200 2312 illud
1257 2262 1398 2326 quod
1454 2280 1602 2320 nunc
1655 2266 1875 2335 legitur,

303 2341 599 2408 symbolum
642 2357 1086 2412 composuerunt.
1142 2350 1389 2419 Cumque
1433 2353 1622 2409 Niceni
1657 2361 1872 2414 concilii

299 2427 486 2485 Patres
510 2433 706 2497 solum,
731 2443 780 2486 et
805 2437 858 2486 in
889 2435 1146 2500 Spiritum
1166 2452 1432 2508 sanctum,
1457 2447 1683 2500 credere
1711 2450 1876 2503 dixis-

298 2531 440 2583 sent.
477 2525 717 2592 nihilque
743 2527 1074 2594 adiecissent
1103 2534 1371 2601 amplius;
1406 2536 1518 2600 isti,
1563 2554 1683 2606 quae
1716 2541 1869 2609 plura

293 2625 423 2666 sunt
457 2615 633 2668 addita
690 2620 1060 2684 opposuerunt
1101 2623 1167 2675 de
1200 2626 1374 2678 sancti
1410 2625 1645 2694 Spiritus
1692 2632 1870 2685 demi-

295 2705 514 2758 natione
562 2714 616 2760 et
669 2709 892 2763 deitate.
933 2711 1117 2779 Neque
1157 2714 1332 2767 solum
1388 2717 1738 2781 addiderunt.
1775 2723 1871 2775 sed

293 2796 642 2850 detraxerunt
693 2800 879 2854 etiam.
922 2799 1076 2866 Nam,
1114 2819 1248 2866 cum
1279 2806 1549 2862 dixi=seut
1581 2810 1678 2873 illi,
1708 2812 1870 2866 Ceni-

297 2897 410 2939 tztm
450 2905 510 2939 ea:
551 2888 731 2951 Patre,
779 2891 1054 2957 videlicet,
1108 2910 1173 2947 ex
1225 2895 1402 2950 Patris
1462 2903 1722 2965 essentia,
1781 2904 1870 2959 isti

295 2977 463 3030 soiutn
511 2994 573 3030 ex
610 2978 774 3032 Patre
812 2981 1040 3047 genitam
1086 2985 1422 3040 retinuerunt
1457 3007 1470 3042 :
1508 3005 1868 3059 magnamque

296 3069 515 3121 omnino
572 3070 934 3124 differentiam
998 3075 1050 3126 in
1120 3077 1293 3129 trihus
1356 3077 1439 3131 his
1501 3080 1794 3149 Sytuliolis,
1825 3087 1870 3138 si

296 3155 467 3214 verba.
503 3171 554 3216 et
614 3165 835 3216 nomina
893 3166 1158 3222 attendas.
1198 3167 1464 3236 invenies.
1510 3169 1626 3223 Non
1686 3183 1862 3228 tamen

3469 480 3574 552 190

1928 559 1972 617 Α
2002 656 2027 658 ξ
2073 559 2142 614 Et
2168 563 2262 631 qui
2307 564 2512 637 Ephesi
2537 574 2772 641 primum
2801 593 3192 656 convenerunt,
3223 593 3345 653 ﬁdei
3381 606 3567 658 termi-

2001 656 2166 760 num”
2191 663 2581 760 exposuerunt,
2613 680 2723 734 quo
2772 669 2866 726 Dei
2929 673 3174 734 Genitrix
3213 682 3368 741 beata
3400 656 3566 760 Virg—0

2000 739 2348 850 praedicatur
2383 747 2548 850 Virgo
2582 757 2724 812 enim
2772 763 3110 825 solummodo
3139 773 3288 829 beata
3330 777 3382 832 in
3416 739 3566 850 syrii-

1997 823 2125 929 bolo
2161 835 2427 900 appellata
2458 841 2656 900 fuerat.
2694 849 2809 904 Etsi
2867 856 3013 909 enim
3067 823 3570 929 Symbolouidwail;

1990 918 2192 1036 iectum
2224 943 2330 983 non
2354 943 2456 997 est,
2485 935 2839 998 nihilominus
2868 918 3416 1017 Symboli‘termiuum
3449 963 3564 1036 (42)

1995 1011 2144 1068 illum
2173 1033 2516 1089 veneramur,
2552 1028 2862 1098 huiusmodi
2915 1043 3252 1112 vocabulum,
3308 1011 3564 1125 illiusque

1993 1119 2216 1162 sensum
2275 1122 2333 1166 ut
2388 1119 2688 1176 rectissime
2725 1127 2963 1191 positum
2993 1135 3370 1206 suscipientes,
3401 1119 3564 1216 atque

1991 1201 2314 1260 conﬁtcntes
2360 1225 2373 1261 :
2428 1225 2626 1280 eosque
2654 1217 2748 1284 qui
2783 1219 2911 1273 illud
2948 1201 3165 1291 negant,
3193 1201 3560 1302 exsecrantes,

1990 1293 2188 1361 quibus
2230 1300 2378 1355 circa
2433 1304 2744 1373 Symbolum
2787 1327 2892 1368 non
2935 1331 3197 1384 maiorem
3221 1328 3559 1386 ostendimus

1990 1388 2243 1459 rigorem,
2277 1410 2440 1464 quam
2476 1401 2724 1460 universa
2779 1410 3022 1477 synodus
3070 1429 3168 1482 pro
3216 1419 3561 1477 revincendis
3615 1456 3625 1466 -

1988 1479 2341 1549 blasphemiis
2393 1505 2740 1563 congregata,
2775 1498 3009 1571 ﬁdeique
3046 1479 3336 1565 terminum
3391 1526 3560 1582 expo-

1990 1588 2145 1642 nens,
2179 1586 2234 1632 ct
2264 1596 2361 1650 per
2411 1599 2504 1638 cas
2555 1602 2689 1655 quas
2747 1593 2991 1662 antiquis
3044 1599 3232 1664 addit,
3264 1603 3557 1676 dictiones,

1989 1680 2123 1721 nova
2156 1669 2411 1740 dogmata
2447 1677 2757 1736 eliminans.

2058 1759 2280 1828 Magnus
2309 1777 2565 1832 prteterea
2591 1774 2820 1831 Basilius
2840 1778 2893 1831 in
2925 1778 3130 1851 Regula
3169 1785 3235 1838 ad
3265 1790 3558 1846 monachos

1985 1862 2310 1932 sauciorum
2342 1856 2561 1914 Patrum
2611 1864 2792 1930 ﬁdem,
2827 1885 2979 1938 quat,
3025 1882 3082 1927 ut
3115 1875 3228 1942 ipse
3274 1880 3368 1944 ait,
3403 1881 3558 1948 [rau-

1982 1944 2125 2004 dari,
2159 1946 2554 2021 adulterariquc
2586 1971 2688 2009 non
2737 1972 2928 2025 posset,
2963 1979 3086 2018 cum
3127 1981 3188 2020 se
3225 1944 3553 2028 traditurum

1981 2035 2348 2102 polliceretur.
2385 2045 2640 2111 plurima,
2675 2064 2794 2117 quae
2841 2053 2893 2104 in
2953 2055 3074 2110 ﬁdei
3126 2056 3384 2129 Symbolo
3432 2073 3559 2118 sunt

1978 2132 2192 2195 posita.
2243 2133 2449 2197 omisit,
2506 2146 2558 2190 et
2607 2140 2672 2193 de
2701 2155 2893 2198 sancto
2919 2145 3126 2213 Spiritu
3175 2151 3332 2214 nihil,
3380 2169 3556 2224 neque

1978 2223 2118 2287 quod
2153 2238 2218 2278 cx
2253 2223 2435 2284 Patre.
2471 2244 2642 2299 neque
2679 2239 2822 2299 quod
2858 2253 2954 2306 per
2978 2239 3170 2295 Filium
3211 2223 3552 2312 procederet,

1977 2311 2146 2376 dixit;
2177 2319 2270 2369 sed
2318 2327 2524 2373 tantum
2563 2332 2620 2375 et
2655 2326 2705 2378 in
2739 2326 2999 2396 Spiritum
3047 2346 3300 2390 sanctum
3350 2352 3408 2392 se
3438 2311 3557 2395 cré

1976 2407 2104 2462 dere
2127 2409 2332 2475 dicens,
2367 2413 2590 2477 adiectis
2616 2420 2940 2484 quihusdam
2972 2424 3269 2493 Scriptura:
3301 2433 3553 2485 testimo-

1977 2498 2082 2550 niis
2126 2499 2194 2553 de
2238 2511 2428 2558 sancto
2469 2505 2696 2575 Spiritu,
2724 2526 2789 2565 ex
2833 2511 2996 2568 Patre
3050 2517 3220 2585 ipsum
3258 2525 3554 2587 procedere

1975 2589 2197 2644 omnino
2231 2595 2395 2648 tacuit
2432 2613 2446 2649 :
2481 2613 2603 2652 cttm
2655 2601 2788 2656 nihil
2833 2605 3098 2673 adjicere,
3131 2624 3308 2679 neque
3335 2613 3552 2669 demere

1975 2686 2364 2750 proposuisset,
2420 2691 2740 2747 existimans
2795 2696 2880 2750 his
2935 2713 3055 2766 qua:
3101 2700 3356 2767 dixisset,
3385 2705 3549 2760 etiam

1975 2789 2095 2840 qua!
2127 2778 2340 2830 tacebat
2368 2777 2772 2846 comprehendi.

2048 2865 2120 2918 Ex
2162 2869 2243 2920 his
2279 2873 2557 2934 perspicue
2585 2885 2815 2938 constat,
2848 2891 2943 2928 eos
2977 2879 3066 2946 qui
3097 2881 3318 2936 auferre
3340 2884 3545 2953 aliquid

1974 2952 2058 3005 vel
2089 2954 2286 3008 addere
2318 2958 2728 3024 prohibuerunt,
2751 2979 2856 3017 non
2873 2966 3229 3033 adiecﬁonem
3263 2952 3543 3042 dictionis,

1976 3045 2071 3096 sed
2105 3045 2226 3100 ﬁdei
2255 3049 2478 3104 alterius
2505 3053 2797 3107 editionem
2830 3056 3064 3113 vetuisse
3091 3077 3105 3124 ;
3147 3061 3385 3133 alioquin
3421 3069 3546 3121 nul-

1974 3133 2082 3188 lum
2118 3147 2261 3192 esset
2291 3142 2580 3197 concilium
2614 3159 2640 3196 a
2673 3146 2899 3201 crimine
2932 3149 3192 3209 immune.
3225 3154 3454 3212 Constat
3490 3168 3546 3215 et

587 3252 908 3306 memmi!!!“
964 3256 1044 3309 vel
1082 3258 1171 3313 qui
1216 3234 1266 3310 ἴῃ
1321 3259 1483 3313 Nicm
1539 3224 1862 3313 conwn’ér;
1893 3226 1939 3287 C
1971 3224 2100 3281 illttd
2139 3245 2264 3290 una,
2321 3235 2462 3300 quod
2505 3234 2738 3290 ﬁdelium
2777 3240 2992 3306 quidem
3025 3247 3304 3313 proprium
3347 3250 3418 3304 sit
3445 3252 3548 3306 ad-

824 3290 836 3305 ‘
918 3294 933 3313 9
1441 3295 1468 3313 ιι
1697 3309 1706 3313 -
1771 3307 1780 3313 .
1831 3308 1859 3313 .-

295 3249 368 3301 ob
402 3266 509 3303 eam
550 3252 933 3316 diﬁ'ercntiam,
964 3256 1044 3309 vel
1082 3258 1171 3324 qui
1216 3259 1266 3310 in
1321 3259 1483 3313 Nicen
1539 3278 1860 3329 convenere,

297 3342 447 3395 aliam
485 3345 661 3406 ﬁdem,
714 3361 874 3413 quam
912 3347 977 3401 ab
1027 3349 1300 3414 Aposmiis
1337 3354 1666 3420 acceperint,
1713 3371 1862 3409 com-

296 3437 526 3501 posuisse
555 3438 966 3499 existimantur,
1016 3441 1096 3492 vel
1127 3443 1218 3510 qui
1253 3452 1439 3507 postea
1468 3444 1860 3499 Constantino-

295 3525 399 3592 poli
444 3526 675 3592 l'ucrunt,
709 3539 908 3596 [metor
957 3530 1174 3584 Patrum
1246 3535 1424 3596 ﬁdem,
1469 3537 1558 3604 qui
1601 3537 1652 3589 in
1695 3537 1858 3592 Nirea

295 3616 518 3682 fuerant,
551 3630 862 3673 senserunt.
899 3620 1155 3675 Testatur
1200 3624 1496 3691 Gregorius
1529 3626 1856 3695 Theologus,

293 3708 383 3771 qui
424 3709 538 3763 huic
585 3713 794 3779 synodo
848 3712 1118 3770 interfuit.
1156 3713 1208 3766 in
1241 3717 1404 3782 epist.
1440 3720 1503 3768 ad
1542 3718 1857 3771 Cleiloninm

295 3799 372 3851 sic
423 3801 659 3854 scriliens
693 3816 706 3852 ;
746 3799 858 3855 Nos
910 3803 1040 3855 nihil
1085 3820 1313 3871 unquam
1373 3806 1496 3875 ﬁdei
1563 3825 1594 3860 a
1660 3812 1859 3864 sanctis

303 3887 532 3944 Patribus
555 3896 641 3962 qui
670 3894 725 3946 in
759 3893 921 3947 Nirea
955 3911 1235 3947 ronvcnrrc
1267 3911 1359 3962 pro
1407 3899 1627 3951 delenda
1656 3901 1860 3953 Ariona

299 3981 465 4037 haeresi
492 3988 807 4051 composita),
833 3989 882 4038 in
917 3988 1112 4039 honore
1140 3989 1213 4040 re!
1239 3990 1589 4055 pra’tulintus,
1615 3993 1691 4046 re!
1712 4010 1854 4061 prm-

271 4077 417 4140 -{¢rre
463 4091 772 4142 possumus;
821 4080 910 4129 ser!
969 4077 1118 4132 illius
1165 4079 1312 4145 ﬁdei,
1374 4083 1657 4136 miserante
1715 4084 1855 4146 Deo,

299 4181 478 4233 tantas,
503 4178 657 4236 atque
697 4171 913 4221 erimus.
954 4169 1015 4221 id
1039 4179 1212 4222 autent
1241 4171 1568 4226 solummodo
1607 4174 1853 4227 elarida-

297 4258 464 4318 rimus,
504 4259 640 4323 quod
680 4260 743 4312 de
781 4271 962 4312 sancto
999 4259 1200 4328 Spiritu
1236 4263 1407 4313 minus
1443 4264 1856 4334 dirtttntfurrat,
1918 4318 1922 4323 ,

299 4361 348 4398 eo
381 4351 506 4410 quod
540 4364 660 4402 mur:
715 4350 1015 4416 Itujasntodi
1073 4355 1293 4420 qittlliiit)
1336 4364 1478 4406 mota
1526 4372 1626 4407 non
1663 4356 1854 4423 fuerit,

301 4440 399 4493 cui:
426 4443 569 4491 ttttitts
607 4443 898 4494 divinitatis
928 4444 1058 4495 scire
1088 4453 1284 4510 oportet
1312 4443 1518 4496 Patrem
1544 4457 1588 4496 et
1621 4444 1846 4511 Filium,

303 4539 340 4580 et
365 4530 600 4590 S,=)il'i:'ttm
640 4541 877 4585 sanciunt
902 4575 918 4597 ,
953 4534 1113 4586 Deum
1148 4536 1302 4587 etiam
1331 4534 1587 4604 Spiritum
1618 4539 1858 4609 fatendo.

367 4621 412 4674 Ιει
464 4623 895 4678 Clialccdouensi
952 4639 1167 4692 quoque
1225 4624 1456 4677 concilio
1512 4629 1849 4695 congregati,

307 4725 381 4776 pro
410 4714 484 4764 his
516 4715 680 4766 voluti
723 4715 990 4766 rationem
1018 4714 1327 4776 l‘t‘titil‘llil‘s,
1361 4714 1460 4767 hos
1500 4730 1671 4782 neque
1705 4710 1854 4782 adic-

305 4800 417 4853 cisse
449 4804 592 4856 aiunt
651 4803 773 4855 fidei
819 4802 1142 4855 Nicenorum
1197 4802 1440 4863 Putrum,
1464 4804 1616 4872 quasi
1649 4819 1847 4857 novum

305 4892 571 4960 quidpiam,
601 4905 652 4946 ct
686 4893 894 4947 varium
944 4894 1212 4956 dicentes;
1247 4909 1439 4961 neque,
1471 4896 1613 4962 quod
1643 4896 1709 4949 ab
1742 4896 1846 4949 illis

301 4981 442 5035 fuerat
494 4986 782 5049 relictum,
819 4985 916 5038 hos
968 4984 1299 5054 implevisse,
1333 4987 1426 5038 sed
1490 4986 1728 5047 illorum,
1779 4987 1846 5040 tle

301 5086 456 5128 sancto
483 5075 693 5143 Spiritu
726 5076 1160 5145 intelligentiam,
1191 5088 1380 5140 contra
1421 5091 1514 5131 eos
1551 5078 1640 5145 qui
1697 5079 1845 5132 illius

301 5166 695 5220 dominationem
731 5168 950 5220 auferre
982 5169 1319 5229 nitebantur,
1354 5167 1648 5235 Scripturm
1693 5169 1846 5223 testi-

300 5259 466 5310 moniis
502 5256 697 5311 fecisse
735 5257 1058 5324 planiorem.
1093 5258 1348 5310 Videmus
1381 5266 1560 5310 autem
1591 5267 1644 5311 et
1676 5259 1847 5325 ipsos,

298 5351 368 5414 qui
398 5351 503 5404 illic
556 5359 950 5420 convenerunt,
981 5347 1235 5418 Symbolo
1287 5348 1496 5402 Niceno
1541 5347 1845 5402 addidisse.

297 5435 403 5492 Nam
453 5455 574 5494 cum
625 5440 723 5500 illi,
756 5437 900 5491 Patri
943 5437 1140 5490 Filium
1175 5438 1698 5493 consubstantialem
1728 5446 1846 5492 tan-

296 5533 546 5583 tummodo
594 5531 862 5591 dixerint,
911 5529 1006 5584 isti
1062 5529 1438 5582 addiderunt:
1479 5527 1845 5582 Consubstan-

294 5621 444 5673 tialem
484 5620 638 5674 Patri
689 5621 973 5675 secundum
1018 5621 1290 5686 deitatem,
1331 5620 1843 5674 consubstantialem

293 5715 449 5769 nobis.
497 5710 780 5764 secundum
826 5712 1248 5775 humanitatem,
1316 5710 1577 5780 Eutychis
1628 5712 1680 5764 in
1746 5713 1847 5766 hoc

295 5804 577 5870 opinionem
606 5802 980 5878 corrigentes.‘

1972 3319 2121 3379 dere.
2161 3325 2414 3378 novitatis
2437 3336 2613 3381 autem
2645 3329 2986 3387 inventorum
3022 3335 3088 3388 ad
3119 3351 3226 3389 non
3258 3341 3544 3409 scriptum,

1969 3415 2142 3483 adque
2191 3419 2368 3485 priora
2415 3436 2718 3489 recurrere,
2752 3427 3028 3495 religionis
3057 3431 3266 3486 scilicet
3293 3435 3542 3502 obtentu,

1968 3507 2306 3577 iniquitatem
2338 3513 2498 3567 simul
2527 3519 2760 3584 operire,
2792 3528 2955 3588 atque
2985 3522 3331 3580 introducere
3363 3529 3544 3583 niten-

1968 3598 2138 3662 tium;
2166 3601 2362 3697 quippe
2392 3601 2772 3659 hmretirorum
2821 3610 3040 3677 singuli,
3076 3615 3166 3680 qui
3216 3615 3351 3671 alias
3383 3619 3541 3674 aliam

1970 3687 2091 3747 ﬁdei
2148 3687 2550 3755 corruptionem
2598 3695 2883 3760 invexere,
2935 3701 3130 3754 merito
3185 3705 3541 3767 adiectionem

1967 3789 2287 3842 vetuerunt,
2319 3799 2386 3837 ne
2436 3798 2534 3852 per
2563 3800 2681 3838 eam
2721 3801 2816 3840 sua
2861 3790 3103 3842 versutia
3154 3805 3476 3862 argueretur
3522 3816 3539 3854 ἓ

1967 3887 2126 3940 quam
2149 3875 2358 3929 scilicet
2379 3878 2551 3931 sancti
2567 3876 2754 3932 Patres
2779 3888 2968 3940 contra
2988 3881 3204 3935 illorum
3224 3885 3539 3953 perniciem,

1967 3975 2025 4018 ut
2070 3967 2506 4036 potentissimum
2555 3970 3010 4026 medicamentum
3039 3975 3486 4042 excogitaverunt
3522 3996 3537 4032 :

1965 4065 2020 4111 et
2069 4074 2174 4126 qua
2226 4059 2472 4114 inﬁdeles
2518 4072 2680 4130 atque
2731 4064 2925 4130 impios
2971 4079 3000 4118 a
3050 4067 3152 4133 piis
3186 4066 3543 4137 ﬁdelibusque

1966 4150 2360 4216 discernerent,
2394 4169 2457 4207 ac
2508 4170 2606 4222 pcr
2635 4168 2756 4208 eam
2804 4154 3062 4210 Ecclesiae
3090 4172 3223 4224 pura
3258 4168 3313 4213 et
3347 4159 3542 4216 imma-

1966 4231 2142 4295 calata
2179 4242 2310 4296 ﬁdes
2339 4259 2670 4300 servaretur.

2037 4333 2211 4400 Atque
2257 4335 2517 4388 adversus
2561 4351 2656 4389 eos
2689 4337 2778 4403 qui
2812 4338 3000 4392 dicunt
3031 4354 3145 4404 eos,
3177 4341 3268 4409 qui
3305 4341 3537 4410 primum

1965 4423 2030 4476 de
2075 4424 2176 4479 ﬁde
2220 4435 2524 4479 statuerunt
2553 4436 2605 4479 et
2635 4427 2979 4491 deﬁnierunt,
3031 4430 3199 4484 fuisse
3229 4433 3536 4486 sanctiores

1968 4525 2020 4569 et
2055 4515 2392 4571 honestiores
2415 4518 2498 4570 his
2513 4511 2616 4586 qui
2635 4533 2848 4586 semper
2877 4520 3080 4588 aliquid
3109 4521 3392 4588 adjiciunt,
3431 4539 3543 4593 pro.

1970 4623 2027 4662 se
2059 4609 2210 4676 ipsis.
2246 4619 2298 4661 et
2329 4624 2427 4677 pro
2460 4609 2688 4662 veritate
2745 4610 3006 4664 rationem
3036 4611 3271 4665 reddunt
3305 4615 3529 4676 silentii,

1955 4700 2193 4765 priorum
2220 4699 2433 4752 Patrum
2453 4714 2668 4753 causam
2691 4698 3006 4762 inferentes,
3031 4701 3150 4754 illos
3184 4703 3389 4757 scilicet
3413 4704 3536 4759 ideo

1955 4789 2085 4842 nihil
2118 4789 2320 4842 dixisse
2371 4789 2496 4857 quia
2540 4790 2776 4841 nondum
2837 4799 2986 4840 tanta
3035 4792 3288 4856 nequitia:
3323 4789 3533 4846 zizania

1950 4892 2135 4937 essent.
2162 4888 2348 4932 exorta
2380 4881 2558 4947 :quod
2596 4882 2640 4934 si
2675 4881 2834 4934 modo
2872 4880 2945 4933 illi
2983 4880 3259 4946 adessent,
3287 4882 3368 4934 vel
3397 4893 3526 4938 tunc

1953 4971 2260 5037 huiusmodi
2291 4971 2645 5039 pullulassent
2695 4971 2974 5033 scandala,
3007 4971 3120 5023 hrec
3162 4972 3262 5038 ipsi
3316 4988 3532 5040 quoque

1943 5060 2290 5129 adiecissent.
2318 5061 2474 5113 sicuti
2496 5059 2653 5111 modo
2675 5075 2773 5112 nos
2788 5058 3036 5121 iacimus,
3060 5075 3122 5113 ac
3148 5063 3292 5114 nullo
3310 5065 3531 5118 onmino

1951 5152 2171 5206 nomine
2238 5151 2664 5211 abstinuissent,
2703 5164 2796 5217 per
2853 5149 2998 5217 quod
3058 5150 3268 5218 linguas
3321 5162 3529 5207 vestras

1946 5257 2200 5297 coercere
2249 5243 2568 5316 potuissent.
2611 5239 2684 5294 lla
2723 5241 2951 5309 denique
2985 5239 3186 5297 Nic-aeui
3221 5244 3406 5297 Patres
3431 5246 3526 5294 ad-
3569 5302 3573 5306 ,

1945 5331 2095 5401 jecto
2125 5331 2564 5385 consubstantiati
2596 5332 2860 5385 adversus
2888 5331 3077 5384 Arium
3124 5334 3351 5403 eiusque
3377 5347 3529 5386 com-

1951 5425 2118 5495 plices
2154 5432 2418 5478 steterunt
2452 5440 2464 5474 :
2500 5425 2588 5474 illo
2617 5424 2833 5492 quidem
2868 5425 2934 5476 ad
2970 5441 3073 5477 non
3111 5428 3364 5491 scriptam
3397 5439 3527 5477 con-

1955 5516 2231 5587 fugiente,
2283 5517 2760 5583 apostolorumque
2815 5518 3155 5570 sanctitatem
3211 5514 3524 5582 obiiciente,

1953 5611 2041 5679 qui
2093 5610 2146 5664 in
2194 5625 2290 5663 suo
2331 5609 2586 5679 Symbolo
2614 5609 2679 5660 de
2719 5610 2819 5661 hoc
2860 5608 2989 5660 nihil
3024 5605 3466 5673 conscripserunt
3506 5622 3522 5659 :

1954 5705 2061 5760 illis
2091 5718 2213 5758 vero
2244 5702 2494 5756 dictionis
2525 5701 2882 5767 adiectionem
2911 5696 3040 5749 nihil
3067 5711 3188 5751 esse
3213 5697 3280 5750 ab
3309 5697 3520 5751 illormn
3582 5765 3587 5776 λ

1952 5795 2254 5851 intention.)
2307 5795 2539 5849 alienum
2599 5801 2782 5845 contra
2836 5788 3216 5848 inferentilnts.
3251 5787 3518 5844 Caclct'uut

349 5914 456 5985 (4‘2)
499 5914 690 5985 Ὀρον,
745 5922 1031 5982 statutum,
1085 5913 1472 5978 deﬁnitionem,
1538 5913 1742 5970 clarius
1795 5913 1898 5970 hoc
1930 5927 2092 5979 quam
2123 5905 2696 5984 νοωυυὲωψηπνηὶ»
2730 5916 2835 5972 quo
2883 5902 3150 5971 interpres
3177 5913 3437 5960 0⁵⁸⁸⁵⁸³·
3527 5970 3531 5978 -
