4078 6258
527 412 629 480 191

520 620 629 677 stlo
668 622 876 695 fuisset,
914 632 1032 689 sive
1069 650 1214 694 nunc
1242 641 1398 699 nobis
1424 647 1695 718 adessent,
1726 670 1999 726 nunquam
2026 663 2105 717 illi

520 716 681 791 aliter
738 719 1027 788 dixissent,
1060 739 1157 780 seu
1192 734 1687 806 conscripsissent,
1736 759 1895 813 quam
1948 754 2108 810 modo

1414 788 1687 806 rom“.-.
1738 788 1895 813 ηπ...

520 788 621 860 nos
654 805 904 873 facimus,
934 818 1377 878 constantissime
1416 837 1857 892 asseverantibus
1898 840 2034 912 (45).

594 897 670 950 lta
704 908 759 953 et
780 899 1250 978 Constantinopoli
1276 914 1540 975 adversus
1560 936 1654 978 eos
1676 929 1767 994 qui
1791 897 1961 986 Deu‘tn
1986 950 2108 993 esse

520 986 785 1055 Spiritum
836 1004 1085 1051 sanctum
1135 1001 1518 1074 denegabant,
1572 986 1817 1087 nihilque
1866 1021 1935 1078 de
1989 986 2106 1094 eius

518 1078 721 1135 deitate
752 1082 802 1136 in
838 1084 1097 1156 Sytnbolo
1153 1092 1373 1153 Nicaano
1419 1104 1684 1175 scriptum
1727 1078 2102 1184 'obiectautes:

518 1172 663 1237 quod
724 1175 897 1231 solum
945 1188 1279 1249 sequendum
1319 1172 1640 1255 asserebant
1666 1220 1681 1256 :
1710 1205 1775 1259 de
1799 1172 2104 1278 adiectione

518 1266 936 1334 responderunt,
970 1272 1372 1352 haereticisque,
1404 1289 1450 1343 si
1491 1292 1829 1360 adiectiones
1861 1266 2103 1372 Symboli

518 1353 817 1423 auferrent,
849 1375 909 1415 se
934 1366 1218 1433 quieturos
1261 1376 1662 1448 pollicentibus.
1698 1392 1942 1448 veritatis
1978 1397 2105 1453 doc-

522 1452 671 1499 tores
699 1449 764 1502 ad
789 1464 882 1506 eos
919 1462 1311 1526 responderunt
1345 1468 1539 1528 :Esset
1566 1478 1782 1544 quidem
1812 1486 2099 1556 optimum,

516 1533 561 1585 si
597 1544 656 1588 ut
702 1539 874 1606 prius,
905 1543 1031 1601 ﬁdei
1078 1566 1215 1619 pura
1264 1558 1615 1630 simplicitas,
1649 1574 1863 1631 nemine
1890 1579 2103 1635 obstre-

515 1634 1057 1704 pentehservaretur,
1086 1645 1231 1699 nulla
1264 1652 1408 1705 enim
1428 1656 1731 1725 adiectione
1752 1680 1885 1735 opus
1916 1686 2096 1743 esset;

1496 1720 1511 1725 -
1788 1720 1801 1735 Ι
1829 1720 1881 1724 τη
1920 1720 2096 1743 -ν-ννν

514 1720 771 1783 quoniam
812 1738 940 1781 vero
986 1733 1203 1797 quidam
1258 1752 1638 1818 surrexerunt,
1695 1763 2097 1831 corruptionem

514 1818 571 1861 et
627 1813 922 1872 novitatem
968 1822 1088 1879 ﬁdei
1134 1830 1413 1899 docentes,
1448 1850 1503 1893 et
1562 1813 1920 1914 adiectionem
1982 1858 2096 1914 ﬁeri

515 1913 740 1957 necesse
777 1918 883 1973 est,
922 1912 1230 1989 factamque
1270 1935 1331 1977 ut
1374 1932 1580 2001 scripta
1610 1912 1714 2001 est,
1753 1956 2095 2017 permanere,
2131 1920 2175 1977 Β

515 2001 566 2017 ..ο
594 2009 691 2017 -Α-
723 1996 784 2017 Ι-Α
850 2016 855 2017 γ
936 2005 945 2017 ¹
1082 2010 1096 2017 ⁵
1209 2015 1220 2017 “

510 2001 691 2062 utper
722 1996 866 2055 hanc
916 2005 1407 2086 deprehendantur,
1454 1996 1545 2092 qui
1597 1996 2098 2111 mal'ig'narirel-ege:

1474 2088 1484 2092 V
1730 2088 1758 2102 υ
1825 2088 1828 2089 ν
1872 2088 1880 2089 ,
1922 2088 2066 2111 mu-

510 2095 659 2147 runt.
690 2088 984 2163 infectique
1030 2102 1100 2156 ab
1138 2104 1368 2177 integris
1400 2115 1557 2184 huius
1591 2122 1915 2193 adjectionis
1937 2134 2097 2204 signo

512 2175 864 2204 ‘I:‘nA---AA-,,
951 2191 1006 2204 ﬂ.
1110 2196 1122 2204 ι

1265 2175 1282 2177 _
1467 2175 1484 2184 _
1657 2175 1676 2193 ,
1699 2175 1915 2186 --ην-..ν
1937 2175 2093 2204 ...δην

511 2175 922 2247 dignoscantur.
951 2191 1238 2264 Simulque
1279 2218 1347 2256 ne
1390 2208 1669 2268 videamur
1696 2233 1793 2285 per
1817 2223 2093 2283 silentium

508 2269 833 2335 adiectionis
875 2278 1369 2349 blasphemantium
1416 2304 1696 2361 erroribus
1729 2314 2091 2381 acquievisse.

511 2358 727 2381 ιτς--.ειν
850 2369 862 2381 ⁹
905 2372 917 2381 ⁸
1109 2379 1119 2381 “

511 2358 791 2430 Siquidem
848 2369 1014 2440 ἰεῖιιιτ
1068 2379 1157 2445 Die
1218 2388 1468 2455 sentitis,
1523 2358 1828 2455 dictioneml
1880 2422 2095 2481 quoque

511 2454 840 2481 nnnl:a..--.!-_!
865 2478 877 2481 -
938 2465 975 2481 μ·
1283 2477 1316 2481 ,4

1810 2454 1817 2455 ,
1884 2454 2094 2481 Ἰηνηηυ

509 2454 879 2527 confitemini;
931 2465 1015 2519 sin
1069 2485 1197 2526 vero
1245 2477 1405 2544 alias,
1458 2499 1555 2542 nos
1584 2493 1803 2559 quidem
1842 2499 2001 2567 hanc,
2039 2514 2096 2558 ut

1391 2541 1397 2544 γ
1542 2541 1545 2542 ν
1592 2541 1802 2559 τμη...
1842 2541 2001 2567 ........,

507 2541 654 2610 piam
691 2558 746 2602 et
776 2564 1090 2613 sanctorum
1124 2561 1347 2623 Patrum
1372 2580 1656 2636 sententiae
1689 2589 1927 2647 maxime
1963 2609 2095 2649 con-

507 2647 700 2701 gruam
743 2644 1107 2718 suscipimus;
1146 2670 1242 2711 vos
1288 2672 1506 2733 autem,
1537 2672 1605 2726 ab
1643 2674 1899 2737 Ecclesia:
1949 2686 2092 2742 inte-

506 2727 702 2793 gritate
733 2734 1078 2798 scindemin'i.

580 2817 673 2873 Sic
714 2820 1002 2887 Nestorius
1051 2835 1319 2908 Θεοτόκος
1379 2847 1432 2902 id
1482 2863 1589 2920 est,
1660 2858 1753 2914 Dei
1802 2862 2084 2936 Genitrix,

505 2922 696 2965 vocem
742 2916 1041 2991 denegans,
1075 2926 1283 2988 Nicaani
1330 2943 1546 2998 concilii
1583 2956 1811 3019 statuta,
1855 2955 2087 3027 Symbo-

505 2999 724 3027 [ηιμ---Α
765 3018 777 3027 -
824 3026 831 3027 κ
1030 3019 1066 3027 “

504 2999 729 3075 lumque
765 3018 1066 3084 transgredi
1110 3038 1216 3078 non
1242 3040 1496 3096 oportere
1529 3043 1814 3099 asserebat
1843 3063 1858 3101 :
1890 2999 2088 3117 quibus

504 3094 676 3117 “Lm
712 3114 729 3117 ,
758 3102 844 3117 νη...
884 3105 898 3117 .
1059 3112 1091 3117 --

504 3094 680 3151 solum
706 3102 1015 3163 suffecisset
1040 3112 1243 3183 dicere,
1268 3094 1539 3181 Christum
1566 3147 1630 3184 ea:
1664 3133 1842 3189 Maria
1876 3094 2086 3209 Plirgiue

504 3199 713 3243 uatum.
748 3194 854 3251 Sed
896 3205 1138 3258 occurrit
1184 3207 1420 3280 Cyrillus
1469 3233 1721 3287 arguens,
1776 3242 1842 3282 ac
1894 3229 2086 3289 dicens
2115 3266 2158 3325 ρ

505 3277 705 3325 frustm
746 3286 893 3325 illum
921 3294 986 3325 ml
1021 3294 1208 3325 0...---
1319 3320 1339 3325 _
1369 3308 1382 3325 .
1415 3306 1448 3325 α
1551 3313 1563 3325 .
1624 3315 1635 3325 .
1880 3322 1893 3325 _

505 3277 705 3336 frustra
746 3286 893 3341 illum
920 3294 986 3346 ad
1021 3294 1208 3355 Patres
1238 3312 1291 3356 et
1316 3308 1382 3360 ad
1415 3306 1732 3380 Symbolum
1763 3322 2082 3395 confugere,

505 3373 661 3395 ’.ι---2
700 3375 725 3395 ι’
761 3393 777 3395 -
973 3384 1008 3395 ⁸⁷
1166 3391 1178 3395 “
1212 3390 1282 3395 ’““

503 3373 661 3435 quasi
699 3375 781 3432 fas
811 3395 917 3434 non
941 3384 1014 3438 sit
1036 3391 1178 3453 quod
1210 3390 1286 3447 illi
1322 3373 1602 3458 siluissent
1625 3408 1845 3477 addere,
1866 3373 2087 3474 causam

501 3475 601 3517 cur
646 3466 721 3520 illi
771 3469 994 3528 Mariam
1030 3476 1122 3533 Dei
1146 3481 1478 3546 Genitricem
1510 3509 1620 3551 non
1654 3500 1893 3560 dixerint
1933 3524 2090 3576 aper-
2128 3494 2134 3501 ”

501 3553 613 3608 tius
634 3558 705 3611 ob
731 3558 898 3616 futuri
928 3565 1287 3637 ignorantiam
1308 3595 1324 3645 ;
1344 3592 1398 3635 et
1417 3588 1560 3654 quod
1581 3594 1807 3650 necdum
1827 3599 1933 3653 orti
1957 3553 2089 3657 litis-

502 3653 645 3708 sent,
683 3650 771 3714 qui
819 3653 958 3710 hanc
1002 3660 1391 3726 absurditatem
1428 3682 1763 3745 peperissent
1793 3702 2083 3748 asserens:

501 3735 568 3789 Et
596 3737 781 3795 Patres
803 3748 960 3816 enim,
993 3751 1184 3821 inquit,
1207 3763 1541 3836 adjecissent,
1564 3775 1611 3826 si
1640 3777 1844 3848 aliquos
1871 3786 1940 3835 ad
1970 3797 2088 3840 tan-

501 3833 611 3882 tam
647 3838 913 3892 vesaniam
952 3860 1302 3914 proruptnros
1328 3860 1569 3919 scissent.

498 4512 646 4549 nunn
696 4497 1111 4566 pervenientes,
1168 4500 1239 4555 ita
1296 4511 1647 4573 respondisse
1714 4515 2073 4579 inveniemus.

492 4585 653 4651 Quod
708 4586 753 4639 si
805 4586 1004 4656 ubique
1057 4593 1237 4649 omnis
1289 4593 1532 4667 Sytnhnli
1588 4604 1822 4675 adiectio
1855 4612 2077 4674 haeresis
2108 4599 2159 4660 Ῑ)

494 4679 731 4745 putanda
797 4690 883 4734 est
916 4696 930 4731 :
961 4680 1215 4738 laudandi
1273 4700 1432 4743 erunt
1479 4694 1659 4758 Arius.
1702 4697 2074 4777 Macedonius,

496 4767 801 4832 Nestorius.
842 4779 921 4837 et.
954 4774 1158 4840 cmteri,
1193 4779 1285 4844 qui
1329 4792 1518 4837 contra
1566 4793 1849 4851 veritatem
1892 4802 2077 4857 rabide

496 4861 764 4918 Intrarunt
818 4881 833 4918 :
893 4880 999 4919 non
1043 4870 1808 4953 suscipientes"adiectiones,
1846 4905 2075 4961 propter

497 4957 675 5010 fictam
704 4968 758 5011 et
791 4957 1026 5014 fucatam
1061 4964 1401 5032 antiquitatis
1455 4981 1836 5037 reverentiam.
1869 4986 2071 5047 Contra

493 5045 776 5112 culpabilis
802 5048 997 5117 (hisce)
1031 5052 1211 5108 omnis
1242 5055 1505 5119 Ecclesia.

568 5137 765 5190 Verum
808 5139 1036 5207 plurima
1091 5161 1309 5217 quoque
1392 5161 1700 5217 necessario
1767 5173 2066 5228 secundum

496 5226 653 5280 ﬁdem
697 5228 1027 5295 conﬁtenda,
1063 5233 1323 5305 Symbolo
1353 5256 1457 5295 non
1491 5251 1855 5314 continentur.
1886 5258 2072 5331 Neque

494 5316 639 5369 enim
671 5317 740 5370 ibi
774 5317 934 5373 beata
984 5320 1151 5383 Maria
1197 5324 1363 5397 Virgo
1409 5330 1499 5386 Dei
1564 5336 1807 5397 Gcttitrix
1848 5316 2069 5417 dicitur,

494 5404 590 5458 sed
632 5404 797 5473 Virgo
845 5408 1044 5463 solum.
1073 5411 1258 5483 Neque
1294 5419 1437 5485 quod
1489 5422 1581 5478 Dei
1614 5426 1844 5486 Verbum
1876 5404 2073 5491 sccuu:

495 5499 621 5551 dum
656 5515 818 5553 unam
868 5503 1228 5561 substantiam
1260 5524 1417 5578 quem
1448 5522 1739 5587 assumpsit
1794 5524 2069 5588 hominem

496 5590 673 5645 univit
720 5593 820 5646 sibi
873 5594 1009 5663 ipsi;
1046 5612 1243 5665 neque,
1287 5604 1430 5670 quod
1470 5605 1717 5665 Christus
1759 5617 1823 5669 ad
1873 5619 2074 5681 inferos

496 5684 1027 5765 descenderit.quod
1082 5687 1133 5742 iu
1193 5695 1559 5758 apostolorum
1614 5700 1868 5771 Symholo
1901 5711 2074 5773 fuerat

497 5779 784 5831 scriptum.
831 5775 1014 5847 Neque
1046 5780 1282 5848 Spiritus
1323 5798 1544 5847 sanctus
1598 5800 1861 5856 asseritur
1896 5804 2053 5864 Deus.

571 5892 681 5959 (45)
712 5892 934 5949 Videtur
957 5895 1159 5965 aliquid
1198 5901 1404 5957 deesse.

1796 444 2194 513 MANUELIS
2235 455 2541 523 CALEC/E

520 530 567 585 si
600 532 841 600 quidem,
872 536 1001 593 dum
1042 541 1114 598 illi
1140 558 1511 619 superessent,
1544 554 1612 611 de
1644 556 1748 615 hoc
1784 573 1929 620 mota
1961 581 2111 636 qure-

3680 489 3786 560 19?

2139 573 2183 628 A
2215 575 2353 642 Quid
2402 584 2735 653 ergo?Num
2784 590 2868 645 his
2913 593 3037 652 ideo
3083 616 3188 656 non
3226 605 3554 664 credemus?
3579 627 3698 680 qua:
3735 631 3792 671 ex

2221 670 2304 725 his
2354 688 2475 741 quae
2525 678 2745 769 scripta.
2774 698 2925 749 sunt,
2982 691 3316 765 colliguntur
3368 707 3703 773 necessario,
3733 724 3792 762 an

2217 761 2554 832 simplicibus
2604 753 2807 838 verbis.
2834 787 2893 832 ut
2941 796 2971 835 a
3015 753 3266 843 conciliis
3292 803 3419 847 sunt
3440 797 3664 862 tradita,
3695 808 3795 852 sta-

2216 853 2541 928 himusiAt,
2575 864 2703 920 illud
2740 870 2961 937 quidem
3012 891 3201 933 eorum
3252 894 3360 949 est,
3391 888 3482 955 qui
3521 891 3586 942 de
3628 894 3791 945 nomi-

2217 949 2380 1006 nibus
2428 956 2805 1025 contendunt;
2840 972 2893 1017 et
2946 981 3106 1024 omne
3136 975 3281 1042 quod
3334 949 3531 1042 praeter
3566 981 3792 1037 litteram

2214 1046 2506 1114 accipitur,
2532 1053 2851 1109 scandalum
2887 1068 3079 1126 putant
3110 1081 3124 1117 :
3159 1064 3315 1133 juxta
3346 1070 3558 1125 scilicet
3586 1072 3793 1127 Judteo-

2215 1149 2337 1190 rum
2375 1139 2669 1207 vilhatem,
2724 1148 2816 1214 qui
2869 1164 3089 1217 semper
3129 1155 3260 1226 legis
3308 1161 3557 1216 assident
3584 1162 3790 1221 litteris.

2213 1230 2370 1296 Quod
2418 1235 2584 1290 etiam
2632 1238 2792 1294 divus
2830 1241 3143 1315 Dionysius.
3174 1251 3554 1311 irrationabile
3587 1273 3651 1310 ac
3678 1274 3794 1327 pcr-

2216 1340 2429 1381 versum
2464 1344 2587 1384 esse
2609 1334 2707 1395 ait.
2730 1350 2834 1389 non
2864 1338 3073 1395 scilicet
3113 1343 3437 1402 intentionis
3464 1350 3680 1416 virtuti,
3706 1355 3793 1407 sed

2212 1419 2494 1476 vocabulis
2519 1423 2823 1485 intendere.

2284 1510 2455 1568 Porro
2524 1518 2748 1587 proprie
2832 1526 3110 1591 expositos
3164 1544 3192 1583 a
3246 1532 3473 1600 synodis
3538 1535 3793 1589 terminos

2210 1602 2378 1658 veluti
2421 1620 2710 1665 commune
2768 1611 3083 1682 Symbolum
3135 1603 3366 1676 minime
3430 1624 3793 1692 amplecti,ac

2208 1697 2515 1766 suscipere.
2570 1716 2759 1757 eorum
2802 1716 2907 1771 est,
2970 1711 3062 1777 qui
3104 1713 3334 1766 concilia
3395 1715 3550 1769 irrita
3598 1721 3790 1777 volunt.

2209 1785 2387 1857 Eque
2420 1790 2581 1861 igitur
2612 1808 2675 1848 ac
2708 1793 3029 1865 Symbolum
3058 1818 3400 1875 quiscunque
3448 1809 3544 1864 illa
3591 1823 3795 1868 Statue-

2210 1879 2348 1945 rint,
2385 1885 2731 1954 suscipienda
2764 1898 2912 1945 sunt.
2946 1892 3133 1962 Neque
3162 1898 3309 1951 enim
3353 1901 3629 1967 profecto.
3655 1907 3789 1973 quod

2207 1972 2262 2025 in
2290 1972 2547 2043 Symbolo
2569 1978 2790 2045 quidem
2819 1984 3152 2049 continetur.
3180 1990 3573 2048 honor‘ahinttts
3611 2015 3623 2050 :
3654 2001 3789 2063 quod

2206 2074 2387 2121 autem
2448 2083 2516 2123 ex
2577 2070 2718 2127 illius
2784 2075 2985 2142 pendet
3044 2079 3172 2145 ﬁne,
3207 2084 3292 2135 vel
3337 2087 3480 2150 quod
3519 2100 3644 2154 post
3676 2089 3789 2152 eius

2203 2145 2493 2211 lectionem
2541 2158 2760 2227 dicitur,
2798 2164 2881 2218 vel
2912 2182 2967 2220 tn
3016 2171 3130 2225 suis
3163 2175 3415 2227 terminis
3475 2182 3785 2243 exponitur.

2204 2258 2312 2299 non
2364 2247 2792 2307 honorabimus?
2848 2252 2961 2309 Hoc
3018 2260 3160 2313 enim
3239 2263 3497 2317 stolidum
3554 2267 3711 2319 simul
3736 2278 3789 2323 ct

2204 2336 2581 2395 irrationabile
2605 2353 2713 2396 est.

2276 2430 2431 2496 Quod
2454 2434 2500 2489 si
2526 2437 2757 2491 concilia
2784 2452 2935 2495 sacra
2956 2457 3310 2508 veneramur.
3333 2446 3557 2531 illorum_
3576 2466 3787 2521 quoque

2203 2524 2511 2579 sententias
2561 2529 2811 2582 venerari
2872 2535 3148 2600 convenit,
3180 2545 3345 2605 atque
3376 2538 3473 2601 ita,
3505 2524 3571 2594 υὶ
3604 2543 3671 2598 de
3706 2544 3783 2599 his

2203 2628 2302 2668 nos
2356 2631 2482 2671 esse
2526 2620 2888 2684 certissimos,
2918 2638 3041 2678 cum
3081 2628 3231 2680 omni
3294 2628 3489 2684 ﬁducia
3522 2634 3782 2688 confitea-

2201 2720 2345 2771 mur,
2379 2723 2580 2777 eosque
2609 2712 2700 2779 qui
2734 2724 2954 2782 negant,
2993 2730 3367 2790 exsecremur.
3406 2720 3541 2776 Nam
3596 2727 3685 2794 qui
3732 2728 3781 2782 in

2197 2797 2425 2868 synodis
2454 2802 2733 2870 expositas
2774 2806 3079 2859 sententias
3109 2818 3289 2876 negat.
3365 2815 3545 2878 poenis
3585 2832 3781 2883 negau-

2197 2889 2333 2943 tium
2371 2889 2686 2961 Symbolum
2738 2896 2843 2949 erit
2892 2897 3182 2954 obnoxius.
3222 2899 3455 2957 Prorsus
3484 2914 3538 2959 et
3576 2921 3639 2959 ea
3669 2923 3780 2976 quat

2198 2981 2456 3050 Symbolo
2510 2983 2772 3053 inscripta
2829 3003 2934 3041 non
2996 3001 3143 3054 sunt.
3190 3008 3348 3063 aeque
3403 3010 3466 3048 ac
3503 3012 3550 3051 ει
3586 2998 3779 3066 scripta

2195 3082 2402 3139 essent,
2440 3076 2845 3134 honorauimus.
2880 3083 3053 3152 Atque
3102 3086 3228 3140 hinc
3267 3087 3313 3141 si
3348 3088 3490 3142 ratio
3535 3093 3780 3146 veritatis

2194 3167 2456 3235 exegerit,
2489 3168 2535 3222 si
2565 3184 2727 3225 casus
2760 3177 3074 3229 necessario
3106 3178 3401 3246 impulerit,
3425 3183 3563 3237 nihil
3586 3185 3776 3254 differt,

2192 3255 2353 3309 etiam
2367 3272 2485 3324 quae
2500 3274 2601 3314 non
2619 3272 2744 3316 sunt
2760 3264 2987 3335 scripta,
3004 3268 3272 3337 conﬁteri,
3292 3287 3413 3326 cum
3441 3276 3494 3329 in
3528 3276 3781 3350 Symbolo

2191 3348 2499 3416 complexa,
2531 3356 2929 3422 comprehensa
2958 3360 3089 3416 sint.

2262 3441 2554 3507 Quocirca,
2583 3460 2763 3516 neque
2789 3449 2897 3506 illis
2927 3453 3164 3522 adiectio
3209 3459 3518 3525 obiicienda
3552 3473 3662 3529 est,
3690 3464 3777 3534 qui

2189 3532 2353 3585 etiam
2389 3551 2454 3589 ea:
2509 3534 2650 3592 Filio
2698 3538 2957 3607 Spiritum
3006 3557 3253 3604 sanctum
3277 3554 3577 3619 procedere
3614 3532 3778 3609 faten-

2193 3633 2300 3680 tur.
2349 3625 2477 3691 Sed,
2516 3637 2575 3683 ut
2621 3630 2827 3706 dictum
2893 3645 2995 3702 est,
3039 3653 3303 3695 verumne
3339 3643 3441 3698 hoc
3475 3645 3569 3709 sit,
3609 3648 3775 3714 inspi-

2188 3715 2438 3771 ciendum
2469 3729 2570 3776 est.
2609 3721 2744 3777 Nam
2776 3736 3138 3798 praeterquam
3173 3736 3317 3802 quod
3350 3736 3618 3802 subiectis
3656 3739 3773 3793 fidei

2188 3810 2474 3879 principiis
2501 3828 2729 3871 necesse
2763 3828 2870 3879 est.
2910 3822 2953 3875 si
3002 3824 3234 3881 velimus
3278 3842 3342 3882 ea
3380 3843 3499 3898 quae
3533 3847 3775 3887 commu-

2190 3899 2329 3954 niter
2358 3916 2386 3953 a
2420 3903 2688 3975 theologis
2717 3909 2782 3962 de
2805 3908 3076 3969 Trinitate
3101 3916 3414 3985 traduntur,
3445 3920 3772 3988 observare;

2187 3991 2350 4045 etiam
2388 4009 2453 4049 ex
2478 3994 2616 4051 Filio
2656 4002 2972 4068 procedere,
3007 4004 3204 4074 fateri;
3235 4009 3371 4065 alios
3399 4012 3620 4079 quidcm
3652 4029 3770 4066 san-

2186 4091 2303 4136 ctus
2335 4086 2619 4153 habemus,
2655 4105 2721 4143 ea:
2762 4090 2906 4149 Filio
2964 4095 3114 4151 illum
3171 4113 3294 4154 esse
3320 4101 3587 4168 dicentes,
3613 4114 3669 4159 et
3707 4102 3773 4157 ab

2188 4174 2304 4238 ipso
2336 4176 2535 4233 habere
2565 4194 2708 4245 esse,
2739 4191 2793 4236 et
2813 4198 2878 4238 ex
2913 4186 3031 4253 ipso
3059 4191 3380 4245 naturaliter
3403 4202 3565 4263 atque
3602 4212 3773 4249 essen-

2186 4266 2403 4331 tialiter,
2436 4278 2496 4323 ιιι
2531 4269 2704 4340 ipsius
2732 4277 3104 4341 operationem
3136 4281 3438 4337 naturalem
3489 4294 3545 4339 et
3586 4301 3771 4342 essen-

2188 4356 2371 4409 tialetu
2434 4362 2675 4428 prodire.
2718 4361 2786 4418 Et
2843 4365 3005 4421 sicuti
3057 4382 3122 4422 ex
3164 4367 3357 4436 Patre,
3393 4372 3464 4425 ita
3508 4374 3673 4428 etiam
3703 4388 3770 4427 ex

2185 4449 2322 4504 Filio
2358 4467 2505 4516 esse,
2537 4459 2839 4511 secundum
2880 4462 3131 4514 eumdem
3170 4464 3411 4518 modum.
3450 4466 3601 4521 Alios
3636 4482 3767 4521 vero

2186 4556 2279 4609 per
2334 4542 2528 4598 Filium
2576 4547 2901 4604 naturaliter
2940 4552 3178 4620 prodire.
3209 4563 3265 4608 ct
3306 4571 3402 4624 per
3446 4571 3568 4612 eum
3602 4570 3768 4629 atque

2184 4647 2251 4686 ex
2297 4649 2363 4689 eo
2408 4636 2680 4705 accipere,
2708 4649 2764 4693 et
2789 4654 2858 4695 ex
2899 4640 3064 4697 Patre
3093 4658 3190 4708 per
3215 4646 3410 4702 Filium
3442 4652 3765 4719 procedere,

2109 4770 2113 4775 λ
2184 4725 2294 4779 imo
2329 4726 2493 4781 etiam
2525 4742 2593 4782 ex
2635 4728 2771 4785 Filio
2792 4735 3106 4801 procedere,
3131 4746 3184 4791 et
3214 4753 3336 4806 quae
3366 4741 3469 4794 alia
3509 4743 3765 4811 praedicta

2179 4827 2325 4871 sunt.
2370 4819 2445 4872 lta
2476 4821 2620 4875 enim
2676 4822 2777 4890 ipsi
2813 4824 3015 4880 dictum
3058 4829 3184 4883 illud
3218 4834 3583 4900 evangelicum
3613 4852 3628 4890 :
3663 4836 3766 4900 Qui

2178 4926 2212 4960 a
2278 4907 2443 4965 Patre
2520 4914 2792 4982 procedit,
2850 4931 3253 4989 exposuerunt;
3320 4927 3765 4995 complexumque

2178 5002 2496 5067 procedendi
2526 5006 2817 5059 terminum
2850 5010 3130 5078 addentes,
3155 5026 3223 5066 ex
3250 5012 3412 5070 Patre
3437 5031 3531 5084 per
3568 5017 3761 5073 Filium

2179 5094 2476 5160 procedere
2506 5095 2943 5154 declaraverunt.
2982 5102 3131 5169 Quos
3166 5104 3437 5173 profecto,
3473 5124 3629 5164 nemo
3662 5111 3764 5166 erit

2173 5179 2247 5234 ita
2281 5198 2491 5248 amens,
2511 5187 2604 5255 qui
2648 5189 2848 5244 audeat
2888 5207 3152 5248 accusare
3188 5194 3438 5253 fallaciae.
3481 5198 3587 5268 lpsi
3619 5201 3759 5254 enim

2172 5283 2319 5337 sunt,
2348 5276 2441 5346 qui
2463 5278 2694 5334 concilia
2721 5281 3076 5339 instituerunt
3111 5304 3124 5341 :
3161 5302 3256 5355 per
3285 5304 3422 5356 quos
3453 5290 3540 5345 illa
3576 5292 3757 5354 robur,

2178 5378 2240 5415 ac
2301 5366 2573 5423 munimen
2624 5382 2975 5441 acceperunt.
3030 5387 3193 5446 atque
3252 5381 3322 5433 ab
3360 5382 3461 5448 eis,
3499 5399 3619 5436 cutn
3653 5382 3758 5435 ulla

2178 5454 2342 5511 fuerit
2379 5459 2444 5514 de
2484 5461 2588 5517 ﬁde
2625 5466 2855 5533 quaestio
2882 5467 3162 5534 solvenda,
3197 5472 3263 5523 ad
3292 5471 3516 5526 istorum
3556 5474 3757 5528 doctri-

2180 5562 2300 5600 nam
2358 5564 2422 5605 ac
2483 5556 2853 5623 magisterium
2912 5558 3200 5629 mittimur,
3259 5562 3377 5617 haec
3428 5572 3483 5618 ct.
3520 5564 3607 5619 illa
3658 5579 3756 5619 nos

2184 5638 2291 5706 pali
2321 5641 2664 5711 addentibus,
2697 5644 2801 5699 nisi
2836 5646 2970 5702 istos
3000 5650 3382 5718 suscipiamus.
3426 5653 3536 5708 Cur
3594 5657 3752 5709 etiam

2183 5728 2268 5782 hic
2301 5730 2657 5800 adiectionem
2702 5752 2806 5791 non
2848 5738 3156 5809 culpamus.
3185 5758 3246 5796 ac
3277 5758 3372 5812 per
3407 5741 3601 5799 Filium
3632 5762 3753 5815 pro-

2168 5820 2360 5877 cedere
2391 5838 2670 5894 negamus,
2695 5830 2950 5898 quoniam
2987 5834 3038 5887 in
3076 5833 3371 5903 Evangelia
3406 5836 3457 5890 id
3489 5839 3749 5908 scriptum
