4114 6306
223 207 369 270 193

1363 208 1768 270 ADVERSUS
1804 206 1848 265 Ο

1950 207 2117 267 ECOS
2153 209 2301 268 LIB.
2347 209 2447 269 IV.
3403 212 3510 278 ιθι

222 336 365 373 non
406 320 534 374 est?
575 321 645 374 At
685 334 911 388 uiagnus
948 320 1020 372 ait
1059 319 1408 384 Athanasius,
1443 323 1686 388 possibile
1737 337 1838 373 non
1867 325 1913 382 Α
1945 319 2069 372 hinc
2114 321 2263 374 solus
2315 322 2382 376 de
2421 322 2538 375 solo
2597 323 2868 387 creditur,
2920 324 3122 379 idcirco
3150 333 3205 380 et
3245 322 3509 392 Spiritum

235 428 371 464 esse
411 414 460 463 in
499 410 774 464 Trinitatis
812 412 1006 480 gloria,
1041 413 1300 480 Spiritum
1347 424 1586 465 sanctum
1635 414 1837 482 gloriﬁ-

241 503 397 564 cari,
432 503 530 555 nisi
580 505 908 572 procedendo
944 505 1008 556 sit
1049 520 1114 556 ea:
1148 502 1310 557 Patre
1355 521 1443 570 per
1477 502 1718 568 Filium;
1743 503 1834 556 sed

241 608 322 650 ct
346 598 560 664 septima
589 600 849 667 synodus,
887 605 941 650 et
972 596 1228 650 'I‘arasius
1261 597 1568 664 patriarcha
1603 596 1837 649 sanctis-

251 687 451 752 simus,
496 698 552 741 et
599 697 914 741 sanctorum
977 687 1192 756 plurimi
1236 689 1287 740 in
1325 688 1447 741 tidei
1475 703 1585 741 sum
1617 686 1835 742 ccul'es-

251 777 412 832 sione
463 795 528 832 ex
600 777 765 833 Patre
826 795 920 848 per
969 777 1163 833 Filium
1220 779 1514 849 procedere
1571 779 1835 848 Spiritum

255 880 502 922 sanctum
553 869 987 923 insinuaverunt.

336 959 627 1023 Ceterum,
683 961 729 1015 si
787 961 911 1029 quis
961 961 1092 1014 illud
1141 961 1513 1048 evangelicum
1560 978 1574 1015 :
1632 959 1737 1024 Qui
1775 975 1841 1014 ex

277 1051 432 1106 Patre
467 1053 724 1118 procedit,
774 1052 856 1106 his
883 1054 972 1119 qui
1018 1054 1181 1105 etiam
1233 1069 1296 1106 ex
1353 1051 1490 1105 Filio
1544 1051 1839 1134 p‘ocedere

270 1141 520 1210 Spiritum
583 1142 810 1205 dicunt,
861 1143 1122 1210 obiiciat,
1174 1156 1277 1196 non
1343 1143 1450 1194 illis
1509 1143 1837 1195 contrariam

268 1235 483 1298 apponit
517 1247 730 1286 vocem.
783 1231 964 1301 Neque
1028 1233 1198 1298 enim,
1229 1233 1274 1287 si
1325 1249 1390 1287 ex
1443 1231 1582 1287 Filio
1625 1243 1729 1297 est,
1771 1248 1837 1287 ex

272 1322 427 1380 Patre
483 1339 604 1380 esse
663 1325 910 1392 desinet;
943 1339 1116 1394 neque
1160 1325 1264 1379 ista
1319 1325 1550 1381 invicem
1603 1326 1837 1395 objecta,

270 1415 496 1470 invicem
535 1425 875 1484 pervertunt.
900 1417 1037 1482 lmo,
1065 1427 1123 1470 ut
1161 1415 1400 1485 pluribus
1445 1417 1749 1479 docuimus,
1773 1432 1838 1471 ex

270 1504 424 1561 Patre
448 1522 565 1561 esse
592 1506 735 1574 quod
784 1506 1004 1570 dicitur,
1033 1521 1156 1562 esse
1189 1507 1353 1561 etiam
1381 1522 1447 1561 ex
1485 1508 1624 1562 Filio
1653 1509 1843 1563 subiu-

279 1600 426 1666 gerit.
459 1598 563 1652 Sed
599 1613 776 1668 neque
819 1615 885 1654 ex
915 1598 1078 1653 Patre
1115 1613 1212 1667 per
1238 1599 1432 1653 Filiqu
1479 1601 1775 1667 procedere
1810 1615 1841 1653 a

1937 419 2212 476 sanctum,
2244 413 2502 480 quoniam
2545 427 2611 466 ex
2639 414 2796 468 Patre
2831 415 3124 482 procedere
3164 413 3366 468 dictum
3405 424 3509 478 est,

1935 519 2001 557 ea:
2025 505 2159 567 solo,
2195 504 2296 571 ipsi
2361 505 2674 571 adjiciunt:
2730 507 2961 575 primum
3015 506 3258 575 quidem,
3318 513 3374 558 et
3410 507 3511 573 ipsi

1937 596 2260 663 adiicientes
2311 607 2648 664 arguuntur,
2707 613 2882 666 neque
2918 599 3061 667 digiti
3105 608 3232 651 sunt
3268 600 3359 666 qui
3415 614 3510 648 au-

1936 686 2174 751 diantur,
2205 703 2328 741 cum
2368 687 2804 743 insimulaut‘eos
2842 690 2931 758 qui
2972 705 3035 743 ea:
3067 689 3200 742 Filio
3233 690 3397 744 etiam
3425 691 3510 742 di-
3543 744 3563 764 o

1937 787 2069 832 cunt
2095 778 2414 848 adiectionis
2439 793 2624 832 causa.
2653 777 2868 834 Eisdem
2916 782 3060 833 enim
3092 790 3147 833 et
3180 781 3278 845 ipsi
3313 790 3511 832 tenen-

1937 879 2026 924 tur
2061 870 2526 925 obnoxii.Deinde
2565 880 2851 939 cogentur,
2887 870 2932 925 si
2964 871 3297 938 unigenitum
3320 869 3511 922 Filium

1939 972 1997 1015 ut
2029 962 2203 1016 solum
2242 978 2308 1016 ex
2346 963 2464 1017 solo
2492 962 2845 1026 conﬁtentur,
2881 964 3177 1016 secundum
3214 961 3514 1014 nativitatis

1944 1055 2260 1117 terminum,
2319 1055 2392 1108 ita
2440 1063 2494 1108 et
2550 1053 2812 1123 Spiritum
2869 1062 3156 1115 sanctum,
3188 1051 3398 1104 sublata
3448 1065 3515 1103 ex

1944 1141 2106 1197 Patre
2165 1143 2514 1212 processione
2553 1158 2652 1212 per
2681 1142 2917 1204 Filium,
2960 1142 3299 1211 unigenitum
3358 1139 3515 1192 fateri

1942 1234 2137 1289 Filim
2164 1243 2221 1288 ut
2249 1235 2422 1288 solum
2449 1251 2513 1290 ex
2546 1235 2682 1298 solo,
2717 1235 3169 1304 quemadmodum
3216 1231 3386 1286 Filius
3427 1246 3516 1282 so-

1943 1328 2027 1382 lus
2060 1342 2124 1381 ex
2150 1326 2268 1382 solo
2292 1339 2406 1391 eet;
2429 1343 2602 1396 neque
2622 1328 2767 1382 enim
2798 1342 2863 1381 ex
2889 1326 3005 1380 Solo
3036 1336 3242 1379 tantum
3261 1323 3517 1387 dicimus,

1943 1421 2038 1473 sed
2067 1419 2399 1488 unigenitum
2431 1431 2646 1487 quoque
2674 1417 2891 1472 Filium.
2922 1415 3125 1485 Nempe
3150 1418 3291 1470 enim
3331 1430 3520 1484 quem-

1944 1511 2230 1564 admodum
2284 1511 2335 1564 in
2375 1512 2550 1564 sacris
2578 1512 2772 1564 litteris
2803 1511 2948 1564 solus
3002 1526 3152 1563 verus
3194 1507 3353 1561 Pater
3380 1508 3513 1559 dici-

1947 1611 2056 1665 tur,
2089 1613 2143 1655 et
2165 1603 2288 1669 quia
2325 1601 2493 1656 Nemo
2521 1604 2658 1656 nevit
2702 1600 2901 1655 Filium
2923 1642 2939 1666 ,
2990 1603 3093 1654 nisi
3133 1600 3322 1663 Pater,
3356 1615 3517 1665 neque

278 1688 463 1742 sanctis
486 1689 760 1742 diceretur
799 1705 814 1741 :
846 1689 891 1743 si
917 1689 1136 1756 quidem
1170 1688 1272 1742 ista
1309 1689 1580 1742 contraria
1613 1690 1840 1743 invicem
1877 1673 1920 1727 Β
1951 1690 2186 1751 Patrem.
2221 1693 2324 1744 nisi
2358 1692 2523 1745 Filius
2548 1694 2588 1722 ¹¹
2612 1707 2628 1757 ;
2656 1701 2711 1744 et
2739 1709 2753 1746 :
2789 1691 2894 1756 Qui
2925 1691 3090 1744 credit
3122 1692 3175 1742 in
3200 1705 3296 1746 me.
3332 1704 3433 1741 non
3461 1689 3516 1739 in

277 1787 469 1832 esset.
491 1778 630 1830 Nam
659 1781 703 1832 si
735 1792 800 1832 ex
824 1778 984 1834 Patre
1015 1779 1128 1832 solo
1161 1779 1364 1834 dictum
1388 1780 1598 1840 fuisset,
1621 1778 1847 1834 haberet

284 1870 541 1925 rationem
595 1870 906 1938 huiusmodi
977 1870 1234 1941 obiectio.
1273 1871 1536 1937 Quoniam
1593 1887 1720 1925 vero
1775 1887 1842 1926 ex

281 1959 430 2015 Patre
464 1974 673 2015 tantum
713 1963 918 2016 dictum
959 1971 1063 2027 est,
1100 1963 1200 2016 hoc
1223 1974 1401 2016 autem
1433 1973 1488 2018 et
1516 1963 1583 2018 ab
1601 1964 1844 2033 utrisque

279 2067 370 2121 pro
414 2053 664 2110 confesso
721 2056 976 2118 habetur,
1023 2070 1482 2125 supervacaneum
1533 2066 1617 2110 est
1681 2065 1844 2124 atque

279 2147 650 2211 vanissimam,
676 2148 878 2201 omisso
908 2160 995 2212 eo,
1013 2148 1156 2218 quod
1181 2147 1348 2213 prius,
1380 2157 1440 2202 ut
1469 2147 1844 2216 ostenderent,

276 2251 464 2292 curare
500 2238 826 2303 debuerant,
859 2252 924 2292 ex
955 2240 1071 2291 solo
1106 2238 1315 2291 scilicet
1339 2237 1499 2292 Patre
1530 2241 1842 2304 procedere,

277 2333 413 2400 quod
463 2333 799 2385 contrarium
848 2340 931 2384 est
961 2329 1033 2396 ei,
1070 2331 1214 2399 quod
1265 2340 1371 2394 est,
1410 2345 1475 2384 ex
1508 2329 1647 2384 Filio
1674 2347 1796 2384 esse
1830 2349 1842 2386 :

278 2436 338 2474 ex
368 2420 531 2476 Patre
584 2421 879 2490 procedere
909 2423 1052 2490 quod
1080 2422 1302 2485 dicitur,
1331 2422 1485 2490 quasi
1543 2439 1846 2492 repugnans

275 2511 472 2570 ducere
505 2513 591 2568 his
625 2513 717 2582 qui
748 2513 852 2568 hoc
889 2512 1202 2566 nullatenus
1235 2528 1452 2581 negant.

336 2601 617 2659 Concesso
644 2617 771 2672 ergo
814 2607 882 2655 ab
929 2603 1214 2670 utriusque
1249 2600 1510 2672 Spiritum
1560 2619 1625 2658 ex
1683 2604 1848 2659 Patre

271 2697 585 2765 procedere,
613 2693 973 2764 reliquasiam
997 2695 1292 2748 sententias
1318 2695 1714 2764 inspiciendum
1742 2707 1848 2761 est,

273 2787 473 2857 quibus
504 2787 679 2855 magis
729 2787 1093 2840 conveniant:
1123 2786 1301 2850 hisne,
1329 2790 1418 2856 qui
1453 2803 1518 2841 ex
1548 2788 1662 2842 solo
1689 2787 1850 2842 Patre

271 2876 571 2946 procedere
625 2874 813 2930 dicunt
847 2876 1110 2946 Spiritum
1157 2887 1406 2931 sauctmn
1437 2915 1452 2939 ,
1488 2891 1554 2929 au
1584 2893 1709 2932 vero
1767 2880 1851 2934 his

1946 1800 2028 1836 me
2058 1783 2247 1846 credit,
2281 1782 2370 1835 sed
2401 1784 2455 1835 in
2474 1800 2612 1846 eum,
2644 1786 2733 1852 qui
2771 1784 2913 1836 misit
2954 1783 3121 1848 me“;
3151 1789 3241 1835 et:
3269 1780 3390 1833 Mea
3418 1781 3517 1832 do-

1947 1873 2088 1925 trina
2117 1888 2218 1925 non
2254 1880 2330 1924 est
2356 1887 2470 1924 mea
2498 1871 2576 1934 “;
2609 1887 2781 1939 neque
2816 1873 3194 1940 cowpellimur
3231 1870 3360 1922 solis
3395 1883 3518 1936 per-

1948 1965 2101 2018 sonis
2145 1965 2202 2017 iu
2252 1963 2448 2032 quibus
2487 1963 2794 2031 huiusmodi
2833 1964 3056 2016 deﬁnite
3103 1963 3388 2021 dit-untur,
3417 1962 3520 2011 ista

1947 2053 2300 2120 distribuere;
2354 2054 2446 2108 sed
2490 2056 2636 2108 solus
2663 2054 2872 2123 quidem
2904 2067 3094 2115 uerus,
3134 2060 3188 2104 et
3227 2049 3412 2112 Patri,
3466 2060 3520 2101 et

1949 2142 2089 2199 Filio
2159 2154 2524 2214 congruenter
2576 2153 2824 2214 aptatur;
2871 2143 3024 2213 quasi
3082 2157 3186 2195 nou
3250 2139 3520 2208 obiectum

1947 2241 2163 2292 illorum
2193 2237 2641 2292 substantialibus
2669 2236 3089 2305 proprietatibus
3110 2234 3260 2304 (44);
3287 2248 3521 2301 cognos-

1946 2349 2072 2389 cere
2095 2346 2276 2386 autem
2310 2330 2526 2384 Patrem
2549 2368 2564 2392 ,
2616 2341 2670 2383 et
2700 2329 2919 2392 Filium,
2956 2336 3010 2381 et
3040 2327 3107 2381 ab
3141 2327 3224 2381 eis
3280 2323 3521 2393 agnosci,

1948 2426 2112 2479 etiam
2147 2421 2376 2492 Spiritui
2399 2429 2590 2474 sancto
2619 2420 3010 2484 distribuitur;
3060 2433 3126 2472 eo
3155 2418 3297 2486 quod
3346 2415 3525 2482 obiec-

1949 2526 2061 2570 tttm
2095 2532 2201 2570 non
2236 2519 2307 2570 sit
2341 2518 2484 2569 seire
2515 2516 2658 2568 illius
2700 2513 3042 2568 substantiali
3078 2511 3424 2582 proprietati,
3459 2524 3524 2561 ac

1951 2609 2017 2662 de
2058 2609 2183 2661 aliis
2215 2607 2487 2661 similiter.
2522 2607 2621 2662 Ubi
2655 2607 2796 2660 enim
2854 2621 2960 2659 non
3013 2609 3192 2660 obstat
3249 2606 3527 2659 relationis

1952 2699 2226 2766 eppositio
2250 2686 2276 2761 ,’
2321 2697 2451 2749 nihil
2504 2696 2761 2763 prohibet
2793 2697 2935 2764 quod
2971 2695 3170 2747 dicitur
3202 2707 3523 2762 congruere.

1954 2789 2031 2842 Ita
2072 2804 2248 2855 neque
2281 2788 2324 2840 si
2358 2803 2386 2839 a
2421 2785 2581 2840 Patre
2622 2786 2899 2839 diceretur
2952 2788 3245 2854 procedere
3292 2785 3527 2851 Spiritus

1953 2891 2177 2935 sanctus
2210 2889 2264 2932 et
2295 2879 2582 2932 adderetur
2616 2878 2753 2940 solo,
2777 2875 2950 2929 valide
2974 2888 3152 2944 posset
3175 2877 3273 2927 hoc.
3305 2887 3354 2928 et
3388 2873 3527 2927 Filio

269 2968 359 3036 qui
386 2970 533 3022 hunc
557 2982 624 3021 ex
657 2965 820 3021 Patre
849 2965 1212 3030 conﬁtentur,
1277 2983 1340 3021 ac
1379 2966 1552 3020 Filio?
1580 2967 1643 3021 lli
1682 2969 1852 3038 siqui-
1879 3008 1924 3064 ο
1958 2975 2165 3043 negari.
2212 2971 2364 3026 Nunc
2418 2982 2594 3024 autent
2644 2972 2861 3040 quando
2916 2970 3238 3037 simpliciter
3281 2984 3310 3023 a
3365 2966 3529 3020 Patre

271 3064 390 3117 dem
441 3059 608 3126 illud,
665 3061 807 3130 quod
837 3061 1075 3114 dicitur:
1118 3058 1192 3114 De
1230 3076 1341 3113 meo
1381 3062 1597 3128 accipiet
1636 3064 1690 3136 ἐς
1745 3073 1798 3116 ct
1837 3082 1852 3118 ;

273 3153 432 3219 Quem
471 3169 568 3222 ego
603 3154 806 3205 mittam
833 3151 896 3218 ‘;
944 3166 997 3206 et
1029 3168 1044 3206 :
1090 3150 1353 3221 Spiritum
1395 3143 1627 3207 vcinam
1655 3155 1716 3220 ';
1764 3167 1853 3208 et:

275 3245 446 3300 Mittet
485 3245 650 3298 Pater
685 3246 739 3297 in
771 3245 976 3298 nomine
1025 3261 1136 3298 meo
1161 3247 1228 3311 ';
1279 3258 1332 3301 et
1365 3265 1377 3299 :
1425 3247 1554 3316 Ego,
1598 3257 1646 3300 et
1697 3250 1858 3300 l’ater

277 3355 436 3391 unum
472 3354 656 3390 sumus
682 3338 737 3402 7;
795 3346 892 3390 et:
925 3337 1140 3401 Omnia,
1190 3356 1307 3408 quw
1349 3340 1503 3392 habet
1545 3340 1703 3392 Pater
1743 3341 1856 3392 mea

278 3429 471 3494 sunt";
497 3438 550 3482 et
584 3444 596 3480 :
625 3426 685 3482 Si
723 3427 777 3479 in
804 3428 966 3495 digito
1003 3426 1098 3480 Dei
1132 3430 1245 3482 sive
1271 3432 1321 3481 in
1354 3430 1555 3497 Spiritu
1590 3429 1678 3482 Dci
1707 3431 1856 3497 ejicio

279 3521 607 3574 damoniu’.
670 3518 979 3588 Insui/lavit
1037 3530 1086 3572 et
1130 3521 1302 3584 dixit,
1333 3522 1566 3586 Accipite
1595 3523 1854 3583 Spiritum

281 3623 517 3666 sanctum
542 3612 611 3675 '°,
641 3621 695 3665 et
726 3619 986 3666 sexcenta
1023 3611 1184 3678 talia,
1237 3627 1348 3666 suae
1401 3614 1598 3664 habent
1645 3614 1851 3664 confes-

283 3706 416 3760 sioni
463 3720 723 3758 consona.
764 3704 857 3759 llis
888 3706 1071 3766 enim,
1107 3713 1162 3756 ιιι
1215 3707 1468 3769 superius
1513 3704 1714 3757 dictum
1749 3713 1854 3770 cst,

285 3797 524 3866 magistri
572 3796 828 3850 Ecclesia:
884 3797 1134 3859 inducti,
1187 3799 1476 3864 praedictas
1533 3795 1599 3849 de
1645 3797 1852 3864 Spiritu

285 3897 468 3942 sancto
512 3887 685 3941 tulere
711 3888 1033 3952 sententias,
1068 3896 1122 3940 et
1167 3901 1258 3953 per
1288 3885 1483 3939 Filium
1518 3896 1570 3940 et
1600 3901 1664 3939 ea:
1710 3885 1856 3940 Filio

285 3982 579 4048 procedere
618 3981 869 4034 dixerunt
897 3994 912 4042 ;
969 3979 1062 4045 qui
1119 3989 1297 4032 autem
1330 3993 1396 4032 ex
1426 3978 1540 4032 solo
1573 3978 1730 4033 Patre
1761 3974 1857 4032 vo-

286 4074 398 4130 lunt
432 4073 638 4137 dioere,
665 4071 868 4124 nullmn
899 4069 1124 4124 omnino
1155 4084 1254 4136 pro
1292 4083 1351 4123 se
1385 4069 1588 4124 habent
1618 4073 1858 4126 testimo-

287 4169 463 4229 nium;
499 4165 630 4228 imo,
687 4172 741 4217 et
781 4162 1034 4231 przedicta
1087 4162 1269 4215 omnia
1315 4161 1415 4215 sibi
1477 4164 1855 4229 adversantur,

288 4260 572 4326 hostesque
603 4254 803 4309 habent
832 4264 1050 4307 sanctos
1082 4252 1294 4317 Patres,
1324 4251 1418 4322 qui
1457 4252 1546 4306 illa
1583 4255 1663 4309 sic
1693 4271 1858 4324 expo-

287 4358 531 4406 5uerunt.
1551 4409 1563 4422 υ

353 4442 506 4508 Quod
532 4440 580 4495 si
617 4440 670 4494 id
701 4438 991 4508 obiiciunt,
1020 4436 1280 4504 scriptum
1317 4451 1421 4489 non
1448 4451 1586 4501 esse,
1615 4452 1678 4490 ex
1701 4437 1856 4504 Filio,

289 4535 514 4599 printuut
546 4531 785 4600 quidem,
836 4526 908 4579 De
955 4543 1065 4579 meo
1115 4525 1369 4591 accipiet,
1407 4537 1462 4578 et
1496 4527 1680 4577 omnia
1737 4539 1860 4593 qua;

292 4630 426 4681 dicta
459 4634 607 4686 sunt,
641 4620 707 4674 ad
745 4621 888 4674 istud
919 4620 1171 4682 tendunt,
1206 4634 1308 4671 ntst
1354 4621 1576 4671 vocibus
1607 4617 1860 4670 maximis

292 4717 650 4774 clamantibus
682 4713 920 4776 sanctis,
958 4712 1172 4765 illorum
1215 4725 1374 4765 aures
1405 4711 1620 4780 penitus
1657 4712 1857 4765 obsur-

295 4811 518 4865 duerunt
543 4825 560 4873 ;
588 4808 998 4873 dcinde,ueque
1028 4820 1092 4857 ex
1123 4803 1240 4857 solo
1269 4802 1427 4856 Patre
1458 4803 1720 4872 scriptum
1751 4812 1858 4855 est.

296 4901 474 4969 Itaque
501 4914 605 4952 nou
629 4899 798 4964 magis
827 4911 929 4964 pro
958 4911 1041 4958 se,
1071 4909 1232 4962 quam
1259 4903 1449 4947 contra
1475 4907 1556 4958 se,
1587 4906 1696 4947 non
1737 4906 1859 4947 esse

296 4997 550 5062 scriptum
583 4992 861 5059 obiiciunt.

361 5084 413 5138 Si
466 5092 671 5141 autem,
728 5081 982 5148 quoniam
1025 5077 1193 5130 Filius
1236 5093 1302 5128 cx
1350 5075 1508 5128 Patre
1556 5077 1777 5139 dicitur,
1809 5086 1863 5132 et

1961 3067 2159 3119 dictum
2211 3075 2292 3118 cst
2324 3103 2339 3129 ,
2375 3079 2547 3132 neque
2589 3065 2858 3129 adiectum
2895 3073 2978 3115 est
3017 3063 3129 3113 solo
3154 3103 3168 3125 ,
3210 3076 3329 3114 cum
3363 3062 3526 3112 etiam

1960 3156 2281 3226 producere,
2317 3165 2372 3208 ut
2408 3155 2671 3207 ttativ;tati
2717 3168 2823 3206 non
2870 3155 3156 3206 adversum
3193 3153 3354 3204 etiam
3392 3149 3528 3202 Filio

1959 3249 2269 3309 cenvcniat,
2323 3262 2385 3300 ac
2428 3258 2710 3315 propterea
2769 3261 3054 3298 commune
3101 3260 3221 3296 esse
3261 3240 3403 3294 Patri
3467 3257 3529 3294 ac

1959 3335 2098 3392 Filio
2132 3340 2448 3404 iuSpiciatnr
2472 3377 2486 3401 ,
2516 3338 2896 3392 Stultissimum
2933 3335 3261 3388 omnimodis
3295 3347 3370 3386 est
3408 3350 3530 3385 vcr-

1961 3435 2085 3483 hmtt
2127 3446 2344 3497 rapere,
2379 3444 2444 3480 ac
2475 3443 2568 3496 per
2619 3430 2719 3481 hoc
2761 3426 2957 3480 Filium
2998 3443 3026 3478 a
3063 3425 3240 3492 Patris
3286 3439 3530 3477 coturnu-

1960 3523 2121 3572 uiuae
2163 3519 2464 3571 secludere.

2029 3611 2214 3677 Atqui,
2249 3608 2331 3661 vel
2364 3606 2787 3673 dispensationis
2807 3606 3037 3673 impletis
3066 3617 3427 3666 sacramenta,
3450 3607 3531 3659 vel

1960 3699 2240 3766 discipulis
2302 3711 2566 3764 parcens,
2611 3694 2693 3747 sui
2754 3710 2862 3747 non
2901 3695 3143 3747 ntemiuit
3175 3731 3188 3754 ,
3222 3697 3361 3760 quod
3394 3695 3533 3746 forte

1959 3792 2160 3861 majora
2198 3790 2264 3843 de
2295 3789 2387 3842 illo
2419 3803 2522 3840 non
2555 3796 2848 3855 caperent:
2875 3804 2895 3836 ε
2939 3785 3111 3839 Multa
3143 3788 3300 3850 enim,
3336 3785 3531 3853 inquit,

1958 3885 2121 3937 Itabco
2153 3881 2293 3936 vobis
2317 3881 2507 3944 dicere,
2538 3883 2626 3932 sed
2655 3895 2756 3932 non
2784 3880 2993 3947 potestis
3023 3877 3484 3946 porturemodo";
3508 3896 3526 3924 ι

1957 3983 2064 4033 sive
2093 3980 2162 4031 ad
2196 3976 2512 4045 principium
2548 3988 2701 4027 suum
2753 3974 2930 4026 omnia
2970 3975 3231 4041 referens,
3265 3989 3295 4024 a
3343 3988 3442 4042 quo
3482 3983 3533 4025 et

1957 4074 2064 4141 ipse
2101 4080 2199 4136 est,
2228 4079 2277 4122 et
2311 4086 2409 4122 sua
2434 4067 2633 4129 omnia,
2682 4075 2740 4120 ut
2763 4067 2840 4118 ait
2885 4067 3168 4134 theoIOgus
3194 4065 3526 4131 Gregorius;

1960 4168 2074 4222 sive
2104 4166 2293 4225 etiam,
2325 4163 2468 4230 quod
2503 4171 2556 4211 et
2599 4157 2907 4212 necessario
2947 4159 2996 4210 id
3026 4158 3359 4211 crcdendmu
3387 4170 3532 4210 esset

1964 4263 2188 4326 propter
2242 4266 2510 4307 summam
2557 4249 2624 4302 ad
2682 4248 2898 4301 Patrem
2947 4250 3346 4316 arquaJitatem,
3386 4247 3533 4300 istud

1891 4332 1936 4387 Ῑ)
1964 4347 2147 4401 dicere
2186 4344 2391 4399 omisit.
2450 4341 2623 4395 Filius
2650 4341 2844 4410 quippe
2886 4338 3064 4394 Patris
3111 4349 3213 4404 est,
3251 4337 3537 4408 Patrisque

1967 4436 2211 4494 definitio
2245 4445 2298 4490 et
2334 4433 2597 4487 Verbum.

2036 4528 2358 4595 Quanquam
2388 4541 2453 4578 ex
2489 4524 2865 4593 superioribus
2897 4519 3179 4575 sententiis
3201 4519 3532 4571 tantumdem

1964 4619 2294 4679 valentibus,
2323 4630 2495 4684 neque
2529 4617 2631 4668 hoc
2656 4613 2879 4667 omnino
2915 4613 3148 4664 tacuisse
3179 4610 3536 4675 deprehendi-

1968 4721 2054 4764 tur
2085 4726 2100 4762 :
2135 4723 2322 4762 verum
2373 4708 2516 4782 quod
2564 4705 2653 4758 isti
2687 4706 2950 4758 instanter
2982 4711 3200 4766 negant,
3258 4702 3531 4766 praedicat.

1965 4801 2100 4856 Nam
2166 4799 2462 4866 Scriptura:
2509 4797 2709 4863 duplex
2755 4795 2948 4847 modus
3013 4799 3097 4844 est
3151 4790 3366 4843 dicendi
3413 4807 3535 4858 qua:

1967 4892 2119 4945 velit.
2174 4892 2284 4943 Aut
2340 4890 2485 4942 enim
2531 4888 2682 4955 puris
2727 4884 3068 4954 propriisque
3121 4880 3450 4942 nominibus,
3477 4889 3537 4934 ut

1971 4998 2092 5038 cum
2125 4981 2366 5045 Patrem,
2399 4991 2452 5035 et
2491 4979 2719 5040 Filium,
2767 4986 2834 5031 et
2857 4975 3117 5045 Spiritum
3154 4983 3400 5027 sanctum
3437 4988 3536 5025 no-

1971 5076 2180 5138 minat;
2216 5076 2330 5128 sive
2377 5088 2498 5126 cum
2531 5087 2597 5126 ex
2644 5079 2828 5140 aperte
2866 5069 3051 5131 dictis,
3107 5066 3191 5120 his
3233 5069 3396 5120 etiam
3447 5081 3537 5119 se-

365 5219 562 5272 ‘Joau.
593 5232 704 5280 va,
736 5216 820 5270 Η.
898 5213 1096 5266 ‘Joan.
1129 5226 1218 5277 xv,
1240 5211 1331 5276 ‘26,
1394 5210 1426 5280 7'
1451 5210 1580 5264 ibid.
1657 5210 1676 5240 ⁸
1703 5208 1845 5280 Joan

1950 5210 2103 5273 v.26.
2179 5210 2198 5241 ⁷
2221 5207 2378 5280 Joan.
2406 5222 2459 5273 ι,
2479 5206 2586 5280 50.-
2644 5203 2840 5260 'Joan.
2867 5218 2978 5280 x_v_t,
3005 5203 3094 5280 iii.
3120 5272 3135 5280 _
3174 5203 3194 5234 ’
3217 5201 3406 5254 Matth.
3436 5213 3538 5280 uti,

300 5291 392 5356 28;
583 5268 656 5352 si,
677 5268 765 5339 ἑο.
807 5268 816 5270 -
847 5285 888 5315 ¹⁰
921 5282 1077 5337 Joau.
1104 5268 1329 5345 xx,'2l.'
1385 5279 1426 5310 “
1451 5280 1642 5333 Matth.
1674 5295 1751 5344 χι,
1777 5279 1846 5332 27

1950 5268 2171 5340 'ann.
2204 5295 2299 5340 xu,
2331 5268 2454 5332 Mf
2502 5275 2712 5332 "Joau.
2746 5290 2845 5344 vn,
2876 5268 2972 5328 16.
3043 5276 3083 5304 “
3111 5272 3266 5328 Joan.
3297 5281 3406 5327 xu,
3444 5268 3533 5317 1:3.

357 5431 468 5500 (44)
504 5430 614 5484 Hoc
647 5428 758 5480 vult
787 5427 967 5481 dicere
1003 5440 1129 5500 esse
1155 5424 1324 5500 solum
1354 5437 1528 5475 verum
1554 5434 1684 5500 .uon
1742 5436 1865 5500 esse

297 5491 626 5572 persoitatcm
666 5500 1052 5572 proprietatem
1097 5494 1292 5557 Patris,
1335 5506 1397 5544 ac
1435 5491 1676 5572 .proinde
1701 5493 1863 5572 etiam

297 5561 425 5627 i’tlto
471 5561 804 5637 competere,
863 5582 966 5618 non
1004 5568 1253 5617 obstante
1299 5562 1763 5637 vocabulqperus.
1799 5561 1862 5614 Et

307 5642 554 5700 similiter
601 5629 884 5711 Spiritum
925 5644 1168 5688 sant-tum
1201 5648 1497 5702 agnoscere
1551 5629 1763 5684 Patrem
1805 5646 1864 5691 ct.

1963 5422 2160 5482 Filium
2195 5435 2248 5480 et
2277 5422 2344 5475 ab
2383 5420 2489 5473 illis
2522 5418 2740 5488 agnosci
2773 5415 3064 5471 convenire
3109 5416 3270 5489 etiam
3304 5407 3534 5489 Spiritui

1964 5481 2156 5557 Sancto
2188 5513 2253 5553 eo
2275 5492 2435 5564 quod
2463 5481 2594 5542 sciti:
2621 5491 2720 5564 vel
2751 5490 2968 5555 agnoui
3013 5502 3116 5538 non
3144 5484 3212 5533 sit
3234 5481 3535 5546 persouults

1967 5578 2266 5649 proprietas
2293 5559 2532 5633 Spiritus
2554 5559 2749 5622 sancti,

4037 54 4053 154 ξ

4045 383 4055 494 ἓ

4043 515 4053 590 t

4055 4185 4067 4212 Δ

4051 4223 4067 4270 ἕ

4052 4281 4060 4302 Ι

4053 4331 4067 4346 .4
