  <div class='ocr_page' id='page_1' title='image "/cluster/home/n/w/nwhite01/storage/ocr_20150623/152/mdp.39015078384735/105.png"; bbox 0 0 4114 6306; ppageno 0'>
   <div class='ocr_carea' id='block_1_1' title="bbox 605 269 711 337">
    <p class='ocr_par' dir='ltr' id='par_1_1' title="bbox 605 269 711 337">
     <span class='ocr_line' id='line_1_1' title="bbox 605 269 711 337; baseline 0 0"><span class='ocrx_word' id='word_1_1' title='bbox 605 269 711 337; x_wconf 77' lang='grc'><strong>195</strong></span> 
     </span>
    </p>
   </div>
   <div class='ocr_carea' id='block_1_2' title="bbox 1859 269 2614 340">
    <p class='ocr_par' dir='ltr' id='par_1_2' title="bbox 1859 269 2614 340">
     <span class='ocr_line' id='line_1_2' title="bbox 1859 269 2614 340; baseline -0.004 -7"><span class='ocrx_word' id='word_1_2' title='bbox 1859 269 2614 340; x_wconf 60' lang='lat' dir='ltr'><strong>MANUELISCALECIE</strong></span> 
     </span>
    </p>
   </div>
   <div class='ocr_carea' id='block_1_3' title="bbox 3864 275 3986 341">
    <p class='ocr_par' dir='ltr' id='par_1_3' title="bbox 3864 275 3986 341">
     <span class='ocr_line' id='line_1_3' title="bbox 3864 275 3986 341; baseline 0.016 -1"><span class='ocrx_word' id='word_1_3' title='bbox 3864 275 3986 341; x_wconf 82' lang='lat'><strong>196</strong></span> 
     </span>
    </p>
   </div>
   <div class='ocr_carea' id='block_1_4' title="bbox 602 381 3976 457">
    <p class='ocr_par' dir='ltr' id='par_1_4' title="bbox 602 381 3976 457">
     <span class='ocr_line' id='line_1_4' title="bbox 602 381 3976 457; baseline -0 -16"><span class='ocrx_word' id='word_1_4' title='bbox 602 385 826 454; x_wconf 76' lang='lat' dir='ltr'><strong>quentia</strong></span> <span class='ocrx_word' id='word_1_5' title='bbox 860 382 1046 452; x_wconf 90' lang='lat' dir='ltr'><strong>elicit;</strong></span> <span class='ocrx_word' id='word_1_6' title='bbox 1075 383 1528 455; x_wconf 81' lang='lat' dir='ltr'><strong>quemadmodum</strong></span> <span class='ocrx_word' id='word_1_7' title='bbox 1576 387 2050 443; x_wconf 80' lang='lat' dir='ltr'><strong>consubstantialis</strong></span> <span class='ocrx_word' id='word_1_8' title='bbox 2083 399 2178 442; x_wconf 51' lang='lat' dir='ltr'><strong>no.</strong></span> <span class='ocrx_word' id='word_1_9' title='bbox 2210 394 2258 448; x_wconf 70' lang='grc' dir='ltr'>Α</span> <span class='ocrx_word' id='word_1_10' title='bbox 2357 381 2424 437; x_wconf 84' lang='lat' dir='ltr'><strong>Et</strong></span> <span class='ocrx_word' id='word_1_11' title='bbox 2461 398 2607 439; x_wconf 89' lang='lat' dir='ltr'><strong>nunc</strong></span> <span class='ocrx_word' id='word_1_12' title='bbox 2634 397 2857 454; x_wconf 91' lang='lat' dir='ltr'><strong>quoque</strong></span> <span class='ocrx_word' id='word_1_13' title='bbox 2901 382 3030 439; x_wconf 87' lang='lat' dir='ltr'><strong>licet</strong></span> <span class='ocrx_word' id='word_1_14' title='bbox 3079 381 3132 437; x_wconf 90' lang='lat' dir='ltr'><strong>iu</strong></span> <span class='ocrx_word' id='word_1_15' title='bbox 3171 382 3428 455; x_wconf 84' lang='lat' dir='ltr'><strong>Symbolo</strong></span> <span class='ocrx_word' id='word_1_16' title='bbox 3461 385 3804 457; x_wconf 83' lang='lat' dir='ltr'><strong>scriptum</strong></span> <span class='ocrx_word' id='word_1_17' title='bbox 3847 403 3976 443; x_wconf 89' lang='lat' dir='ltr'><strong>non</strong></span> 
     </span>
    </p>
   </div>
   <div class='ocr_carea' id='block_1_5' title="bbox 603 475 2186 548">
    <p class='ocr_par' dir='ltr' id='par_1_5' title="bbox 603 475 2186 548">
     <span class='ocr_line' id='line_1_5' title="bbox 603 475 2186 548; baseline 0.001 -18"><span class='ocrx_word' id='word_1_18' title='bbox 603 490 761 540; x_wconf 86' lang='lat' dir='ltr'><strong>men,</strong></span> <span class='ocrx_word' id='word_1_19' title='bbox 804 483 860 530; x_wconf 92' lang='lat' dir='ltr'><strong>ut</strong></span> <span class='ocrx_word' id='word_1_20' title='bbox 894 475 1192 546; x_wconf 71' lang='lat' dir='ltr'><strong>Scriptura:</strong></span> <span class='ocrx_word' id='word_1_21' title='bbox 1235 491 1537 548; x_wconf 87' lang='lat' dir='ltr'><strong>congruum</strong></span> <span class='ocrx_word' id='word_1_22' title='bbox 1589 479 1956 548; x_wconf 63' lang='lat' dir='ltr'><strong>intelligentiae</strong></span> <span class='ocrx_word' id='word_1_23' title='bbox 2007 477 2186 533; x_wconf 86' lang='lat' dir='ltr'><strong>credi-</strong></span> 
     </span>
    </p>
   </div>
   <div class='ocr_carea' id='block_1_6' title="bbox 608 569 2183 639">
    <p class='ocr_par' dir='ltr' id='par_1_6' title="bbox 608 569 2183 639">
     <span class='ocr_line' id='line_1_6' title="bbox 608 569 2183 639; baseline 0.002 -21"><span class='ocrx_word' id='word_1_24' title='bbox 608 576 720 619; x_wconf 90' lang='lat' dir='ltr'><strong>tum</strong></span> <span class='ocrx_word' id='word_1_25' title='bbox 776 576 880 631; x_wconf 90' lang='lat' dir='ltr'><strong>est,</strong></span> <span class='ocrx_word' id='word_1_26' title='bbox 939 569 1083 637; x_wconf 91' lang='lat' dir='ltr'><strong>quod</strong></span> <span class='ocrx_word' id='word_1_27' title='bbox 1140 569 1388 638; x_wconf 84' lang='lat' dir='ltr'><strong>plurimis</strong></span> <span class='ocrx_word' id='word_1_28' title='bbox 1437 579 1626 639; x_wconf 87' lang='lat' dir='ltr'><strong>aperte</strong></span> <span class='ocrx_word' id='word_1_29' title='bbox 1675 571 1870 639; x_wconf 86' lang='lat' dir='ltr'><strong>positis</strong></span> <span class='ocrx_word' id='word_1_30' title='bbox 1905 569 2183 623; x_wconf 85' lang='lat' dir='ltr'><strong>videretur</strong></span> 
     </span>
    </p>
   </div>
   <div class='ocr_carea' id='block_1_7' title="bbox 599 650 2179 730">
    <p class='ocr_par' dir='ltr' id='par_1_7' title="bbox 599 650 2179 730">
     <span class='ocr_line' id='line_1_7' title="bbox 599 650 2179 730; baseline 0.001 -19"><span class='ocrx_word' id='word_1_31' title='bbox 599 659 753 729; x_wconf 82' lang='lat' dir='ltr'><strong>juxta</strong></span> <span class='ocrx_word' id='word_1_32' title='bbox 793 658 1201 725; x_wconf 80' lang='lat' dir='ltr'><strong>intelligentiam</strong></span> <span class='ocrx_word' id='word_1_33' title='bbox 1256 662 1572 715; x_wconf 88' lang='lat' dir='ltr'><strong>necessario</strong></span> <span class='ocrx_word' id='word_1_34' title='bbox 1601 650 1930 730; x_wconf 80' lang='lat' dir='ltr'><strong>congruere.</strong></span> <span class='ocrx_word' id='word_1_35' title='bbox 1962 658 2179 713; x_wconf 91' lang='lat' dir='ltr'><strong>Dictum</strong></span> 
     </span>
    </p>
   </div>
   <div class='ocr_carea' id='block_1_8' title="bbox 604 749 2177 819">
    <p class='ocr_par' dir='ltr' id='par_1_8' title="bbox 604 749 2177 819">
     <span class='ocr_line' id='line_1_8' title="bbox 604 749 2177 819; baseline 0.001 -16"><span class='ocrx_word' id='word_1_36' title='bbox 604 750 752 803; x_wconf 84' lang='lat' dir='ltr'><strong>enim</strong></span> <span class='ocrx_word' id='word_1_37' title='bbox 793 760 876 804; x_wconf 86' lang='lat' dir='ltr'><strong>est</strong></span> <span class='ocrx_word' id='word_1_38' title='bbox 904 769 918 803; x_wconf 88' lang='lat'><strong>:</strong></span> <span class='ocrx_word' id='word_1_39' title='bbox 953 750 1062 819; x_wconf 81' lang='lat' dir='ltr'><strong>Ego</strong></span> <span class='ocrx_word' id='word_1_40' title='bbox 1088 760 1134 803; x_wconf 83' lang='lat' dir='ltr'><strong>et</strong></span> <span class='ocrx_word' id='word_1_41' title='bbox 1164 750 1326 805; x_wconf 79' lang='lat' dir='ltr'><strong>Pater</strong></span> <span class='ocrx_word' id='word_1_42' title='bbox 1346 768 1507 805; x_wconf 83' lang='lat' dir='ltr'><strong>unum</strong></span> <span class='ocrx_word' id='word_1_43' title='bbox 1527 768 1711 807; x_wconf 78' lang='lat' dir='ltr'><strong>sumus</strong></span> <span class='ocrx_word' id='word_1_44' title='bbox 1730 751 1776 782; x_wconf 81' lang='grc'><strong>¹⁸</strong></span> <span class='ocrx_word' id='word_1_45' title='bbox 1796 768 1811 814; x_wconf 79' lang='grc'><strong>;</strong></span> <span class='ocrx_word' id='word_1_46' title='bbox 1834 762 1888 804; x_wconf 90' lang='lat' dir='ltr'><strong>et</strong></span> <span class='ocrx_word' id='word_1_47' title='bbox 1918 769 1931 804; x_wconf 89' lang='lat'><strong>:</strong></span> <span class='ocrx_word' id='word_1_48' title='bbox 1964 749 2177 814; x_wconf 87' lang='lat' dir='ltr'><strong>Omnia,</strong></span> 
     </span>
    </p>
   </div>
   <div class='ocr_carea' id='block_1_9' title="bbox 602 841 2182 913">
    <p class='ocr_par' dir='ltr' id='par_1_9' title="bbox 602 841 2182 913">
     <span class='ocr_line' id='line_1_9' title="bbox 602 841 2182 913; baseline 0.001 -19"><span class='ocrx_word' id='word_1_49' title='bbox 602 857 719 909; x_wconf 72' lang='lat' dir='ltr'><strong>qute</strong></span> <span class='ocrx_word' id='word_1_50' title='bbox 751 841 915 896; x_wconf 83' lang='lat' dir='ltr'><strong>Pater</strong></span> <span class='ocrx_word' id='word_1_51' title='bbox 953 842 1102 911; x_wconf 79' lang='lat' dir='ltr'><strong>facit,</strong></span> <span class='ocrx_word' id='word_1_52' title='bbox 1122 844 1234 898; x_wconf 69' lang='lat' dir='ltr'><strong>lites</strong></span> <span class='ocrx_word' id='word_1_53' title='bbox 1274 853 1323 898; x_wconf 83' lang='lat' dir='ltr'><strong>et</strong></span> <span class='ocrx_word' id='word_1_54' title='bbox 1355 842 1529 897; x_wconf 81' lang='lat' dir='ltr'><strong>Filius</strong></span> <span class='ocrx_word' id='word_1_55' title='bbox 1574 843 1702 913; x_wconf 79' lang='lat' dir='ltr'><strong>facit</strong></span> <span class='ocrx_word' id='word_1_56' title='bbox 1747 843 1989 897; x_wconf 70' lang='lat' dir='ltr'><strong>similiter</strong></span> <span class='ocrx_word' id='word_1_57' title='bbox 2013 842 2055 873; x_wconf 80' lang='lat'>“</span> <span class='ocrx_word' id='word_1_58' title='bbox 2080 884 2095 907; x_wconf 96' lang='lat'><strong>,</strong></span> <span class='ocrx_word' id='word_1_59' title='bbox 2126 851 2182 897; x_wconf 87' lang='lat' dir='ltr'><strong>et</strong></span> 
     </span>
    </p>
   </div>
   <div class='ocr_carea' id='block_1_10' title="bbox 600 934 2177 1002">
    <p class='ocr_par' dir='ltr' id='par_1_10' title="bbox 600 934 2177 1002">
     <span class='ocr_line' id='line_1_10' title="bbox 600 934 2177 1002; baseline 0.001 -16"><span class='ocrx_word' id='word_1_60' title='bbox 600 948 722 1001; x_wconf 68' lang='lat' dir='ltr'><strong>qua:</strong></span> <span class='ocrx_word' id='word_1_61' title='bbox 751 934 801 987; x_wconf 91' lang='lat' dir='ltr'><strong>iu</strong></span> <span class='ocrx_word' id='word_1_62' title='bbox 836 934 979 988; x_wconf 85' lang='lat' dir='ltr'><strong>hanc</strong></span> <span class='ocrx_word' id='word_1_63' title='bbox 1002 935 1233 989; x_wconf 77' lang='lat' dir='ltr'><strong>formam</strong></span> <span class='ocrx_word' id='word_1_64' title='bbox 1270 936 1475 1002; x_wconf 88' lang='lat' dir='ltr'><strong>scripta</strong></span> <span class='ocrx_word' id='word_1_65' title='bbox 1501 945 1647 989; x_wconf 91' lang='lat' dir='ltr'><strong>sunt.</strong></span> <span class='ocrx_word' id='word_1_66' title='bbox 1684 934 1753 989; x_wconf 88' lang='lat' dir='ltr'><strong>Et</strong></span> <span class='ocrx_word' id='word_1_67' title='bbox 1777 946 1925 989; x_wconf 90' lang='lat' dir='ltr'><strong>certe</strong></span> <span class='ocrx_word' id='word_1_68' title='bbox 1956 934 2062 997; x_wconf 89' lang='lat' dir='ltr'><strong>his,</strong></span> <span class='ocrx_word' id='word_1_69' title='bbox 2089 934 2177 1002; x_wconf 85' lang='lat' dir='ltr'><strong>qui</strong></span> 
     </span>
    </p>
   </div>
   <div class='ocr_carea' id='block_1_11' title="bbox 599 1026 2176 1092">
    <p class='ocr_par' dir='ltr' id='par_1_11' title="bbox 599 1026 2176 1092">
     <span class='ocr_line' id='line_1_11' title="bbox 599 1026 2176 1092; baseline -0.001 -11"><span class='ocrx_word' id='word_1_70' title='bbox 599 1026 768 1081; x_wconf 86' lang='lat' dir='ltr'><strong>solam</strong></span> <span class='ocrx_word' id='word_1_71' title='bbox 801 1026 1081 1080; x_wconf 77' lang='lat' dir='ltr'><strong>intuentur</strong></span> <span class='ocrx_word' id='word_1_72' title='bbox 1119 1028 1377 1092; x_wconf 79' lang='lat' dir='ltr'><strong>litteram,</strong></span> <span class='ocrx_word' id='word_1_73' title='bbox 1413 1028 1690 1081; x_wconf 89' lang='lat' dir='ltr'><strong>contraria</strong></span> <span class='ocrx_word' id='word_1_74' title='bbox 1726 1026 2041 1080; x_wconf 88' lang='lat' dir='ltr'><strong>viderentur</strong></span> <span class='ocrx_word' id='word_1_75' title='bbox 2076 1026 2176 1089; x_wconf 88' lang='lat' dir='ltr'><strong>illi,</strong></span> 
     </span>
    </p>
   </div>
   <div class='ocr_carea' id='block_1_12' title="bbox 508 1116 2178 1187">
    <p class='ocr_par' dir='ltr' id='par_1_12' title="bbox 508 1116 2178 1187">
     <span class='ocr_line' id='line_1_12' title="bbox 508 1116 2178 1187; baseline 0.001 -15"><span class='ocrx_word' id='word_1_76' title='bbox 508 1142 517 1151; x_wconf 65' lang='grc' dir='ltr'><strong><em>η</em></strong></span> <span class='ocrx_word' id='word_1_77' title='bbox 599 1119 748 1187; x_wconf 88' lang='lat' dir='ltr'><strong>quod</strong></span> <span class='ocrx_word' id='word_1_78' title='bbox 784 1129 970 1185; x_wconf 88' lang='lat' dir='ltr'><strong>aperte</strong></span> <span class='ocrx_word' id='word_1_79' title='bbox 994 1118 1193 1171; x_wconf 84' lang='lat' dir='ltr'><strong>dictum</strong></span> <span class='ocrx_word' id='word_1_80' title='bbox 1226 1126 1310 1171; x_wconf 89' lang='lat' dir='ltr'><strong>est</strong></span> <span class='ocrx_word' id='word_1_81' title='bbox 1340 1134 1354 1171; x_wconf 91' lang='lat'><strong>:</strong></span> <span class='ocrx_word' id='word_1_82' title='bbox 1386 1116 1548 1171; x_wconf 83' lang='lat' dir='ltr'><strong>Pater</strong></span> <span class='ocrx_word' id='word_1_83' title='bbox 1579 1119 1755 1186; x_wconf 86' lang='lat' dir='ltr'><strong>major</strong></span> <span class='ocrx_word' id='word_1_84' title='bbox 1778 1126 1953 1179; x_wconf 80' lang='lat' dir='ltr'><strong>meest</strong></span> <span class='ocrx_word' id='word_1_85' title='bbox 1975 1118 2040 1171; x_wconf 86' lang='lat'><strong>&quot;.</strong></span> <span class='ocrx_word' id='word_1_86' title='bbox 2068 1117 2178 1173; x_wconf 85' lang='lat' dir='ltr'><strong>Sed.</strong></span> 
     </span>
    </p>
   </div>
   <div class='ocr_carea' id='block_1_13' title="bbox 604 1207 2173 1277">
    <p class='ocr_par' dir='ltr' id='par_1_13' title="bbox 604 1207 2173 1277">
     <span class='ocr_line' id='line_1_13' title="bbox 604 1207 2173 1277; baseline 0.001 -15"><span class='ocrx_word' id='word_1_87' title='bbox 604 1217 809 1273; x_wconf 90' lang='lat' dir='ltr'><strong>tamen,</strong></span> <span class='ocrx_word' id='word_1_88' title='bbox 862 1207 1121 1275; x_wconf 88' lang='lat' dir='ltr'><strong>quoniam</strong></span> <span class='ocrx_word' id='word_1_89' title='bbox 1174 1223 1239 1261; x_wconf 84' lang='lat' dir='ltr'><strong>ex</strong></span> <span class='ocrx_word' id='word_1_90' title='bbox 1275 1208 1359 1262; x_wconf 87' lang='lat' dir='ltr'><strong>his</strong></span> <span class='ocrx_word' id='word_1_91' title='bbox 1418 1223 1538 1277; x_wconf 70' lang='lat' dir='ltr'><strong>qua:</strong></span> <span class='ocrx_word' id='word_1_92' title='bbox 1583 1218 1773 1277; x_wconf 90' lang='lat' dir='ltr'><strong>aperte</strong></span> <span class='ocrx_word' id='word_1_93' title='bbox 1818 1209 1963 1265; x_wconf 89' lang='lat' dir='ltr'><strong>dicta</strong></span> <span class='ocrx_word' id='word_1_94' title='bbox 1995 1221 2173 1275; x_wconf 89' lang='lat' dir='ltr'><strong>erant,</strong></span> 
     </span>
    </p>
   </div>
   <div class='ocr_carea' id='block_1_14' title="bbox 602 1299 2174 1369">
    <p class='ocr_par' dir='ltr' id='par_1_14' title="bbox 602 1299 2174 1369">
     <span class='ocr_line' id='line_1_14' title="bbox 602 1299 2174 1369; baseline 0.001 -16"><span class='ocrx_word' id='word_1_95' title='bbox 602 1300 913 1354; x_wconf 87' lang='lat' dir='ltr'><strong>necessario</strong></span> <span class='ocrx_word' id='word_1_96' title='bbox 958 1299 1412 1354; x_wconf 86' lang='lat' dir='ltr'><strong>consubstantiale</strong></span> <span class='ocrx_word' id='word_1_97' title='bbox 1465 1302 1823 1369; x_wconf 82' lang='lat' dir='ltr'><strong>sequebatur,</strong></span> <span class='ocrx_word' id='word_1_98' title='bbox 1868 1311 1924 1356; x_wconf 91' lang='lat' dir='ltr'><strong>et</strong></span> <span class='ocrx_word' id='word_1_99' title='bbox 1963 1317 2174 1368; x_wconf 88' lang='lat' dir='ltr'><strong>verum,</strong></span> 
     </span>
    </p>
   </div>
   <div class='ocr_carea' id='block_1_15' title="bbox 600 1389 1962 1458">
    <p class='ocr_par' dir='ltr' id='par_1_15' title="bbox 600 1389 1962 1458">
     <span class='ocr_line' id='line_1_15' title="bbox 600 1389 1962 1458; baseline 0.003 -14"><span class='ocrx_word' id='word_1_100' title='bbox 600 1400 657 1444; x_wconf 91' lang='lat' dir='ltr'><strong>et</strong></span> <span class='ocrx_word' id='word_1_101' title='bbox 681 1389 976 1458; x_wconf 63' lang='lat' dir='ltr'><strong>Scriptura!</strong></span> <span class='ocrx_word' id='word_1_102' title='bbox 1011 1406 1310 1446; x_wconf 86' lang='lat' dir='ltr'><strong>consonum</strong></span> <span class='ocrx_word' id='word_1_103' title='bbox 1338 1406 1458 1447; x_wconf 89' lang='lat' dir='ltr'><strong>esse</strong></span> <span class='ocrx_word' id='word_1_104' title='bbox 1481 1434 1496 1456; x_wconf 92' lang='lat'><strong>,</strong></span> <span class='ocrx_word' id='word_1_105' title='bbox 1524 1393 1823 1447; x_wconf 88' lang='lat' dir='ltr'><strong>indicatum</strong></span> <span class='ocrx_word' id='word_1_106' title='bbox 1856 1404 1962 1448; x_wconf 90' lang='lat' dir='ltr'><strong>est.</strong></span> 
     </span>
    </p>
   </div>
   <div class='ocr_carea' id='block_1_16' title="bbox 673 1482 2177 1555">
    <p class='ocr_par' dir='ltr' id='par_1_16' title="bbox 673 1482 2177 1555">
     <span class='ocr_line' id='line_1_16' title="bbox 673 1482 2177 1555; baseline 0.003 -18"><span class='ocrx_word' id='word_1_107' title='bbox 673 1482 853 1537; x_wconf 89' lang='lat' dir='ltr'><strong>Simili</strong></span> <span class='ocrx_word' id='word_1_108' title='bbox 882 1498 1011 1552; x_wconf 89' lang='lat' dir='ltr'><strong>ergo</strong></span> <span class='ocrx_word' id='word_1_109' title='bbox 1043 1485 1255 1539; x_wconf 82' lang='lat' dir='ltr'><strong>ratione</strong></span> <span class='ocrx_word' id='word_1_110' title='bbox 1294 1496 1349 1539; x_wconf 91' lang='lat' dir='ltr'><strong>et</strong></span> <span class='ocrx_word' id='word_1_111' title='bbox 1378 1486 1520 1555; x_wconf 88' lang='lat' dir='ltr'><strong>quod</strong></span> <span class='ocrx_word' id='word_1_112' title='bbox 1552 1485 1765 1541; x_wconf 87' lang='lat' dir='ltr'><strong>dicitur</strong></span> <span class='ocrx_word' id='word_1_113' title='bbox 1785 1488 1949 1541; x_wconf 90' lang='lat' dir='ltr'><strong>etiam</strong></span> <span class='ocrx_word' id='word_1_114' title='bbox 1981 1504 2009 1540; x_wconf 92' lang='lat' dir='ltr'><strong>a</strong></span> <span class='ocrx_word' id='word_1_115' title='bbox 2038 1487 2177 1542; x_wconf 83' lang='lat' dir='ltr'><strong>Filio</strong></span> 
     </span>
    </p>
   </div>
   <div class='ocr_carea' id='block_1_17' title="bbox 598 1573 2177 1649">
    <p class='ocr_par' dir='ltr' id='par_1_17' title="bbox 598 1573 2177 1649">
     <span class='ocr_line' id='line_1_17' title="bbox 598 1573 2177 1649; baseline 0.003 -20"><span class='ocrx_word' id='word_1_116' title='bbox 598 1589 720 1629; x_wconf 88' lang='lat' dir='ltr'><strong>esse</strong></span> <span class='ocrx_word' id='word_1_117' title='bbox 747 1573 1007 1643; x_wconf 81' lang='lat' dir='ltr'><strong>Spiritum</strong></span> <span class='ocrx_word' id='word_1_118' title='bbox 1037 1584 1307 1638; x_wconf 89' lang='lat' dir='ltr'><strong>sanctum,</strong></span> <span class='ocrx_word' id='word_1_119' title='bbox 1341 1591 1447 1631; x_wconf 86' lang='lat' dir='ltr'><strong>non</strong></span> <span class='ocrx_word' id='word_1_120' title='bbox 1477 1576 1696 1649; x_wconf 85' lang='lat' dir='ltr'><strong>quidem</strong></span> <span class='ocrx_word' id='word_1_121' title='bbox 1733 1579 1799 1632; x_wconf 89' lang='lat' dir='ltr'><strong>ad</strong></span> <span class='ocrx_word' id='word_1_122' title='bbox 1837 1577 2097 1643; x_wconf 85' lang='lat' dir='ltr'><strong>litteram,</strong></span> <span class='ocrx_word' id='word_1_123' title='bbox 2122 1588 2177 1634; x_wconf 90' lang='lat' dir='ltr'><strong>et</strong></span> 
     </span>
    </p>
   </div>
   <div class='ocr_carea' id='block_1_18' title="bbox 596 1666 2176 1739">
    <p class='ocr_par' dir='ltr' id='par_1_18' title="bbox 596 1666 2176 1739">
     <span class='ocr_line' id='line_1_18' title="bbox 596 1666 2176 1739; baseline 0.003 -19"><span class='ocrx_word' id='word_1_124' title='bbox 596 1676 782 1735; x_wconf 70' lang='lat' dir='ltr'><strong>aperte</strong></span> <span class='ocrx_word' id='word_1_125' title='bbox 819 1667 871 1721; x_wconf 90' lang='lat' dir='ltr'><strong>in</strong></span> <span class='ocrx_word' id='word_1_126' title='bbox 902 1666 1184 1735; x_wconf 77' lang='lat' dir='ltr'><strong>Scriptura</strong></span> <span class='ocrx_word' id='word_1_127' title='bbox 1219 1667 1455 1735; x_wconf 86' lang='lat' dir='ltr'><strong>positum</strong></span> <span class='ocrx_word' id='word_1_128' title='bbox 1487 1676 1591 1733; x_wconf 89' lang='lat' dir='ltr'><strong>est,</strong></span> <span class='ocrx_word' id='word_1_129' title='bbox 1624 1669 1717 1723; x_wconf 90' lang='lat' dir='ltr'><strong>sed</strong></span> <span class='ocrx_word' id='word_1_130' title='bbox 1748 1682 1811 1723; x_wconf 90' lang='lat' dir='ltr'><strong>ea</strong></span> <span class='ocrx_word' id='word_1_131' title='bbox 1841 1684 1962 1739; x_wconf 65' lang='lat' dir='ltr'><strong>qua:</strong></span> <span class='ocrx_word' id='word_1_132' title='bbox 1988 1679 2176 1739; x_wconf 88' lang='lat' dir='ltr'><strong>aperte</strong></span> 
     </span>
    </p>
   </div>
   <div class='ocr_carea' id='block_1_19' title="bbox 597 1749 3653 1828">
    <p class='ocr_par' dir='ltr' id='par_1_19' title="bbox 597 1749 3653 1828">
     <span class='ocr_line' id='line_1_19' title="bbox 597 1749 3653 1828; baseline 0.001 -16"><span class='ocrx_word' id='word_1_133' title='bbox 597 1758 740 1812; x_wconf 85' lang='lat' dir='ltr'><strong>dicta</strong></span> <span class='ocrx_word' id='word_1_134' title='bbox 794 1770 947 1822; x_wconf 88' lang='lat' dir='ltr'><strong>sunt,</strong></span> <span class='ocrx_word' id='word_1_135' title='bbox 1002 1759 1272 1827; x_wconf 86' lang='lat' dir='ltr'><strong>sequitur.</strong></span> <span class='ocrx_word' id='word_1_136' title='bbox 1300 1759 1431 1825; x_wconf 72' lang='lat' dir='ltr'><strong>Qua:</strong></span> <span class='ocrx_word' id='word_1_137' title='bbox 1470 1773 1652 1816; x_wconf 85' lang='lat' dir='ltr'><strong>autem</strong></span> <span class='ocrx_word' id='word_1_138' title='bbox 1686 1775 1946 1817; x_wconf 80' lang='lat' dir='ltr'><strong>concessa</strong></span> <span class='ocrx_word' id='word_1_139' title='bbox 1977 1777 2044 1817; x_wconf 83' lang='lat' dir='ltr'><strong>ex</strong></span> <span class='ocrx_word' id='word_1_140' title='bbox 2082 1776 2177 1817; x_wconf 77' lang='lat' dir='ltr'><strong>ne-</strong></span> <span class='ocrx_word' id='word_1_141' title='bbox 2207 1749 2251 1804; x_wconf 88' lang='grc' dir='ltr'><strong>Β</strong></span> <span class='ocrx_word' id='word_1_142' title='bbox 2282 1761 2365 1812; x_wconf 92' lang='lat' dir='ltr'><strong>rio</strong></span> <span class='ocrx_word' id='word_1_143' title='bbox 2423 1758 2478 1811; x_wconf 89' lang='lat' dir='ltr'><strong>in</strong></span> <span class='ocrx_word' id='word_1_144' title='bbox 2518 1772 2743 1828; x_wconf 88' lang='lat' dir='ltr'><strong>magnas</strong></span> <span class='ocrx_word' id='word_1_145' title='bbox 2793 1756 3161 1810; x_wconf 85' lang='lat' dir='ltr'><strong>absurditates</strong></span> <span class='ocrx_word' id='word_1_146' title='bbox 3206 1756 3576 1811; x_wconf 86' lang='lat' dir='ltr'><strong>incidentibus</strong></span> <span class='ocrx_word' id='word_1_147' title='bbox 3635 1778 3653 1814; x_wconf 89' lang='lat'><strong>:</strong></span> 
     </span>
    </p>
   </div>
   <div class='ocr_carea' id='block_1_20' title="bbox 594 1852 2175 1919">
    <p class='ocr_par' dir='ltr' id='par_1_20' title="bbox 594 1852 2175 1919">
     <span class='ocr_line' id='line_1_20' title="bbox 594 1852 2175 1919; baseline 0.002 -14"><span class='ocrx_word' id='word_1_148' title='bbox 594 1853 851 1905; x_wconf 77' lang='lat' dir='ltr'><strong>cessitate</strong></span> <span class='ocrx_word' id='word_1_149' title='bbox 889 1861 1194 1919; x_wconf 89' lang='lat' dir='ltr'><strong>sequuntur</strong></span> <span class='ocrx_word' id='word_1_150' title='bbox 1216 1891 1230 1915; x_wconf 92' lang='lat'><strong>,</strong></span> <span class='ocrx_word' id='word_1_151' title='bbox 1269 1861 1321 1905; x_wconf 89' lang='lat' dir='ltr'><strong>ct</strong></span> <span class='ocrx_word' id='word_1_152' title='bbox 1355 1852 1445 1906; x_wconf 84' lang='lat' dir='ltr'><strong>illa</strong></span> <span class='ocrx_word' id='word_1_153' title='bbox 1486 1868 1610 1907; x_wconf 87' lang='lat' dir='ltr'><strong>vera</strong></span> <span class='ocrx_word' id='word_1_154' title='bbox 1662 1854 1773 1907; x_wconf 89' lang='lat' dir='ltr'><strong>sint</strong></span> <span class='ocrx_word' id='word_1_155' title='bbox 1807 1868 2037 1909; x_wconf 82' lang='lat' dir='ltr'><strong>necesse</strong></span> <span class='ocrx_word' id='word_1_156' title='bbox 2067 1862 2175 1909; x_wconf 90' lang='lat' dir='ltr'><strong>est.</strong></span> 
     </span>
    </p>
   </div>
   <div class='ocr_carea' id='block_1_21' title="bbox 594 1939 2176 2012">
    <p class='ocr_par' dir='ltr' id='par_1_21' title="bbox 594 1939 2176 2012">
     <span class='ocr_line' id='line_1_21' title="bbox 594 1939 2176 2012; baseline 0.004 -20"><span class='ocrx_word' id='word_1_157' title='bbox 594 1939 1057 2006; x_wconf 88' lang='lat' dir='ltr'><strong>Quemadmodum</strong></span> <span class='ocrx_word' id='word_1_158' title='bbox 1106 1942 1161 1996; x_wconf 91' lang='lat' dir='ltr'><strong>in</strong></span> <span class='ocrx_word' id='word_1_159' title='bbox 1213 1942 1989 2011; x_wconf 75' lang='lat' dir='ltr'><strong>disciplinisconclusiones,</strong></span> <span class='ocrx_word' id='word_1_160' title='bbox 2053 1959 2176 2012; x_wconf 70' lang='lat' dir='ltr'><strong>quae</strong></span> 
     </span>
    </p>
   </div>
   <div class='ocr_carea' id='block_1_22' title="bbox 592 2033 2178 2105">
    <p class='ocr_par' dir='ltr' id='par_1_22' title="bbox 592 2033 2178 2105">
     <span class='ocr_line' id='line_1_22' title="bbox 592 2033 2178 2105; baseline 0.004 -22"><span class='ocrx_word' id='word_1_161' title='bbox 592 2033 861 2101; x_wconf 88' lang='lat' dir='ltr'><strong>principia</strong></span> <span class='ocrx_word' id='word_1_162' title='bbox 897 2044 1224 2103; x_wconf 82' lang='lat' dir='ltr'><strong>sequuntur.</strong></span> <span class='ocrx_word' id='word_1_163' title='bbox 1258 2034 1528 2104; x_wconf 83' lang='lat' dir='ltr'><strong>Scriptum</strong></span> <span class='ocrx_word' id='word_1_164' title='bbox 1560 2036 1763 2105; x_wconf 84' lang='lat' dir='ltr'><strong>quippe</strong></span> <span class='ocrx_word' id='word_1_165' title='bbox 1799 2045 1912 2090; x_wconf 87' lang='lat' dir='ltr'><strong>est:</strong></span> <span class='ocrx_word' id='word_1_166' title='bbox 1943 2034 2178 2104; x_wconf 78' lang='lat' dir='ltr'><strong>Spiritus</strong></span> 
     </span>
    </p>
   </div>
   <div class='ocr_carea' id='block_1_23' title="bbox 594 2122 2179 2192">
    <p class='ocr_par' dir='ltr' id='par_1_23' title="bbox 594 2122 2179 2192">
     <span class='ocr_line' id='line_1_23' title="bbox 594 2122 2179 2192; baseline 0.001 -13"><span class='ocrx_word' id='word_1_167' title='bbox 594 2127 850 2179; x_wconf 80' lang='lat' dir='ltr'><strong>veritatis.</strong></span> <span class='ocrx_word' id='word_1_168' title='bbox 883 2127 952 2179; x_wconf 83' lang='lat' dir='ltr'><strong>At</strong></span> <span class='ocrx_word' id='word_1_169' title='bbox 983 2126 1182 2185; x_wconf 75' lang='lat' dir='ltr'><strong>veritas</strong></span> <span class='ocrx_word' id='word_1_170' title='bbox 1218 2122 1386 2180; x_wconf 84' lang='lat' dir='ltr'><strong>Filius</strong></span> <span class='ocrx_word' id='word_1_171' title='bbox 1414 2137 1532 2190; x_wconf 88' lang='lat' dir='ltr'><strong>est;</strong></span> <span class='ocrx_word' id='word_1_172' title='bbox 1579 2138 1634 2182; x_wconf 91' lang='lat' dir='ltr'><strong>et</strong></span> <span class='ocrx_word' id='word_1_173' title='bbox 1672 2128 1743 2180; x_wconf 87' lang='lat' dir='ltr'><strong>ab</strong></span> <span class='ocrx_word' id='word_1_174' title='bbox 1771 2142 1836 2182; x_wconf 89' lang='lat' dir='ltr'><strong>eo</strong></span> <span class='ocrx_word' id='word_1_175' title='bbox 1869 2128 2075 2192; x_wconf 86' lang='lat' dir='ltr'><strong>audire,</strong></span> <span class='ocrx_word' id='word_1_176' title='bbox 2124 2137 2179 2183; x_wconf 91' lang='lat' dir='ltr'><strong>et</strong></span> 
     </span>
    </p>
   </div>
   <div class='ocr_carea' id='block_1_24' title="bbox 592 2218 2181 2289">
    <p class='ocr_par' dir='ltr' id='par_1_24' title="bbox 592 2218 2181 2289">
     <span class='ocr_line' id='line_1_24' title="bbox 592 2218 2181 2289; baseline 0.003 -19"><span class='ocrx_word' id='word_1_177' title='bbox 592 2218 856 2286; x_wconf 78' lang='lat' dir='ltr'><strong>accipere.</strong></span> <span class='ocrx_word' id='word_1_178' title='bbox 905 2228 962 2273; x_wconf 89' lang='lat' dir='ltr'><strong>et</strong></span> <span class='ocrx_word' id='word_1_179' title='bbox 997 2223 1158 2286; x_wconf 82' lang='lat' dir='ltr'><strong>mitti,</strong></span> <span class='ocrx_word' id='word_1_180' title='bbox 1205 2228 1261 2275; x_wconf 88' lang='lat' dir='ltr'><strong>et</strong></span> <span class='ocrx_word' id='word_1_181' title='bbox 1315 2220 1587 2289; x_wconf 69' lang='lat' dir='ltr'><strong>insufﬂari</strong></span> <span class='ocrx_word' id='word_1_182' title='bbox 1635 2219 1870 2283; x_wconf 88' lang='lat' dir='ltr'><strong>dicitur;</strong></span> <span class='ocrx_word' id='word_1_183' title='bbox 1906 2234 2027 2288; x_wconf 68' lang='lat' dir='ltr'><strong>qua:</strong></span> <span class='ocrx_word' id='word_1_184' title='bbox 2059 2235 2181 2289; x_wconf 88' lang='lat' dir='ltr'><strong>pro-</strong></span> 
     </span>
    </p>
   </div>
   <div class='ocr_carea' id='block_1_25' title="bbox 595 2309 2181 2382">
    <p class='ocr_par' dir='ltr' id='par_1_25' title="bbox 595 2309 2181 2382">
     <span class='ocr_line' id='line_1_25' title="bbox 595 2309 2181 2382; baseline 0.003 -20"><span class='ocrx_word' id='word_1_185' title='bbox 595 2309 738 2364; x_wconf 76' lang='lat' dir='ltr'><strong>fecto</strong></span> <span class='ocrx_word' id='word_1_186' title='bbox 771 2311 954 2365; x_wconf 85' lang='lat' dir='ltr'><strong>omnia</strong></span> <span class='ocrx_word' id='word_1_187' title='bbox 978 2312 1239 2366; x_wconf 64' lang='lat' dir='ltr'><strong>Ecclesia;</strong></span> <span class='ocrx_word' id='word_1_188' title='bbox 1268 2312 1515 2381; x_wconf 81' lang='lat' dir='ltr'><strong>magistri</strong></span> <span class='ocrx_word' id='word_1_189' title='bbox 1549 2312 1678 2366; x_wconf 91' lang='lat' dir='ltr'><strong>dum</strong></span> <span class='ocrx_word' id='word_1_190' title='bbox 1703 2322 2062 2380; x_wconf 84' lang='lat' dir='ltr'><strong>exponerent,</strong></span> <span class='ocrx_word' id='word_1_191' title='bbox 2084 2327 2181 2382; x_wconf 89' lang='lat' dir='ltr'><strong>per</strong></span> 
     </span>
    </p>
   </div>
   <div class='ocr_carea' id='block_1_26' title="bbox 596 2400 2188 2472">
    <p class='ocr_par' dir='ltr' id='par_1_26' title="bbox 596 2400 2188 2472">
     <span class='ocr_line' id='line_1_26' title="bbox 596 2400 2188 2472; baseline 0.003 -16"><span class='ocrx_word' id='word_1_192' title='bbox 596 2400 794 2456; x_wconf 79' lang='lat' dir='ltr'><strong>Filium</strong></span> <span class='ocrx_word' id='word_1_193' title='bbox 827 2403 1123 2472; x_wconf 89' lang='lat' dir='ltr'><strong>procedere</strong></span> <span class='ocrx_word' id='word_1_194' title='bbox 1141 2404 1415 2468; x_wconf 87' lang='lat' dir='ltr'><strong>dixerunt,</strong></span> <span class='ocrx_word' id='word_1_195' title='bbox 1439 2412 1496 2459; x_wconf 91' lang='lat' dir='ltr'><strong>et</strong></span> <span class='ocrx_word' id='word_1_196' title='bbox 1529 2402 1601 2459; x_wconf 87' lang='lat' dir='ltr'><strong>ab</strong></span> <span class='ocrx_word' id='word_1_197' title='bbox 1624 2403 1738 2469; x_wconf 92' lang='lat' dir='ltr'><strong>illo,</strong></span> <span class='ocrx_word' id='word_1_198' title='bbox 1766 2416 1916 2469; x_wconf 89' lang='lat' dir='ltr'><strong>esse,</strong></span> <span class='ocrx_word' id='word_1_199' title='bbox 1948 2403 2188 2469; x_wconf 64' lang='lat' dir='ltr'><strong>habere,</strong></span> 
     </span>
    </p>
   </div>
   <div class='ocr_carea' id='block_1_27' title="bbox 596 2493 2179 2566">
    <p class='ocr_par' dir='ltr' id='par_1_27' title="bbox 596 2493 2179 2566">
     <span class='ocr_line' id='line_1_27' title="bbox 596 2493 2179 2566; baseline 0.004 -21"><span class='ocrx_word' id='word_1_200' title='bbox 596 2501 657 2545; x_wconf 87' lang='lat' dir='ltr'><strong>ut</strong></span> <span class='ocrx_word' id='word_1_201' title='bbox 688 2493 755 2548; x_wconf 85' lang='lat' dir='ltr'><strong>ab</strong></span> <span class='ocrx_word' id='word_1_202' title='bbox 786 2495 903 2561; x_wconf 83' lang='lat' dir='ltr'><strong>ipso</strong></span> <span class='ocrx_word' id='word_1_203' title='bbox 929 2495 1314 2563; x_wconf 83' lang='lat' dir='ltr'><strong>accipientem,</strong></span> <span class='ocrx_word' id='word_1_204' title='bbox 1342 2506 1394 2548; x_wconf 90' lang='lat' dir='ltr'><strong>et</strong></span> <span class='ocrx_word' id='word_1_205' title='bbox 1426 2508 1493 2549; x_wconf 83' lang='lat' dir='ltr'><strong>ex</strong></span> <span class='ocrx_word' id='word_1_206' title='bbox 1540 2493 1660 2563; x_wconf 81' lang='lat' dir='ltr'><strong>ipso</strong></span> <span class='ocrx_word' id='word_1_207' title='bbox 1688 2507 1848 2559; x_wconf 81' lang='lat' dir='ltr'><strong>esse,</strong></span> <span class='ocrx_word' id='word_1_208' title='bbox 1881 2509 1944 2550; x_wconf 89' lang='lat' dir='ltr'><strong>ac</strong></span> <span class='ocrx_word' id='word_1_209' title='bbox 1983 2509 2179 2566; x_wconf 57' lang='lat' dir='ltr'><strong>procea</strong></span> 
     </span>
    </p>
   </div>
   <div class='ocr_carea' id='block_1_28' title="bbox 596 2584 1469 2655">
    <p class='ocr_par' dir='ltr' id='par_1_28' title="bbox 596 2584 1469 2655">
     <span class='ocr_line' id='line_1_28' title="bbox 596 2584 1469 2655; baseline 0.003 -19"><span class='ocrx_word' id='word_1_210' title='bbox 596 2584 751 2645; x_wconf 86' lang='lat' dir='ltr'><strong>dere.</strong></span> <span class='ocrx_word' id='word_1_211' title='bbox 790 2595 845 2639; x_wconf 91' lang='lat' dir='ltr'><strong>et</strong></span> <span class='ocrx_word' id='word_1_212' title='bbox 870 2601 989 2654; x_wconf 77' lang='lat' dir='ltr'><strong>qua:</strong></span> <span class='ocrx_word' id='word_1_213' title='bbox 1024 2586 1282 2655; x_wconf 78' lang='lat' dir='ltr'><strong>przedicta</strong></span> <span class='ocrx_word' id='word_1_214' title='bbox 1322 2597 1469 2640; x_wconf 89' lang='lat' dir='ltr'><strong>sunt.</strong></span> 
     </span>
    </p>
   </div>
   <div class='ocr_carea' id='block_1_29' title="bbox 666 2675 2180 2754">
    <p class='ocr_par' dir='ltr' id='par_1_29' title="bbox 666 2675 2180 2754">
     <span class='ocr_line' id='line_1_29' title="bbox 666 2675 2180 2754; baseline 0.001 -24"><span class='ocrx_word' id='word_1_215' title='bbox 666 2675 723 2730; x_wconf 79' lang='lat' dir='ltr'><strong>Si</strong></span> <span class='ocrx_word' id='word_1_216' title='bbox 755 2676 924 2754; x_wconf 86' lang='lat' dir='ltr'><strong>enim,</strong></span> <span class='ocrx_word' id='word_1_217' title='bbox 957 2679 1215 2748; x_wconf 87' lang='lat' dir='ltr'><strong>quoniam</strong></span> <span class='ocrx_word' id='word_1_218' title='bbox 1251 2678 1435 2734; x_wconf 73' lang='lat' dir='ltr'><strong>verbis</strong></span> <span class='ocrx_word' id='word_1_219' title='bbox 1469 2677 1612 2733; x_wconf 90' lang='lat' dir='ltr'><strong>dicta</strong></span> <span class='ocrx_word' id='word_1_220' title='bbox 1645 2693 1755 2734; x_wconf 91' lang='lat' dir='ltr'><strong>non</strong></span> <span class='ocrx_word' id='word_1_221' title='bbox 1792 2687 1939 2743; x_wconf 91' lang='lat' dir='ltr'><strong>sunt,</strong></span> <span class='ocrx_word' id='word_1_222' title='bbox 1977 2676 2180 2732; x_wconf 80' lang='lat' dir='ltr'><strong>intelli-</strong></span> 
     </span>
    </p>
   </div>
   <div class='ocr_carea' id='block_1_30' title="bbox 589 2768 2180 2843">
    <p class='ocr_par' dir='ltr' id='par_1_30' title="bbox 589 2768 2180 2843">
     <span class='ocr_line' id='line_1_30' title="bbox 589 2768 2180 2843; baseline 0 -22"><span class='ocrx_word' id='word_1_223' title='bbox 589 2769 827 2835; x_wconf 75' lang='lat' dir='ltr'><strong>gentiam</strong></span> <span class='ocrx_word' id='word_1_224' title='bbox 882 2782 1097 2839; x_wconf 86' lang='lat' dir='ltr'><strong>quoque</strong></span> <span class='ocrx_word' id='word_1_225' title='bbox 1132 2768 1348 2825; x_wconf 87' lang='lat' dir='ltr'><strong>illorum</strong></span> <span class='ocrx_word' id='word_1_226' title='bbox 1393 2769 1744 2839; x_wconf 82' lang='lat' dir='ltr'><strong>repellamus,</strong></span> <span class='ocrx_word' id='word_1_227' title='bbox 1788 2769 2019 2838; x_wconf 88' lang='lat' dir='ltr'><strong>plurima</strong></span> <span class='ocrx_word' id='word_1_228' title='bbox 2051 2783 2180 2843; x_wconf 80' lang='lat' dir='ltr'><strong>pro-</strong></span> 
     </span>
    </p>
   </div>
   <div class='ocr_carea' id='block_1_31' title="bbox 512 2859 2172 2925">
    <p class='ocr_par' dir='ltr' id='par_1_31' title="bbox 512 2859 2172 2925">
     <span class='ocr_line' id='line_1_31' title="bbox 512 2859 2172 2925; baseline -0.004 -10"><span class='ocrx_word' id='word_1_229' title='bbox 512 2859 519 2866; x_wconf 87' lang='grc'><em>’</em></span> <span class='ocrx_word' id='word_1_230' title='bbox 595 2862 738 2916; x_wconf 84' lang='lat' dir='ltr'><strong>l‘ecto</strong></span> <span class='ocrx_word' id='word_1_231' title='bbox 791 2869 850 2916; x_wconf 93' lang='lat' dir='ltr'><strong>et</strong></span> <span class='ocrx_word' id='word_1_232' title='bbox 880 2862 1214 2924; x_wconf 83' lang='lat' dir='ltr'><strong>necessaria,</strong></span> <span class='ocrx_word' id='word_1_233' title='bbox 1245 2870 1300 2916; x_wconf 93' lang='lat' dir='ltr'><strong>et</strong></span> <span class='ocrx_word' id='word_1_234' title='bbox 1329 2876 1592 2916; x_wconf 86' lang='lat' dir='ltr'><strong>concessa</strong></span> <span class='ocrx_word' id='word_1_235' title='bbox 1623 2899 1640 2924; x_wconf 93' lang='lat'><strong>,</strong></span> <span class='ocrx_word' id='word_1_236' title='bbox 1687 2869 1744 2914; x_wconf 91' lang='lat' dir='ltr'><strong>ut</strong></span> <span class='ocrx_word' id='word_1_237' title='bbox 1799 2862 2004 2914; x_wconf 90' lang='lat' dir='ltr'><strong>dictum</strong></span> <span class='ocrx_word' id='word_1_238' title='bbox 2064 2869 2172 2925; x_wconf 87' lang='lat' dir='ltr'><strong>est,</strong></span> 
     </span>
    </p>
   </div>
   <div class='ocr_carea' id='block_1_32' title="bbox 590 2950 2179 3021">
    <p class='ocr_par' dir='ltr' id='par_1_32' title="bbox 590 2950 2179 3021">
     <span class='ocr_line' id='line_1_32' title="bbox 590 2950 2179 3021; baseline -0.003 -14"><span class='ocrx_word' id='word_1_239' title='bbox 590 2952 869 3016; x_wconf 80' lang='lat' dir='ltr'><strong>ejiciemns</strong></span> <span class='ocrx_word' id='word_1_240' title='bbox 901 2968 915 3003; x_wconf 87' lang='lat'><strong>:</strong></span> <span class='ocrx_word' id='word_1_241' title='bbox 956 2955 1052 3006; x_wconf 85' lang='lat' dir='ltr'><strong>sed</strong></span> <span class='ocrx_word' id='word_1_242' title='bbox 1083 2964 1140 3007; x_wconf 91' lang='lat' dir='ltr'><strong>et</strong></span> <span class='ocrx_word' id='word_1_243' title='bbox 1173 2952 1353 3021; x_wconf 90' lang='lat' dir='ltr'><strong>ipsum</strong></span> <span class='ocrx_word' id='word_1_244' title='bbox 1396 2950 1677 3005; x_wconf 72' lang='lat' dir='ltr'><strong>Trinitatis</strong></span> <span class='ocrx_word' id='word_1_245' title='bbox 1710 2965 1929 3013; x_wconf 87' lang='lat' dir='ltr'><strong>nomen,</strong></span> <span class='ocrx_word' id='word_1_246' title='bbox 1969 2957 2021 3003; x_wconf 91' lang='lat' dir='ltr'><strong>et</strong></span> <span class='ocrx_word' id='word_1_247' title='bbox 2052 2950 2179 3002; x_wconf 82' lang='lat' dir='ltr'><strong>sub-</strong></span> 
     </span>
    </p>
   </div>
   <div class='ocr_carea' id='block_1_33' title="bbox 2289 475 3975 546">
    <p class='ocr_par' dir='ltr' id='par_1_33' title="bbox 2289 475 3975 546">
     <span class='ocr_line' id='line_1_33' title="bbox 2289 475 3975 546; baseline 0.006 -19"><span class='ocrx_word' id='word_1_248' title='bbox 2289 476 2360 528; x_wconf 87' lang='lat' dir='ltr'><strong>sit</strong></span> <span class='ocrx_word' id='word_1_249' title='bbox 2386 477 2451 530; x_wconf 91' lang='lat' dir='ltr'><strong>de</strong></span> <span class='ocrx_word' id='word_1_250' title='bbox 2475 475 2680 545; x_wconf 75' lang='lat' dir='ltr'><strong>Spiritu</strong></span> <span class='ocrx_word' id='word_1_251' title='bbox 2709 486 2922 543; x_wconf 85' lang='lat' dir='ltr'><strong>sancto,</strong></span> <span class='ocrx_word' id='word_1_252' title='bbox 2955 478 3096 546; x_wconf 89' lang='lat' dir='ltr'><strong>quod</strong></span> <span class='ocrx_word' id='word_1_253' title='bbox 3123 475 3269 532; x_wconf 88' lang='lat' dir='ltr'><strong>Deus</strong></span> <span class='ocrx_word' id='word_1_254' title='bbox 3300 492 3461 533; x_wconf 89' lang='lat' dir='ltr'><strong>verus</strong></span> <span class='ocrx_word' id='word_1_255' title='bbox 3508 484 3602 533; x_wconf 84' lang='lat' dir='ltr'><strong>de</strong></span> <span class='ocrx_word' id='word_1_256' title='bbox 3644 480 3785 535; x_wconf 86' lang='lat' dir='ltr'><strong>Deo</strong></span> <span class='ocrx_word' id='word_1_257' title='bbox 3823 496 3975 538; x_wconf 86' lang='lat' dir='ltr'><strong>vero</strong></span> 
     </span>
    </p>
   </div>
   <div class='ocr_carea' id='block_1_34' title="bbox 2290 568 3965 633">
    <p class='ocr_par' dir='ltr' id='par_1_34' title="bbox 2290 568 3965 633">
     <span class='ocr_line' id='line_1_34' title="bbox 2290 568 3965 633; baseline 0.001 -8"><span class='ocrx_word' id='word_1_258' title='bbox 2290 572 2385 633; x_wconf 86' lang='lat' dir='ltr'><strong>sit,</strong></span> <span class='ocrx_word' id='word_1_259' title='bbox 2431 570 2476 623; x_wconf 89' lang='lat' dir='ltr'><strong>si</strong></span> <span class='ocrx_word' id='word_1_260' title='bbox 2532 584 2656 624; x_wconf 90' lang='lat' dir='ltr'><strong>cum</strong></span> <span class='ocrx_word' id='word_1_261' title='bbox 2710 569 2760 622; x_wconf 84' lang='lat' dir='ltr'><strong>id</strong></span> <span class='ocrx_word' id='word_1_262' title='bbox 2785 569 2996 622; x_wconf 89' lang='lat' dir='ltr'><strong>veniret</strong></span> <span class='ocrx_word' id='word_1_263' title='bbox 3053 568 3107 621; x_wconf 92' lang='lat' dir='ltr'><strong>in</strong></span> <span class='ocrx_word' id='word_1_264' title='bbox 3141 570 3408 633; x_wconf 88' lang='lat' dir='ltr'><strong>dubium,</strong></span> <span class='ocrx_word' id='word_1_265' title='bbox 3445 569 3746 625; x_wconf 81' lang='lat' dir='ltr'><strong>Ecclesia</strong></span> <span class='ocrx_word' id='word_1_266' title='bbox 3792 573 3965 626; x_wconf 87' lang='lat' dir='ltr'><strong>illum</strong></span> 
     </span>
    </p>
   </div>
   <div class='ocr_carea' id='block_1_35' title="bbox 2289 659 3963 733">
    <p class='ocr_par' dir='ltr' id='par_1_35' title="bbox 2289 659 3963 733">
     <span class='ocr_line' id='line_1_35' title="bbox 2289 659 3963 733; baseline -0.001 -18"><span class='ocrx_word' id='word_1_267' title='bbox 2289 675 2535 715; x_wconf 90' lang='lat' dir='ltr'><strong>errorem</strong></span> <span class='ocrx_word' id='word_1_268' title='bbox 2568 659 2835 730; x_wconf 90' lang='lat' dir='ltr'><strong>repellere</strong></span> <span class='ocrx_word' id='word_1_269' title='bbox 2864 667 3121 728; x_wconf 89' lang='lat' dir='ltr'><strong>satagens</strong></span> <span class='ocrx_word' id='word_1_270' title='bbox 3164 660 3268 715; x_wconf 89' lang='lat' dir='ltr'><strong>hoc</strong></span> <span class='ocrx_word' id='word_1_271' title='bbox 3299 660 3576 732; x_wconf 84' lang='lat' dir='ltr'><strong>Symbolo</strong></span> <span class='ocrx_word' id='word_1_272' title='bbox 3618 662 3963 733; x_wconf 77' lang='lat' dir='ltr'><strong>adjiceret,</strong></span> 
     </span>
    </p>
   </div>
   <div class='ocr_carea' id='block_1_36' title="bbox 2289 750 3962 828">
    <p class='ocr_par' dir='ltr' id='par_1_36' title="bbox 2289 750 3962 828">
     <span class='ocr_line' id='line_1_36' title="bbox 2289 750 3962 828; baseline 0.002 -22"><span class='ocrx_word' id='word_1_273' title='bbox 2289 754 2527 821; x_wconf 88' lang='lat' dir='ltr'><strong>putanda</strong></span> <span class='ocrx_word' id='word_1_274' title='bbox 2574 767 2682 806; x_wconf 90' lang='lat' dir='ltr'><strong>non</strong></span> <span class='ocrx_word' id='word_1_275' title='bbox 2737 760 2885 806; x_wconf 85' lang='lat' dir='ltr'><strong>esset</strong></span> <span class='ocrx_word' id='word_1_276' title='bbox 2920 750 3533 828; x_wconf 27' lang='lat' dir='ltr'><strong>blasphemarenham,</strong></span> <span class='ocrx_word' id='word_1_277' title='bbox 3567 753 3630 807; x_wconf 87' lang='lat' dir='ltr'><strong>si</strong></span> <span class='ocrx_word' id='word_1_278' title='bbox 3698 755 3962 825; x_wconf 85' lang='lat' dir='ltr'><strong>quidem</strong></span> 
     </span>
    </p>
   </div>
   <div class='ocr_carea' id='block_1_37' title="bbox 2287 842 3961 917">
    <p class='ocr_par' dir='ltr' id='par_1_37' title="bbox 2287 842 3961 917">
     <span class='ocr_line' id='line_1_37' title="bbox 2287 842 3961 917; baseline 0.002 -19"><span class='ocrx_word' id='word_1_279' title='bbox 2287 844 2473 898; x_wconf 87' lang='lat' dir='ltr'><strong>omnia</strong></span> <span class='ocrx_word' id='word_1_280' title='bbox 2507 853 2692 912; x_wconf 88' lang='lat' dir='ltr'><strong>aperte</strong></span> <span class='ocrx_word' id='word_1_281' title='bbox 2724 843 2929 911; x_wconf 84' lang='lat' dir='ltr'><strong>scripta</strong></span> <span class='ocrx_word' id='word_1_282' title='bbox 2981 850 3201 907; x_wconf 82' lang='lat' dir='ltr'><strong>essent,</strong></span> <span class='ocrx_word' id='word_1_283' title='bbox 3240 842 3385 897; x_wconf 91' lang='lat' dir='ltr'><strong>nulla</strong></span> <span class='ocrx_word' id='word_1_284' title='bbox 3434 845 3706 900; x_wconf 77' lang='lat' dir='ltr'><strong>haeresis</strong></span> <span class='ocrx_word' id='word_1_285' title='bbox 3773 858 3961 917; x_wconf 87' lang='lat' dir='ltr'><strong>caput</strong></span> 
     </span>
    </p>
   </div>
   <div class='ocr_carea' id='block_1_38' title="bbox 2286 931 3956 1003">
    <p class='ocr_par' dir='ltr' id='par_1_38' title="bbox 2286 931 3956 1003">
     <span class='ocr_line' id='line_1_38' title="bbox 2286 931 3956 1003; baseline 0.004 -18"><span class='ocrx_word' id='word_1_286' title='bbox 2286 931 2536 986; x_wconf 83' lang='lat' dir='ltr'><strong>attollere</strong></span> <span class='ocrx_word' id='word_1_287' title='bbox 2567 932 2812 986; x_wconf 81' lang='lat' dir='ltr'><strong>auderet.</strong></span> <span class='ocrx_word' id='word_1_288' title='bbox 2842 931 2999 987; x_wconf 87' lang='lat' dir='ltr'><strong>Nunc</strong></span> <span class='ocrx_word' id='word_1_289' title='bbox 3030 939 3208 987; x_wconf 89' lang='lat' dir='ltr'><strong>autem</strong></span> <span class='ocrx_word' id='word_1_290' title='bbox 3241 943 3453 1003; x_wconf 89' lang='lat' dir='ltr'><strong>oportet</strong></span> <span class='ocrx_word' id='word_1_291' title='bbox 3481 947 3539 988; x_wconf 88' lang='lat' dir='ltr'><strong>et</strong></span> <span class='ocrx_word' id='word_1_292' title='bbox 3575 938 3868 992; x_wconf 62' lang='lat' dir='ltr'><strong>hwreses</strong></span> <span class='ocrx_word' id='word_1_293' title='bbox 3897 940 3956 993; x_wconf 89' lang='lat' dir='ltr'><strong>in</strong></span> 
     </span>
    </p>
   </div>
   <div class='ocr_carea' id='block_1_39' title="bbox 2289 1025 3954 1098">
    <p class='ocr_par' dir='ltr' id='par_1_39' title="bbox 2289 1025 3954 1098">
     <span class='ocr_line' id='line_1_39' title="bbox 2289 1025 3954 1098; baseline 0.005 -21"><span class='ocrx_word' id='word_1_294' title='bbox 2289 1025 2447 1079; x_wconf 87' lang='lat' dir='ltr'><strong>nobis</strong></span> <span class='ocrx_word' id='word_1_295' title='bbox 2467 1040 2609 1090; x_wconf 88' lang='lat' dir='ltr'><strong>esse,</strong></span> <span class='ocrx_word' id='word_1_296' title='bbox 2632 1026 3221 1095; x_wconf 72' lang='lat' dir='ltr'><strong>promet-quorumdam</strong></span> <span class='ocrx_word' id='word_1_297' title='bbox 3246 1026 3579 1096; x_wconf 85' lang='lat' dir='ltr'><strong>nequitiam,</strong></span> <span class='ocrx_word' id='word_1_298' title='bbox 3601 1038 3669 1081; x_wconf 89' lang='lat' dir='ltr'><strong>ut</strong></span> <span class='ocrx_word' id='word_1_299' title='bbox 3702 1030 3954 1098; x_wconf 82' lang='lat' dir='ltr'><strong>probati</strong></span> 
     </span>
    </p>
   </div>
   <div class='ocr_carea' id='block_1_40' title="bbox 2288 1112 3950 1187">
    <p class='ocr_par' dir='ltr' id='par_1_40' title="bbox 2288 1112 3950 1187">
     <span class='ocr_line' id='line_1_40' title="bbox 2288 1112 3950 1187; baseline 0.003 -17"><span class='ocrx_word' id='word_1_300' title='bbox 2288 1112 2557 1170; x_wconf 61' lang='lat' dir='ltr'><strong>manifesti</strong></span> <span class='ocrx_word' id='word_1_301' title='bbox 2591 1116 2742 1171; x_wconf 87' lang='lat' dir='ltr'><strong>ﬁattt.</strong></span> <span class='ocrx_word' id='word_1_302' title='bbox 2760 1116 2870 1172; x_wconf 85' lang='lat' dir='ltr'><strong>Sed</strong></span> <span class='ocrx_word' id='word_1_303' title='bbox 2886 1115 3656 1187; x_wconf 76' lang='lat' dir='ltr'><strong>etScrutaminiScripturas,</strong></span> <span class='ocrx_word' id='word_1_304' title='bbox 3705 1123 3950 1178; x_wconf 49' lang='lat' dir='ltr'><strong>dicsum</strong></span> 
     </span>
    </p>
   </div>
   <div class='ocr_carea' id='block_1_41' title="bbox 2285 1208 3942 1280">
    <p class='ocr_par' dir='ltr' id='par_1_41' title="bbox 2285 1208 3942 1280">
     <span class='ocr_line' id='line_1_41' title="bbox 2285 1208 3942 1280; baseline 0.002 -18"><span class='ocrx_word' id='word_1_305' title='bbox 2285 1224 2392 1263; x_wconf 89' lang='lat' dir='ltr'><strong>non</strong></span> <span class='ocrx_word' id='word_1_306' title='bbox 2429 1218 2597 1272; x_wconf 89' lang='lat' dir='ltr'><strong>esset,</strong></span> <span class='ocrx_word' id='word_1_307' title='bbox 2623 1208 2666 1262; x_wconf 92' lang='lat' dir='ltr'><strong>si</strong></span> <span class='ocrx_word' id='word_1_308' title='bbox 2696 1208 2878 1263; x_wconf 87' lang='lat' dir='ltr'><strong>omnia</strong></span> <span class='ocrx_word' id='word_1_309' title='bbox 2910 1208 3088 1263; x_wconf 90' lang='lat' dir='ltr'><strong>lucide</strong></span> <span class='ocrx_word' id='word_1_310' title='bbox 3131 1220 3185 1263; x_wconf 85' lang='lat' dir='ltr'><strong>et</strong></span> <span class='ocrx_word' id='word_1_311' title='bbox 3215 1221 3401 1279; x_wconf 88' lang='lat' dir='ltr'><strong>aperte</strong></span> <span class='ocrx_word' id='word_1_312' title='bbox 3423 1210 3652 1280; x_wconf 80' lang='lat' dir='ltr'><strong>scripta</strong></span> <span class='ocrx_word' id='word_1_313' title='bbox 3694 1224 3942 1266; x_wconf 84' lang='lat' dir='ltr'><strong>essent.</strong></span> 
     </span>
    </p>
   </div>
   <div class='ocr_carea' id='block_1_42' title="bbox 2353 1299 3946 1371">
    <p class='ocr_par' dir='ltr' id='par_1_42' title="bbox 2353 1299 3946 1371">
     <span class='ocr_line' id='line_1_42' title="bbox 2353 1299 3946 1371; baseline 0.003 -18"><span class='ocrx_word' id='word_1_314' title='bbox 2353 1300 2430 1353; x_wconf 89' lang='lat' dir='ltr'><strong>lta</strong></span> <span class='ocrx_word' id='word_1_315' title='bbox 2464 1300 2628 1369; x_wconf 86' lang='lat' dir='ltr'><strong>igitur</strong></span> <span class='ocrx_word' id='word_1_316' title='bbox 2652 1309 2707 1354; x_wconf 91' lang='lat' dir='ltr'><strong>et</strong></span> <span class='ocrx_word' id='word_1_317' title='bbox 2732 1300 2855 1353; x_wconf 89' lang='lat' dir='ltr'><strong>ﬁdei</strong></span> <span class='ocrx_word' id='word_1_318' title='bbox 2885 1300 3186 1370; x_wconf 88' lang='lat' dir='ltr'><strong>principiis,</strong></span> <span class='ocrx_word' id='word_1_319' title='bbox 3213 1312 3266 1356; x_wconf 90' lang='lat' dir='ltr'><strong>et</strong></span> <span class='ocrx_word' id='word_1_320' title='bbox 3295 1299 3599 1371; x_wconf 79' lang='lat' dir='ltr'><strong>Scripturae</strong></span> <span class='ocrx_word' id='word_1_321' title='bbox 3646 1306 3946 1358; x_wconf 80' lang='lat' dir='ltr'><strong>teStimo-</strong></span> 
     </span>
    </p>
   </div>
   <div class='ocr_carea' id='block_1_43' title="bbox 2283 1391 3945 1465">
    <p class='ocr_par' dir='ltr' id='par_1_43' title="bbox 2283 1391 3945 1465">
     <span class='ocr_line' id='line_1_43' title="bbox 2283 1391 3945 1465; baseline 0.004 -21"><span class='ocrx_word' id='word_1_322' title='bbox 2283 1391 2389 1447; x_wconf 90' lang='lat' dir='ltr'><strong>niis</strong></span> <span class='ocrx_word' id='word_1_323' title='bbox 2419 1407 2526 1445; x_wconf 91' lang='lat' dir='ltr'><strong>non</strong></span> <span class='ocrx_word' id='word_1_324' title='bbox 2560 1392 2731 1446; x_wconf 88' lang='lat' dir='ltr'><strong>solum</strong></span> <span class='ocrx_word' id='word_1_325' title='bbox 2766 1391 2901 1446; x_wconf 84' lang='lat' dir='ltr'><strong>nihil</strong></span> <span class='ocrx_word' id='word_1_326' title='bbox 2933 1392 3385 1461; x_wconf 89' lang='lat' dir='ltr'><strong>prohibentibus,</strong></span> <span class='ocrx_word' id='word_1_327' title='bbox 3420 1408 3651 1459; x_wconf 86' lang='lat' dir='ltr'><strong>verum,</strong></span> <span class='ocrx_word' id='word_1_328' title='bbox 3703 1407 3771 1450; x_wconf 81' lang='lat' dir='ltr'><strong>et</strong></span> <span class='ocrx_word' id='word_1_329' title='bbox 3804 1396 3945 1465; x_wconf 84' lang='lat' dir='ltr'><strong>plu-</strong></span> 
     </span>
    </p>
   </div>
   <div class='ocr_carea' id='block_1_44' title="bbox 2284 1484 3931 1555">
    <p class='ocr_par' dir='ltr' id='par_1_44' title="bbox 2284 1484 3931 1555">
     <span class='ocr_line' id='line_1_44' title="bbox 2284 1484 3931 1555; baseline 0.002 -16"><span class='ocrx_word' id='word_1_330' title='bbox 2284 1484 2479 1539; x_wconf 89' lang='lat' dir='ltr'><strong>rimum</strong></span> <span class='ocrx_word' id='word_1_331' title='bbox 2499 1484 2835 1553; x_wconf 74' lang='lat' dir='ltr'><strong>iuvantibus,</strong></span> <span class='ocrx_word' id='word_1_332' title='bbox 2865 1494 3047 1555; x_wconf 77' lang='lat' dir='ltr'><strong>atque,</strong></span> <span class='ocrx_word' id='word_1_333' title='bbox 3082 1486 3184 1539; x_wconf 90' lang='lat' dir='ltr'><strong>hoc</strong></span> <span class='ocrx_word' id='word_1_334' title='bbox 3214 1497 3399 1554; x_wconf 87' lang='lat' dir='ltr'><strong>aperte</strong></span> <span class='ocrx_word' id='word_1_335' title='bbox 3426 1487 3931 1553; x_wconf 86' lang='lat' dir='ltr'><strong>ostendentibus,</strong></span> 
     </span>
    </p>
   </div>
   <div class='ocr_carea' id='block_1_45' title="bbox 2282 1575 3933 1649">
    <p class='ocr_par' dir='ltr' id='par_1_45' title="bbox 2282 1575 3933 1649">
     <span class='ocr_line' id='line_1_45' title="bbox 2282 1575 3933 1649; baseline 0.004 -19"><span class='ocrx_word' id='word_1_336' title='bbox 2282 1577 2670 1646; x_wconf 75' lang='lat' dir='ltr'><strong>magistrisque</strong></span> <span class='ocrx_word' id='word_1_337' title='bbox 2700 1575 2960 1630; x_wconf 76' lang='lat' dir='ltr'><strong>Ecclesia:</strong></span> <span class='ocrx_word' id='word_1_338' title='bbox 2999 1576 3100 1630; x_wconf 91' lang='lat' dir='ltr'><strong>hoc</strong></span> <span class='ocrx_word' id='word_1_339' title='bbox 3124 1575 3373 1644; x_wconf 87' lang='lat' dir='ltr'><strong>plurimis</strong></span> <span class='ocrx_word' id='word_1_340' title='bbox 3406 1577 3458 1630; x_wconf 92' lang='lat' dir='ltr'><strong>in</strong></span> <span class='ocrx_word' id='word_1_341' title='bbox 3489 1577 3637 1632; x_wconf 89' lang='lat' dir='ltr'><strong>locis</strong></span> <span class='ocrx_word' id='word_1_342' title='bbox 3710 1591 3933 1649; x_wconf 86' lang='lat' dir='ltr'><strong>aperte</strong></span> 
     </span>
    </p>
   </div>
   <div class='ocr_carea' id='block_1_46' title="bbox 2282 1665 3928 1737">
    <p class='ocr_par' dir='ltr' id='par_1_46' title="bbox 2282 1665 3928 1737">
     <span class='ocr_line' id='line_1_46' title="bbox 2282 1665 3928 1737; baseline 0.002 -17"><span class='ocrx_word' id='word_1_343' title='bbox 2282 1669 2696 1731; x_wconf 88' lang='lat' dir='ltr'><strong>asserentibus;</strong></span> <span class='ocrx_word' id='word_1_344' title='bbox 2729 1666 2944 1737; x_wconf 88' lang='lat' dir='ltr'><strong>hisque,</strong></span> <span class='ocrx_word' id='word_1_345' title='bbox 2986 1665 3077 1733; x_wconf 89' lang='lat' dir='ltr'><strong>qui</strong></span> <span class='ocrx_word' id='word_1_346' title='bbox 3109 1676 3299 1720; x_wconf 88' lang='lat' dir='ltr'><strong>contra</strong></span> <span class='ocrx_word' id='word_1_347' title='bbox 3345 1676 3567 1737; x_wconf 84' lang='lat' dir='ltr'><strong>negant,</strong></span> <span class='ocrx_word' id='word_1_348' title='bbox 3608 1684 3928 1724; x_wconf 82' lang='lat' dir='ltr'><strong>necessa-</strong></span> 
     </span>
    </p>
   </div>
   <div class='ocr_carea' id='block_1_47' title="bbox 3728 1760 3925 1814">
    <p class='ocr_par' dir='ltr' id='par_1_47' title="bbox 3728 1760 3925 1814">
     <span class='ocr_line' id='line_1_47' title="bbox 3728 1760 3925 1814; baseline -0.005 0"><span class='ocrx_word' id='word_1_349' title='bbox 3728 1760 3925 1814; x_wconf 83' lang='lat' dir='ltr'><strong>tradi-</strong></span> 
     </span>
    </p>
   </div>
   <div class='ocr_carea' id='block_1_48' title="bbox 2281 1844 3919 1922">
    <p class='ocr_par' dir='ltr' id='par_1_48' title="bbox 2281 1844 3919 1922">
     <span class='ocr_line' id='line_1_48' title="bbox 2281 1844 3919 1922; baseline 0.001 -19"><span class='ocrx_word' id='word_1_350' title='bbox 2281 1859 2475 1918; x_wconf 88' lang='lat' dir='ltr'><strong>tasque</strong></span> <span class='ocrx_word' id='word_1_351' title='bbox 2505 1849 2731 1903; x_wconf 89' lang='lat' dir='ltr'><strong>omnino</strong></span> <span class='ocrx_word' id='word_1_352' title='bbox 2763 1847 2830 1901; x_wconf 85' lang='lat' dir='ltr'><strong>de</strong></span> <span class='ocrx_word' id='word_1_353' title='bbox 2861 1857 3049 1901; x_wconf 84' lang='lat' dir='ltr'><strong>sancta</strong></span> <span class='ocrx_word' id='word_1_354' title='bbox 3078 1844 3350 1901; x_wconf 88' lang='lat' dir='ltr'><strong>Trinitate</strong></span> <span class='ocrx_word' id='word_1_355' title='bbox 3377 1847 3619 1922; x_wconf 80' lang='lat' dir='ltr'><strong>rationes</strong></span> <span class='ocrx_word' id='word_1_356' title='bbox 3657 1851 3919 1904; x_wconf 84' lang='lat' dir='ltr'><strong>convel-</strong></span> 
     </span>
    </p>
   </div>
   <div class='ocr_carea' id='block_1_49' title="bbox 2277 1940 3916 2013">
    <p class='ocr_par' dir='ltr' id='par_1_49' title="bbox 2277 1940 3916 2013">
     <span class='ocr_line' id='line_1_49' title="bbox 2277 1940 3916 2013; baseline 0.001 -17"><span class='ocrx_word' id='word_1_357' title='bbox 2277 1942 2533 2007; x_wconf 86' lang='lat' dir='ltr'><strong>lentibus,</strong></span> <span class='ocrx_word' id='word_1_358' title='bbox 2587 1956 2709 2010; x_wconf 75' lang='lat' dir='ltr'><strong>qure</strong></span> <span class='ocrx_word' id='word_1_359' title='bbox 2742 1940 2925 2013; x_wconf 80' lang='lat' dir='ltr'><strong>omnia</strong></span> <span class='ocrx_word' id='word_1_360' title='bbox 2980 1940 3225 2008; x_wconf 87' lang='lat' dir='ltr'><strong>pluribus</strong></span> <span class='ocrx_word' id='word_1_361' title='bbox 3279 1940 3433 2008; x_wconf 89' lang='lat' dir='ltr'><strong>plura</strong></span> <span class='ocrx_word' id='word_1_362' title='bbox 3492 1944 3916 1997; x_wconf 82' lang='lat' dir='ltr'><strong>denmnstrata</strong></span> 
     </span>
    </p>
   </div>
   <div class='ocr_carea' id='block_1_50' title="bbox 2279 2030 3903 2102">
    <p class='ocr_par' dir='ltr' id='par_1_50' title="bbox 2279 2030 3903 2102">
     <span class='ocr_line' id='line_1_50' title="bbox 2279 2030 3903 2102; baseline -0.001 -14"><span class='ocrx_word' id='word_1_363' title='bbox 2279 2045 2404 2089; x_wconf 90' lang='lat' dir='ltr'><strong>sunt</strong></span> <span class='ocrx_word' id='word_1_364' title='bbox 2435 2052 2449 2088; x_wconf 91' lang='lat'><strong>:</strong></span> <span class='ocrx_word' id='word_1_365' title='bbox 2479 2048 2543 2088; x_wconf 84' lang='lat' dir='ltr'><strong>ex</strong></span> <span class='ocrx_word' id='word_1_366' title='bbox 2565 2033 2706 2088; x_wconf 88' lang='lat' dir='ltr'><strong>Filio</strong></span> <span class='ocrx_word' id='word_1_367' title='bbox 2728 2046 2944 2102; x_wconf 91' lang='lat' dir='ltr'><strong>quoque</strong></span> <span class='ocrx_word' id='word_1_368' title='bbox 2967 2032 3260 2100; x_wconf 80' lang='lat' dir='ltr'><strong>procedere</strong></span> <span class='ocrx_word' id='word_1_369' title='bbox 3286 2030 3549 2101; x_wconf 83' lang='lat' dir='ltr'><strong>Spiritum</strong></span> <span class='ocrx_word' id='word_1_370' title='bbox 3580 2044 3903 2099; x_wconf 82' lang='lat' dir='ltr'><strong>sanctum,</strong></span> 
     </span>
    </p>
   </div>
   <div class='ocr_carea' id='block_1_51' title="bbox 2282 2122 3907 2195">
    <p class='ocr_par' dir='ltr' id='par_1_51' title="bbox 2282 2122 3907 2195">
     <span class='ocr_line' id='line_1_51' title="bbox 2282 2122 3907 2195; baseline -0.001 -15"><span class='ocrx_word' id='word_1_371' title='bbox 2282 2137 2526 2195; x_wconf 89' lang='lat' dir='ltr'><strong>tempore</strong></span> <span class='ocrx_word' id='word_1_372' title='bbox 2557 2132 2807 2194; x_wconf 86' lang='lat' dir='ltr'><strong>urgente,</strong></span> <span class='ocrx_word' id='word_1_373' title='bbox 2852 2123 2907 2178; x_wconf 88' lang='lat' dir='ltr'><strong>in</strong></span> <span class='ocrx_word' id='word_1_374' title='bbox 2945 2122 3203 2193; x_wconf 82' lang='lat' dir='ltr'><strong>Symliolo</strong></span> <span class='ocrx_word' id='word_1_375' title='bbox 3241 2122 3514 2192; x_wconf 83' lang='lat' dir='ltr'><strong>adjectum</strong></span> <span class='ocrx_word' id='word_1_376' title='bbox 3556 2136 3665 2177; x_wconf 89' lang='lat' dir='ltr'><strong>est.</strong></span> <span class='ocrx_word' id='word_1_377' title='bbox 3706 2125 3907 2178; x_wconf 79' lang='lat' dir='ltr'><strong>Aiunt</strong></span> 
     </span>
    </p>
   </div>
   <div class='ocr_carea' id='block_1_52' title="bbox 2279 2212 3904 2283">
    <p class='ocr_par' dir='ltr' id='par_1_52' title="bbox 2279 2212 3904 2283">
     <span class='ocr_line' id='line_1_52' title="bbox 2279 2212 3904 2283; baseline 0.001 -15"><span class='ocrx_word' id='word_1_378' title='bbox 2279 2216 2449 2279; x_wconf 91' lang='lat' dir='ltr'><strong>enim,</strong></span> <span class='ocrx_word' id='word_1_379' title='bbox 2500 2213 2757 2282; x_wconf 88' lang='lat' dir='ltr'><strong>quoniaut</strong></span> <span class='ocrx_word' id='word_1_380' title='bbox 2814 2222 2935 2283; x_wconf 89' lang='lat' dir='ltr'><strong>post</strong></span> <span class='ocrx_word' id='word_1_381' title='bbox 3009 2212 3243 2283; x_wconf 84' lang='lat' dir='ltr'><strong>primatu</strong></span> <span class='ocrx_word' id='word_1_382' title='bbox 3305 2214 3574 2282; x_wconf 82' lang='lat' dir='ltr'><strong>synodum</strong></span> <span class='ocrx_word' id='word_1_383' title='bbox 3641 2214 3904 2269; x_wconf 67' lang='lat' dir='ltr'><strong>haeresis</strong></span> 
     </span>
    </p>
   </div>
   <div class='ocr_carea' id='block_1_53' title="bbox 2280 2305 3899 2375">
    <p class='ocr_par' dir='ltr' id='par_1_53' title="bbox 2280 2305 3899 2375">
     <span class='ocr_line' id='line_1_53' title="bbox 2280 2305 3899 2375; baseline 0 -16"><span class='ocrx_word' id='word_1_384' title='bbox 2280 2309 2549 2375; x_wconf 70' lang='lat' dir='ltr'><strong>quaedam,</strong></span> <span class='ocrx_word' id='word_1_385' title='bbox 2568 2322 2689 2375; x_wconf 66' lang='lat' dir='ltr'><strong>quae</strong></span> <span class='ocrx_word' id='word_1_386' title='bbox 2709 2305 2850 2360; x_wconf 87' lang='lat' dir='ltr'><strong>Filio</strong></span> <span class='ocrx_word' id='word_1_387' title='bbox 2869 2306 3050 2359; x_wconf 84' lang='lat' dir='ltr'><strong>Patris</strong></span> <span class='ocrx_word' id='word_1_388' title='bbox 3082 2319 3280 2360; x_wconf 90' lang='lat' dir='ltr'><strong>nomen</strong></span> <span class='ocrx_word' id='word_1_389' title='bbox 3307 2305 3628 2374; x_wconf 83' lang='lat' dir='ltr'><strong>applicaret,</strong></span> <span class='ocrx_word' id='word_1_390' title='bbox 3656 2306 3899 2372; x_wconf 53' lang='lat' dir='ltr'><strong>Graec,</strong></span> 
     </span>
    </p>
   </div>
   <div class='ocr_carea' id='block_1_54' title="bbox 2278 2395 3897 2468">
    <p class='ocr_par' dir='ltr' id='par_1_54' title="bbox 2278 2395 3897 2468">
     <span class='ocr_line' id='line_1_54' title="bbox 2278 2395 3897 2468; baseline 0.002 -17"><span class='ocrx_word' id='word_1_391' title='bbox 2278 2398 2605 2468; x_wconf 79' lang='grc' dir='ltr'><strong>υἱοπατορία</strong></span> <span class='ocrx_word' id='word_1_392' title='bbox 2642 2398 2782 2452; x_wconf 87' lang='lat' dir='ltr'><strong>dicta</strong></span> <span class='ocrx_word' id='word_1_393' title='bbox 2805 2396 3108 2467; x_wconf 82' lang='lat' dir='ltr'><strong>pullulavit,</strong></span> <span class='ocrx_word' id='word_1_394' title='bbox 3142 2396 3332 2452; x_wconf 87' lang='lat' dir='ltr'><strong>dicens</strong></span> <span class='ocrx_word' id='word_1_395' title='bbox 3363 2412 3377 2450; x_wconf 90' lang='lat'><strong>:</strong></span> <span class='ocrx_word' id='word_1_396' title='bbox 3411 2395 3615 2452; x_wconf 83' lang='lat' dir='ltr'><strong>Filium</strong></span> <span class='ocrx_word' id='word_1_397' title='bbox 3649 2397 3897 2453; x_wconf 82' lang='lat' dir='ltr'><strong>Patrem</strong></span> 
     </span>
    </p>
   </div>
   <div class='ocr_carea' id='block_1_55' title="bbox 2278 2486 3892 2561">
    <p class='ocr_par' dir='ltr' id='par_1_55' title="bbox 2278 2486 3892 2561">
     <span class='ocr_line' id='line_1_55' title="bbox 2278 2486 3892 2561; baseline 0.001 -20"><span class='ocrx_word' id='word_1_398' title='bbox 2278 2504 2388 2561; x_wconf 69' lang='lat' dir='ltr'><strong>esse</strong></span> <span class='ocrx_word' id='word_1_399' title='bbox 2424 2486 2656 2557; x_wconf 76' lang='lat' dir='ltr'><strong>Spiritus</strong></span> <span class='ocrx_word' id='word_1_400' title='bbox 2694 2488 2905 2553; x_wconf 81' lang='lat' dir='ltr'><strong>sancti,</strong></span> <span class='ocrx_word' id='word_1_401' title='bbox 2938 2489 3116 2558; x_wconf 80' lang='lat' dir='ltr'><strong>ipsum</strong></span> <span class='ocrx_word' id='word_1_402' title='bbox 3164 2505 3283 2544; x_wconf 80' lang='lat' dir='ltr'><strong>vero</strong></span> <span class='ocrx_word' id='word_1_403' title='bbox 3326 2486 3585 2558; x_wconf 80' lang='lat' dir='ltr'><strong>Spiritum</strong></span> <span class='ocrx_word' id='word_1_404' title='bbox 3627 2502 3892 2559; x_wconf 76' lang='lat' dir='ltr'><strong>nepotem</strong></span> 
     </span>
    </p>
   </div>
   <div class='ocr_carea' id='block_1_56' title="bbox 2278 2576 3892 2649">
    <p class='ocr_par' dir='ltr' id='par_1_56' title="bbox 2278 2576 3892 2649">
     <span class='ocr_line' id='line_1_56' title="bbox 2278 2576 3892 2649; baseline 0.001 -17"><span class='ocrx_word' id='word_1_405' title='bbox 2278 2576 2484 2635; x_wconf 78' lang='lat' dir='ltr'><strong>Patris.</strong></span> <span class='ocrx_word' id='word_1_406' title='bbox 2514 2580 2856 2649; x_wconf 87' lang='lat' dir='ltr'><strong>Quapropter</strong></span> <span class='ocrx_word' id='word_1_407' title='bbox 2886 2578 3153 2635; x_wconf 82' lang='lat' dir='ltr'><strong>Damasus</strong></span> <span class='ocrx_word' id='word_1_408' title='bbox 3178 2617 3195 2643; x_wconf 86' lang='lat'><strong>,</strong></span> <span class='ocrx_word' id='word_1_409' title='bbox 3227 2579 3319 2648; x_wconf 87' lang='lat' dir='ltr'><strong>qui</strong></span> <span class='ocrx_word' id='word_1_410' title='bbox 3352 2588 3479 2634; x_wconf 91' lang='lat' dir='ltr'><strong>tunc</strong></span> <span class='ocrx_word' id='word_1_411' title='bbox 3517 2589 3636 2636; x_wconf 89' lang='lat' dir='ltr'><strong>erat</strong></span> <span class='ocrx_word' id='word_1_412' title='bbox 3662 2579 3892 2636; x_wconf 82' lang='lat' dir='ltr'><strong>Roma-</strong></span> 
     </span>
    </p>
   </div>
   <div class='ocr_carea' id='block_1_57' title="bbox 2277 2670 3881 2743">
    <p class='ocr_par' dir='ltr' id='par_1_57' title="bbox 2277 2670 3881 2743">
     <span class='ocr_line' id='line_1_57' title="bbox 2277 2670 3881 2743; baseline -0.001 -18"><span class='ocrx_word' id='word_1_413' title='bbox 2277 2687 2384 2727; x_wconf 90' lang='lat' dir='ltr'><strong>nus</strong></span> <span class='ocrx_word' id='word_1_414' title='bbox 2414 2673 2718 2742; x_wconf 78' lang='lat' dir='ltr'><strong>episcopus,</strong></span> <span class='ocrx_word' id='word_1_415' title='bbox 2780 2681 2969 2727; x_wconf 88' lang='lat' dir='ltr'><strong>coacto</strong></span> <span class='ocrx_word' id='word_1_416' title='bbox 3018 2672 3278 2741; x_wconf 87' lang='lat' dir='ltr'><strong>concilio,</strong></span> <span class='ocrx_word' id='word_1_417' title='bbox 3328 2670 3585 2743; x_wconf 86' lang='lat' dir='ltr'><strong>Symbolo</strong></span> <span class='ocrx_word' id='word_1_418' title='bbox 3631 2673 3881 2742; x_wconf 84' lang='lat' dir='ltr'><strong>adjecit,</strong></span> 
     </span>
    </p>
   </div>
   <div class='ocr_carea' id='block_1_58' title="bbox 2277 2762 3915 2832">
    <p class='ocr_par' dir='ltr' id='par_1_58' title="bbox 2277 2762 3915 2832">
     <span class='ocr_line' id='line_1_58' title="bbox 2277 2762 3915 2832; baseline -0.001 -14"><span class='ocrx_word' id='word_1_419' title='bbox 2277 2780 2344 2819; x_wconf 75' lang='lat' dir='ltr'><strong>ex</strong></span> <span class='ocrx_word' id='word_1_420' title='bbox 2383 2763 2521 2818; x_wconf 83' lang='lat' dir='ltr'><strong>Filio</strong></span> <span class='ocrx_word' id='word_1_421' title='bbox 2550 2764 2830 2832; x_wconf 77' lang='lat' dir='ltr'><strong>procedere</strong></span> <span class='ocrx_word' id='word_1_422' title='bbox 2860 2762 3124 2832; x_wconf 85' lang='lat' dir='ltr'><strong>Spiritum</strong></span> <span class='ocrx_word' id='word_1_423' title='bbox 3173 2774 3459 2829; x_wconf 81' lang='lat' dir='ltr'><strong>sanctum;</strong></span> <span class='ocrx_word' id='word_1_424' title='bbox 3489 2765 3596 2820; x_wconf 89' lang='lat' dir='ltr'><strong>illis</strong></span> <span class='ocrx_word' id='word_1_425' title='bbox 3633 2765 3885 2820; x_wconf 81' lang='lat' dir='ltr'><strong>&#39;scilicet</strong></span> <span class='ocrx_word' id='word_1_426' title='bbox 3912 2762 3915 2765; x_wconf 58' lang='grc'><em>“</em></span> 
     </span>
    </p>
   </div>
   <div class='ocr_carea' id='block_1_59' title="bbox 2276 2853 3875 2924">
    <p class='ocr_par' dir='ltr' id='par_1_59' title="bbox 2276 2853 3875 2924">
     <span class='ocr_line' id='line_1_59' title="bbox 2276 2853 3875 2924; baseline -0.002 -14"><span class='ocrx_word' id='word_1_427' title='bbox 2276 2856 2588 2920; x_wconf 89' lang='lat' dir='ltr'><strong>obsistens,</strong></span> <span class='ocrx_word' id='word_1_428' title='bbox 2622 2856 2713 2924; x_wconf 89' lang='lat' dir='ltr'><strong>qui</strong></span> <span class='ocrx_word' id='word_1_429' title='bbox 2763 2854 3010 2909; x_wconf 87' lang='lat' dir='ltr'><strong>dicerent</strong></span> <span class='ocrx_word' id='word_1_430' title='bbox 3039 2894 3055 2915; x_wconf 86' lang='lat'><strong>.</strong></span> <span class='ocrx_word' id='word_1_431' title='bbox 3090 2870 3215 2910; x_wconf 89' lang='lat' dir='ltr'><strong>eum</strong></span> <span class='ocrx_word' id='word_1_432' title='bbox 3256 2870 3322 2909; x_wconf 80' lang='lat' dir='ltr'><strong>ea:</strong></span> <span class='ocrx_word' id='word_1_433' title='bbox 3375 2853 3520 2910; x_wconf 84' lang='lat' dir='ltr'><strong>Filio</strong></span> <span class='ocrx_word' id='word_1_434' title='bbox 3556 2856 3727 2911; x_wconf 85' lang='lat' dir='ltr'><strong>nasci.</strong></span> <span class='ocrx_word' id='word_1_435' title='bbox 3760 2853 3875 2921; x_wconf 87' lang='lat' dir='ltr'><strong>Qui</strong></span> 
     </span>
    </p>
   </div>
   <div class='ocr_carea' id='block_1_60' title="bbox 2275 2945 3875 3017">
    <p class='ocr_par' dir='ltr' id='par_1_60' title="bbox 2275 2945 3875 3017">
     <span class='ocr_line' id='line_1_60' title="bbox 2275 2945 3875 3017; baseline 0 -15"><span class='ocrx_word' id='word_1_436' title='bbox 2275 2948 2420 3002; x_wconf 90' lang='lat' dir='ltr'><strong>enim</strong></span> <span class='ocrx_word' id='word_1_437' title='bbox 2455 2962 2520 3000; x_wconf 87' lang='lat' dir='ltr'><strong>ex</strong></span> <span class='ocrx_word' id='word_1_438' title='bbox 2550 2947 2711 3003; x_wconf 84' lang='lat' dir='ltr'><strong>Patre</strong></span> <span class='ocrx_word' id='word_1_439' title='bbox 2746 2962 2841 3015; x_wconf 87' lang='lat' dir='ltr'><strong>per</strong></span> <span class='ocrx_word' id='word_1_440' title='bbox 2870 2945 3068 3002; x_wconf 87' lang='lat' dir='ltr'><strong>Filium</strong></span> <span class='ocrx_word' id='word_1_441' title='bbox 3110 2948 3373 3017; x_wconf 88' lang='lat' dir='ltr'><strong>procedit,</strong></span> <span class='ocrx_word' id='word_1_442' title='bbox 3403 2958 3458 3004; x_wconf 91' lang='lat' dir='ltr'><strong>et</strong></span> <span class='ocrx_word' id='word_1_443' title='bbox 3487 2965 3552 3003; x_wconf 84' lang='lat' dir='ltr'><strong>ex</strong></span> <span class='ocrx_word' id='word_1_444' title='bbox 3583 2949 3770 3013; x_wconf 82' lang='lat' dir='ltr'><strong>Patre,</strong></span> <span class='ocrx_word' id='word_1_445' title='bbox 3814 2956 3875 3002; x_wconf 89' lang='lat' dir='ltr'><strong>et</strong></span> 
     </span>
    </p>
   </div>
   <div class='ocr_carea' id='block_1_61' title="bbox 590 3026 3870 3140">
    <p class='ocr_par' dir='ltr' id='par_1_61' title="bbox 590 3026 3870 3140">
     <span class='ocr_line' id='line_1_61' title="bbox 590 3026 3870 3140; baseline 0 -45"><span class='ocrx_word' id='word_1_446' title='bbox 590 3045 868 3108; x_wconf 84' lang='lat' dir='ltr'><strong>stantiam,</strong></span> <span class='ocrx_word' id='word_1_447' title='bbox 896 3055 944 3096; x_wconf 82' lang='lat' dir='ltr'><strong>et</strong></span> <span class='ocrx_word' id='word_1_448' title='bbox 964 3059 1242 3113; x_wconf 82' lang='lat' dir='ltr'><strong>personas,</strong></span> <span class='ocrx_word' id='word_1_449' title='bbox 1283 3043 1694 3110; x_wconf 85' lang='lat' dir='ltr'><strong>ingenitumque,</strong></span> <span class='ocrx_word' id='word_1_450' title='bbox 1725 3042 1870 3110; x_wconf 87' lang='lat' dir='ltr'><strong>quod</strong></span> <span class='ocrx_word' id='word_1_451' title='bbox 1903 3042 1960 3095; x_wconf 89' lang='lat' dir='ltr'><strong>in</strong></span> <span class='ocrx_word' id='word_1_452' title='bbox 2007 3038 2173 3096; x_wconf 87' lang='lat' dir='ltr'><strong>Patre</strong></span> <span class='ocrx_word' id='word_1_453' title='bbox 2201 3080 2244 3140; x_wconf 61' lang='grc' dir='ltr'>ρ</span> <span class='ocrx_word' id='word_1_454' title='bbox 2279 3040 2414 3094; x_wconf 80' lang='lat' dir='ltr'><strong>Filio</strong></span> <span class='ocrx_word' id='word_1_455' title='bbox 2454 3026 2749 3122; x_wconf 77' lang='lat' dir='ltr'><strong>procedere</strong></span> <span class='ocrx_word' id='word_1_456' title='bbox 2783 3041 2984 3095; x_wconf 88' lang='lat' dir='ltr'><strong>dicitur</strong></span> <span class='ocrx_word' id='word_1_457' title='bbox 3012 3083 3027 3108; x_wconf 94' lang='lat'><strong>,</strong></span> <span class='ocrx_word' id='word_1_458' title='bbox 3051 3048 3142 3095; x_wconf 83' lang='lat' dir='ltr'><strong>‘ex</strong></span> <span class='ocrx_word' id='word_1_459' title='bbox 3177 3040 3318 3097; x_wconf 89' lang='lat' dir='ltr'><strong>Filio</strong></span> <span class='ocrx_word' id='word_1_460' title='bbox 3370 3042 3611 3111; x_wconf 79' lang='lat' dir='ltr'><strong>profecto</strong></span> <span class='ocrx_word' id='word_1_461' title='bbox 3640 3043 3870 3111; x_wconf 89' lang='lat' dir='ltr'><strong>genitus</strong></span> 
     </span>
    </p>
   </div>
   <div class='ocr_carea' id='block_1_62' title="bbox 588 3131 2173 3202">
    <p class='ocr_par' dir='ltr' id='par_1_62' title="bbox 588 3131 2173 3202">
     <span class='ocr_line' id='line_1_62' title="bbox 588 3131 2173 3202; baseline -0.001 -15"><span class='ocrx_word' id='word_1_462' title='bbox 588 3133 810 3197; x_wconf 85' lang='lat' dir='ltr'><strong>dicitur,</strong></span> <span class='ocrx_word' id='word_1_463' title='bbox 864 3144 919 3188; x_wconf 89' lang='lat' dir='ltr'><strong>et</strong></span> <span class='ocrx_word' id='word_1_464' title='bbox 972 3131 1447 3199; x_wconf 79' lang='lat' dir='ltr'><strong>consubstantiale,</strong></span> <span class='ocrx_word' id='word_1_465' title='bbox 1492 3133 1618 3202; x_wconf 84' lang='lat' dir='ltr'><strong>quia</strong></span> <span class='ocrx_word' id='word_1_466' title='bbox 1667 3132 1933 3198; x_wconf 86' lang='lat' dir='ltr'><strong>scriptum</strong></span> <span class='ocrx_word' id='word_1_467' title='bbox 1985 3139 2173 3200; x_wconf 87' lang='lat' dir='ltr'><strong>aperte</strong></span> 
     </span>
    </p>
   </div>
   <div class='ocr_carea' id='block_1_63' title="bbox 590 3220 2171 3294">
    <p class='ocr_par' dir='ltr' id='par_1_63' title="bbox 590 3220 2171 3294">
     <span class='ocr_line' id='line_1_63' title="bbox 590 3220 2171 3294; baseline -0.003 -16"><span class='ocrx_word' id='word_1_468' title='bbox 590 3238 697 3278; x_wconf 88' lang='lat' dir='ltr'><strong>non</strong></span> <span class='ocrx_word' id='word_1_469' title='bbox 733 3235 839 3289; x_wconf 89' lang='lat' dir='ltr'><strong>est,</strong></span> <span class='ocrx_word' id='word_1_470' title='bbox 863 3224 1024 3278; x_wconf 89' lang='lat' dir='ltr'><strong>simul</strong></span> <span class='ocrx_word' id='word_1_471' title='bbox 1058 3224 1360 3294; x_wconf 86' lang='lat' dir='ltr'><strong>ejiciemus.</strong></span> <span class='ocrx_word' id='word_1_472' title='bbox 1396 3223 1583 3290; x_wconf 85' lang='lat' dir='ltr'><strong>Atqui,</strong></span> <span class='ocrx_word' id='word_1_473' title='bbox 1612 3223 1658 3276; x_wconf 90' lang='lat' dir='ltr'><strong>si</strong></span> <span class='ocrx_word' id='word_1_474' title='bbox 1703 3222 1826 3289; x_wconf 88' lang='lat' dir='ltr'><strong>quis</strong></span> <span class='ocrx_word' id='word_1_475' title='bbox 1860 3220 2171 3274; x_wconf 85' lang='lat' dir='ltr'><strong>litterarum</strong></span> 
     </span>
    </p>
   </div>
   <div class='ocr_carea' id='block_1_64' title="bbox 589 3310 2172 3386">
    <p class='ocr_par' dir='ltr' id='par_1_64' title="bbox 589 3310 2172 3386">
     <span class='ocr_line' id='line_1_64' title="bbox 589 3310 2172 3386; baseline -0.003 -17"><span class='ocrx_word' id='word_1_476' title='bbox 589 3317 742 3371; x_wconf 80' lang='lat' dir='ltr'><strong>sonis</strong></span> <span class='ocrx_word' id='word_1_477' title='bbox 770 3316 1027 3383; x_wconf 84' lang='lat' dir='ltr'><strong>assideat,</strong></span> <span class='ocrx_word' id='word_1_478' title='bbox 1063 3329 1239 3382; x_wconf 89' lang='lat' dir='ltr'><strong>neque</strong></span> <span class='ocrx_word' id='word_1_479' title='bbox 1275 3314 1328 3368; x_wconf 90' lang='lat' dir='ltr'><strong>in</strong></span> <span class='ocrx_word' id='word_1_480' title='bbox 1381 3311 1640 3386; x_wconf 85' lang='lat' dir='ltr'><strong>Sytnbolo</strong></span> <span class='ocrx_word' id='word_1_481' title='bbox 1685 3312 1989 3365; x_wconf 86' lang='lat' dir='ltr'><strong>communis</strong></span> <span class='ocrx_word' id='word_1_482' title='bbox 2048 3310 2172 3365; x_wconf 89' lang='lat' dir='ltr'><strong>ﬁdei</strong></span> 
     </span>
    </p>
   </div>
   <div class='ocr_carea' id='block_1_65' title="bbox 588 3402 2171 3474">
    <p class='ocr_par' dir='ltr' id='par_1_65' title="bbox 588 3402 2171 3474">
     <span class='ocr_line' id='line_1_65' title="bbox 588 3402 2171 3474; baseline -0.004 -11"><span class='ocrx_word' id='word_1_483' title='bbox 588 3407 969 3463; x_wconf 86' lang='lat' dir='ltr'><strong>Salvatorisde</strong></span> <span class='ocrx_word' id='word_1_484' title='bbox 1001 3416 1193 3461; x_wconf 83' lang='lat' dir='ltr'><strong>sancto</strong></span> <span class='ocrx_word' id='word_1_485' title='bbox 1230 3404 1437 3474; x_wconf 87' lang='lat' dir='ltr'><strong>Spiritu</strong></span> <span class='ocrx_word' id='word_1_486' title='bbox 1472 3404 1799 3459; x_wconf 88' lang='lat' dir='ltr'><strong>sententiam</strong></span> <span class='ocrx_word' id='word_1_487' title='bbox 1825 3402 2171 3457; x_wconf 87' lang='lat' dir='ltr'><strong>concorditer</strong></span> 
     </span>
    </p>
   </div>
   <div class='ocr_carea' id='block_1_66' title="bbox 589 3494 2171 3564">
    <p class='ocr_par' dir='ltr' id='par_1_66' title="bbox 589 3494 2171 3564">
     <span class='ocr_line' id='line_1_66' title="bbox 589 3494 2171 3564; baseline -0.004 -7"><span class='ocrx_word' id='word_1_488' title='bbox 589 3502 792 3557; x_wconf 87' lang='lat' dir='ltr'><strong>habere</strong></span> <span class='ocrx_word' id='word_1_489' title='bbox 821 3500 1198 3554; x_wconf 88' lang='lat' dir='ltr'><strong>conﬁtebitur.</strong></span> <span class='ocrx_word' id='word_1_490' title='bbox 1228 3497 1342 3552; x_wconf 91' lang='lat' dir='ltr'><strong>Illic</strong></span> <span class='ocrx_word' id='word_1_491' title='bbox 1373 3497 1518 3552; x_wconf 90' lang='lat' dir='ltr'><strong>enim</strong></span> <span class='ocrx_word' id='word_1_492' title='bbox 1568 3511 1599 3550; x_wconf 91' lang='lat' dir='ltr'><strong>a</strong></span> <span class='ocrx_word' id='word_1_493' title='bbox 1648 3494 1813 3549; x_wconf 82' lang='lat' dir='ltr'><strong>Patre</strong></span> <span class='ocrx_word' id='word_1_494' title='bbox 1870 3494 2171 3564; x_wconf 86' lang='lat' dir='ltr'><strong>procedere</strong></span> 
     </span>
    </p>
   </div>
   <div class='ocr_carea' id='block_1_67' title="bbox 588 3576 2168 3660">
    <p class='ocr_par' dir='ltr' id='par_1_67' title="bbox 588 3576 2168 3660">
     <span class='ocr_line' id='line_1_67' title="bbox 588 3576 2168 3660; baseline -0.003 -14"><span class='ocrx_word' id='word_1_495' title='bbox 588 3594 817 3658; x_wconf 85' lang='lat' dir='ltr'><strong>dicitur;</strong></span> <span class='ocrx_word' id='word_1_496' title='bbox 854 3593 941 3646; x_wconf 88' lang='lat' dir='ltr'><strong>hic</strong></span> <span class='ocrx_word' id='word_1_497' title='bbox 976 3603 1154 3647; x_wconf 87' lang='lat' dir='ltr'><strong>autem</strong></span> <span class='ocrx_word' id='word_1_498' title='bbox 1186 3605 1253 3644; x_wconf 86' lang='lat' dir='ltr'><strong>ex</strong></span> <span class='ocrx_word' id='word_1_499' title='bbox 1311 3588 1476 3644; x_wconf 84' lang='lat' dir='ltr'><strong>Patre</strong></span> <span class='ocrx_word' id='word_1_500' title='bbox 1515 3576 1832 3660; x_wconf 83' lang='lat' dir='ltr'><strong>procedere.</strong></span> <span class='ocrx_word' id='word_1_501' title='bbox 1869 3587 1964 3642; x_wconf 91' lang='lat' dir='ltr'><strong>Sin</strong></span> <span class='ocrx_word' id='word_1_502' title='bbox 1990 3599 2168 3642; x_wconf 78' lang='lat' dir='ltr'><strong>autem</strong></span> 
     </span>
    </p>
   </div>
   <div class='ocr_carea' id='block_1_68' title="bbox 540 3678 2167 3755">
    <p class='ocr_par' dir='ltr' id='par_1_68' title="bbox 540 3678 2167 3755">
     <span class='ocr_line' id='line_1_68' title="bbox 540 3678 2167 3755; baseline -0.002 -20"><span class='ocrx_word' id='word_1_503' title='bbox 540 3732 541 3735; x_wconf 44' lang='grc' dir='ltr'><strong>η</strong></span> <span class='ocrx_word' id='word_1_504' title='bbox 588 3686 675 3740; x_wconf 86' lang='lat' dir='ltr'><strong>hic</strong></span> <span class='ocrx_word' id='word_1_505' title='bbox 704 3696 808 3740; x_wconf 85' lang='lat' dir='ltr'><strong>aet</strong></span> <span class='ocrx_word' id='word_1_506' title='bbox 840 3700 903 3740; x_wconf 75' lang='lat' dir='ltr'><strong>ex</strong></span> <span class='ocrx_word' id='word_1_507' title='bbox 933 3696 1198 3755; x_wconf 87' lang='lat' dir='ltr'><strong>quantum</strong></span> <span class='ocrx_word' id='word_1_508' title='bbox 1235 3683 1302 3737; x_wconf 87' lang='lat' dir='ltr'><strong>ad</strong></span> <span class='ocrx_word' id='word_1_509' title='bbox 1334 3682 1746 3752; x_wconf 80' lang='lat' dir='ltr'><strong>intelligentiam</strong></span> <span class='ocrx_word' id='word_1_510' title='bbox 1793 3681 1928 3735; x_wconf 88' lang='lat' dir='ltr'><strong>ttihil</strong></span> <span class='ocrx_word' id='word_1_511' title='bbox 1965 3678 2167 3742; x_wconf 72' lang='lat' dir='ltr'><strong>diﬁ&#39;ert,</strong></span> 
     </span>
    </p>
   </div>
   <div class='ocr_carea' id='block_1_69' title="bbox 581 3770 2153 3846">
    <p class='ocr_par' dir='ltr' id='par_1_69' title="bbox 581 3770 2153 3846">
     <span class='ocr_line' id='line_1_69' title="bbox 581 3770 2153 3846; baseline -0.007 -12"><span class='ocrx_word' id='word_1_512' title='bbox 581 3793 682 3834; x_wconf 90' lang='lat' dir='ltr'><strong>cur</strong></span> <span class='ocrx_word' id='word_1_513' title='bbox 709 3789 763 3833; x_wconf 88' lang='lat' dir='ltr'><strong>et</strong></span> <span class='ocrx_word' id='word_1_514' title='bbox 792 3794 858 3832; x_wconf 79' lang='lat' dir='ltr'><strong>ea:</strong></span> <span class='ocrx_word' id='word_1_515' title='bbox 889 3788 945 3833; x_wconf 92' lang='lat' dir='ltr'><strong>et</strong></span> <span class='ocrx_word' id='word_1_516' title='bbox 975 3792 1067 3846; x_wconf 76' lang='lat' dir='ltr'><strong>per</strong></span> <span class='ocrx_word' id='word_1_517' title='bbox 1097 3776 1227 3830; x_wconf 85' lang='lat' dir='ltr'><strong>nihil</strong></span> <span class='ocrx_word' id='word_1_518' title='bbox 1262 3775 1330 3828; x_wconf 88' lang='lat' dir='ltr'><strong>ab</strong></span> <span class='ocrx_word' id='word_1_519' title='bbox 1379 3773 1613 3827; x_wconf 85' lang='lat' dir='ltr'><strong>invicem</strong></span> <span class='ocrx_word' id='word_1_520' title='bbox 1660 3772 1877 3826; x_wconf 85' lang='lat' dir='ltr'><strong>diﬂ&#39;erre</strong></span> <span class='ocrx_word' id='word_1_521' title='bbox 1914 3785 2018 3824; x_wconf 91' lang='lat' dir='ltr'><strong>non</strong></span> <span class='ocrx_word' id='word_1_522' title='bbox 2067 3770 2153 3824; x_wconf 92' lang='lat' dir='ltr'><strong>di-</strong></span> 
     </span>
    </p>
   </div>
   <div class='ocr_carea' id='block_1_70' title="bbox 512 3861 2160 3937">
    <p class='ocr_par' dir='ltr' id='par_1_70' title="bbox 512 3861 2160 3937">
     <span class='ocr_line' id='line_1_70' title="bbox 512 3861 2160 3937; baseline -0.006 -12"><span class='ocrx_word' id='word_1_523' title='bbox 512 3922 515 3925; x_wconf 37' lang='grc' dir='ltr'><strong><em>λ</em></strong></span> <span class='ocrx_word' id='word_1_524' title='bbox 582 3888 794 3937; x_wconf 75' lang='lat' dir='ltr'><strong>camus,</strong></span> <span class='ocrx_word' id='word_1_525' title='bbox 825 3887 946 3924; x_wconf 84' lang='lat' dir='ltr'><strong>cum</strong></span> <span class='ocrx_word' id='word_1_526' title='bbox 988 3884 1056 3922; x_wconf 85' lang='lat' dir='ltr'><strong>ex</strong></span> <span class='ocrx_word' id='word_1_527' title='bbox 1092 3868 1254 3923; x_wconf 80' lang='lat' dir='ltr'><strong>Patre</strong></span> <span class='ocrx_word' id='word_1_528' title='bbox 1297 3882 1393 3935; x_wconf 89' lang='lat' dir='ltr'><strong>per</strong></span> <span class='ocrx_word' id='word_1_529' title='bbox 1437 3864 1635 3919; x_wconf 85' lang='lat' dir='ltr'><strong>Filium</strong></span> <span class='ocrx_word' id='word_1_530' title='bbox 1674 3863 1974 3933; x_wconf 89' lang='lat' dir='ltr'><strong>procedere</strong></span> <span class='ocrx_word' id='word_1_531' title='bbox 2039 3861 2160 3930; x_wconf 49' lang='lat' dir='ltr'><strong>Spi‘</strong></span> 
     </span>
    </p>
   </div>
   <div class='ocr_carea' id='block_1_71' title="bbox 583 3954 2166 4019">
    <p class='ocr_par' dir='ltr' id='par_1_71' title="bbox 583 3954 2166 4019">
     <span class='ocr_line' id='line_1_71' title="bbox 583 3954 2166 4019; baseline -0.007 0"><span class='ocrx_word' id='word_1_532' title='bbox 583 3967 747 4019; x_wconf 88' lang='lat' dir='ltr'><strong>ritum</strong></span> <span class='ocrx_word' id='word_1_533' title='bbox 780 3971 1028 4017; x_wconf 72' lang='lat' dir='ltr'><strong>Sanctum</strong></span> <span class='ocrx_word' id='word_1_534' title='bbox 1062 3962 1349 4015; x_wconf 85' lang='lat' dir='ltr'><strong>audiamus</strong></span> <span class='ocrx_word' id='word_1_535' title='bbox 1381 3974 1397 4011; x_wconf 88' lang='lat'><strong>:</strong></span> <span class='ocrx_word' id='word_1_536' title='bbox 1434 3958 1670 4011; x_wconf 89' lang='lat' dir='ltr'><strong>maxime</strong></span> <span class='ocrx_word' id='word_1_537' title='bbox 1714 3971 1838 4010; x_wconf 89' lang='lat' dir='ltr'><strong>cum</strong></span> <span class='ocrx_word' id='word_1_538' title='bbox 1892 3966 1944 4009; x_wconf 91' lang='lat' dir='ltr'><strong>ct</strong></span> <span class='ocrx_word' id='word_1_539' title='bbox 1989 3954 2166 4009; x_wconf 86' lang='lat' dir='ltr'><strong>sancti</strong></span> 
     </span>
    </p>
   </div>
   <div class='ocr_carea' id='block_1_72' title="bbox 583 4046 2167 4119">
    <p class='ocr_par' dir='ltr' id='par_1_72' title="bbox 583 4046 2167 4119">
     <span class='ocr_line' id='line_1_72' title="bbox 583 4046 2167 4119; baseline -0.008 -10"><span class='ocrx_word' id='word_1_540' title='bbox 583 4055 776 4109; x_wconf 81' lang='lat' dir='ltr'><strong>Patres</strong></span> <span class='ocrx_word' id='word_1_541' title='bbox 821 4053 1208 4107; x_wconf 86' lang='lat' dir='ltr'><strong>universaliter</strong></span> <span class='ocrx_word' id='word_1_542' title='bbox 1236 4066 1329 4119; x_wconf 79' lang='lat' dir='ltr'><strong>per</strong></span> <span class='ocrx_word' id='word_1_543' title='bbox 1375 4059 1430 4104; x_wconf 91' lang='lat' dir='ltr'><strong>et</strong></span> <span class='ocrx_word' id='word_1_544' title='bbox 1464 4062 1529 4103; x_wconf 73' lang='lat' dir='ltr'><strong>ea:</strong></span> <span class='ocrx_word' id='word_1_545' title='bbox 1571 4047 1705 4101; x_wconf 90' lang='lat' dir='ltr'><strong>ttihil</strong></span> <span class='ocrx_word' id='word_1_546' title='bbox 1742 4046 1960 4100; x_wconf 83' lang='lat' dir='ltr'><strong>diﬁ‘erre</strong></span> <span class='ocrx_word' id='word_1_547' title='bbox 1999 4047 2054 4099; x_wconf 91' lang='lat' dir='ltr'><strong>in</strong></span> <span class='ocrx_word' id='word_1_548' title='bbox 2082 4046 2167 4098; x_wconf 91' lang='lat' dir='ltr'><strong>di-</strong></span> 
     </span>
    </p>
   </div>
   <div class='ocr_carea' id='block_1_73' title="bbox 585 4144 1211 4201">
    <p class='ocr_par' dir='ltr' id='par_1_73' title="bbox 585 4144 1211 4201">
     <span class='ocr_line' id='line_1_73' title="bbox 585 4144 1211 4201; baseline 0 -2"><span class='ocrx_word' id='word_1_549' title='bbox 585 4148 727 4201; x_wconf 89' lang='lat' dir='ltr'><strong>vinis</strong></span> <span class='ocrx_word' id='word_1_550' title='bbox 756 4144 978 4200; x_wconf 90' lang='lat' dir='ltr'><strong>deﬁnite</strong></span> <span class='ocrx_word' id='word_1_551' title='bbox 1018 4144 1211 4199; x_wconf 89' lang='lat' dir='ltr'><strong>velint.</strong></span> 
     </span>
    </p>
   </div>
   <div class='ocr_carea' id='block_1_74' title="bbox 658 4230 2165 4306">
    <p class='ocr_par' dir='ltr' id='par_1_74' title="bbox 658 4230 2165 4306">
     <span class='ocr_line' id='line_1_74' title="bbox 658 4230 2165 4306; baseline -0.006 -15"><span class='ocrx_word' id='word_1_552' title='bbox 658 4237 859 4293; x_wconf 76' lang='lat' dir='ltr'><strong>Verum</strong></span> <span class='ocrx_word' id='word_1_553' title='bbox 883 4235 1010 4306; x_wconf 87' lang='lat' dir='ltr'><strong>quid</strong></span> <span class='ocrx_word' id='word_1_554' title='bbox 1045 4250 1269 4292; x_wconf 89' lang='lat' dir='ltr'><strong>necesse</strong></span> <span class='ocrx_word' id='word_1_555' title='bbox 1298 4242 1401 4299; x_wconf 91' lang='lat' dir='ltr'><strong>est,</strong></span> <span class='ocrx_word' id='word_1_556' title='bbox 1422 4233 1565 4288; x_wconf 89' lang='lat' dir='ltr'><strong>circa</strong></span> <span class='ocrx_word' id='word_1_557' title='bbox 1591 4230 2012 4302; x_wconf 60' lang='lat' dir='ltr'><strong>praepositiones</strong></span> <span class='ocrx_word' id='word_1_558' title='bbox 2040 4237 2165 4284; x_wconf 87' lang='lat' dir='ltr'><strong>tan-</strong></span> 
     </span>
    </p>
   </div>
   <div class='ocr_carea' id='block_1_75' title="bbox 586 4325 2164 4395">
    <p class='ocr_par' dir='ltr' id='par_1_75' title="bbox 586 4325 2164 4395">
     <span class='ocr_line' id='line_1_75' title="bbox 586 4325 2164 4395; baseline -0.005 -9"><span class='ocrx_word' id='word_1_559' title='bbox 586 4329 806 4386; x_wconf 77' lang='lat' dir='ltr'><strong>tundem</strong></span> <span class='ocrx_word' id='word_1_560' title='bbox 846 4330 1088 4382; x_wconf 85' lang='lat' dir='ltr'><strong>valentes</strong></span> <span class='ocrx_word' id='word_1_561' title='bbox 1114 4328 1204 4381; x_wconf 92' lang='lat' dir='ltr'><strong>diu</strong></span> <span class='ocrx_word' id='word_1_562' title='bbox 1232 4325 1560 4391; x_wconf 87' lang='lat' dir='ltr'><strong>immorari,</strong></span> <span class='ocrx_word' id='word_1_563' title='bbox 1596 4325 1815 4395; x_wconf 87' lang='lat' dir='ltr'><strong>quando</strong></span> <span class='ocrx_word' id='word_1_564' title='bbox 1841 4333 1898 4379; x_wconf 91' lang='lat' dir='ltr'><strong>et</strong></span> <span class='ocrx_word' id='word_1_565' title='bbox 1943 4335 2164 4379; x_wconf 86' lang='lat' dir='ltr'><strong>sanctos</strong></span> 
     </span>
    </p>
   </div>
   <div class='ocr_carea' id='block_1_76' title="bbox 2267 3131 3868 3202">
    <p class='ocr_par' dir='ltr' id='par_1_76' title="bbox 2267 3131 3868 3202">
     <span class='ocr_line' id='line_1_76' title="bbox 2267 3131 3868 3202; baseline 0 -15"><span class='ocrx_word' id='word_1_566' title='bbox 2267 3145 2397 3187; x_wconf 83' lang='lat' dir='ltr'><strong>esse</strong></span> <span class='ocrx_word' id='word_1_567' title='bbox 2430 3147 2540 3186; x_wconf 91' lang='lat' dir='ltr'><strong>non</strong></span> <span class='ocrx_word' id='word_1_568' title='bbox 2590 3142 2795 3200; x_wconf 75' lang='lat' dir='ltr'><strong>poteSt.</strong></span> <span class='ocrx_word' id='word_1_569' title='bbox 2828 3131 2885 3186; x_wconf 92' lang='lat' dir='ltr'><strong>In</strong></span> <span class='ocrx_word' id='word_1_570' title='bbox 2915 3145 3101 3187; x_wconf 85' lang='lat' dir='ltr'><strong>sancta</strong></span> <span class='ocrx_word' id='word_1_571' title='bbox 3132 3133 3276 3187; x_wconf 83' lang='lat' dir='ltr'><strong>enini</strong></span> <span class='ocrx_word' id='word_1_572' title='bbox 3314 3134 3584 3189; x_wconf 86' lang='lat' dir='ltr'><strong>Trinitate</strong></span> <span class='ocrx_word' id='word_1_573' title='bbox 3608 3173 3624 3198; x_wconf 93' lang='lat'><strong>,</strong></span> <span class='ocrx_word' id='word_1_574' title='bbox 3656 3134 3747 3202; x_wconf 85' lang='lat' dir='ltr'><strong>qui</strong></span> <span class='ocrx_word' id='word_1_575' title='bbox 3793 3149 3868 3187; x_wconf 84' lang='lat' dir='ltr'><strong>ex</strong></span> 
     </span>
    </p>
   </div>
   <div class='ocr_carea' id='block_1_77' title="bbox 2273 3224 3864 3296">
    <p class='ocr_par' dir='ltr' id='par_1_77' title="bbox 2273 3224 3864 3296">
     <span class='ocr_line' id='line_1_77' title="bbox 2273 3224 3864 3296; baseline 0.003 -18"><span class='ocrx_word' id='word_1_576' title='bbox 2273 3225 2451 3295; x_wconf 90' lang='lat' dir='ltr'><strong>primo</strong></span> <span class='ocrx_word' id='word_1_577' title='bbox 2478 3225 2598 3280; x_wconf 90' lang='lat' dir='ltr'><strong>sine</strong></span> <span class='ocrx_word' id='word_1_578' title='bbox 2632 3225 2810 3279; x_wconf 89' lang='lat' dir='ltr'><strong>medio</strong></span> <span class='ocrx_word' id='word_1_579' title='bbox 2836 3234 2941 3289; x_wconf 88' lang='lat' dir='ltr'><strong>est,</strong></span> <span class='ocrx_word' id='word_1_580' title='bbox 2979 3224 3151 3280; x_wconf 88' lang='lat' dir='ltr'><strong>Filius</strong></span> <span class='ocrx_word' id='word_1_581' title='bbox 3198 3235 3281 3280; x_wconf 89' lang='lat' dir='ltr'><strong>est</strong></span> <span class='ocrx_word' id='word_1_582' title='bbox 3334 3226 3488 3296; x_wconf 85' lang='lat' dir='ltr'><strong>juxta</strong></span> <span class='ocrx_word' id='word_1_583' title='bbox 3548 3227 3864 3282; x_wconf 82' lang='lat' dir='ltr'><strong>nativitatis</strong></span> 
     </span>
    </p>
   </div>
   <div class='ocr_carea' id='block_1_78' title="bbox 2274 3312 3860 3385">
    <p class='ocr_par' dir='ltr' id='par_1_78' title="bbox 2274 3312 3860 3385">
     <span class='ocr_line' id='line_1_78' title="bbox 2274 3312 3860 3385; baseline 0.001 -17"><span class='ocrx_word' id='word_1_584' title='bbox 2274 3314 2704 3384; x_wconf 86' lang='lat' dir='ltr'><strong>processiouem.</strong></span> <span class='ocrx_word' id='word_1_585' title='bbox 2750 3312 2988 3384; x_wconf 89' lang='lat' dir='ltr'><strong>Spiritus</strong></span> <span class='ocrx_word' id='word_1_586' title='bbox 3019 3325 3196 3370; x_wconf 88' lang='lat' dir='ltr'><strong>autem</strong></span> <span class='ocrx_word' id='word_1_587' title='bbox 3243 3325 3470 3371; x_wconf 89' lang='lat' dir='ltr'><strong>sanctus</strong></span> <span class='ocrx_word' id='word_1_588' title='bbox 3521 3331 3586 3370; x_wconf 86' lang='lat' dir='ltr'><strong>ex</strong></span> <span class='ocrx_word' id='word_1_589' title='bbox 3620 3328 3860 3385; x_wconf 87' lang='lat' dir='ltr'><strong>utroque</strong></span> 
     </span>
    </p>
   </div>
   <div class='ocr_carea' id='block_1_79' title="bbox 2272 3405 3863 3474">
    <p class='ocr_par' dir='ltr' id='par_1_79' title="bbox 2272 3405 3863 3474">
     <span class='ocr_line' id='line_1_79' title="bbox 2272 3405 3863 3474; baseline -0.001 -13"><span class='ocrx_word' id='word_1_590' title='bbox 2272 3408 2562 3466; x_wconf 85' lang='lat' dir='ltr'><strong>exsistens,</strong></span> <span class='ocrx_word' id='word_1_591' title='bbox 2589 3405 2840 3460; x_wconf 89' lang='lat' dir='ltr'><strong>videlicet</strong></span> <span class='ocrx_word' id='word_1_592' title='bbox 2872 3420 2935 3459; x_wconf 83' lang='lat' dir='ltr'><strong>ex</strong></span> <span class='ocrx_word' id='word_1_593' title='bbox 2973 3405 3133 3460; x_wconf 83' lang='lat' dir='ltr'><strong>Patre</strong></span> <span class='ocrx_word' id='word_1_594' title='bbox 3160 3422 3253 3474; x_wconf 84' lang='lat' dir='ltr'><strong>per</strong></span> <span class='ocrx_word' id='word_1_595' title='bbox 3285 3406 3503 3471; x_wconf 84' lang='lat' dir='ltr'><strong>Filium,</strong></span> <span class='ocrx_word' id='word_1_596' title='bbox 3531 3406 3685 3474; x_wconf 80' lang='lat' dir='ltr'><strong>juxta</strong></span> <span class='ocrx_word' id='word_1_597' title='bbox 3733 3423 3863 3461; x_wconf 87' lang='lat' dir='ltr'><strong>san-</strong></span> 
     </span>
    </p>
   </div>
   <div class='ocr_carea' id='block_1_80' title="bbox 2272 3499 3857 3570">
    <p class='ocr_par' dir='ltr' id='par_1_80' title="bbox 2272 3499 3857 3570">
     <span class='ocr_line' id='line_1_80' title="bbox 2272 3499 3857 3570; baseline -0.001 -15"><span class='ocrx_word' id='word_1_598' title='bbox 2272 3513 2421 3555; x_wconf 90' lang='lat' dir='ltr'><strong>ctum</strong></span> <span class='ocrx_word' id='word_1_599' title='bbox 2448 3499 2732 3570; x_wconf 86' lang='lat' dir='ltr'><strong>Cyrillum,</strong></span> <span class='ocrx_word' id='word_1_600' title='bbox 2759 3509 2959 3569; x_wconf 74' lang='lat' dir='ltr'><strong>praeter</strong></span> <span class='ocrx_word' id='word_1_601' title='bbox 2984 3500 3287 3555; x_wconf 80' lang='lat' dir='ltr'><strong>nativitatis</strong></span> <span class='ocrx_word' id='word_1_602' title='bbox 3320 3506 3608 3556; x_wconf 88' lang='lat' dir='ltr'><strong>terminum</strong></span> <span class='ocrx_word' id='word_1_603' title='bbox 3636 3504 3817 3569; x_wconf 86' lang='lat' dir='ltr'><strong>prodit</strong></span> <span class='ocrx_word' id='word_1_604' title='bbox 3840 3518 3857 3566; x_wconf 90' lang='lat'><strong>;</strong></span> 
     </span>
    </p>
   </div>
   <div class='ocr_carea' id='block_1_81' title="bbox 2270 3592 3858 3662">
    <p class='ocr_par' dir='ltr' id='par_1_81' title="bbox 2270 3592 3858 3662">
     <span class='ocr_line' id='line_1_81' title="bbox 2270 3592 3858 3662; baseline -0.001 -16"><span class='ocrx_word' id='word_1_605' title='bbox 2270 3595 2571 3662; x_wconf 85' lang='lat' dir='ltr'><strong>procedens</strong></span> <span class='ocrx_word' id='word_1_606' title='bbox 2598 3592 2745 3646; x_wconf 90' lang='lat' dir='ltr'><strong>enim</strong></span> <span class='ocrx_word' id='word_1_607' title='bbox 2779 3601 2955 3646; x_wconf 83' lang='lat' dir='ltr'><strong>estex</strong></span> <span class='ocrx_word' id='word_1_608' title='bbox 2994 3593 3174 3661; x_wconf 90' lang='lat' dir='ltr'><strong>primo</strong></span> <span class='ocrx_word' id='word_1_609' title='bbox 3216 3608 3310 3662; x_wconf 82' lang='lat' dir='ltr'><strong>per</strong></span> <span class='ocrx_word' id='word_1_610' title='bbox 3345 3592 3605 3648; x_wconf 87' lang='lat' dir='ltr'><strong>medium.</strong></span> <span class='ocrx_word' id='word_1_611' title='bbox 3648 3593 3858 3647; x_wconf 82' lang='lat' dir='ltr'><strong>Idcirco</strong></span> 
     </span>
    </p>
   </div>
   <div class='ocr_carea' id='block_1_82' title="bbox 2270 3684 3422 3753">
    <p class='ocr_par' dir='ltr' id='par_1_82' title="bbox 2270 3684 3422 3753">
     <span class='ocr_line' id='line_1_82' title="bbox 2270 3684 3422 3753; baseline 0 -14"><span class='ocrx_word' id='word_1_612' title='bbox 2270 3684 2570 3753; x_wconf 74' lang='lat' dir='ltr'><strong>adiectione</strong></span> <span class='ocrx_word' id='word_1_613' title='bbox 2599 3686 2700 3740; x_wconf 88' lang='lat' dir='ltr'><strong>hac</strong></span> <span class='ocrx_word' id='word_1_614' title='bbox 2733 3685 3174 3740; x_wconf 73' lang='lat' dir='ltr'><strong>contradicentes</strong></span> <span class='ocrx_word' id='word_1_615' title='bbox 3205 3686 3422 3753; x_wconf 91' lang='lat' dir='ltr'><strong>repulit.</strong></span> 
     </span>
    </p>
   </div>
   <div class='ocr_carea' id='block_1_83' title="bbox 2339 3777 3839 3849">
    <p class='ocr_par' dir='ltr' id='par_1_83' title="bbox 2339 3777 3839 3849">
     <span class='ocr_line' id='line_1_83' title="bbox 2339 3777 3839 3849; baseline -0.001 -18"><span class='ocrx_word' id='word_1_616' title='bbox 2339 3779 2682 3834; x_wconf 84' lang='lat' dir='ltr'><strong>Attestantur</strong></span> <span class='ocrx_word' id='word_1_617' title='bbox 2706 3779 2790 3832; x_wconf 89' lang='lat' dir='ltr'><strong>his</strong></span> <span class='ocrx_word' id='word_1_618' title='bbox 2820 3779 3016 3848; x_wconf 87' lang='lat' dir='ltr'><strong>partim</strong></span> <span class='ocrx_word' id='word_1_619' title='bbox 3045 3778 3257 3846; x_wconf 88' lang='lat' dir='ltr'><strong>antiqui</strong></span> <span class='ocrx_word' id='word_1_620' title='bbox 3282 3777 3540 3833; x_wconf 65' lang='lat' dir='ltr'><strong>Ecclesiae</strong></span> <span class='ocrx_word' id='word_1_621' title='bbox 3572 3777 3839 3849; x_wconf 81' lang='lat' dir='ltr'><strong>magistri,</strong></span> 
     </span>
    </p>
   </div>
   <div class='ocr_carea' id='block_1_84' title="bbox 2271 3866 3854 3940">
    <p class='ocr_par' dir='ltr' id='par_1_84' title="bbox 2271 3866 3854 3940">
     <span class='ocr_line' id='line_1_84' title="bbox 2271 3866 3854 3940; baseline 0 -17"><span class='ocrx_word' id='word_1_622' title='bbox 2271 3870 2544 3925; x_wconf 86' lang='lat' dir='ltr'><strong>interdum</strong></span> <span class='ocrx_word' id='word_1_623' title='bbox 2575 3888 2668 3926; x_wconf 88' lang='lat' dir='ltr'><strong>eos</strong></span> <span class='ocrx_word' id='word_1_624' title='bbox 2704 3870 3047 3936; x_wconf 79' lang='lat' dir='ltr'><strong>refellentes,</strong></span> <span class='ocrx_word' id='word_1_625' title='bbox 3084 3866 3174 3939; x_wconf 81' lang='lat' dir='ltr'><strong>qui</strong></span> <span class='ocrx_word' id='word_1_626' title='bbox 3200 3870 3460 3940; x_wconf 86' lang='lat' dir='ltr'><strong>Spiritum</strong></span> <span class='ocrx_word' id='word_1_627' title='bbox 3505 3871 3586 3925; x_wconf 88' lang='lat' dir='ltr'><strong>vel</strong></span> <span class='ocrx_word' id='word_1_628' title='bbox 3636 3881 3854 3925; x_wconf 89' lang='lat' dir='ltr'><strong>creatu-</strong></span> 
     </span>
    </p>
   </div>
   <div class='ocr_carea' id='block_1_85' title="bbox 2271 3961 3852 4034">
    <p class='ocr_par' dir='ltr' id='par_1_85' title="bbox 2271 3961 3852 4034">
     <span class='ocr_line' id='line_1_85' title="bbox 2271 3961 3852 4034; baseline -0.001 -18"><span class='ocrx_word' id='word_1_629' title='bbox 2271 3977 2409 4028; x_wconf 85' lang='lat' dir='ltr'><strong>ram,</strong></span> <span class='ocrx_word' id='word_1_630' title='bbox 2440 3962 2524 4018; x_wconf 85' lang='lat' dir='ltr'><strong>vel</strong></span> <span class='ocrx_word' id='word_1_631' title='bbox 2556 3962 2677 4018; x_wconf 89' lang='lat' dir='ltr'><strong>Filii</strong></span> <span class='ocrx_word' id='word_1_632' title='bbox 2703 3963 2869 4017; x_wconf 89' lang='lat' dir='ltr'><strong>ﬁlium</strong></span> <span class='ocrx_word' id='word_1_633' title='bbox 2904 3964 3181 4029; x_wconf 89' lang='lat' dir='ltr'><strong>dicebant,</strong></span> <span class='ocrx_word' id='word_1_634' title='bbox 3240 3973 3298 4016; x_wconf 82' lang='grc' dir='ltr'><strong>ιιι</strong></span> <span class='ocrx_word' id='word_1_635' title='bbox 3356 3978 3585 4034; x_wconf 87' lang='lat' dir='ltr'><strong>magnus</strong></span> <span class='ocrx_word' id='word_1_636' title='bbox 3615 3961 3852 4017; x_wconf 86' lang='lat' dir='ltr'><strong>Basilius</strong></span> 
     </span>
    </p>
   </div>
   <div class='ocr_carea' id='block_1_86' title="bbox 2268 4054 3851 4124">
    <p class='ocr_par' dir='ltr' id='par_1_86' title="bbox 2268 4054 3851 4124">
     <span class='ocr_line' id='line_1_86' title="bbox 2268 4054 3851 4124; baseline -0.002 -14"><span class='ocrx_word' id='word_1_637' title='bbox 2268 4070 2392 4110; x_wconf 83' lang='lat' dir='ltr'><strong>cum</strong></span> <span class='ocrx_word' id='word_1_638' title='bbox 2427 4055 2557 4110; x_wconf 87' lang='lat' dir='ltr'><strong>dicit</strong></span> <span class='ocrx_word' id='word_1_639' title='bbox 2589 4072 2604 4110; x_wconf 90' lang='lat'><strong>:</strong></span> <span class='ocrx_word' id='word_1_640' title='bbox 2653 4054 2773 4110; x_wconf 89' lang='lat' dir='ltr'><strong>Non</strong></span> <span class='ocrx_word' id='word_1_641' title='bbox 2810 4056 2932 4124; x_wconf 87' lang='lat' dir='ltr'><strong>quia</strong></span> <span class='ocrx_word' id='word_1_642' title='bbox 2989 4071 3092 4108; x_wconf 86' lang='lat' dir='ltr'><strong>non</strong></span> <span class='ocrx_word' id='word_1_643' title='bbox 3124 4058 3203 4109; x_wconf 72' lang='lat' dir='ltr'><strong>sit.</strong></span> <span class='ocrx_word' id='word_1_644' title='bbox 3246 4071 3310 4108; x_wconf 78' lang='lat' dir='ltr'><strong>ea:</strong></span> <span class='ocrx_word' id='word_1_645' title='bbox 3340 4054 3446 4109; x_wconf 85' lang='lat' dir='ltr'><strong>Deo</strong></span> <span class='ocrx_word' id='word_1_646' title='bbox 3477 4071 3571 4124; x_wconf 81' lang='lat' dir='ltr'><strong>per</strong></span> <span class='ocrx_word' id='word_1_647' title='bbox 3622 4054 3851 4119; x_wconf 81' lang='lat' dir='ltr'><strong>Filium,</strong></span> 
     </span>
    </p>
   </div>
   <div class='ocr_carea' id='block_1_87' title="bbox 2268 4146 3855 4217">
    <p class='ocr_par' dir='ltr' id='par_1_87' title="bbox 2268 4146 3855 4217">
     <span class='ocr_line' id='line_1_87' title="bbox 2268 4146 3855 4217; baseline 0 -16"><span class='ocrx_word' id='word_1_648' title='bbox 2268 4157 2325 4201; x_wconf 90' lang='lat' dir='ltr'><strong>et</strong></span> <span class='ocrx_word' id='word_1_649' title='bbox 2356 4162 2477 4214; x_wconf 67' lang='lat' dir='ltr'><strong>quin</strong></span> <span class='ocrx_word' id='word_1_650' title='bbox 2508 4146 2658 4211; x_wconf 87' lang='lat' dir='ltr'><strong>talia,</strong></span> <span class='ocrx_word' id='word_1_651' title='bbox 2693 4163 2789 4216; x_wconf 79' lang='lat' dir='ltr'><strong>per</strong></span> <span class='ocrx_word' id='word_1_652' title='bbox 2815 4163 2938 4217; x_wconf 68' lang='lat' dir='ltr'><strong>qua:</strong></span> <span class='ocrx_word' id='word_1_653' title='bbox 2982 4147 3180 4201; x_wconf 86' lang='lat' dir='ltr'><strong>Filium</strong></span> <span class='ocrx_word' id='word_1_654' title='bbox 3220 4147 3346 4202; x_wconf 82' lang='lat' dir='ltr'><strong>Filii</strong></span> <span class='ocrx_word' id='word_1_655' title='bbox 3383 4163 3504 4203; x_wconf 86' lang='lat' dir='ltr'><strong>esse</strong></span> <span class='ocrx_word' id='word_1_656' title='bbox 3552 4157 3773 4216; x_wconf 88' lang='lat' dir='ltr'><strong>negant,</strong></span> <span class='ocrx_word' id='word_1_657' title='bbox 3799 4157 3855 4201; x_wconf 92' lang='lat' dir='ltr'><strong>et</strong></span> 
     </span>
    </p>
   </div>
   <div class='ocr_carea' id='block_1_88' title="bbox 2269 4237 3851 4309">
    <p class='ocr_par' dir='ltr' id='par_1_88' title="bbox 2269 4237 3851 4309">
     <span class='ocr_line' id='line_1_88' title="bbox 2269 4237 3851 4309; baseline 0 -17"><span class='ocrx_word' id='word_1_658' title='bbox 2269 4252 2364 4308; x_wconf 89' lang='lat' dir='ltr'><strong>per</strong></span> <span class='ocrx_word' id='word_1_659' title='bbox 2403 4237 2598 4293; x_wconf 86' lang='lat' dir='ltr'><strong>Filium</strong></span> <span class='ocrx_word' id='word_1_660' title='bbox 2623 4242 2921 4308; x_wconf 81' lang='lat' dir='ltr'><strong>procedere</strong></span> <span class='ocrx_word' id='word_1_661' title='bbox 2953 4239 3173 4306; x_wconf 86' lang='lat' dir='ltr'><strong>dicunt;</strong></span> <span class='ocrx_word' id='word_1_662' title='bbox 3201 4240 3404 4309; x_wconf 85' lang='lat' dir='ltr'><strong>partim</strong></span> <span class='ocrx_word' id='word_1_663' title='bbox 3440 4254 3564 4294; x_wconf 81' lang='lat' dir='ltr'><strong>\ero</strong></span> <span class='ocrx_word' id='word_1_664' title='bbox 3591 4248 3645 4295; x_wconf 91' lang='lat' dir='ltr'><strong>ct</strong></span> <span class='ocrx_word' id='word_1_665' title='bbox 3675 4239 3851 4294; x_wconf 85' lang='lat' dir='ltr'><strong>histo-</strong></span> 
     </span>
    </p>
   </div>
   <div class='ocr_carea' id='block_1_89' title="bbox 2268 4316 3847 4400">
    <p class='ocr_par' dir='ltr' id='par_1_89' title="bbox 2268 4316 3847 4400">
     <span class='ocr_line' id='line_1_89' title="bbox 2268 4316 3847 4400; baseline -0.001 -16"><span class='ocrx_word' id='word_1_666' title='bbox 2268 4331 2412 4386; x_wconf 80' lang='lat' dir='ltr'><strong>ricus</strong></span> <span class='ocrx_word' id='word_1_667' title='bbox 2446 4331 2664 4399; x_wconf 87' lang='lat' dir='ltr'><strong>quidam</strong></span> <span class='ocrx_word' id='word_1_668' title='bbox 2689 4316 3048 4400; x_wconf 85' lang='lat' dir='ltr'><strong>cognomento</strong></span> <span class='ocrx_word' id='word_1_669' title='bbox 3090 4330 3274 4399; x_wconf 82' lang='lat' dir='ltr'><strong>Scylix</strong></span> <span class='ocrx_word' id='word_1_670' title='bbox 3310 4330 3448 4400; x_wconf 72' lang='grc'>(45),</span> <span class='ocrx_word' id='word_1_671' title='bbox 3480 4332 3533 4383; x_wconf 91' lang='lat' dir='ltr'><strong>in</strong></span> <span class='ocrx_word' id='word_1_672' title='bbox 3565 4346 3652 4395; x_wconf 88' lang='lat' dir='ltr'><strong>ea,</strong></span> <span class='ocrx_word' id='word_1_673' title='bbox 3686 4346 3847 4400; x_wconf 86' lang='lat' dir='ltr'><strong>quam</strong></span> 
     </span>
    </p>
   </div>
   <div class='ocr_carea' id='block_1_90' title="bbox 583 4415 3842 4493">
    <p class='ocr_par' dir='ltr' id='par_1_90' title="bbox 583 4415 3842 4493">
     <span class='ocr_line' id='line_1_90' title="bbox 583 4415 3842 4493; baseline -0 -16"><span class='ocrx_word' id='word_1_674' title='bbox 583 4422 925 4488; x_wconf 81' lang='lat' dir='ltr'><strong>apertissime</strong></span> <span class='ocrx_word' id='word_1_675' title='bbox 978 4418 1233 4473; x_wconf 89' lang='lat' dir='ltr'><strong>audimus</strong></span> <span class='ocrx_word' id='word_1_676' title='bbox 1285 4417 1549 4481; x_wconf 90' lang='lat' dir='ltr'><strong>dicentes,</strong></span> <span class='ocrx_word' id='word_1_677' title='bbox 1587 4415 1715 4485; x_wconf 89' lang='lat' dir='ltr'><strong>quia</strong></span> <span class='ocrx_word' id='word_1_678' title='bbox 1749 4430 1871 4470; x_wconf 87' lang='lat' dir='ltr'><strong>esse</strong></span> <span class='ocrx_word' id='word_1_679' title='bbox 1902 4415 2099 4470; x_wconf 86' lang='lat' dir='ltr'><strong>habeat</strong></span> <span class='ocrx_word' id='word_1_680' title='bbox 2126 4435 2153 4468; x_wconf 88' lang='lat' dir='ltr'><strong>a</strong></span> <span class='ocrx_word' id='word_1_681' title='bbox 2187 4426 2232 4483; x_wconf 81' lang='grc' dir='ltr'>ο</span> <span class='ocrx_word' id='word_1_682' title='bbox 2261 4424 2476 4493; x_wconf 77' lang='lat' dir='ltr'><strong>scripsit</strong></span> <span class='ocrx_word' id='word_1_683' title='bbox 2505 4423 2754 4488; x_wconf 83' lang='lat' dir='ltr'><strong>historia,</strong></span> <span class='ocrx_word' id='word_1_684' title='bbox 2791 4424 3080 4478; x_wconf 88' lang='lat' dir='ltr'><strong>additiouis</strong></span> <span class='ocrx_word' id='word_1_685' title='bbox 3117 4433 3173 4477; x_wconf 88' lang='lat' dir='ltr'><strong>et</strong></span> <span class='ocrx_word' id='word_1_686' title='bbox 3217 4438 3475 4486; x_wconf 83' lang='lat' dir='ltr'><strong>causam,</strong></span> <span class='ocrx_word' id='word_1_687' title='bbox 3517 4434 3574 4476; x_wconf 91' lang='lat' dir='ltr'><strong>et</strong></span> <span class='ocrx_word' id='word_1_688' title='bbox 3629 4431 3842 4491; x_wconf 89' lang='lat' dir='ltr'><strong>tempus</strong></span> 
     </span>
    </p>
   </div>
   <div class='ocr_carea' id='block_1_91' title="bbox 580 4506 2161 4580">
    <p class='ocr_par' dir='ltr' id='par_1_91' title="bbox 580 4506 2161 4580">
     <span class='ocr_line' id='line_1_91' title="bbox 580 4506 2161 4580; baseline -0.005 -11"><span class='ocrx_word' id='word_1_689' title='bbox 580 4512 745 4580; x_wconf 60' lang='lat' dir='ltr'><strong>filio,</strong></span> <span class='ocrx_word' id='word_1_690' title='bbox 776 4522 831 4568; x_wconf 89' lang='lat' dir='ltr'><strong>et</strong></span> <span class='ocrx_word' id='word_1_691' title='bbox 878 4528 941 4567; x_wconf 85' lang='lat' dir='ltr'><strong>ex</strong></span> <span class='ocrx_word' id='word_1_692' title='bbox 978 4513 1094 4580; x_wconf 86' lang='lat' dir='ltr'><strong>ipso</strong></span> <span class='ocrx_word' id='word_1_693' title='bbox 1117 4510 1232 4577; x_wconf 89' lang='lat' dir='ltr'><strong>sit,</strong></span> <span class='ocrx_word' id='word_1_694' title='bbox 1277 4520 1441 4577; x_wconf 87' lang='lat' dir='ltr'><strong>atque</strong></span> <span class='ocrx_word' id='word_1_695' title='bbox 1480 4506 1783 4578; x_wconf 83' lang='lat' dir='ltr'><strong>procedat?</strong></span> <span class='ocrx_word' id='word_1_696' title='bbox 1812 4506 1999 4575; x_wconf 78' lang='lat' dir='ltr'><strong>Itaque</strong></span> <span class='ocrx_word' id='word_1_697' title='bbox 2051 4507 2161 4562; x_wconf 83' lang='lat' dir='ltr'><strong>illis</strong></span> 
     </span>
    </p>
   </div>
   <div class='ocr_carea' id='block_1_92' title="bbox 578 4602 2161 4678">
    <p class='ocr_par' dir='ltr' id='par_1_92' title="bbox 578 4602 2161 4678">
     <span class='ocr_line' id='line_1_92' title="bbox 578 4602 2161 4678; baseline -0.005 -16"><span class='ocrx_word' id='word_1_698' title='bbox 578 4607 820 4678; x_wconf 78' lang='lat' dir='ltr'><strong>quidem,</strong></span> <span class='ocrx_word' id='word_1_699' title='bbox 856 4620 978 4676; x_wconf 82' lang='lat' dir='ltr'><strong>qua:</strong></span> <span class='ocrx_word' id='word_1_700' title='bbox 1007 4606 1058 4658; x_wconf 92' lang='lat' dir='ltr'><strong>in</strong></span> <span class='ocrx_word' id='word_1_701' title='bbox 1091 4604 1393 4672; x_wconf 87' lang='lat' dir='ltr'><strong>Scripturis</strong></span> <span class='ocrx_word' id='word_1_702' title='bbox 1431 4612 1619 4671; x_wconf 89' lang='lat' dir='ltr'><strong>aperte</strong></span> <span class='ocrx_word' id='word_1_703' title='bbox 1646 4612 1773 4656; x_wconf 84' lang='lat' dir='ltr'><strong>sunt</strong></span> <span class='ocrx_word' id='word_1_704' title='bbox 1801 4602 1999 4668; x_wconf 82' lang='lat' dir='ltr'><strong>posita,</strong></span> <span class='ocrx_word' id='word_1_705' title='bbox 2037 4615 2161 4655; x_wconf 90' lang='lat' dir='ltr'><strong>cum</strong></span> 
     </span>
    </p>
   </div>
   <div class='ocr_carea' id='block_1_93' title="bbox 578 4692 2172 4771">
    <p class='ocr_par' dir='ltr' id='par_1_93' title="bbox 578 4692 2172 4771">
     <span class='ocr_line' id='line_1_93' title="bbox 578 4692 2172 4771; baseline -0.006 -16"><span class='ocrx_word' id='word_1_706' title='bbox 578 4700 667 4771; x_wconf 83' lang='lat' dir='ltr'><strong>pia</strong></span> <span class='ocrx_word' id='word_1_707' title='bbox 698 4698 985 4755; x_wconf 81' lang='lat' dir='ltr'><strong>devotione</strong></span> <span class='ocrx_word' id='word_1_708' title='bbox 1024 4696 1358 4753; x_wconf 85' lang='lat' dir='ltr'><strong>credendum</strong></span> <span class='ocrx_word' id='word_1_709' title='bbox 1394 4704 1496 4748; x_wconf 85' lang='lat' dir='ltr'><strong>est.</strong></span> <span class='ocrx_word' id='word_1_710' title='bbox 1541 4694 1673 4760; x_wconf 72' lang='lat' dir='ltr'><strong>Quae</strong></span> <span class='ocrx_word' id='word_1_711' title='bbox 1728 4708 1859 4748; x_wconf 87' lang='lat' dir='ltr'><strong>vero</strong></span> <span class='ocrx_word' id='word_1_712' title='bbox 1914 4692 2005 4747; x_wconf 89' lang='lat' dir='ltr'><strong>illa</strong></span> <span class='ocrx_word' id='word_1_713' title='bbox 2055 4705 2172 4748; x_wconf 84' lang='lat' dir='ltr'><strong>non</strong></span> 
     </span>
    </p>
   </div>
   <div class='ocr_carea' id='block_1_94' title="bbox 578 4783 2164 4859">
    <p class='ocr_par' dir='ltr' id='par_1_94' title="bbox 578 4783 2164 4859">
     <span class='ocr_line' id='line_1_94' title="bbox 578 4783 2164 4859; baseline -0.006 -12"><span class='ocrx_word' id='word_1_714' title='bbox 578 4792 736 4859; x_wconf 86' lang='lat' dir='ltr'><strong>dixit,</strong></span> <span class='ocrx_word' id='word_1_715' title='bbox 789 4807 896 4847; x_wconf 91' lang='lat' dir='ltr'><strong>non</strong></span> <span class='ocrx_word' id='word_1_716' title='bbox 919 4800 1047 4847; x_wconf 87' lang='lat' dir='ltr'><strong>sunt</strong></span> <span class='ocrx_word' id='word_1_717' title='bbox 1098 4788 1505 4859; x_wconf 76' lang='lat' dir='ltr'><strong>praecipitanter</strong></span> <span class='ocrx_word' id='word_1_718' title='bbox 1556 4784 1904 4853; x_wconf 75' lang='lat' dir='ltr'><strong>abiicienda;</strong></span> <span class='ocrx_word' id='word_1_719' title='bbox 1940 4785 2047 4839; x_wconf 86' lang='lat' dir='ltr'><strong>nisi</strong></span> <span class='ocrx_word' id='word_1_720' title='bbox 2108 4783 2164 4838; x_wconf 92' lang='lat' dir='ltr'><strong>in</strong></span> 
     </span>
    </p>
   </div>
   <div class='ocr_carea' id='block_1_95' title="bbox 576 4878 2163 4950">
    <p class='ocr_par' dir='ltr' id='par_1_95' title="bbox 576 4878 2163 4950">
     <span class='ocr_line' id='line_1_95' title="bbox 576 4878 2163 4950; baseline -0.005 -10"><span class='ocrx_word' id='word_1_721' title='bbox 576 4887 656 4940; x_wconf 86' lang='lat' dir='ltr'><strong>eis</strong></span> <span class='ocrx_word' id='word_1_722' title='bbox 677 4884 969 4941; x_wconf 79' lang='lat' dir='ltr'><strong>manifesta</strong></span> <span class='ocrx_word' id='word_1_723' title='bbox 999 4883 1308 4939; x_wconf 84' lang='lat' dir='ltr'><strong>ubsurditas</strong></span> <span class='ocrx_word' id='word_1_724' title='bbox 1342 4878 1804 4950; x_wconf 87' lang='lat' dir='ltr'><strong>deprehendatur,</strong></span> <span class='ocrx_word' id='word_1_725' title='bbox 1843 4892 1965 4947; x_wconf 67' lang='lat' dir='ltr'><strong>qua:</strong></span> <span class='ocrx_word' id='word_1_726' title='bbox 2011 4894 2163 4934; x_wconf 91' lang='lat' dir='ltr'><strong>com-</strong></span> 
     </span>
    </p>
   </div>
   <div class='ocr_carea' id='block_1_96' title="bbox 577 4967 2171 5043">
    <p class='ocr_par' dir='ltr' id='par_1_96' title="bbox 577 4967 2171 5043">
     <span class='ocr_line' id='line_1_96' title="bbox 577 4967 2171 5043; baseline -0.006 -11"><span class='ocrx_word' id='word_1_727' title='bbox 577 4981 757 5033; x_wconf 88' lang='lat' dir='ltr'><strong>munis</strong></span> <span class='ocrx_word' id='word_1_728' title='bbox 795 4977 920 5033; x_wconf 88' lang='lat' dir='ltr'><strong>tldei</strong></span> <span class='ocrx_word' id='word_1_729' title='bbox 976 4975 1381 5031; x_wconf 74' lang='lat' dir='ltr'><strong>confessionem</strong></span> <span class='ocrx_word' id='word_1_730' title='bbox 1439 4972 1694 5043; x_wconf 88' lang='lat' dir='ltr'><strong>perimat.</strong></span> <span class='ocrx_word' id='word_1_731' title='bbox 1744 4967 1901 5035; x_wconf 88' lang='lat' dir='ltr'><strong>Quod</strong></span> <span class='ocrx_word' id='word_1_732' title='bbox 1955 4968 2002 5023; x_wconf 88' lang='lat' dir='ltr'><strong>si</strong></span> <span class='ocrx_word' id='word_1_733' title='bbox 2071 4970 2171 5023; x_wconf 90' lang='lat' dir='ltr'><strong>ab-</strong></span> 
     </span>
    </p>
   </div>
   <div class='ocr_carea' id='block_1_97' title="bbox 576 5062 2167 5137">
    <p class='ocr_par' dir='ltr' id='par_1_97' title="bbox 576 5062 2167 5137">
     <span class='ocr_line' id='line_1_97' title="bbox 576 5062 2167 5137; baseline -0.006 -13"><span class='ocrx_word' id='word_1_734' title='bbox 576 5070 765 5132; x_wconf 80' lang='lat' dir='ltr'><strong>fuerit,</strong></span> <span class='ocrx_word' id='word_1_735' title='bbox 803 5077 859 5123; x_wconf 91' lang='lat' dir='ltr'><strong>et</strong></span> <span class='ocrx_word' id='word_1_736' title='bbox 890 5067 994 5122; x_wconf 89' lang='lat' dir='ltr'><strong>ista</strong></span> <span class='ocrx_word' id='word_1_737' title='bbox 1034 5068 1121 5137; x_wconf 90' lang='lat' dir='ltr'><strong>pie</strong></span> <span class='ocrx_word' id='word_1_738' title='bbox 1151 5076 1278 5121; x_wconf 88' lang='lat' dir='ltr'><strong>sunt</strong></span> <span class='ocrx_word' id='word_1_739' title='bbox 1308 5064 1640 5122; x_wconf 85' lang='lat' dir='ltr'><strong>admittenda</strong></span> <span class='ocrx_word' id='word_1_740' title='bbox 1669 5103 1684 5130; x_wconf 92' lang='lat'><strong>,</strong></span> <span class='ocrx_word' id='word_1_741' title='bbox 1709 5063 1967 5128; x_wconf 82' lang='lat' dir='ltr'><strong>maxime,</strong></span> <span class='ocrx_word' id='word_1_742' title='bbox 2003 5062 2167 5119; x_wconf 87' lang='lat' dir='ltr'><strong>etiam</strong></span> 
     </span>
    </p>
   </div>
   <div class='ocr_carea' id='block_1_98' title="bbox 577 5146 2168 5230">
    <p class='ocr_par' dir='ltr' id='par_1_98' title="bbox 577 5146 2168 5230">
     <span class='ocr_line' id='line_1_98' title="bbox 577 5146 2168 5230; baseline -0.004 -14"><span class='ocrx_word' id='word_1_743' title='bbox 577 5146 908 5217; x_wconf 86' lang='lat' dir='ltr'><strong>necessitate</strong></span> <span class='ocrx_word' id='word_1_744' title='bbox 931 5167 1178 5230; x_wconf 81' lang='lat' dir='ltr'><strong>cogente,</strong></span> <span class='ocrx_word' id='word_1_745' title='bbox 1205 5167 1424 5227; x_wconf 83' lang='lat' dir='ltr'><strong>propter</strong></span> <span class='ocrx_word' id='word_1_746' title='bbox 1449 5172 1553 5211; x_wconf 89' lang='lat' dir='ltr'><strong>eos-</strong></span> <span class='ocrx_word' id='word_1_747' title='bbox 1577 5159 1671 5225; x_wconf 91' lang='lat' dir='ltr'><strong>qui</strong></span> <span class='ocrx_word' id='word_1_748' title='bbox 1704 5154 1828 5210; x_wconf 85' lang='lat' dir='ltr'><strong>ﬁdei</strong></span> <span class='ocrx_word' id='word_1_749' title='bbox 1877 5155 2168 5209; x_wconf 87' lang='lat' dir='ltr'><strong>veritatem</strong></span> 
     </span>
    </p>
   </div>
   <div class='ocr_carea' id='block_1_99' title="bbox 577 5245 2160 5316">
    <p class='ocr_par' dir='ltr' id='par_1_99' title="bbox 577 5245 2160 5316">
     <span class='ocr_line' id='line_1_99' title="bbox 577 5245 2160 5316; baseline -0.008 -7"><span class='ocrx_word' id='word_1_750' title='bbox 577 5255 782 5311; x_wconf 89' lang='lat' dir='ltr'><strong>violare</strong></span> <span class='ocrx_word' id='word_1_751' title='bbox 813 5252 1130 5316; x_wconf 88' lang='lat' dir='ltr'><strong>moliuntur,</strong></span> <span class='ocrx_word' id='word_1_752' title='bbox 1169 5247 1433 5303; x_wconf 89' lang='lat' dir='ltr'><strong>imitando</strong></span> <span class='ocrx_word' id='word_1_753' title='bbox 1466 5250 1519 5301; x_wconf 91' lang='lat' dir='ltr'><strong>in</strong></span> <span class='ocrx_word' id='word_1_754' title='bbox 1543 5262 1608 5302; x_wconf 85' lang='lat' dir='ltr'><strong>ea</strong></span> <span class='ocrx_word' id='word_1_755' title='bbox 1641 5263 1701 5301; x_wconf 92' lang='lat' dir='ltr'><strong>re</strong></span> <span class='ocrx_word' id='word_1_756' title='bbox 1726 5259 1942 5301; x_wconf 85' lang='lat' dir='ltr'><strong>veteres</strong></span> <span class='ocrx_word' id='word_1_757' title='bbox 1976 5245 2160 5299; x_wconf 84' lang='lat' dir='ltr'><strong>docto-</strong></span> 
     </span>
    </p>
   </div>
   <div class='ocr_carea' id='block_1_100' title="bbox 573 5332 2156 5419">
    <p class='ocr_par' dir='ltr' id='par_1_100' title="bbox 573 5332 2156 5419">
     <span class='ocr_line' id='line_1_100' title="bbox 573 5332 2156 5419; baseline -0.009 -12"><span class='ocrx_word' id='word_1_758' title='bbox 573 5366 682 5416; x_wconf 87' lang='lat' dir='ltr'><strong>res,</strong></span> <span class='ocrx_word' id='word_1_759' title='bbox 715 5348 809 5419; x_wconf 87' lang='lat' dir='ltr'><strong>qui</strong></span> <span class='ocrx_word' id='word_1_760' title='bbox 842 5347 896 5400; x_wconf 87' lang='lat' dir='ltr'><strong>itt</strong></span> <span class='ocrx_word' id='word_1_761' title='bbox 933 5344 1093 5399; x_wconf 88' lang='lat' dir='ltr'><strong>rebus</strong></span> <span class='ocrx_word' id='word_1_762' title='bbox 1148 5342 1332 5396; x_wconf 86' lang='lat' dir='ltr'><strong>arduis</strong></span> <span class='ocrx_word' id='word_1_763' title='bbox 1374 5332 1800 5409; x_wconf 83' lang='lat' dir='ltr'><strong>urgentibusque</strong></span> <span class='ocrx_word' id='word_1_764' title='bbox 1830 5336 2156 5393; x_wconf 88' lang='lat' dir='ltr'><strong>necessariis</strong></span> 
     </span>
    </p>
   </div>
   <div class='ocr_carea' id='block_1_101' title="bbox 573 5433 2163 5506">
    <p class='ocr_par' dir='ltr' id='par_1_101' title="bbox 573 5433 2163 5506">
     <span class='ocr_line' id='line_1_101' title="bbox 573 5433 2163 5506; baseline -0.01 -5"><span class='ocrx_word' id='word_1_765' title='bbox 573 5441 949 5500; x_wconf 85' lang='lat' dir='ltr'><strong>additionibus</strong></span> <span class='ocrx_word' id='word_1_766' title='bbox 1009 5447 1062 5492; x_wconf 89' lang='lat' dir='ltr'><strong>et</strong></span> <span class='ocrx_word' id='word_1_767' title='bbox 1086 5434 1490 5506; x_wconf 84' lang='lat' dir='ltr'><strong>Seripturarum</strong></span> <span class='ocrx_word' id='word_1_768' title='bbox 1528 5434 1707 5486; x_wconf 89' lang='lat' dir='ltr'><strong>sensui</strong></span> <span class='ocrx_word' id='word_1_769' title='bbox 1760 5433 1997 5487; x_wconf 78' lang='lat' dir='ltr'><strong>maxime</strong></span> <span class='ocrx_word' id='word_1_770' title='bbox 2035 5446 2163 5487; x_wconf 88' lang='lat' dir='ltr'><strong>con-</strong></span> 
     </span>
    </p>
   </div>
   <div class='ocr_carea' id='block_1_102' title="bbox 574 5525 2138 5607">
    <p class='ocr_par' dir='ltr' id='par_1_102' title="bbox 574 5525 2138 5607">
     <span class='ocr_line' id='line_1_102' title="bbox 574 5525 2138 5607; baseline -0.008 -16"><span class='ocrx_word' id='word_1_771' title='bbox 574 5538 746 5607; x_wconf 89' lang='lat' dir='ltr'><strong>gruis,</strong></span> <span class='ocrx_word' id='word_1_772' title='bbox 771 5547 986 5606; x_wconf 82' lang='lat' dir='ltr'><strong>gregem</strong></span> <span class='ocrx_word' id='word_1_773' title='bbox 1005 5529 1205 5586; x_wconf 84' lang='lat' dir='ltr'><strong>Chtisti</strong></span> <span class='ocrx_word' id='word_1_774' title='bbox 1228 5527 1495 5596; x_wconf 88' lang='lat' dir='ltr'><strong>dissipare</strong></span> <span class='ocrx_word' id='word_1_775' title='bbox 1511 5526 1747 5579; x_wconf 89' lang='lat' dir='ltr'><strong>nitentes</strong></span> <span class='ocrx_word' id='word_1_776' title='bbox 1776 5525 2138 5593; x_wconf 81' lang='lat' dir='ltr'><strong>dispulerant.</strong></span> 
     </span>
    </p>
   </div>
   <div class='ocr_carea' id='block_1_103' title="bbox 645 5645 1100 5711">
    <p class='ocr_par' dir='ltr' id='par_1_103' title="bbox 645 5645 1100 5711">
     <span class='ocr_line' id='line_1_103' title="bbox 645 5645 1100 5711; baseline -0.013 -5"><span class='ocrx_word' id='word_1_777' title='bbox 645 5652 689 5684; x_wconf 81' lang='lat'><strong><em>“</em></strong></span> <span class='ocrx_word' id='word_1_778' title='bbox 716 5651 871 5705; x_wconf 81' lang='lat' dir='ltr'><strong>Joan.</strong></span> <span class='ocrx_word' id='word_1_779' title='bbox 898 5663 955 5711; x_wconf 88' lang='lat' dir='ltr'><strong>x,</strong></span> <span class='ocrx_word' id='word_1_780' title='bbox 1011 5645 1100 5701; x_wconf 73' lang='grc' dir='ltr'><strong>δυ.</strong></span> 
     </span>
    </p>
   </div>
   <div class='ocr_carea' id='block_1_104' title="bbox 2265 4515 3850 4587">
    <p class='ocr_par' dir='ltr' id='par_1_104' title="bbox 2265 4515 3850 4587">
     <span class='ocr_line' id='line_1_104' title="bbox 2265 4515 3850 4587; baseline -0.001 -15"><span class='ocrx_word' id='word_1_781' title='bbox 2265 4516 2538 4587; x_wconf 85' lang='lat' dir='ltr'><strong>exposuit.</strong></span> <span class='ocrx_word' id='word_1_782' title='bbox 2576 4516 2714 4570; x_wconf 91' lang='lat' dir='ltr'><strong>Sunt</strong></span> <span class='ocrx_word' id='word_1_783' title='bbox 2743 4518 2869 4570; x_wconf 88' lang='lat' dir='ltr'><strong>item</strong></span> <span class='ocrx_word' id='word_1_784' title='bbox 2900 4518 2990 4585; x_wconf 91' lang='lat' dir='ltr'><strong>qui</strong></span> <span class='ocrx_word' id='word_1_785' title='bbox 3015 4515 3202 4572; x_wconf 88' lang='lat' dir='ltr'><strong>dicant</strong></span> <span class='ocrx_word' id='word_1_786' title='bbox 3229 4517 3493 4585; x_wconf 86' lang='lat' dir='ltr'><strong>quosdam</strong></span> <span class='ocrx_word' id='word_1_787' title='bbox 3523 4531 3584 4569; x_wconf 81' lang='lat' dir='ltr'><strong>ex</strong></span> <span class='ocrx_word' id='word_1_788' title='bbox 3620 4516 3730 4570; x_wconf 83' lang='lat' dir='ltr'><strong>Atii</strong></span> <span class='ocrx_word' id='word_1_789' title='bbox 3757 4529 3850 4571; x_wconf 84' lang='lat' dir='ltr'><strong>ve-</strong></span> 
     </span>
    </p>
   </div>
   <div class='ocr_carea' id='block_1_105' title="bbox 2266 4606 3919 4676">
    <p class='ocr_par' dir='ltr' id='par_1_105' title="bbox 2266 4606 3919 4676">
     <span class='ocr_line' id='line_1_105' title="bbox 2266 4606 3919 4676; baseline -0.001 -13"><span class='ocrx_word' id='word_1_790' title='bbox 2266 4612 2448 4676; x_wconf 86' lang='lat' dir='ltr'><strong>sania,</strong></span> <span class='ocrx_word' id='word_1_791' title='bbox 2480 4624 2608 4664; x_wconf 86' lang='lat' dir='ltr'><strong>cum</strong></span> <span class='ocrx_word' id='word_1_792' title='bbox 2644 4608 2847 4663; x_wconf 87' lang='lat' dir='ltr'><strong>vellent</strong></span> <span class='ocrx_word' id='word_1_793' title='bbox 2877 4607 2999 4662; x_wconf 89' lang='lat' dir='ltr'><strong>Filii</strong></span> <span class='ocrx_word' id='word_1_794' title='bbox 3046 4606 3387 4676; x_wconf 71' lang='lat' dir='ltr'><strong>maiestatem</strong></span> <span class='ocrx_word' id='word_1_795' title='bbox 3449 4606 3792 4672; x_wconf 89' lang='lat' dir='ltr'><strong>imminuere,</strong></span> <span class='ocrx_word' id='word_1_796' title='bbox 3819 4622 3847 4662; x_wconf 80' lang='lat' dir='ltr'><strong>a</strong></span> <span class='ocrx_word' id='word_1_797' title='bbox 3914 4612 3919 4627; x_wconf 90' lang='lat'>‘</span> 
     </span>
    </p>
   </div>
   <div class='ocr_carea' id='block_1_106' title="bbox 2267 4701 3843 4773">
    <p class='ocr_par' dir='ltr' id='par_1_106' title="bbox 2267 4701 3843 4773">
     <span class='ocr_line' id='line_1_106' title="bbox 2267 4701 3843 4773; baseline 0 -15"><span class='ocrx_word' id='word_1_798' title='bbox 2267 4702 2383 4758; x_wconf 81' lang='lat' dir='ltr'><strong>solo</strong></span> <span class='ocrx_word' id='word_1_799' title='bbox 2415 4703 2577 4758; x_wconf 80' lang='lat' dir='ltr'><strong>Patre</strong></span> <span class='ocrx_word' id='word_1_800' title='bbox 2624 4704 2889 4773; x_wconf 84' lang='lat' dir='ltr'><strong>Spiritum</strong></span> <span class='ocrx_word' id='word_1_801' title='bbox 2924 4713 3170 4758; x_wconf 88' lang='lat' dir='ltr'><strong>sanctum</strong></span> <span class='ocrx_word' id='word_1_802' title='bbox 3215 4703 3434 4771; x_wconf 89' lang='lat' dir='ltr'><strong>prodire</strong></span> <span class='ocrx_word' id='word_1_803' title='bbox 3489 4701 3717 4757; x_wconf 85' lang='lat' dir='ltr'><strong>dixisse.</strong></span> <span class='ocrx_word' id='word_1_804' title='bbox 3743 4702 3843 4768; x_wconf 85' lang='lat' dir='ltr'><strong>Qui</strong></span> 
     </span>
    </p>
   </div>
   <div class='ocr_carea' id='block_1_107' title="bbox 2269 4784 3849 4864">
    <p class='ocr_par' dir='ltr' id='par_1_107' title="bbox 2269 4784 3849 4864">
     <span class='ocr_line' id='line_1_107' title="bbox 2269 4784 3849 4864; baseline 0.001 -17"><span class='ocrx_word' id='word_1_805' title='bbox 2269 4810 2395 4847; x_wconf 86' lang='lat' dir='ltr'><strong>cum</strong></span> <span class='ocrx_word' id='word_1_806' title='bbox 2446 4784 2648 4849; x_wconf 85' lang='lat' dir='ltr'><strong>vellent</strong></span> <span class='ocrx_word' id='word_1_807' title='bbox 2681 4793 3049 4860; x_wconf 76' lang='lat' dir='ltr'><strong>lilasplietnam</strong></span> <span class='ocrx_word' id='word_1_808' title='bbox 3080 4793 3393 4864; x_wconf 88' lang='lat' dir='ltr'><strong>opinionem</strong></span> <span class='ocrx_word' id='word_1_809' title='bbox 3422 4796 3559 4848; x_wconf 86' lang='lat' dir='ltr'><strong>tueri</strong></span> <span class='ocrx_word' id='word_1_810' title='bbox 3592 4810 3607 4847; x_wconf 87' lang='lat'><strong>:</strong></span> <span class='ocrx_word' id='word_1_811' title='bbox 3637 4795 3849 4862; x_wconf 70' lang='lat' dir='ltr'><strong>pietatis</strong></span> 
     </span>
    </p>
   </div>
   <div class='ocr_carea' id='block_1_108' title="bbox 2266 4887 3846 4957">
    <p class='ocr_par' dir='ltr' id='par_1_108' title="bbox 2266 4887 3846 4957">
     <span class='ocr_line' id='line_1_108' title="bbox 2266 4887 3846 4957; baseline 0 -18"><span class='ocrx_word' id='word_1_812' title='bbox 2266 4888 2434 4942; x_wconf 89' lang='lat' dir='ltr'><strong>armis</strong></span> <span class='ocrx_word' id='word_1_813' title='bbox 2460 4897 2649 4941; x_wconf 87' lang='lat' dir='ltr'><strong>contra</strong></span> <span class='ocrx_word' id='word_1_814' title='bbox 2682 4887 2938 4956; x_wconf 77' lang='lat' dir='ltr'><strong>pietatem</strong></span> <span class='ocrx_word' id='word_1_815' title='bbox 2974 4890 3303 4957; x_wconf 82' lang='lat' dir='ltr'><strong>tttcbantur_,</strong></span> <span class='ocrx_word' id='word_1_816' title='bbox 3342 4887 3706 4941; x_wconf 75' lang='lat' dir='ltr'><strong>vociferantes</strong></span> <span class='ocrx_word' id='word_1_817' title='bbox 3738 4902 3846 4939; x_wconf 89' lang='lat' dir='ltr'><strong>ttott</strong></span> 
     </span>
    </p>
   </div>
   <div class='ocr_carea' id='block_1_109' title="bbox 2267 4980 3849 5055">
    <p class='ocr_par' dir='ltr' id='par_1_109' title="bbox 2267 4980 3849 5055">
     <span class='ocr_line' id='line_1_109' title="bbox 2267 4980 3849 5055; baseline 0.001 -19"><span class='ocrx_word' id='word_1_818' title='bbox 2267 4992 2521 5052; x_wconf 87' lang='lat' dir='ltr'><strong>oportere</strong></span> <span class='ocrx_word' id='word_1_819' title='bbox 2573 4980 2763 5036; x_wconf 83' lang='lat' dir='ltr'><strong>Niceui</strong></span> <span class='ocrx_word' id='word_1_820' title='bbox 2829 4982 3043 5036; x_wconf 85' lang='lat' dir='ltr'><strong>concilii</strong></span> <span class='ocrx_word' id='word_1_821' title='bbox 3116 4985 3414 5055; x_wconf 90' lang='lat' dir='ltr'><strong>quidquam</strong></span> <span class='ocrx_word' id='word_1_822' title='bbox 3476 4981 3849 5038; x_wconf 83' lang='lat' dir='ltr'><strong>sanctionibus</strong></span> 
     </span>
    </p>
   </div>
   <div class='ocr_carea' id='block_1_110' title="bbox 2265 5059 3846 5146">
    <p class='ocr_par' dir='ltr' id='par_1_110' title="bbox 2265 5059 3846 5146">
     <span class='ocr_line' id='line_1_110' title="bbox 2265 5059 3846 5146; baseline 0.001 -20"><span class='ocrx_word' id='word_1_823' title='bbox 2265 5059 2452 5142; x_wconf 81' lang='lat' dir='ltr'><strong>adjici,</strong></span> <span class='ocrx_word' id='word_1_824' title='bbox 2513 5088 2688 5143; x_wconf 90' lang='lat' dir='ltr'><strong>neque</strong></span> <span class='ocrx_word' id='word_1_825' title='bbox 2745 5074 2890 5127; x_wconf 90' lang='lat' dir='ltr'><strong>cnim</strong></span> <span class='ocrx_word' id='word_1_826' title='bbox 2945 5074 3056 5129; x_wconf 90' lang='lat' dir='ltr'><strong>illic</strong></span> <span class='ocrx_word' id='word_1_827' title='bbox 3105 5074 3163 5129; x_wconf 90' lang='lat' dir='ltr'><strong>in</strong></span> <span class='ocrx_word' id='word_1_828' title='bbox 3226 5074 3576 5146; x_wconf 90' lang='lat' dir='ltr'><strong>processione</strong></span> <span class='ocrx_word' id='word_1_829' title='bbox 3610 5074 3846 5141; x_wconf 88' lang='lat' dir='ltr'><strong>Spiritus</strong></span> 
     </span>
    </p>
   </div>
   <div class='ocr_carea' id='block_1_111' title="bbox 2269 5163 3849 5235">
    <p class='ocr_par' dir='ltr' id='par_1_111' title="bbox 2269 5163 3849 5235">
     <span class='ocr_line' id='line_1_111' title="bbox 2269 5163 3849 5235; baseline 0.001 -16"><span class='ocrx_word' id='word_1_830' title='bbox 2269 5164 2446 5220; x_wconf 88' lang='lat' dir='ltr'><strong>sancti</strong></span> <span class='ocrx_word' id='word_1_831' title='bbox 2482 5164 2681 5219; x_wconf 85' lang='lat' dir='ltr'><strong>Filium</strong></span> <span class='ocrx_word' id='word_1_832' title='bbox 2710 5163 2859 5219; x_wconf 84' lang='lat' dir='ltr'><strong>Patri</strong></span> <span class='ocrx_word' id='word_1_833' title='bbox 2897 5166 3171 5235; x_wconf 82' lang='lat' dir='ltr'><strong>adjectum</strong></span> <span class='ocrx_word' id='word_1_834' title='bbox 3216 5180 3359 5221; x_wconf 89' lang='lat' dir='ltr'><strong>esse.</strong></span> <span class='ocrx_word' id='word_1_835' title='bbox 3397 5168 3574 5234; x_wconf 85' lang='lat' dir='ltr'><strong>Atque</strong></span> <span class='ocrx_word' id='word_1_836' title='bbox 3607 5167 3721 5220; x_wconf 72' lang='lat' dir='ltr'><strong>haec</strong></span> <span class='ocrx_word' id='word_1_837' title='bbox 3767 5166 3849 5220; x_wconf 87' lang='lat' dir='ltr'><strong>di-</strong></span> 
     </span>
    </p>
   </div>
   <div class='ocr_carea' id='block_1_112' title="bbox 2267 5253 3840 5325">
    <p class='ocr_par' dir='ltr' id='par_1_112' title="bbox 2267 5253 3840 5325">
     <span class='ocr_line' id='line_1_112' title="bbox 2267 5253 3840 5325; baseline -0.003 -13"><span class='ocrx_word' id='word_1_838' title='bbox 2267 5266 2480 5321; x_wconf 85' lang='lat' dir='ltr'><strong>centes,</strong></span> <span class='ocrx_word' id='word_1_839' title='bbox 2514 5254 2816 5309; x_wconf 82' lang='lat' dir='ltr'><strong>Ecclesium</strong></span> <span class='ocrx_word' id='word_1_840' title='bbox 2843 5256 3185 5321; x_wconf 80' lang='lat' dir='ltr'><strong>scindebant,</strong></span> <span class='ocrx_word' id='word_1_841' title='bbox 3224 5253 3613 5325; x_wconf 87' lang='lat' dir='ltr'><strong>religionisque</strong></span> <span class='ocrx_word' id='word_1_842' title='bbox 3637 5253 3840 5322; x_wconf 56' lang='lat' dir='ltr'><strong>Opinio.</strong></span> 
     </span>
    </p>
   </div>
   <div class='ocr_carea' id='block_1_113' title="bbox 2269 5346 3845 5416">
    <p class='ocr_par' dir='ltr' id='par_1_113' title="bbox 2269 5346 3845 5416">
     <span class='ocr_line' id='line_1_113' title="bbox 2269 5346 3845 5416; baseline -0.004 -13"><span class='ocrx_word' id='word_1_843' title='bbox 2269 5364 2389 5403; x_wconf 88' lang='lat' dir='ltr'><strong>nem</strong></span> <span class='ocrx_word' id='word_1_844' title='bbox 2420 5348 2488 5402; x_wconf 88' lang='lat' dir='ltr'><strong>ab</strong></span> <span class='ocrx_word' id='word_1_845' title='bbox 2514 5347 2806 5415; x_wconf 83' lang='lat' dir='ltr'><strong>imperitis,</strong></span> <span class='ocrx_word' id='word_1_846' title='bbox 2835 5363 2897 5400; x_wconf 86' lang='lat' dir='ltr'><strong>ac</strong></span> <span class='ocrx_word' id='word_1_847' title='bbox 2931 5346 3138 5409; x_wconf 69' lang='lat' dir='ltr'><strong>stultis,</strong></span> <span class='ocrx_word' id='word_1_848' title='bbox 3181 5358 3237 5398; x_wconf 91' lang='lat' dir='ltr'><strong>ut</strong></span> <span class='ocrx_word' id='word_1_849' title='bbox 3269 5347 3491 5416; x_wconf 83' lang='lat' dir='ltr'><strong>antiqua</strong></span> <span class='ocrx_word' id='word_1_850' title='bbox 3531 5358 3845 5399; x_wconf 52' lang='lat' dir='ltr'><strong>revereri-tt.</strong></span> 
     </span>
    </p>
   </div>
   <div class='ocr_carea' id='block_1_114' title="bbox 2271 5440 2725 5508">
    <p class='ocr_par' dir='ltr' id='par_1_114' title="bbox 2271 5440 2725 5508">
     <span class='ocr_line' id='line_1_114' title="bbox 2271 5440 2725 5508; baseline 0.007 -17"><span class='ocrx_word' id='word_1_851' title='bbox 2271 5448 2381 5504; x_wconf 86' lang='lat' dir='ltr'><strong>tur,</strong></span> <span class='ocrx_word' id='word_1_852' title='bbox 2417 5440 2725 5508; x_wconf 87' lang='lat' dir='ltr'><strong>capiebant.</strong></span> 
     </span>
    </p>
   </div>
   <div class='ocr_carea' id='block_1_115' title="bbox 2328 5516 3847 5592">
    <p class='ocr_par' dir='ltr' id='par_1_115' title="bbox 2328 5516 3847 5592">
     <span class='ocr_line' id='line_1_115' title="bbox 2328 5516 3847 5592; baseline -0.001 -9"><span class='ocrx_word' id='word_1_853' title='bbox 2328 5528 2535 5586; x_wconf 73' lang='lat' dir='ltr'><strong>Indicio</strong></span> <span class='ocrx_word' id='word_1_854' title='bbox 2570 5530 2712 5584; x_wconf 86' lang='lat' dir='ltr'><strong>enim</strong></span> <span class='ocrx_word' id='word_1_855' title='bbox 2743 5539 2828 5582; x_wconf 88' lang='lat' dir='ltr'><strong>est</strong></span> <span class='ocrx_word' id='word_1_856' title='bbox 2854 5529 3046 5580; x_wconf 83' lang='lat' dir='ltr'><strong>beatus</strong></span> <span class='ocrx_word' id='word_1_857' title='bbox 3078 5523 3346 5579; x_wconf 75' lang='lat' dir='ltr'><strong>Maximus</strong></span> <span class='ocrx_word' id='word_1_858' title='bbox 3402 5526 3454 5578; x_wconf 88' lang='lat' dir='ltr'><strong>in</strong></span> <span class='ocrx_word' id='word_1_859' title='bbox 3506 5522 3736 5592; x_wconf 82' lang='lat' dir='ltr'><strong>epistola</strong></span> <span class='ocrx_word' id='word_1_860' title='bbox 3779 5516 3847 5581; x_wconf 76' lang='lat' dir='ltr'><strong>ad</strong></span> 
     </span>
    </p>
   </div>
   <div class='ocr_carea' id='block_1_116' title="bbox 1214 5636 2261 5723">
    <p class='ocr_par' dir='ltr' id='par_1_116' title="bbox 1214 5636 2261 5723">
     <span class='ocr_line' id='line_1_116' title="bbox 1214 5636 2261 5723; baseline 0.018 -49"><span class='ocrx_word' id='word_1_861' title='bbox 1214 5645 1260 5675; x_wconf 74' lang='lat' dir='ltr'><strong>is</strong></span> <span class='ocrx_word' id='word_1_862' title='bbox 1292 5640 1452 5696; x_wconf 76' lang='lat' dir='ltr'><strong>Joan.</strong></span> <span class='ocrx_word' id='word_1_863' title='bbox 1496 5654 1550 5701; x_wconf 89' lang='lat' dir='ltr'><strong>v,</strong></span> <span class='ocrx_word' id='word_1_864' title='bbox 1586 5639 1671 5693; x_wconf 76' lang='lat' dir='ltr'><strong>i9.</strong></span> <span class='ocrx_word' id='word_1_865' title='bbox 1752 5638 1794 5669; x_wconf 80' lang='grc'><strong>¹⁷</strong></span> <span class='ocrx_word' id='word_1_866' title='bbox 1829 5636 1989 5691; x_wconf 74' lang='lat' dir='ltr'><strong>Junii.</strong></span> <span class='ocrx_word' id='word_1_867' title='bbox 2032 5653 2145 5723; x_wconf 59' lang='lat' dir='ltr'><strong>x‘tv,</strong></span> <span class='ocrx_word' id='word_1_868' title='bbox 2169 5638 2261 5693; x_wconf 71' lang='grc'><strong>28.</strong></span> 
     </span>
    </p>
   </div>
   <div class='ocr_carea' id='block_1_117' title="bbox 645 5741 3460 5833">
    <p class='ocr_par' dir='ltr' id='par_1_117' title="bbox 645 5741 3460 5833">
     <span class='ocr_line' id='line_1_117' title="bbox 645 5741 3460 5833; baseline -0.006 -16"><span class='ocrx_word' id='word_1_869' title='bbox 645 5760 756 5833; x_wconf 70' lang='grc'><strong>(45)</strong></span> <span class='ocrx_word' id='word_1_870' title='bbox 810 5757 1049 5815; x_wconf 77' lang='lat' dir='ltr'><strong>Joannes</strong></span> <span class='ocrx_word' id='word_1_871' title='bbox 1103 5757 1301 5827; x_wconf 75' lang='lat' dir='ltr'><strong>Scylax</strong></span> <span class='ocrx_word' id='word_1_872' title='bbox 1348 5753 1763 5822; x_wconf 78' lang='lat' dir='ltr'><strong>Constantitmp.</strong></span> <span class='ocrx_word' id='word_1_873' title='bbox 1788 5749 2006 5817; x_wconf 86' lang='lat' dir='ltr'><strong>scripsit</strong></span> <span class='ocrx_word' id='word_1_874' title='bbox 2039 5750 2105 5804; x_wconf 85' lang='lat' dir='ltr'><strong>de</strong></span> <span class='ocrx_word' id='word_1_875' title='bbox 2149 5751 2343 5820; x_wconf 86' lang='lat' dir='ltr'><strong>imper.</strong></span> <span class='ocrx_word' id='word_1_876' title='bbox 2373 5746 2847 5816; x_wconf 81' lang='lat' dir='ltr'><strong>Constantinopol.</strong></span> <span class='ocrx_word' id='word_1_877' title='bbox 2881 5741 3052 5799; x_wconf 86' lang='lat' dir='ltr'><strong>Gesn.</strong></span> <span class='ocrx_word' id='word_1_878' title='bbox 3078 5759 3145 5798; x_wconf 75' lang='lat' dir='ltr'><strong>ex</strong></span> <span class='ocrx_word' id='word_1_879' title='bbox 3183 5742 3460 5799; x_wconf 71' lang='lat' dir='ltr'><strong>Volatera.</strong></span> 
     </span>
    </p>
   </div>
  </div>
