  <div class='ocr_page' id='page_1' title='image "/cluster/home/n/w/nwhite01/storage/ocr_20150623/152/mdp.39015078384735/106.png"; bbox 0 0 4114 6306; ppageno 0'>
   <div class='ocr_carea' id='block_1_1' title="bbox 180 235 1793 312">
    <p class='ocr_par' dir='ltr' id='par_1_1' title="bbox 180 235 1790 305">
     <span class='ocr_line' id='line_1_1' title="bbox 180 235 1790 305; baseline 0.001 -4"><span class='ocrx_word' id='word_1_1' title='bbox 180 235 298 302; x_wconf 78' lang='grc'><strong>197</strong></span> <span class='ocrx_word' id='word_1_2' title='bbox 1321 243 1720 305; x_wconf 72' lang='lat' dir='ltr'><strong>ADVERSUS</strong></span> <span class='ocrx_word' id='word_1_3' title='bbox 1739 242 1790 302; x_wconf 89' lang='lat' dir='ltr'><strong>G</strong></span> 
     </span>
    </p>
   </div>
   <div class='ocr_carea' id='block_1_2' title="bbox 1901 235 3478 312">
    <p class='ocr_par' dir='ltr' id='par_1_2' title="bbox 1901 243 3478 312">
     <span class='ocr_line' id='line_1_2' title="bbox 1901 243 3478 312; baseline 0.005 -10"><span class='ocrx_word' id='word_1_4' title='bbox 1901 243 2052 303; x_wconf 67' lang='lat' dir='ltr'>3C0.)</span> <span class='ocrx_word' id='word_1_5' title='bbox 2093 245 2240 308; x_wconf 84' lang='lat' dir='ltr'><strong>LIB.</strong></span> <span class='ocrx_word' id='word_1_6' title='bbox 2280 247 2374 306; x_wconf 82' lang='lat' dir='ltr'><strong>IV.</strong></span> <span class='ocrx_word' id='word_1_7' title='bbox 3377 249 3478 312; x_wconf 81' lang='lat' dir='ltr'><strong>l98</strong></span> 
     </span>
    </p>
   </div>
   <div class='ocr_carea' id='block_1_3' title="bbox 169 328 3481 428">
    <p class='ocr_par' dir='ltr' id='par_1_3' title="bbox 169 328 3481 428">
     <span class='ocr_line' id='line_1_3' title="bbox 169 328 3481 428; baseline 0.004 -24"><span class='ocrx_word' id='word_1_8' title='bbox 169 350 512 414; x_wconf 78' lang='lat' dir='ltr'><strong>Marinum.</strong></span> <span class='ocrx_word' id='word_1_9' title='bbox 545 354 876 412; x_wconf 87' lang='lat' dir='ltr'><strong>additionem</strong></span> <span class='ocrx_word' id='word_1_10' title='bbox 907 358 1050 413; x_wconf 77' lang='lat' dir='ltr'><strong>hanc</strong></span> <span class='ocrx_word' id='word_1_11' title='bbox 1071 357 1206 428; x_wconf 72' lang='grc'><strong>(46),</strong></span> <span class='ocrx_word' id='word_1_12' title='bbox 1228 373 1334 412; x_wconf 88' lang='lat' dir='ltr'><strong>non</strong></span> <span class='ocrx_word' id='word_1_13' title='bbox 1361 360 1578 426; x_wconf 81' lang='lat' dir='ltr'><strong>quando</strong></span> <span class='ocrx_word' id='word_1_14' title='bbox 1609 357 1798 414; x_wconf 83' lang='lat' dir='ltr'><strong>Eccle—</strong></span> <span class='ocrx_word' id='word_1_15' title='bbox 1826 360 1876 417; x_wconf 78' lang='grc' dir='ltr'><strong>Α</strong></span> <span class='ocrx_word' id='word_1_16' title='bbox 1903 367 2064 426; x_wconf 87' lang='lat' dir='ltr'><strong>atque</strong></span> <span class='ocrx_word' id='word_1_17' title='bbox 2097 357 2348 422; x_wconf 78' lang='lat' dir='ltr'><strong>Basilius,</strong></span> <span class='ocrx_word' id='word_1_18' title='bbox 2376 357 2636 427; x_wconf 82' lang='lat' dir='ltr'><strong>Sptrltum</strong></span> <span class='ocrx_word' id='word_1_19' title='bbox 2661 373 2690 412; x_wconf 91' lang='lat' dir='ltr'><strong>a</strong></span> <span class='ocrx_word' id='word_1_20' title='bbox 2729 357 2867 413; x_wconf 84' lang='lat' dir='ltr'><strong>Filio</strong></span> <span class='ocrx_word' id='word_1_21' title='bbox 2894 374 3017 415; x_wconf 79' lang='lat' dir='ltr'><strong>esse</strong></span> <span class='ocrx_word' id='word_1_22' title='bbox 3051 328 3250 416; x_wconf 75' lang='lat' dir='ltr'><strong>habere</strong></span> <span class='ocrx_word' id='word_1_23' title='bbox 3275 363 3481 418; x_wconf 65' lang='lat' dir='ltr'><strong>dicunt.</strong></span> 
     </span>
    </p>
   </div>
   <div class='ocr_carea' id='block_1_4' title="bbox 177 445 3482 520">
    <p class='ocr_par' dir='ltr' id='par_1_4' title="bbox 177 445 3482 520">
     <span class='ocr_line' id='line_1_4' title="bbox 177 445 3482 520; baseline 0.004 -25"><span class='ocrx_word' id='word_1_24' title='bbox 177 445 422 497; x_wconf 80' lang='lat' dir='ltr'><strong>siarutn</strong></span> <span class='ocrx_word' id='word_1_25' title='bbox 451 448 693 502; x_wconf 83' lang='lat' dir='ltr'><strong>scissura</strong></span> <span class='ocrx_word' id='word_1_26' title='bbox 736 449 881 504; x_wconf 78' lang='lat' dir='ltr'><strong>facta</strong></span> <span class='ocrx_word' id='word_1_27' title='bbox 917 460 1038 513; x_wconf 89' lang='lat' dir='ltr'><strong>est,</strong></span> <span class='ocrx_word' id='word_1_28' title='bbox 1074 453 1168 503; x_wconf 90' lang='lat' dir='ltr'><strong>sed</strong></span> <span class='ocrx_word' id='word_1_29' title='bbox 1212 449 1371 517; x_wconf 71' lang='lat' dir='ltr'><strong>longe</strong></span> <span class='ocrx_word' id='word_1_30' title='bbox 1402 461 1526 504; x_wconf 90' lang='lat' dir='ltr'><strong>ante</strong></span> <span class='ocrx_word' id='word_1_31' title='bbox 1559 452 1796 506; x_wconf 89' lang='lat' dir='ltr'><strong>additam</strong></span> <span class='ocrx_word' id='word_1_32' title='bbox 1909 452 2277 520; x_wconf 70' lang='lat' dir='ltr'><strong>majoremnque</strong></span> <span class='ocrx_word' id='word_1_33' title='bbox 2327 450 2536 520; x_wconf 94' lang='lat' dir='ltr'><strong>Spiritu</strong></span> <span class='ocrx_word' id='word_1_34' title='bbox 2581 450 2773 505; x_wconf 87' lang='lat' dir='ltr'><strong>Filium</strong></span> <span class='ocrx_word' id='word_1_35' title='bbox 2821 467 3002 506; x_wconf 66' lang='lat' dir='ltr'><strong>causa:</strong></span> <span class='ocrx_word' id='word_1_36' title='bbox 3069 455 3278 506; x_wconf 89' lang='lat' dir='ltr'><strong>ratione</strong></span> <span class='ocrx_word' id='word_1_37' title='bbox 3334 470 3482 508; x_wconf 85' lang='lat' dir='ltr'><strong>assc—</strong></span> 
     </span>
    </p>
   </div>
   <div class='ocr_carea' id='block_1_5' title="bbox 184 535 1796 610">
    <p class='ocr_par' dir='ltr' id='par_1_5' title="bbox 184 535 1796 610">
     <span class='ocr_line' id='line_1_5' title="bbox 184 535 1796 610; baseline 0.002 -22"><span class='ocrx_word' id='word_1_38' title='bbox 184 535 408 600; x_wconf 75' lang='lat' dir='ltr'><strong>fuisse,</strong></span> <span class='ocrx_word' id='word_1_39' title='bbox 458 549 512 590; x_wconf 92' lang='lat' dir='ltr'><strong>ct</strong></span> <span class='ocrx_word' id='word_1_40' title='bbox 548 538 802 594; x_wconf 75' lang='lat' dir='ltr'><strong>fortassis</strong></span> <span class='ocrx_word' id='word_1_41' title='bbox 839 551 966 595; x_wconf 85' lang='lat' dir='ltr'><strong>ante</strong></span> <span class='ocrx_word' id='word_1_42' title='bbox 998 557 1093 595; x_wconf 88' lang='lat' dir='ltr'><strong>sua</strong></span> <span class='ocrx_word' id='word_1_43' title='bbox 1143 553 1405 610; x_wconf 85' lang='lat' dir='ltr'><strong>tempora.</strong></span> <span class='ocrx_word' id='word_1_44' title='bbox 1465 541 1591 601; x_wconf 77' lang='lat' dir='ltr'><strong>Fuit</strong></span> <span class='ocrx_word' id='word_1_45' title='bbox 1617 553 1796 594; x_wconf 90' lang='lat' dir='ltr'><strong>autem</strong></span> 
     </span>
    </p>
   </div>
   <div class='ocr_carea' id='block_1_6' title="bbox 183 633 1798 702">
    <p class='ocr_par' dir='ltr' id='par_1_6' title="bbox 183 633 1798 702">
     <span class='ocr_line' id='line_1_6' title="bbox 183 633 1798 702; baseline 0.004 -22"><span class='ocrx_word' id='word_1_46' title='bbox 183 644 259 680; x_wconf 88' lang='lat' dir='ltr'><strong>eo</strong></span> <span class='ocrx_word' id='word_1_47' title='bbox 299 641 579 700; x_wconf 87' lang='lat' dir='ltr'><strong>tempore,</strong></span> <span class='ocrx_word' id='word_1_48' title='bbox 617 647 725 700; x_wconf 91' lang='lat' dir='ltr'><strong>quo</strong></span> <span class='ocrx_word' id='word_1_49' title='bbox 763 643 916 687; x_wconf 79' lang='lat' dir='ltr'><strong>sexta</strong></span> <span class='ocrx_word' id='word_1_50' title='bbox 969 633 1209 702; x_wconf 83' lang='lat' dir='ltr'><strong>synodus</strong></span> <span class='ocrx_word' id='word_1_51' title='bbox 1252 634 1484 688; x_wconf 87' lang='lat' dir='ltr'><strong>coutlata</strong></span> <span class='ocrx_word' id='word_1_52' title='bbox 1533 644 1635 687; x_wconf 85' lang='lat' dir='ltr'><strong>est.</strong></span> <span class='ocrx_word' id='word_1_53' title='bbox 1667 635 1798 688; x_wconf 80' lang='lat' dir='ltr'><strong>Pro-</strong></span> 
     </span>
    </p>
   </div>
   <div class='ocr_carea' id='block_1_7' title="bbox 188 721 1797 793">
    <p class='ocr_par' dir='ltr' id='par_1_7' title="bbox 188 721 1797 793">
     <span class='ocr_line' id='line_1_7' title="bbox 188 721 1797 793; baseline 0.006 -24"><span class='ocrx_word' id='word_1_54' title='bbox 188 730 420 785; x_wconf 81' lang='lat' dir='ltr'><strong>pterea,</strong></span> <span class='ocrx_word' id='word_1_55' title='bbox 461 721 621 775; x_wconf 89' lang='lat' dir='ltr'><strong>rebus</strong></span> <span class='ocrx_word' id='word_1_56' title='bbox 667 726 1005 793; x_wconf 74' lang='lat' dir='ltr'><strong>urgentibus,</strong></span> <span class='ocrx_word' id='word_1_57' title='bbox 1055 741 1178 778; x_wconf 90' lang='lat' dir='ltr'><strong>cum</strong></span> <span class='ocrx_word' id='word_1_58' title='bbox 1232 726 1493 793; x_wconf 87' lang='lat' dir='ltr'><strong>quosdam</strong></span> <span class='ocrx_word' id='word_1_59' title='bbox 1524 723 1797 780; x_wconf 83' lang='lat' dir='ltr'><strong>Occiden-</strong></span> 
     </span>
    </p>
   </div>
   <div class='ocr_carea' id='block_1_8' title="bbox 188 813 1797 882">
    <p class='ocr_par' dir='ltr' id='par_1_8' title="bbox 188 813 1797 882">
     <span class='ocr_line' id='line_1_8' title="bbox 188 813 1797 882; baseline 0.004 -19"><span class='ocrx_word' id='word_1_60' title='bbox 188 813 334 866; x_wconf 66' lang='lat' dir='ltr'><strong>talis</strong></span> <span class='ocrx_word' id='word_1_61' title='bbox 381 813 640 868; x_wconf 74' lang='lat' dir='ltr'><strong>Ecclesia:</strong></span> <span class='ocrx_word' id='word_1_62' title='bbox 669 817 781 868; x_wconf 70' lang='lat' dir='ltr'><strong>lucc</strong></span> <span class='ocrx_word' id='word_1_63' title='bbox 812 819 978 882; x_wconf 80' lang='lat' dir='ltr'><strong>pestis</strong></span> <span class='ocrx_word' id='word_1_64' title='bbox 1027 817 1288 882; x_wconf 76' lang='lat' dir='ltr'><strong>paulatim</strong></span> <span class='ocrx_word' id='word_1_65' title='bbox 1335 833 1399 869; x_wconf 89' lang='lat' dir='ltr'><strong>ac</strong></span> <span class='ocrx_word' id='word_1_66' title='bbox 1429 815 1630 869; x_wconf 90' lang='lat' dir='ltr'><strong>sensim</strong></span> <span class='ocrx_word' id='word_1_67' title='bbox 1681 817 1797 869; x_wconf 78' lang='lat' dir='ltr'><strong>intl-</strong></span> 
     </span>
    </p>
   </div>
   <div class='ocr_carea' id='block_1_9' title="bbox 193 907 1793 978">
    <p class='ocr_par' dir='ltr' id='par_1_9' title="bbox 193 907 1793 978">
     <span class='ocr_line' id='line_1_9' title="bbox 193 907 1793 978; baseline 0.003 -24"><span class='ocrx_word' id='word_1_68' title='bbox 193 915 382 962; x_wconf 87' lang='lat' dir='ltr'><strong>reret.</strong></span> <span class='ocrx_word' id='word_1_69' title='bbox 425 908 761 960; x_wconf 78' lang='lat' dir='ltr'><strong>Conveniens</strong></span> <span class='ocrx_word' id='word_1_70' title='bbox 792 909 1028 976; x_wconf 75' lang='lat' dir='ltr'><strong>synodus</strong></span> <span class='ocrx_word' id='word_1_71' title='bbox 1053 924 1119 962; x_wconf 85' lang='lat' dir='ltr'><strong>ex</strong></span> <span class='ocrx_word' id='word_1_72' title='bbox 1155 907 1292 961; x_wconf 85' lang='lat' dir='ltr'><strong>Filio</strong></span> <span class='ocrx_word' id='word_1_73' title='bbox 1329 909 1495 962; x_wconf 87' lang='lat' dir='ltr'><strong>etiam</strong></span> <span class='ocrx_word' id='word_1_74' title='bbox 1533 907 1793 978; x_wconf 88' lang='lat' dir='ltr'><strong>Spiritum</strong></span> 
     </span>
    </p>
   </div>
   <div class='ocr_carea' id='block_1_10' title="bbox 194 998 1795 1070">
    <p class='ocr_par' dir='ltr' id='par_1_10' title="bbox 194 998 1795 1070">
     <span class='ocr_line' id='line_1_10' title="bbox 194 998 1795 1070; baseline 0.002 -21"><span class='ocrx_word' id='word_1_75' title='bbox 194 999 510 1063; x_wconf 84' lang='lat' dir='ltr'><strong>procedere</strong></span> <span class='ocrx_word' id='word_1_76' title='bbox 549 998 809 1067; x_wconf 83' lang='lat' dir='ltr'><strong>Sytnbolo</strong></span> <span class='ocrx_word' id='word_1_77' title='bbox 847 999 1151 1068; x_wconf 89' lang='lat' dir='ltr'><strong>adjecit,ad</strong></span> <span class='ocrx_word' id='word_1_78' title='bbox 1186 1002 1329 1069; x_wconf 89' lang='lat' dir='ltr'><strong>quod</strong></span> <span class='ocrx_word' id='word_1_79' title='bbox 1355 1000 1581 1054; x_wconf 74' lang='lat' dir='ltr'><strong>Romani</strong></span> <span class='ocrx_word' id='word_1_80' title='bbox 1615 1003 1795 1070; x_wconf 89' lang='lat' dir='ltr'><strong>ponti-</strong></span> 
     </span>
    </p>
   </div>
   <div class='ocr_carea' id='block_1_11' title="bbox 197 1090 1796 1163">
    <p class='ocr_par' dir='ltr' id='par_1_11' title="bbox 197 1090 1796 1163">
     <span class='ocr_line' id='line_1_11' title="bbox 197 1090 1796 1163; baseline 0.003 -21"><span class='ocrx_word' id='word_1_81' title='bbox 197 1091 331 1144; x_wconf 78' lang='lat' dir='ltr'><strong>ﬁcis</strong></span> <span class='ocrx_word' id='word_1_82' title='bbox 364 1090 671 1145; x_wconf 77' lang='lat' dir='ltr'><strong>suﬂecissct</strong></span> <span class='ocrx_word' id='word_1_83' title='bbox 705 1092 1024 1155; x_wconf 83' lang='lat' dir='ltr'><strong>auctoritas,</strong></span> <span class='ocrx_word' id='word_1_84' title='bbox 1055 1108 1174 1160; x_wconf 65' lang='lat' dir='ltr'><strong>quae</strong></span> <span class='ocrx_word' id='word_1_85' title='bbox 1211 1094 1377 1147; x_wconf 90' lang='lat' dir='ltr'><strong>etiam</strong></span> <span class='ocrx_word' id='word_1_86' title='bbox 1412 1093 1651 1163; x_wconf 85' lang='lat' dir='ltr'><strong>synodos</strong></span> <span class='ocrx_word' id='word_1_87' title='bbox 1681 1093 1796 1148; x_wconf 90' lang='lat' dir='ltr'><strong>reli-</strong></span> 
     </span>
    </p>
   </div>
   <div class='ocr_carea' id='block_1_12' title="bbox 196 1184 614 1250">
    <p class='ocr_par' dir='ltr' id='par_1_12' title="bbox 196 1184 614 1250">
     <span class='ocr_line' id='line_1_12' title="bbox 196 1184 614 1250; baseline 0.005 -16"><span class='ocrx_word' id='word_1_88' title='bbox 196 1197 351 1250; x_wconf 85' lang='lat' dir='ltr'><strong>quas</strong></span> <span class='ocrx_word' id='word_1_89' title='bbox 375 1184 614 1236; x_wconf 80' lang='lat' dir='ltr'><strong>roborat.</strong></span> 
     </span>
    </p>
   </div>
   <div class='ocr_carea' id='block_1_13' title="bbox 280 1273 1792 1346">
    <p class='ocr_par' dir='ltr' id='par_1_13' title="bbox 280 1273 1792 1346">
     <span class='ocr_line' id='line_1_13' title="bbox 280 1273 1792 1346; baseline 0.002 -20"><span class='ocrx_word' id='word_1_90' title='bbox 280 1273 473 1341; x_wconf 75' lang='lat' dir='ltr'><strong>Neque</strong></span> <span class='ocrx_word' id='word_1_91' title='bbox 501 1291 635 1329; x_wconf 90' lang='lat' dir='ltr'><strong>sane</strong></span> <span class='ocrx_word' id='word_1_92' title='bbox 667 1276 971 1329; x_wconf 88' lang='lat' dir='ltr'><strong>mirandum</strong></span> <span class='ocrx_word' id='word_1_93' title='bbox 999 1285 1083 1331; x_wconf 88' lang='lat' dir='ltr'><strong>est</strong></span> <span class='ocrx_word' id='word_1_94' title='bbox 1112 1275 1416 1331; x_wconf 77' lang='lat' dir='ltr'><strong>Romanum</strong></span> <span class='ocrx_word' id='word_1_95' title='bbox 1451 1277 1792 1346; x_wconf 88' lang='lat' dir='ltr'><strong>episcopum,</strong></span> 
     </span>
    </p>
   </div>
   <div class='ocr_carea' id='block_1_14' title="bbox 201 1362 1794 1435">
    <p class='ocr_par' dir='ltr' id='par_1_14' title="bbox 201 1362 1794 1435">
     <span class='ocr_line' id='line_1_14' title="bbox 201 1362 1794 1435; baseline 0.003 -17"><span class='ocrx_word' id='word_1_96' title='bbox 201 1362 471 1420; x_wconf 72' lang='lat' dir='ltr'><strong>Ecclesiae</strong></span> <span class='ocrx_word' id='word_1_97' title='bbox 511 1367 852 1435; x_wconf 86' lang='lat' dir='ltr'><strong>principem,</strong></span> <span class='ocrx_word' id='word_1_98' title='bbox 890 1367 1066 1434; x_wconf 87' lang='lat' dir='ltr'><strong>ipsqu</strong></span> <span class='ocrx_word' id='word_1_99' title='bbox 1113 1380 1418 1423; x_wconf 83' lang='lat' dir='ltr'><strong>convocato</strong></span> <span class='ocrx_word' id='word_1_100' title='bbox 1469 1368 1794 1424; x_wconf 82' lang='lat' dir='ltr'><strong>Orcidcnta-</strong></span> 
     </span>
    </p>
   </div>
   <div class='ocr_carea' id='block_1_15' title="bbox 201 1451 1791 1523">
    <p class='ocr_par' dir='ltr' id='par_1_15' title="bbox 201 1451 1791 1523">
     <span class='ocr_line' id='line_1_15' title="bbox 201 1451 1791 1523; baseline 0.003 -19"><span class='ocrx_word' id='word_1_101' title='bbox 201 1451 346 1505; x_wconf 84' lang='lat' dir='ltr'><strong>lium</strong></span> <span class='ocrx_word' id='word_1_102' title='bbox 373 1457 750 1522; x_wconf 87' lang='lat' dir='ltr'><strong>cpisc0porum</strong></span> <span class='ocrx_word' id='word_1_103' title='bbox 795 1457 1056 1519; x_wconf 91' lang='lat' dir='ltr'><strong>concilio,</strong></span> <span class='ocrx_word' id='word_1_104' title='bbox 1089 1455 1218 1508; x_wconf 88' lang='lat' dir='ltr'><strong>illud</strong></span> <span class='ocrx_word' id='word_1_105' title='bbox 1269 1456 1598 1512; x_wconf 82' lang='lat' dir='ltr'><strong>decrevisse.</strong></span> <span class='ocrx_word' id='word_1_106' title='bbox 1630 1457 1791 1523; x_wconf 84' lang='lat' dir='ltr'><strong>Nam,</strong></span> 
     </span>
    </p>
   </div>
   <div class='ocr_carea' id='block_1_16' title="bbox 200 1545 1790 1615">
    <p class='ocr_par' dir='ltr' id='par_1_16' title="bbox 200 1545 1790 1615">
     <span class='ocr_line' id='line_1_16' title="bbox 200 1545 1790 1615; baseline 0.003 -19"><span class='ocrx_word' id='word_1_107' title='bbox 200 1545 248 1597; x_wconf 86' lang='lat' dir='ltr'><strong>si</strong></span> <span class='ocrx_word' id='word_1_108' title='bbox 279 1546 578 1613; x_wconf 76' lang='lat' dir='ltr'><strong>provincia:</strong></span> <span class='ocrx_word' id='word_1_109' title='bbox 619 1561 763 1615; x_wconf 85' lang='lat' dir='ltr'><strong>sa-pe</strong></span> <span class='ocrx_word' id='word_1_110' title='bbox 807 1547 1035 1614; x_wconf 73' lang='lat' dir='ltr'><strong>singulae</strong></span> <span class='ocrx_word' id='word_1_111' title='bbox 1066 1548 1293 1602; x_wconf 88' lang='lat' dir='ltr'><strong>concilia</strong></span> <span class='ocrx_word' id='word_1_112' title='bbox 1355 1545 1790 1613; x_wconf 84' lang='lat' dir='ltr'><strong>celebraverunt,</strong></span> 
     </span>
    </p>
   </div>
   <div class='ocr_carea' id='block_1_17' title="bbox 199 1637 1792 1706">
    <p class='ocr_par' dir='ltr' id='par_1_17' title="bbox 199 1637 1792 1706">
     <span class='ocr_line' id='line_1_17' title="bbox 199 1637 1792 1706; baseline 0.004 -22"><span class='ocrx_word' id='word_1_113' title='bbox 199 1637 401 1703; x_wconf 76' lang='lat' dir='ltr'><strong>eisque</strong></span> <span class='ocrx_word' id='word_1_114' title='bbox 460 1637 761 1690; x_wconf 81' lang='lat' dir='ltr'><strong>auctoritas</strong></span> <span class='ocrx_word' id='word_1_115' title='bbox 816 1637 1075 1706; x_wconf 89' lang='lat' dir='ltr'><strong>derogata</strong></span> <span class='ocrx_word' id='word_1_116' title='bbox 1136 1653 1244 1690; x_wconf 88' lang='lat' dir='ltr'><strong>non</strong></span> <span class='ocrx_word' id='word_1_117' title='bbox 1291 1647 1395 1699; x_wconf 89' lang='lat' dir='ltr'><strong>est,</strong></span> <span class='ocrx_word' id='word_1_118' title='bbox 1463 1639 1629 1690; x_wconf 89' lang='lat' dir='ltr'><strong>multo</strong></span> <span class='ocrx_word' id='word_1_119' title='bbox 1661 1653 1792 1691; x_wconf 84' lang='lat' dir='ltr'><strong>sane</strong></span> 
     </span>
    </p>
   </div>
   <div class='ocr_carea' id='block_1_18' title="bbox 1909 541 3479 614">
    <p class='ocr_par' dir='ltr' id='par_1_18' title="bbox 1909 541 3479 614">
     <span class='ocr_line' id='line_1_18' title="bbox 1909 541 3479 614; baseline 0 -17"><span class='ocrx_word' id='word_1_120' title='bbox 1909 556 2055 604; x_wconf 85' lang='lat' dir='ltr'><strong>runt.</strong></span> <span class='ocrx_word' id='word_1_121' title='bbox 2085 544 2432 612; x_wconf 77' lang='lat' dir='ltr'><strong>Cyrillnsque</strong></span> <span class='ocrx_word' id='word_1_122' title='bbox 2465 558 2628 611; x_wconf 84' lang='lat' dir='ltr'><strong>super</strong></span> <span class='ocrx_word' id='word_1_123' title='bbox 2655 541 2881 598; x_wconf 79' lang='lat' dir='ltr'><strong>Joannis</strong></span> <span class='ocrx_word' id='word_1_124' title='bbox 2906 543 3219 613; x_wconf 68' lang='lat' dir='ltr'><strong>Evangelia),</strong></span> <span class='ocrx_word' id='word_1_125' title='bbox 3280 556 3333 599; x_wconf 92' lang='lat' dir='ltr'><strong>et</strong></span> <span class='ocrx_word' id='word_1_126' title='bbox 3361 547 3479 614; x_wconf 88' lang='lat' dir='ltr'><strong>pln-</strong></span> 
     </span>
    </p>
   </div>
   <div class='ocr_carea' id='block_1_19' title="bbox 1909 634 3481 704">
    <p class='ocr_par' dir='ltr' id='par_1_19' title="bbox 1909 634 3481 704">
     <span class='ocr_line' id='line_1_19' title="bbox 1909 634 3481 704; baseline 0.002 -17"><span class='ocrx_word' id='word_1_127' title='bbox 1909 635 2060 687; x_wconf 89' lang='lat' dir='ltr'><strong>rimis</strong></span> <span class='ocrx_word' id='word_1_128' title='bbox 2089 635 2477 701; x_wconf 87' lang='lat' dir='ltr'><strong>opusculorum</strong></span> <span class='ocrx_word' id='word_1_129' title='bbox 2502 648 2729 688; x_wconf 90' lang='lat' dir='ltr'><strong>suorum</strong></span> <span class='ocrx_word' id='word_1_130' title='bbox 2749 634 2906 697; x_wconf 89' lang='lat' dir='ltr'><strong>locis,</strong></span> <span class='ocrx_word' id='word_1_131' title='bbox 2932 637 3034 688; x_wconf 92' lang='lat' dir='ltr'><strong>hoc</strong></span> <span class='ocrx_word' id='word_1_132' title='bbox 3065 638 3234 704; x_wconf 84' lang='lat' dir='ltr'><strong>ipsum</strong></span> <span class='ocrx_word' id='word_1_133' title='bbox 3258 637 3481 700; x_wconf 83' lang='lat' dir='ltr'><strong>clamat,</strong></span> 
     </span>
    </p>
   </div>
   <div class='ocr_carea' id='block_1_20' title="bbox 1906 725 3483 795">
    <p class='ocr_par' dir='ltr' id='par_1_20' title="bbox 1906 725 3483 795">
     <span class='ocr_line' id='line_1_20' title="bbox 1906 725 3483 795; baseline 0.003 -18"><span class='ocrx_word' id='word_1_134' title='bbox 1906 737 2106 795; x_wconf 66' lang='lat' dir='ltr'><strong>printer</strong></span> <span class='ocrx_word' id='word_1_135' title='bbox 2139 725 2454 779; x_wconf 84' lang='lat' dir='ltr'><strong>Occidentis</strong></span> <span class='ocrx_word' id='word_1_136' title='bbox 2489 727 2912 795; x_wconf 82' lang='lat' dir='ltr'><strong>magistros,qui</strong></span> <span class='ocrx_word' id='word_1_137' title='bbox 2949 728 3248 781; x_wconf 80' lang='lat' dir='ltr'><strong>innumeris</strong></span> <span class='ocrx_word' id='word_1_138' title='bbox 3271 730 3321 780; x_wconf 91' lang='lat' dir='ltr'><strong>in</strong></span> <span class='ocrx_word' id='word_1_139' title='bbox 3349 729 3483 781; x_wconf 91' lang='lat' dir='ltr'><strong>locis</strong></span> 
     </span>
    </p>
   </div>
   <div class='ocr_carea' id='block_1_21' title="bbox 1905 819 3483 888">
    <p class='ocr_par' dir='ltr' id='par_1_21' title="bbox 1905 819 3483 888">
     <span class='ocr_line' id='line_1_21' title="bbox 1905 819 3483 888; baseline -0.001 -15"><span class='ocrx_word' id='word_1_140' title='bbox 1905 821 2114 884; x_wconf 89' lang='lat' dir='ltr'><strong>dicuttt,</strong></span> <span class='ocrx_word' id='word_1_141' title='bbox 2146 835 2206 873; x_wconf 70' lang='lat' dir='ltr'><strong>ex</strong></span> <span class='ocrx_word' id='word_1_142' title='bbox 2244 819 2430 883; x_wconf 85' lang='lat' dir='ltr'><strong>Patre,</strong></span> <span class='ocrx_word' id='word_1_143' title='bbox 2474 835 2536 872; x_wconf 87' lang='lat' dir='ltr'><strong>ac</strong></span> <span class='ocrx_word' id='word_1_144' title='bbox 2573 820 2746 883; x_wconf 67' lang='lat' dir='ltr'><strong>Filio},</strong></span> <span class='ocrx_word' id='word_1_145' title='bbox 2777 821 2938 874; x_wconf 85' lang='lat' dir='ltr'><strong>veluti</strong></span> <span class='ocrx_word' id='word_1_146' title='bbox 2975 836 3040 872; x_wconf 79' lang='lat' dir='ltr'><strong>ex</strong></span> <span class='ocrx_word' id='word_1_147' title='bbox 3078 836 3183 873; x_wconf 92' lang='lat' dir='ltr'><strong>uno</strong></span> <span class='ocrx_word' id='word_1_148' title='bbox 3216 821 3483 888; x_wconf 89' lang='lat' dir='ltr'><strong>principio</strong></span> 
     </span>
    </p>
   </div>
   <div class='ocr_carea' id='block_1_22' title="bbox 1905 910 3478 980">
    <p class='ocr_par' dir='ltr' id='par_1_22' title="bbox 1905 910 3478 980">
     <span class='ocr_line' id='line_1_22' title="bbox 1905 910 3478 980; baseline 0.003 -18"><span class='ocrx_word' id='word_1_149' title='bbox 1905 914 2197 980; x_wconf 77' lang='lat' dir='ltr'><strong>procedere</strong></span> <span class='ocrx_word' id='word_1_150' title='bbox 2231 910 2492 979; x_wconf 84' lang='lat' dir='ltr'><strong>Spiritum</strong></span> <span class='ocrx_word' id='word_1_151' title='bbox 2528 921 2778 965; x_wconf 81' lang='lat' dir='ltr'><strong>sanctum</strong></span> <span class='ocrx_word' id='word_1_152' title='bbox 2819 929 2834 965; x_wconf 87' lang='lat'><strong>:</strong></span> <span class='ocrx_word' id='word_1_153' title='bbox 2869 928 3006 980; x_wconf 89' lang='lat' dir='ltr'><strong>opus</strong></span> <span class='ocrx_word' id='word_1_154' title='bbox 3031 927 3150 965; x_wconf 87' lang='lat' dir='ltr'><strong>esse</strong></span> <span class='ocrx_word' id='word_1_155' title='bbox 3185 928 3292 964; x_wconf 87' lang='lat' dir='ltr'><strong>ttott</strong></span> <span class='ocrx_word' id='word_1_156' title='bbox 3324 914 3478 966; x_wconf 82' lang='lat' dir='ltr'><strong>vide-</strong></span> 
     </span>
    </p>
   </div>
   <div class='ocr_carea' id='block_1_23' title="bbox 1904 1002 3476 1071">
    <p class='ocr_par' dir='ltr' id='par_1_23' title="bbox 1904 1002 3476 1071">
     <span class='ocr_line' id='line_1_23' title="bbox 1904 1002 3476 1071; baseline 0 -14"><span class='ocrx_word' id='word_1_157' title='bbox 1904 1004 2084 1065; x_wconf 88' lang='lat' dir='ltr'><strong>batur,</strong></span> <span class='ocrx_word' id='word_1_158' title='bbox 2118 1015 2184 1058; x_wconf 87' lang='lat' dir='ltr'><strong>ue</strong></span> <span class='ocrx_word' id='word_1_159' title='bbox 2229 1007 2314 1058; x_wconf 91' lang='lat' dir='ltr'><strong>nis</strong></span> <span class='ocrx_word' id='word_1_160' title='bbox 2355 1019 2473 1071; x_wconf 72' lang='lat' dir='ltr'><strong>qua:</strong></span> <span class='ocrx_word' id='word_1_161' title='bbox 2506 1018 2765 1058; x_wconf 85' lang='lat' dir='ltr'><strong>concessa</strong></span> <span class='ocrx_word' id='word_1_162' title='bbox 2799 1015 3010 1066; x_wconf 85' lang='lat' dir='ltr'><strong>essent,</strong></span> <span class='ocrx_word' id='word_1_163' title='bbox 3036 1002 3342 1058; x_wconf 84' lang='lat' dir='ltr'><strong>Orientales</strong></span> <span class='ocrx_word' id='word_1_164' title='bbox 3373 1002 3476 1057; x_wconf 77' lang='lat' dir='ltr'><strong>Pa-</strong></span> 
     </span>
    </p>
   </div>
   <div class='ocr_carea' id='block_1_24' title="bbox 1903 1097 2485 1164">
    <p class='ocr_par' dir='ltr' id='par_1_24' title="bbox 1903 1097 2485 1164">
     <span class='ocr_line' id='line_1_24' title="bbox 1903 1097 2485 1164; baseline 0.005 -17"><span class='ocrx_word' id='word_1_165' title='bbox 1903 1103 2014 1148; x_wconf 93' lang='lat' dir='ltr'><strong>tres</strong></span> <span class='ocrx_word' id='word_1_166' title='bbox 2046 1097 2321 1151; x_wconf 85' lang='lat' dir='ltr'><strong>molestias</strong></span> <span class='ocrx_word' id='word_1_167' title='bbox 2354 1099 2485 1164; x_wconf 90' lang='lat' dir='ltr'><strong>pati.</strong></span> 
     </span>
    </p>
   </div>
   <div class='ocr_carea' id='block_1_25' title="bbox 1973 1185 3477 1256">
    <p class='ocr_par' dir='ltr' id='par_1_25' title="bbox 1973 1185 3477 1256">
     <span class='ocr_line' id='line_1_25' title="bbox 1973 1185 3477 1256; baseline 0.002 -19"><span class='ocrx_word' id='word_1_168' title='bbox 1973 1185 2144 1238; x_wconf 90' lang='lat' dir='ltr'><strong>Porro</strong></span> <span class='ocrx_word' id='word_1_169' title='bbox 2177 1187 2220 1238; x_wconf 85' lang='lat' dir='ltr'><strong>si</strong></span> <span class='ocrx_word' id='word_1_170' title='bbox 2250 1190 2370 1254; x_wconf 86' lang='lat' dir='ltr'><strong>quis</strong></span> <span class='ocrx_word' id='word_1_171' title='bbox 2404 1187 2726 1256; x_wconf 89' lang='lat' dir='ltr'><strong>interroget,</strong></span> <span class='ocrx_word' id='word_1_172' title='bbox 2759 1186 2888 1255; x_wconf 90' lang='lat' dir='ltr'><strong>quid</strong></span> <span class='ocrx_word' id='word_1_173' title='bbox 2919 1187 3193 1254; x_wconf 89' lang='lat' dir='ltr'><strong>sit,quod,</strong></span> <span class='ocrx_word' id='word_1_174' title='bbox 3221 1202 3344 1240; x_wconf 90' lang='lat' dir='ltr'><strong>cum</strong></span> <span class='ocrx_word' id='word_1_175' title='bbox 3376 1186 3477 1240; x_wconf 87' lang='lat' dir='ltr'><strong>ista</strong></span> 
     </span>
    </p>
   </div>
   <div class='ocr_carea' id='block_1_26' title="bbox 1902 1276 3478 1346">
    <p class='ocr_par' dir='ltr' id='par_1_26' title="bbox 1902 1276 3478 1346">
     <span class='ocr_line' id='line_1_26' title="bbox 1902 1276 3478 1346; baseline 0.001 -18"><span class='ocrx_word' id='word_1_176' title='bbox 1902 1278 2108 1331; x_wconf 88' lang='lat' dir='ltr'><strong>additio</strong></span> <span class='ocrx_word' id='word_1_177' title='bbox 2135 1279 2357 1346; x_wconf 87' lang='lat' dir='ltr'><strong>antiqua</strong></span> <span class='ocrx_word' id='word_1_178' title='bbox 2395 1280 2486 1339; x_wconf 85' lang='lat' dir='ltr'><strong>sit.</strong></span> <span class='ocrx_word' id='word_1_179' title='bbox 2514 1293 2619 1332; x_wconf 92' lang='lat' dir='ltr'><strong>non</strong></span> <span class='ocrx_word' id='word_1_180' title='bbox 2649 1281 2813 1332; x_wconf 88' lang='lat' dir='ltr'><strong>etiam</strong></span> <span class='ocrx_word' id='word_1_181' title='bbox 2838 1279 2904 1330; x_wconf 85' lang='lat' dir='ltr'><strong>ab</strong></span> <span class='ocrx_word' id='word_1_182' title='bbox 2938 1276 3305 1332; x_wconf 77' lang='lat' dir='ltr'><strong>Orientalibus</strong></span> <span class='ocrx_word' id='word_1_183' title='bbox 3324 1278 3478 1346; x_wconf 83' lang='lat' dir='ltr'><strong>Synt-</strong></span> 
     </span>
    </p>
   </div>
   <div class='ocr_carea' id='block_1_27' title="bbox 1904 1368 3478 1438">
    <p class='ocr_par' dir='ltr' id='par_1_27' title="bbox 1904 1368 3478 1438">
     <span class='ocr_line' id='line_1_27' title="bbox 1904 1368 3478 1438; baseline 0 -16"><span class='ocrx_word' id='word_1_184' title='bbox 1904 1368 2026 1422; x_wconf 90' lang='lat' dir='ltr'><strong>bolo</strong></span> <span class='ocrx_word' id='word_1_185' title='bbox 2045 1370 2244 1424; x_wconf 89' lang='lat' dir='ltr'><strong>inserta</strong></span> <span class='ocrx_word' id='word_1_186' title='bbox 2282 1369 2388 1424; x_wconf 77' lang='lat' dir='ltr'><strong>sit?</strong></span> <span class='ocrx_word' id='word_1_187' title='bbox 2407 1370 2640 1437; x_wconf 91' lang='lat' dir='ltr'><strong>primum</strong></span> <span class='ocrx_word' id='word_1_188' title='bbox 2665 1369 2881 1437; x_wconf 83' lang='lat' dir='ltr'><strong>quidem</strong></span> <span class='ocrx_word' id='word_1_189' title='bbox 2905 1370 3110 1438; x_wconf 78' lang='lat' dir='ltr'><strong>|debita</strong></span> <span class='ocrx_word' id='word_1_190' title='bbox 3137 1369 3478 1437; x_wconf 86' lang='lat' dir='ltr'><strong>subjectione</strong></span> 
     </span>
    </p>
   </div>
   <div class='ocr_carea' id='block_1_28' title="bbox 1900 1459 3473 1528">
    <p class='ocr_par' dir='ltr' id='par_1_28' title="bbox 1900 1459 3473 1528">
     <span class='ocr_line' id='line_1_28' title="bbox 1900 1459 3473 1528; baseline 0.001 -17"><span class='ocrx_word' id='word_1_191' title='bbox 1900 1473 1965 1512; x_wconf 84' lang='lat' dir='ltr'><strong>ac</strong></span> <span class='ocrx_word' id='word_1_192' title='bbox 1989 1461 2294 1514; x_wconf 78' lang='lat' dir='ltr'><strong>reverentia</strong></span> <span class='ocrx_word' id='word_1_193' title='bbox 2330 1460 2574 1514; x_wconf 78' lang='lat' dir='ltr'><strong>Romano</strong></span> <span class='ocrx_word' id='word_1_194' title='bbox 2606 1460 2857 1514; x_wconf 80' lang='lat' dir='ltr'><strong>Pontiﬁci</strong></span> <span class='ocrx_word' id='word_1_195' title='bbox 2886 1500 2900 1523; x_wconf 94' lang='lat'><strong>,</strong></span> <span class='ocrx_word' id='word_1_196' title='bbox 2935 1461 3167 1528; x_wconf 87' lang='lat' dir='ltr'><strong>ejusque</strong></span> <span class='ocrx_word' id='word_1_197' title='bbox 3210 1459 3473 1513; x_wconf 64' lang='lat' dir='ltr'><strong>Ecclesia:</strong></span> 
     </span>
    </p>
   </div>
   <div class='ocr_carea' id='block_1_29' title="bbox 1902 1550 3477 1620">
    <p class='ocr_par' dir='ltr' id='par_1_29' title="bbox 1902 1550 3477 1620">
     <span class='ocr_line' id='line_1_29' title="bbox 1902 1550 3477 1620; baseline 0.001 -18"><span class='ocrx_word' id='word_1_198' title='bbox 1902 1551 2197 1603; x_wconf 87' lang='lat' dir='ltr'><strong>secundum</strong></span> <span class='ocrx_word' id='word_1_199' title='bbox 2228 1551 2631 1606; x_wconf 87' lang='lat' dir='ltr'><strong>ecclesiasticas</strong></span> <span class='ocrx_word' id='word_1_200' title='bbox 2678 1551 2892 1620; x_wconf 83' lang='lat' dir='ltr'><strong>regulas</strong></span> <span class='ocrx_word' id='word_1_201' title='bbox 2943 1551 3151 1605; x_wconf 90' lang='lat' dir='ltr'><strong>reddita</strong></span> <span class='ocrx_word' id='word_1_202' title='bbox 3182 1587 3199 1613; x_wconf 87' lang='lat'><strong>,</strong></span> <span class='ocrx_word' id='word_1_203' title='bbox 3234 1550 3367 1602; x_wconf 88' lang='lat' dir='ltr'><strong>nihil</strong></span> <span class='ocrx_word' id='word_1_204' title='bbox 3409 1565 3477 1603; x_wconf 89' lang='lat' dir='ltr'><strong>ex</strong></span> 
     </span>
    </p>
   </div>
   <div class='ocr_carea' id='block_1_30' title="bbox 1907 1641 3476 1709">
    <p class='ocr_par' dir='ltr' id='par_1_30' title="bbox 1907 1641 3476 1709">
     <span class='ocr_line' id='line_1_30' title="bbox 1907 1641 3476 1709; baseline -0.001 -16"><span class='ocrx_word' id='word_1_205' title='bbox 1907 1641 2010 1695; x_wconf 91' lang='lat' dir='ltr'><strong>hoc</strong></span> <span class='ocrx_word' id='word_1_206' title='bbox 2044 1643 2096 1695; x_wconf 92' lang='lat' dir='ltr'><strong>in</strong></span> <span class='ocrx_word' id='word_1_207' title='bbox 2128 1642 2252 1708; x_wconf 74' lang='lat' dir='ltr'><strong>(ide,</strong></span> <span class='ocrx_word' id='word_1_208' title='bbox 2285 1644 2366 1696; x_wconf 91' lang='lat' dir='ltr'><strong>vel</strong></span> <span class='ocrx_word' id='word_1_209' title='bbox 2416 1642 2634 1697; x_wconf 82' lang='lat' dir='ltr'><strong>diﬂ‘erre</strong></span> <span class='ocrx_word' id='word_1_210' title='bbox 2657 1680 2672 1704; x_wconf 94' lang='lat'><strong>,</strong></span> <span class='ocrx_word' id='word_1_211' title='bbox 2708 1645 2790 1696; x_wconf 91' lang='lat' dir='ltr'><strong>vel</strong></span> <span class='ocrx_word' id='word_1_212' title='bbox 2840 1652 3030 1695; x_wconf 90' lang='lat' dir='ltr'><strong>contra</strong></span> <span class='ocrx_word' id='word_1_213' title='bbox 3063 1641 3263 1694; x_wconf 89' lang='lat' dir='ltr'><strong>sentire</strong></span> <span class='ocrx_word' id='word_1_214' title='bbox 3312 1649 3476 1709; x_wconf 89' lang='lat' dir='ltr'><strong>puta-</strong></span> 
     </span>
    </p>
   </div>
   <div class='ocr_carea' id='block_1_31' title="bbox 204 1712 3478 1802">
    <p class='ocr_par' dir='ltr' id='par_1_31' title="bbox 204 1712 3478 1802">
     <span class='ocr_line' id='line_1_31' title="bbox 204 1712 3478 1802; baseline 0.003 -24"><span class='ocrx_word' id='word_1_215' title='bbox 204 1729 385 1794; x_wconf 66' lang='lat' dir='ltr'><strong>neagis</strong></span> <span class='ocrx_word' id='word_1_216' title='bbox 418 1729 521 1782; x_wconf 88' lang='lat' dir='ltr'><strong>hoc</strong></span> <span class='ocrx_word' id='word_1_217' title='bbox 550 1728 639 1781; x_wconf 89' lang='lat' dir='ltr'><strong>ille</strong></span> <span class='ocrx_word' id='word_1_218' title='bbox 679 1729 874 1797; x_wconf 91' lang='lat' dir='ltr'><strong>potuit,</strong></span> <span class='ocrx_word' id='word_1_219' title='bbox 906 1743 1026 1782; x_wconf 87' lang='lat' dir='ltr'><strong>cum</strong></span> <span class='ocrx_word' id='word_1_220' title='bbox 1055 1729 1311 1782; x_wconf 86' lang='lat' dir='ltr'><strong>omnibus</strong></span> <span class='ocrx_word' id='word_1_221' title='bbox 1345 1731 1549 1781; x_wconf 89' lang='lat' dir='ltr'><strong>circum</strong></span> <span class='ocrx_word' id='word_1_222' title='bbox 1591 1746 1651 1783; x_wconf 74' lang='lat' dir='ltr'><strong>se</strong></span> <span class='ocrx_word' id='word_1_223' title='bbox 1677 1731 1795 1798; x_wconf 85' lang='lat' dir='ltr'><strong>cpi-</strong></span> <span class='ocrx_word' id='word_1_224' title='bbox 1830 1712 1872 1768; x_wconf 74' lang='grc' dir='ltr'><strong>Β</strong></span> <span class='ocrx_word' id='word_1_225' title='bbox 1905 1735 2122 1797; x_wconf 84' lang='lat' dir='ltr'><strong>bantur,</strong></span> <span class='ocrx_word' id='word_1_226' title='bbox 2150 1737 2291 1802; x_wconf 89' lang='lat' dir='ltr'><strong>quod</strong></span> <span class='ocrx_word' id='word_1_227' title='bbox 2346 1737 2511 1789; x_wconf 83' lang='lat' dir='ltr'><strong>etiam</strong></span> <span class='ocrx_word' id='word_1_228' title='bbox 2543 1750 2670 1790; x_wconf 85' lang='lat' dir='ltr'><strong>vere</strong></span> <span class='ocrx_word' id='word_1_229' title='bbox 2723 1736 2803 1790; x_wconf 90' lang='lat' dir='ltr'><strong>sic</strong></span> <span class='ocrx_word' id='word_1_230' title='bbox 2843 1746 2983 1788; x_wconf 89' lang='lat' dir='ltr'><strong>erat.</strong></span> <span class='ocrx_word' id='word_1_231' title='bbox 3014 1733 3216 1787; x_wconf 85' lang='lat' dir='ltr'><strong>Deinde</strong></span> <span class='ocrx_word' id='word_1_232' title='bbox 3253 1747 3478 1788; x_wconf 85' lang='lat' dir='ltr'><strong>necesse</strong></span> 
     </span>
    </p>
   </div>
   <div class='ocr_carea' id='block_1_32' title="bbox 202 1819 1788 1890">
    <p class='ocr_par' dir='ltr' id='par_1_32' title="bbox 202 1819 1788 1890">
     <span class='ocr_line' id='line_1_32' title="bbox 202 1819 1788 1890; baseline 0.002 -18"><span class='ocrx_word' id='word_1_233' title='bbox 202 1821 412 1887; x_wconf 79' lang='lat' dir='ltr'><strong>scopis,</strong></span> <span class='ocrx_word' id='word_1_234' title='bbox 442 1820 533 1886; x_wconf 88' lang='lat' dir='ltr'><strong>qtti</strong></span> <span class='ocrx_word' id='word_1_235' title='bbox 565 1831 753 1888; x_wconf 87' lang='lat' dir='ltr'><strong>pastor</strong></span> <span class='ocrx_word' id='word_1_236' title='bbox 785 1821 1013 1888; x_wconf 89' lang='lat' dir='ltr'><strong>primus,</strong></span> <span class='ocrx_word' id='word_1_237' title='bbox 1059 1830 1114 1874; x_wconf 90' lang='lat' dir='ltr'><strong>et</strong></span> <span class='ocrx_word' id='word_1_238' title='bbox 1173 1819 1429 1873; x_wconf 77' lang='lat' dir='ltr'><strong>Ecclesia:</strong></span> <span class='ocrx_word' id='word_1_239' title='bbox 1502 1820 1668 1874; x_wconf 91' lang='lat' dir='ltr'><strong>totius</strong></span> <span class='ocrx_word' id='word_1_240' title='bbox 1701 1837 1788 1890; x_wconf 85' lang='lat' dir='ltr'><strong>pa-</strong></span> 
     </span>
    </p>
   </div>
   <div class='ocr_carea' id='block_1_33' title="bbox 206 1912 1792 1982">
    <p class='ocr_par' dir='ltr' id='par_1_33' title="bbox 206 1912 1792 1982">
     <span class='ocr_line' id='line_1_33' title="bbox 206 1912 1792 1982; baseline 0.003 -19"><span class='ocrx_word' id='word_1_241' title='bbox 206 1922 315 1974; x_wconf 83' lang='lat' dir='ltr'><strong>ter,</strong></span> <span class='ocrx_word' id='word_1_242' title='bbox 369 1912 802 1980; x_wconf 86' lang='lat' dir='ltr'><strong>universalisque</strong></span> <span class='ocrx_word' id='word_1_243' title='bbox 847 1912 1282 1966; x_wconf 85' lang='lat' dir='ltr'><strong>Christianorum</strong></span> <span class='ocrx_word' id='word_1_244' title='bbox 1333 1913 1575 1966; x_wconf 91' lang='lat' dir='ltr'><strong>omnium</strong></span> <span class='ocrx_word' id='word_1_245' title='bbox 1625 1913 1792 1982; x_wconf 83' lang='lat' dir='ltr'><strong>judex</strong></span> 
     </span>
    </p>
   </div>
   <div class='ocr_carea' id='block_1_34' title="bbox 206 2003 1792 2074">
    <p class='ocr_par' dir='ltr' id='par_1_34' title="bbox 206 2003 1792 2074">
     <span class='ocr_line' id='line_1_34' title="bbox 206 2003 1792 2074; baseline 0.001 -16"><span class='ocrx_word' id='word_1_246' title='bbox 206 2020 336 2059; x_wconf 86' lang='lat' dir='ltr'><strong>esse</strong></span> <span class='ocrx_word' id='word_1_247' title='bbox 390 2005 827 2072; x_wconf 85' lang='lat' dir='ltr'><strong>comprobatur,</strong></span> <span class='ocrx_word' id='word_1_248' title='bbox 887 2003 1186 2072; x_wconf 87' lang='lat' dir='ltr'><strong>apostolica</strong></span> <span class='ocrx_word' id='word_1_249' title='bbox 1259 2003 1405 2057; x_wconf 91' lang='lat' dir='ltr'><strong>hunc</strong></span> <span class='ocrx_word' id='word_1_250' title='bbox 1467 2005 1792 2074; x_wconf 85' lang='lat' dir='ltr'><strong>antiquitate</strong></span> 
     </span>
    </p>
   </div>
   <div class='ocr_carea' id='block_1_35' title="bbox 210 2096 1794 2168">
    <p class='ocr_par' dir='ltr' id='par_1_35' title="bbox 210 2096 1794 2168">
     <span class='ocr_line' id='line_1_35' title="bbox 210 2096 1794 2168; baseline 0.004 -18"><span class='ocrx_word' id='word_1_251' title='bbox 210 2101 518 2166; x_wconf 77' lang='lat' dir='ltr'><strong>principem</strong></span> <span class='ocrx_word' id='word_1_252' title='bbox 551 2112 866 2166; x_wconf 86' lang='lat' dir='ltr'><strong>supremum</strong></span> <span class='ocrx_word' id='word_1_253' title='bbox 891 2096 1219 2165; x_wconf 86' lang='lat' dir='ltr'><strong>appellaute,</strong></span> <span class='ocrx_word' id='word_1_254' title='bbox 1255 2097 1602 2168; x_wconf 86' lang='lat' dir='ltr'><strong>decretisque</strong></span> <span class='ocrx_word' id='word_1_255' title='bbox 1631 2100 1794 2167; x_wconf 87' lang='lat' dir='ltr'><strong>regiis</strong></span> 
     </span>
    </p>
   </div>
   <div class='ocr_carea' id='block_1_36' title="bbox 210 2188 1795 2257">
    <p class='ocr_par' dir='ltr' id='par_1_36' title="bbox 210 2188 1795 2257">
     <span class='ocr_line' id='line_1_36' title="bbox 210 2188 1795 2257; baseline 0.004 -17"><span class='ocrx_word' id='word_1_256' title='bbox 210 2189 390 2254; x_wconf 82' lang='lat' dir='ltr'><strong>ipsum</strong></span> <span class='ocrx_word' id='word_1_257' title='bbox 430 2188 819 2252; x_wconf 71' lang='lat' dir='ltr'><strong>statuenttbus,</strong></span> <span class='ocrx_word' id='word_1_258' title='bbox 851 2204 914 2241; x_wconf 85' lang='lat' dir='ltr'><strong>ac</strong></span> <span class='ocrx_word' id='word_1_259' title='bbox 946 2189 1106 2242; x_wconf 84' lang='lat' dir='ltr'><strong>rebus</strong></span> <span class='ocrx_word' id='word_1_260' title='bbox 1146 2190 1276 2257; x_wconf 86' lang='lat' dir='ltr'><strong>ipsis</strong></span> <span class='ocrx_word' id='word_1_261' title='bbox 1307 2192 1378 2243; x_wconf 88' lang='lat' dir='ltr'><strong>ita</strong></span> <span class='ocrx_word' id='word_1_262' title='bbox 1408 2205 1529 2246; x_wconf 88' lang='lat' dir='ltr'><strong>esse</strong></span> <span class='ocrx_word' id='word_1_263' title='bbox 1555 2192 1795 2246; x_wconf 82' lang='lat' dir='ltr'><strong>claman-</strong></span> 
     </span>
    </p>
   </div>
   <div class='ocr_carea' id='block_1_37' title="bbox 212 2279 1793 2349">
    <p class='ocr_par' dir='ltr' id='par_1_37' title="bbox 212 2279 1793 2349">
     <span class='ocr_line' id='line_1_37' title="bbox 212 2279 1793 2349; baseline 0.004 -15"><span class='ocrx_word' id='word_1_264' title='bbox 212 2281 378 2343; x_wconf 86' lang='lat' dir='ltr'><strong>tibus,</strong></span> <span class='ocrx_word' id='word_1_265' title='bbox 410 2290 465 2334; x_wconf 90' lang='lat' dir='ltr'><strong>et</strong></span> <span class='ocrx_word' id='word_1_266' title='bbox 493 2295 600 2348; x_wconf 92' lang='lat' dir='ltr'><strong>quo</strong></span> <span class='ocrx_word' id='word_1_267' title='bbox 633 2280 774 2344; x_wconf 90' lang='lat' dir='ltr'><strong>sine,</strong></span> <span class='ocrx_word' id='word_1_268' title='bbox 812 2279 1144 2347; x_wconf 86' lang='lat' dir='ltr'><strong>impossibile</strong></span> <span class='ocrx_word' id='word_1_269' title='bbox 1177 2282 1422 2349; x_wconf 77' lang='lat' dir='ltr'><strong>profecto</strong></span> <span class='ocrx_word' id='word_1_270' title='bbox 1455 2292 1536 2338; x_wconf 87' lang='lat' dir='ltr'><strong>est</strong></span> <span class='ocrx_word' id='word_1_271' title='bbox 1557 2322 1573 2348; x_wconf 92' lang='lat'><strong>,</strong></span> <span class='ocrx_word' id='word_1_272' title='bbox 1613 2285 1793 2340; x_wconf 82' lang='lat' dir='ltr'><strong>cccle-</strong></span> 
     </span>
    </p>
   </div>
   <div class='ocr_carea' id='block_1_38' title="bbox 212 2373 1794 2442">
    <p class='ocr_par' dir='ltr' id='par_1_38' title="bbox 212 2373 1794 2442">
     <span class='ocr_line' id='line_1_38' title="bbox 212 2373 1794 2442; baseline 0.004 -14"><span class='ocrx_word' id='word_1_273' title='bbox 212 2374 436 2428; x_wconf 83' lang='lat' dir='ltr'><strong>siastica</strong></span> <span class='ocrx_word' id='word_1_274' title='bbox 467 2375 685 2442; x_wconf 82' lang='lat' dir='ltr'><strong>negotia</strong></span> <span class='ocrx_word' id='word_1_275' title='bbox 713 2373 959 2439; x_wconf 85' lang='lat' dir='ltr'><strong>tractari,</strong></span> <span class='ocrx_word' id='word_1_276' title='bbox 991 2385 1156 2442; x_wconf 91' lang='lat' dir='ltr'><strong>atque</strong></span> <span class='ocrx_word' id='word_1_277' title='bbox 1187 2375 1388 2442; x_wconf 81' lang='lat' dir='ltr'><strong>dirigi,</strong></span> <span class='ocrx_word' id='word_1_278' title='bbox 1423 2377 1566 2433; x_wconf 86' lang='lat' dir='ltr'><strong>sicut</strong></span> <span class='ocrx_word' id='word_1_279' title='bbox 1600 2380 1794 2434; x_wconf 89' lang='lat' dir='ltr'><strong>beatus</strong></span> 
     </span>
    </p>
   </div>
   <div class='ocr_carea' id='block_1_39' title="bbox 213 2463 1792 2539">
    <p class='ocr_par' dir='ltr' id='par_1_39' title="bbox 213 2463 1792 2539">
     <span class='ocr_line' id='line_1_39' title="bbox 213 2463 1792 2539; baseline 0.004 -21"><span class='ocrx_word' id='word_1_280' title='bbox 213 2463 526 2533; x_wconf 80' lang='lat' dir='ltr'><strong>Stephanus</strong></span> <span class='ocrx_word' id='word_1_281' title='bbox 553 2464 743 2533; x_wconf 87' lang='lat' dir='ltr'><strong>junior</strong></span> <span class='ocrx_word' id='word_1_282' title='bbox 793 2464 905 2534; x_wconf 68' lang='lat'><strong>(47)</strong></span> <span class='ocrx_word' id='word_1_283' title='bbox 946 2467 1209 2521; x_wconf 86' lang='lat' dir='ltr'><strong>adversus</strong></span> <span class='ocrx_word' id='word_1_284' title='bbox 1247 2482 1343 2521; x_wconf 87' lang='lat' dir='ltr'><strong>eos</strong></span> <span class='ocrx_word' id='word_1_285' title='bbox 1381 2467 1498 2538; x_wconf 91' lang='lat' dir='ltr'><strong>qui,</strong></span> <span class='ocrx_word' id='word_1_286' title='bbox 1532 2469 1792 2539; x_wconf 88' lang='lat' dir='ltr'><strong>quoniam</strong></span> 
     </span>
    </p>
   </div>
   <div class='ocr_carea' id='block_1_40' title="bbox 209 2556 1795 2625">
    <p class='ocr_par' dir='ltr' id='par_1_40' title="bbox 209 2556 1795 2625">
     <span class='ocr_line' id='line_1_40' title="bbox 209 2556 1795 2625; baseline 0.005 -17"><span class='ocrx_word' id='word_1_287' title='bbox 209 2556 478 2622; x_wconf 73' lang='lat' dir='ltr'><strong>imagines</strong></span> <span class='ocrx_word' id='word_1_288' title='bbox 533 2571 722 2610; x_wconf 88' lang='lat' dir='ltr'><strong>omnes</strong></span> <span class='ocrx_word' id='word_1_289' title='bbox 775 2557 1132 2612; x_wconf 87' lang='lat' dir='ltr'><strong>destruendas</strong></span> <span class='ocrx_word' id='word_1_290' title='bbox 1194 2559 1544 2625; x_wconf 80' lang='lat' dir='ltr'><strong>statuebant,</strong></span> <span class='ocrx_word' id='word_1_291' title='bbox 1593 2562 1795 2616; x_wconf 76' lang='grc' dir='ltr'><strong>εἰκονο·</strong></span> 
     </span>
    </p>
   </div>
   <div class='ocr_carea' id='block_1_41' title="bbox 213 2648 1790 2718">
    <p class='ocr_par' dir='ltr' id='par_1_41' title="bbox 213 2648 1790 2718">
     <span class='ocr_line' id='line_1_41' title="bbox 213 2648 1790 2718; baseline 0.005 -18"><span class='ocrx_word' id='word_1_292' title='bbox 213 2650 379 2718; x_wconf 73' lang='grc' dir='ltr'><strong>μάχαι</strong></span> <span class='ocrx_word' id='word_1_293' title='bbox 423 2648 672 2716; x_wconf 82' lang='lat' dir='ltr'><strong>appellati</strong></span> <span class='ocrx_word' id='word_1_294' title='bbox 701 2660 847 2712; x_wconf 88' lang='lat' dir='ltr'><strong>sunt,</strong></span> <span class='ocrx_word' id='word_1_295' title='bbox 899 2652 1096 2704; x_wconf 86' lang='lat' dir='ltr'><strong>restitit</strong></span> <span class='ocrx_word' id='word_1_296' title='bbox 1132 2667 1145 2702; x_wconf 90' lang='lat'><strong>:</strong></span> <span class='ocrx_word' id='word_1_297' title='bbox 1183 2665 1306 2704; x_wconf 89' lang='lat' dir='ltr'><strong>cum</strong></span> <span class='ocrx_word' id='word_1_298' title='bbox 1355 2651 1433 2705; x_wconf 91' lang='lat' dir='ltr'><strong>illi</strong></span> <span class='ocrx_word' id='word_1_299' title='bbox 1496 2653 1790 2710; x_wconf 85' lang='lat' dir='ltr'><strong>concilium</strong></span> 
     </span>
    </p>
   </div>
   <div class='ocr_carea' id='block_1_42' title="bbox 209 2738 1791 2812">
    <p class='ocr_par' dir='ltr' id='par_1_42' title="bbox 209 2738 1791 2812">
     <span class='ocr_line' id='line_1_42' title="bbox 209 2738 1791 2812; baseline 0.004 -19"><span class='ocrx_word' id='word_1_300' title='bbox 209 2738 679 2806; x_wconf 83' lang='lat' dir='ltr'><strong>Constantinopoli</strong></span> <span class='ocrx_word' id='word_1_301' title='bbox 724 2738 1000 2802; x_wconf 79' lang='lat' dir='ltr'><strong>fecissent,</strong></span> <span class='ocrx_word' id='word_1_302' title='bbox 1035 2755 1143 2794; x_wconf 90' lang='lat' dir='ltr'><strong>nou</strong></span> <span class='ocrx_word' id='word_1_303' title='bbox 1184 2741 1265 2796; x_wconf 88' lang='lat' dir='ltr'><strong>eis</strong></span> <span class='ocrx_word' id='word_1_304' title='bbox 1304 2741 1473 2812; x_wconf 64' lang='lat' dir='ltr'><strong>licere</strong></span> <span class='ocrx_word' id='word_1_305' title='bbox 1499 2744 1791 2800; x_wconf 87' lang='lat' dir='ltr'><strong>concilium</strong></span> 
     </span>
    </p>
   </div>
   <div class='ocr_carea' id='block_1_43' title="bbox 212 2830 1793 2906">
    <p class='ocr_par' dir='ltr' id='par_1_43' title="bbox 212 2830 1793 2906">
     <span class='ocr_line' id='line_1_43' title="bbox 212 2830 1793 2906; baseline 0.006 -24"><span class='ocrx_word' id='word_1_306' title='bbox 212 2830 491 2884; x_wconf 87' lang='lat' dir='ltr'><strong>celebrare</strong></span> <span class='ocrx_word' id='word_1_307' title='bbox 523 2844 774 2884; x_wconf 74' lang='lat' dir='ltr'><strong>asserens</strong></span> <span class='ocrx_word' id='word_1_308' title='bbox 805 2831 907 2885; x_wconf 90' lang='lat' dir='ltr'><strong>uisi</strong></span> <span class='ocrx_word' id='word_1_309' title='bbox 930 2831 1206 2886; x_wconf 74' lang='lat' dir='ltr'><strong>Romanus</strong></span> <span class='ocrx_word' id='word_1_310' title='bbox 1237 2834 1553 2906; x_wconf 86' lang='lat' dir='ltr'><strong>episcopus,</strong></span> <span class='ocrx_word' id='word_1_311' title='bbox 1586 2837 1670 2891; x_wconf 89' lang='lat' dir='ltr'><strong>vel</strong></span> <span class='ocrx_word' id='word_1_312' title='bbox 1697 2851 1793 2905; x_wconf 89' lang='lat' dir='ltr'><strong>per</strong></span> 
     </span>
    </p>
   </div>
   <div class='ocr_carea' id='block_1_44' title="bbox 209 2923 1789 2995">
    <p class='ocr_par' dir='ltr' id='par_1_44' title="bbox 209 2923 1789 2995">
     <span class='ocr_line' id='line_1_44' title="bbox 209 2923 1789 2995; baseline 0.006 -19"><span class='ocrx_word' id='word_1_313' title='bbox 209 2936 268 2976; x_wconf 86' lang='lat' dir='ltr'><strong>se</strong></span> <span class='ocrx_word' id='word_1_314' title='bbox 303 2924 481 2990; x_wconf 89' lang='lat' dir='ltr'><strong>ipsum</strong></span> <span class='ocrx_word' id='word_1_315' title='bbox 515 2938 752 2990; x_wconf 68' lang='lat' dir='ltr'><strong>praesens</strong></span> <span class='ocrx_word' id='word_1_316' title='bbox 779 2923 1120 2992; x_wconf 65' lang='lat' dir='ltr'><strong>pra-sideret,</strong></span> <span class='ocrx_word' id='word_1_317' title='bbox 1151 2926 1233 2980; x_wconf 87' lang='lat' dir='ltr'><strong>vel</strong></span> <span class='ocrx_word' id='word_1_318' title='bbox 1272 2925 1341 2980; x_wconf 89' lang='lat' dir='ltr'><strong>ab</strong></span> <span class='ocrx_word' id='word_1_319' title='bbox 1391 2941 1458 2981; x_wconf 88' lang='lat' dir='ltr'><strong>eo</strong></span> <span class='ocrx_word' id='word_1_320' title='bbox 1485 2929 1663 2995; x_wconf 84' lang='lat' dir='ltr'><strong>missi,</strong></span> <span class='ocrx_word' id='word_1_321' title='bbox 1695 2931 1789 2986; x_wconf 87' lang='lat' dir='ltr'><strong>alii</strong></span> 
     </span>
    </p>
   </div>
   <div class='ocr_carea' id='block_1_45' title="bbox 1898 1826 3479 1900">
    <p class='ocr_par' dir='ltr' id='par_1_45' title="bbox 1898 1826 3479 1900">
     <span class='ocr_line' id='line_1_45' title="bbox 1898 1826 3479 1900; baseline -0.002 -20"><span class='ocrx_word' id='word_1_322' title='bbox 1898 1843 2005 1880; x_wconf 92' lang='lat' dir='ltr'><strong>non</strong></span> <span class='ocrx_word' id='word_1_323' title='bbox 2059 1827 2179 1890; x_wconf 82' lang='lat' dir='ltr'><strong>fuit,</strong></span> <span class='ocrx_word' id='word_1_324' title='bbox 2233 1837 2438 1881; x_wconf 89' lang='lat' dir='ltr'><strong>rectam</strong></span> <span class='ocrx_word' id='word_1_325' title='bbox 2470 1837 2525 1880; x_wconf 92' lang='lat' dir='ltr'><strong>et</strong></span> <span class='ocrx_word' id='word_1_326' title='bbox 2561 1841 2857 1900; x_wconf 81' lang='lat' dir='ltr'><strong>congruam</strong></span> <span class='ocrx_word' id='word_1_327' title='bbox 2894 1826 2962 1879; x_wconf 89' lang='lat' dir='ltr'><strong>de</strong></span> <span class='ocrx_word' id='word_1_328' title='bbox 3009 1826 3148 1880; x_wconf 80' lang='lat' dir='ltr'><strong>Filio</strong></span> <span class='ocrx_word' id='word_1_329' title='bbox 3203 1835 3255 1877; x_wconf 89' lang='lat' dir='ltr'><strong>et</strong></span> <span class='ocrx_word' id='word_1_330' title='bbox 3288 1833 3479 1877; x_wconf 82' lang='lat' dir='ltr'><strong>sancto</strong></span> 
     </span>
    </p>
   </div>
   <div class='ocr_carea' id='block_1_46' title="bbox 1898 1911 3476 1985">
    <p class='ocr_par' dir='ltr' id='par_1_46' title="bbox 1898 1911 3476 1985">
     <span class='ocr_line' id='line_1_46' title="bbox 1898 1911 3476 1985; baseline -0.004 -16"><span class='ocrx_word' id='word_1_331' title='bbox 1898 1915 2102 1985; x_wconf 88' lang='lat' dir='ltr'><strong>Spiritu</strong></span> <span class='ocrx_word' id='word_1_332' title='bbox 2133 1917 2540 1985; x_wconf 75' lang='lat' dir='ltr'><strong>intelligentiam</strong></span> <span class='ocrx_word' id='word_1_333' title='bbox 2569 1916 2850 1976; x_wconf 85' lang='lat' dir='ltr'><strong>habentes,</strong></span> <span class='ocrx_word' id='word_1_334' title='bbox 2870 1929 2993 1968; x_wconf 91' lang='lat' dir='ltr'><strong>cum</strong></span> <span class='ocrx_word' id='word_1_335' title='bbox 3014 1914 3290 1966; x_wconf 75' lang='lat' dir='ltr'><strong>additione</strong></span> <span class='ocrx_word' id='word_1_336' title='bbox 3314 1911 3476 1982; x_wconf 84' lang='lat' dir='ltr'><strong>Sym-</strong></span> 
     </span>
    </p>
   </div>
   <div class='ocr_carea' id='block_1_47' title="bbox 1895 2005 3478 2077">
    <p class='ocr_par' dir='ltr' id='par_1_47' title="bbox 1895 2005 3478 2077">
     <span class='ocr_line' id='line_1_47' title="bbox 1895 2005 3478 2077; baseline -0.003 -15"><span class='ocrx_word' id='word_1_337' title='bbox 1895 2007 2075 2062; x_wconf 90' lang='lat' dir='ltr'><strong>bolum</strong></span> <span class='ocrx_word' id='word_1_338' title='bbox 2114 2007 2292 2077; x_wconf 86' lang='lat' dir='ltr'><strong>legere</strong></span> <span class='ocrx_word' id='word_1_339' title='bbox 2319 2024 2336 2074; x_wconf 83' lang='lat'><strong>;</strong></span> <span class='ocrx_word' id='word_1_340' title='bbox 2381 2022 2486 2060; x_wconf 92' lang='lat' dir='ltr'><strong>non</strong></span> <span class='ocrx_word' id='word_1_341' title='bbox 2518 2021 2642 2061; x_wconf 88' lang='lat' dir='ltr'><strong>esse</strong></span> <span class='ocrx_word' id='word_1_342' title='bbox 2665 2007 2956 2060; x_wconf 71' lang='lat' dir='ltr'><strong>contraria:</strong></span> <span class='ocrx_word' id='word_1_343' title='bbox 2983 2005 3279 2074; x_wconf 80' lang='lat' dir='ltr'><strong>Opinionis,</strong></span> <span class='ocrx_word' id='word_1_344' title='bbox 3300 2016 3478 2070; x_wconf 85' lang='lat' dir='ltr'><strong>neque</strong></span> 
     </span>
    </p>
   </div>
   <div class='ocr_carea' id='block_1_48' title="bbox 1895 2095 3476 2168">
    <p class='ocr_par' dir='ltr' id='par_1_48' title="bbox 1895 2095 3476 2168">
     <span class='ocr_line' id='line_1_48' title="bbox 1895 2095 3476 2168; baseline -0.004 -14"><span class='ocrx_word' id='word_1_345' title='bbox 1895 2110 2088 2168; x_wconf 88' lang='lat' dir='ltr'><strong>putare</strong></span> <span class='ocrx_word' id='word_1_346' title='bbox 2138 2114 2234 2154; x_wconf 89' lang='lat' dir='ltr'><strong>eos</strong></span> <span class='ocrx_word' id='word_1_347' title='bbox 2278 2101 2409 2168; x_wconf 88' lang='lat' dir='ltr'><strong>qui,</strong></span> <span class='ocrx_word' id='word_1_348' title='bbox 2443 2115 2566 2154; x_wconf 87' lang='lat' dir='ltr'><strong>eum</strong></span> <span class='ocrx_word' id='word_1_349' title='bbox 2620 2099 2722 2152; x_wconf 86' lang='lat' dir='ltr'><strong>ista</strong></span> <span class='ocrx_word' id='word_1_350' title='bbox 2780 2097 3057 2163; x_wconf 75' lang='lat' dir='ltr'><strong>legerent,</strong></span> <span class='ocrx_word' id='word_1_351' title='bbox 3091 2096 3211 2149; x_wconf 86' lang='lat' dir='ltr'><strong>ﬁdei</strong></span> <span class='ocrx_word' id='word_1_352' title='bbox 3246 2095 3476 2149; x_wconf 87' lang='lat' dir='ltr'><strong>veritate</strong></span> 
     </span>
    </p>
   </div>
   <div class='ocr_carea' id='block_1_49' title="bbox 1873 2187 3481 2261">
    <p class='ocr_par' dir='ltr' id='par_1_49' title="bbox 1873 2187 3481 2261">
     <span class='ocr_line' id='line_1_49' title="bbox 1873 2187 3481 2261; baseline -0.004 -15"><span class='ocrx_word' id='word_1_353' title='bbox 1873 2192 2186 2256; x_wconf 79' lang='lat' dir='ltr'><strong>excidisse,</strong></span> <span class='ocrx_word' id='word_1_354' title='bbox 2241 2191 2461 2261; x_wconf 90' lang='lat' dir='ltr'><strong>illisque</strong></span> <span class='ocrx_word' id='word_1_355' title='bbox 2511 2189 2694 2244; x_wconf 88' lang='lat' dir='ltr'><strong>unitos</strong></span> <span class='ocrx_word' id='word_1_356' title='bbox 2741 2203 2886 2245; x_wconf 88' lang='lat' dir='ltr'><strong>esse.</strong></span> <span class='ocrx_word' id='word_1_357' title='bbox 2926 2188 3056 2242; x_wconf 80' lang='lat' dir='ltr'><strong>Nam</strong></span> <span class='ocrx_word' id='word_1_358' title='bbox 3108 2197 3160 2243; x_wconf 89' lang='lat' dir='ltr'><strong>et</strong></span> <span class='ocrx_word' id='word_1_359' title='bbox 3189 2196 3310 2256; x_wconf 91' lang='lat' dir='ltr'><strong>post</strong></span> <span class='ocrx_word' id='word_1_360' title='bbox 3339 2187 3481 2241; x_wconf 70' lang='lat' dir='ltr'><strong>anti-</strong></span> 
     </span>
    </p>
   </div>
   <div class='ocr_carea' id='block_1_50' title="bbox 1895 2280 3478 2352">
    <p class='ocr_par' dir='ltr' id='par_1_50' title="bbox 1895 2280 3478 2352">
     <span class='ocr_line' id='line_1_50' title="bbox 1895 2280 3478 2352; baseline -0.003 -15"><span class='ocrx_word' id='word_1_361' title='bbox 1895 2299 2063 2352; x_wconf 91' lang='lat' dir='ltr'><strong>quum</strong></span> <span class='ocrx_word' id='word_1_362' title='bbox 2097 2283 2358 2347; x_wconf 88' lang='lat' dir='ltr'><strong>schisma,</strong></span> <span class='ocrx_word' id='word_1_363' title='bbox 2383 2298 2510 2338; x_wconf 90' lang='lat' dir='ltr'><strong>cum</strong></span> <span class='ocrx_word' id='word_1_364' title='bbox 2539 2297 2726 2338; x_wconf 85' lang='lat' dir='ltr'><strong>rursus</strong></span> <span class='ocrx_word' id='word_1_365' title='bbox 2751 2283 3032 2350; x_wconf 91' lang='lat' dir='ltr'><strong>utriusque</strong></span> <span class='ocrx_word' id='word_1_366' title='bbox 3056 2280 3311 2335; x_wconf 70' lang='lat' dir='ltr'><strong>Ecclesiae</strong></span> <span class='ocrx_word' id='word_1_367' title='bbox 3335 2280 3478 2332; x_wconf 74' lang='lat' dir='ltr'><strong>facta</strong></span> 
     </span>
    </p>
   </div>
   <div class='ocr_carea' id='block_1_51' title="bbox 1895 2371 3480 2442">
    <p class='ocr_par' dir='ltr' id='par_1_51' title="bbox 1895 2371 3480 2442">
     <span class='ocr_line' id='line_1_51' title="bbox 1895 2371 3480 2442; baseline -0.003 -14"><span class='ocrx_word' id='word_1_368' title='bbox 1895 2385 2039 2430; x_wconf 82' lang='lat' dir='ltr'><strong>esset</strong></span> <span class='ocrx_word' id='word_1_369' title='bbox 2069 2375 2216 2440; x_wconf 92' lang='lat' dir='ltr'><strong>unio,</strong></span> <span class='ocrx_word' id='word_1_370' title='bbox 2249 2373 2470 2430; x_wconf 64' lang='lat' dir='ltr'><strong>Graecos</strong></span> <span class='ocrx_word' id='word_1_371' title='bbox 2500 2372 2678 2428; x_wconf 85' lang='lat' dir='ltr'><strong>Latini</strong></span> <span class='ocrx_word' id='word_1_372' title='bbox 2709 2373 2846 2428; x_wconf 91' lang='lat' dir='ltr'><strong>nihil</strong></span> <span class='ocrx_word' id='word_1_373' title='bbox 2877 2382 3209 2442; x_wconf 88' lang='lat' dir='ltr'><strong>coegerunt,</strong></span> <span class='ocrx_word' id='word_1_374' title='bbox 3251 2371 3480 2442; x_wconf 80' lang='lat' dir='ltr'><strong>Symbo-</strong></span> 
     </span>
    </p>
   </div>
   <div class='ocr_carea' id='block_1_52' title="bbox 1897 2464 3474 2535">
    <p class='ocr_par' dir='ltr' id='par_1_52' title="bbox 1897 2464 3474 2535">
     <span class='ocr_line' id='line_1_52' title="bbox 1897 2464 3474 2535; baseline -0.001 -14"><span class='ocrx_word' id='word_1_375' title='bbox 1897 2466 2005 2521; x_wconf 89' lang='lat' dir='ltr'><strong>lum</strong></span> <span class='ocrx_word' id='word_1_376' title='bbox 2036 2483 2158 2522; x_wconf 88' lang='lat' dir='ltr'><strong>cuut</strong></span> <span class='ocrx_word' id='word_1_377' title='bbox 2195 2465 2473 2522; x_wconf 82' lang='lat' dir='ltr'><strong>auditione</strong></span> <span class='ocrx_word' id='word_1_378' title='bbox 2526 2465 2725 2535; x_wconf 84' lang='lat' dir='ltr'><strong>legere,</strong></span> <span class='ocrx_word' id='word_1_379' title='bbox 2773 2465 2856 2518; x_wconf 91' lang='lat' dir='ltr'><strong>vel</strong></span> <span class='ocrx_word' id='word_1_380' title='bbox 2918 2464 3040 2517; x_wconf 84' lang='lat' dir='ltr'><strong>aliis</strong></span> <span class='ocrx_word' id='word_1_381' title='bbox 3081 2464 3474 2519; x_wconf 76' lang='lat' dir='ltr'><strong>ecclesiasticis</strong></span> 
     </span>
    </p>
   </div>
   <div class='ocr_carea' id='block_1_53' title="bbox 1894 2554 3477 2622">
    <p class='ocr_par' dir='ltr' id='par_1_53' title="bbox 1894 2554 3477 2622">
     <span class='ocr_line' id='line_1_53' title="bbox 1894 2554 3477 2622; baseline -0.004 -8"><span class='ocrx_word' id='word_1_382' title='bbox 1894 2558 2093 2614; x_wconf 86' lang='lat' dir='ltr'><strong>ritibus</strong></span> <span class='ocrx_word' id='word_1_383' title='bbox 2142 2574 2295 2612; x_wconf 90' lang='lat' dir='ltr'><strong>more</strong></span> <span class='ocrx_word' id='word_1_384' title='bbox 2343 2573 2442 2612; x_wconf 91' lang='lat' dir='ltr'><strong>suo</strong></span> <span class='ocrx_word' id='word_1_385' title='bbox 2489 2557 2612 2620; x_wconf 90' lang='lat' dir='ltr'><strong>uti,</strong></span> <span class='ocrx_word' id='word_1_386' title='bbox 2653 2558 2747 2612; x_wconf 89' lang='lat' dir='ltr'><strong>sed</strong></span> <span class='ocrx_word' id='word_1_387' title='bbox 2783 2557 2888 2610; x_wconf 86' lang='lat' dir='ltr'><strong>tria</strong></span> <span class='ocrx_word' id='word_1_388' title='bbox 2925 2555 3103 2610; x_wconf 89' lang='lat' dir='ltr'><strong>solum</strong></span> <span class='ocrx_word' id='word_1_389' title='bbox 3134 2555 3202 2608; x_wconf 89' lang='lat' dir='ltr'><strong>ab</strong></span> <span class='ocrx_word' id='word_1_390' title='bbox 3228 2554 3308 2607; x_wconf 87' lang='lat' dir='ltr'><strong>eis</strong></span> <span class='ocrx_word' id='word_1_391' title='bbox 3352 2562 3477 2622; x_wconf 87' lang='lat' dir='ltr'><strong>post</strong></span> 
     </span>
    </p>
   </div>
   <div class='ocr_carea' id='block_1_54' title="bbox 1896 2647 3475 2720">
    <p class='ocr_par' dir='ltr' id='par_1_54' title="bbox 1896 2647 3475 2720">
     <span class='ocr_line' id='line_1_54' title="bbox 1896 2647 3475 2720; baseline -0.005 -13"><span class='ocrx_word' id='word_1_392' title='bbox 1896 2655 2096 2707; x_wconf 77' lang='lat' dir='ltr'><strong>factam</strong></span> <span class='ocrx_word' id='word_1_393' title='bbox 2129 2653 2425 2716; x_wconf 86' lang='lat' dir='ltr'><strong>unionem,</strong></span> <span class='ocrx_word' id='word_1_394' title='bbox 2458 2649 2719 2720; x_wconf 86' lang='lat' dir='ltr'><strong>requisita</strong></span> <span class='ocrx_word' id='word_1_395' title='bbox 2773 2657 2924 2704; x_wconf 88' lang='lat' dir='ltr'><strong>sunt.</strong></span> <span class='ocrx_word' id='word_1_396' title='bbox 2961 2647 3200 2701; x_wconf 85' lang='lat' dir='ltr'><strong>Primum</strong></span> <span class='ocrx_word' id='word_1_397' title='bbox 3233 2649 3475 2717; x_wconf 77' lang='lat' dir='ltr'><strong>quidem,</strong></span> 
     </span>
    </p>
   </div>
   <div class='ocr_carea' id='block_1_55' title="bbox 1897 2739 3476 2812">
    <p class='ocr_par' dir='ltr' id='par_1_55' title="bbox 1897 2739 3476 2812">
     <span class='ocr_line' id='line_1_55' title="bbox 1897 2739 3476 2812; baseline -0.003 -14"><span class='ocrx_word' id='word_1_398' title='bbox 1897 2755 1956 2798; x_wconf 94' lang='lat' dir='ltr'><strong>ut</strong></span> <span class='ocrx_word' id='word_1_399' title='bbox 2006 2744 2237 2798; x_wconf 82' lang='lat' dir='ltr'><strong>Romani</strong></span> <span class='ocrx_word' id='word_1_400' title='bbox 2280 2743 2522 2812; x_wconf 88' lang='lat' dir='ltr'><strong>episcopi</strong></span> <span class='ocrx_word' id='word_1_401' title='bbox 2574 2741 2892 2794; x_wconf 87' lang='lat' dir='ltr'><strong>memoriam</strong></span> <span class='ocrx_word' id='word_1_402' title='bbox 2935 2740 2986 2792; x_wconf 93' lang='lat' dir='ltr'><strong>in</strong></span> <span class='ocrx_word' id='word_1_403' title='bbox 3024 2739 3335 2807; x_wconf 87' lang='lat' dir='ltr'><strong>diptychis,</strong></span> <span class='ocrx_word' id='word_1_404' title='bbox 3372 2739 3476 2794; x_wconf 85' lang='lat' dir='ltr'><strong>hoc</strong></span> 
     </span>
    </p>
   </div>
   <div class='ocr_carea' id='block_1_56' title="bbox 1895 2830 3477 2902">
    <p class='ocr_par' dir='ltr' id='par_1_56' title="bbox 1895 2830 3477 2902">
     <span class='ocr_line' id='line_1_56' title="bbox 1895 2830 3477 2902; baseline -0.006 -11"><span class='ocrx_word' id='word_1_405' title='bbox 1895 2847 2000 2902; x_wconf 88' lang='lat' dir='ltr'><strong>cst,</strong></span> <span class='ocrx_word' id='word_1_406' title='bbox 2037 2838 2090 2890; x_wconf 91' lang='lat' dir='ltr'><strong>in</strong></span> <span class='ocrx_word' id='word_1_407' title='bbox 2123 2848 2330 2888; x_wconf 86' lang='lat' dir='ltr'><strong>canone</strong></span> <span class='ocrx_word' id='word_1_408' title='bbox 2356 2833 2533 2887; x_wconf 67' lang='lat' dir='ltr'><strong>Missae</strong></span> <span class='ocrx_word' id='word_1_409' title='bbox 2582 2833 2859 2895; x_wconf 81' lang='lat' dir='ltr'><strong>lacerent;</strong></span> <span class='ocrx_word' id='word_1_410' title='bbox 2893 2832 3214 2893; x_wconf 89' lang='lat' dir='ltr'><strong>secundum,</strong></span> <span class='ocrx_word' id='word_1_411' title='bbox 3247 2839 3306 2883; x_wconf 89' lang='lat' dir='ltr'><strong>ut</strong></span> <span class='ocrx_word' id='word_1_412' title='bbox 3357 2830 3477 2882; x_wconf 86' lang='lat' dir='ltr'><strong>uni-</strong></span> 
     </span>
    </p>
   </div>
   <div class='ocr_carea' id='block_1_57' title="bbox 1898 2922 3474 2995">
    <p class='ocr_par' dir='ltr' id='par_1_57' title="bbox 1898 2922 3474 2995">
     <span class='ocr_line' id='line_1_57' title="bbox 1898 2922 3474 2995; baseline -0.007 -12"><span class='ocrx_word' id='word_1_413' title='bbox 1898 2926 2426 2995; x_wconf 78' lang='lat' dir='ltr'><strong>versalemjudicem</strong></span> <span class='ocrx_word' id='word_1_414' title='bbox 2457 2923 2895 2979; x_wconf 77' lang='lat' dir='ltr'><strong>Christianorum</strong></span> <span class='ocrx_word' id='word_1_415' title='bbox 2921 2922 3163 2975; x_wconf 90' lang='lat' dir='ltr'><strong>omnium</strong></span> <span class='ocrx_word' id='word_1_416' title='bbox 3198 2929 3474 2989; x_wconf 63' lang='lat' dir='ltr'><strong>putarent;</strong></span> 
     </span>
    </p>
   </div>
   <div class='ocr_carea' id='block_1_58' title="bbox 203 3014 3478 3114">
    <p class='ocr_par' dir='ltr' id='par_1_58' title="bbox 203 3014 3478 3114">
     <span class='ocr_line' id='line_1_58' title="bbox 203 3014 3478 3114; baseline 0.001 -52"><span class='ocrx_word' id='word_1_417' title='bbox 203 3014 356 3084; x_wconf 82' lang='lat' dir='ltr'><strong>juxta</strong></span> <span class='ocrx_word' id='word_1_418' title='bbox 385 3016 836 3070; x_wconf 85' lang='lat' dir='ltr'><strong>consucttutinem</strong></span> <span class='ocrx_word' id='word_1_419' title='bbox 873 3015 1049 3070; x_wconf 92' lang='lat' dir='ltr'><strong>locum</strong></span> <span class='ocrx_word' id='word_1_420' title='bbox 1083 3015 1202 3086; x_wconf 83' lang='lat' dir='ltr'><strong>ejus</strong></span> <span class='ocrx_word' id='word_1_421' title='bbox 1247 3017 1557 3087; x_wconf 86' lang='lat' dir='ltr'><strong>implerent.</strong></span> <span class='ocrx_word' id='word_1_422' title='bbox 1588 3019 1791 3091; x_wconf 80' lang='lat' dir='ltr'><strong>Nempe</strong></span> <span class='ocrx_word' id='word_1_423' title='bbox 1821 3055 1865 3114; x_wconf 63' lang='grc' dir='ltr'><strong>ο</strong></span> <span class='ocrx_word' id='word_1_424' title='bbox 1899 3023 1948 3076; x_wconf 86' lang='lat' dir='ltr'><strong>ei</strong></span> <span class='ocrx_word' id='word_1_425' title='bbox 1989 3021 2289 3076; x_wconf 83' lang='lat' dir='ltr'><strong>secundum</strong></span> <span class='ocrx_word' id='word_1_426' title='bbox 2311 3018 2591 3087; x_wconf 85' lang='lat' dir='ltr'><strong>antiquam</strong></span> <span class='ocrx_word' id='word_1_427' title='bbox 2627 3016 2877 3070; x_wconf 68' lang='lat' dir='ltr'><strong>Ecclesiae</strong></span> <span class='ocrx_word' id='word_1_428' title='bbox 2905 3014 3349 3068; x_wconf 81' lang='lat' dir='ltr'><strong>consuetudinem</strong></span> <span class='ocrx_word' id='word_1_429' title='bbox 3390 3029 3478 3065; x_wconf 87' lang='lat' dir='ltr'><strong>re—</strong></span> 
     </span>
    </p>
   </div>
   <div class='ocr_carea' id='block_1_59' title="bbox 210 3105 1794 3179">
    <p class='ocr_par' dir='ltr' id='par_1_59' title="bbox 210 3105 1794 3179">
     <span class='ocr_line' id='line_1_59' title="bbox 210 3105 1794 3179; baseline 0.005 -19"><span class='ocrx_word' id='word_1_430' title='bbox 210 3107 353 3160; x_wconf 83' lang='lat' dir='ltr'><strong>eniui</strong></span> <span class='ocrx_word' id='word_1_431' title='bbox 378 3109 449 3160; x_wconf 90' lang='lat' dir='ltr'><strong>ab</strong></span> <span class='ocrx_word' id='word_1_432' title='bbox 485 3105 729 3160; x_wconf 85' lang='lat' dir='ltr'><strong>Ecclesia</strong></span> <span class='ocrx_word' id='word_1_433' title='bbox 762 3105 872 3169; x_wconf 89' lang='lat' dir='ltr'><strong>illa,</strong></span> <span class='ocrx_word' id='word_1_434' title='bbox 907 3107 1049 3161; x_wconf 87' lang='lat' dir='ltr'><strong>nulla</strong></span> <span class='ocrx_word' id='word_1_435' title='bbox 1082 3124 1318 3179; x_wconf 83' lang='lat' dir='ltr'><strong>unquam</strong></span> <span class='ocrx_word' id='word_1_436' title='bbox 1351 3111 1417 3165; x_wconf 88' lang='lat' dir='ltr'><strong>de</strong></span> <span class='ocrx_word' id='word_1_437' title='bbox 1445 3111 1552 3166; x_wconf 84' lang='lat' dir='ltr'><strong>ﬁde</strong></span> <span class='ocrx_word' id='word_1_438' title='bbox 1576 3125 1794 3167; x_wconf 88' lang='lat' dir='ltr'><strong>senten-</strong></span> 
     </span>
    </p>
   </div>
   <div class='ocr_carea' id='block_1_60' title="bbox 215 3200 1790 3270">
    <p class='ocr_par' dir='ltr' id='par_1_60' title="bbox 215 3200 1790 3270">
     <span class='ocr_line' id='line_1_60' title="bbox 215 3200 1790 3270; baseline 0.006 -18"><span class='ocrx_word' id='word_1_439' title='bbox 215 3202 283 3254; x_wconf 89' lang='lat' dir='ltr'><strong>tia</strong></span> <span class='ocrx_word' id='word_1_440' title='bbox 320 3202 586 3266; x_wconf 85' lang='lat' dir='ltr'><strong>mauavit,</strong></span> <span class='ocrx_word' id='word_1_441' title='bbox 626 3216 787 3269; x_wconf 91' lang='lat' dir='ltr'><strong>quam</strong></span> <span class='ocrx_word' id='word_1_442' title='bbox 826 3211 884 3254; x_wconf 91' lang='lat' dir='ltr'><strong>ut</strong></span> <span class='ocrx_word' id='word_1_443' title='bbox 935 3200 1309 3270; x_wconf 86' lang='lat' dir='ltr'><strong>blasphemam</strong></span> <span class='ocrx_word' id='word_1_444' title='bbox 1341 3217 1393 3260; x_wconf 90' lang='lat' dir='ltr'><strong>et</strong></span> <span class='ocrx_word' id='word_1_445' title='bbox 1426 3207 1642 3258; x_wconf 78' lang='lat' dir='ltr'><strong>noxiam</strong></span> <span class='ocrx_word' id='word_1_446' title='bbox 1684 3207 1790 3261; x_wconf 85' lang='lat' dir='ltr'><strong>Ec-</strong></span> 
     </span>
    </p>
   </div>
   <div class='ocr_carea' id='block_1_61' title="bbox 213 3291 1789 3363">
    <p class='ocr_par' dir='ltr' id='par_1_61' title="bbox 213 3291 1789 3363">
     <span class='ocr_line' id='line_1_61' title="bbox 213 3291 1789 3363; baseline 0.003 -17"><span class='ocrx_word' id='word_1_447' title='bbox 213 3291 376 3347; x_wconf 84' lang='lat' dir='ltr'><strong>clesia</strong></span> <span class='ocrx_word' id='word_1_448' title='bbox 433 3307 576 3346; x_wconf 90' lang='lat' dir='ltr'><strong>nunc</strong></span> <span class='ocrx_word' id='word_1_449' title='bbox 627 3293 806 3346; x_wconf 89' lang='lat' dir='ltr'><strong>omnis</strong></span> <span class='ocrx_word' id='word_1_450' title='bbox 868 3292 1114 3357; x_wconf 85' lang='lat' dir='ltr'><strong>damnet,</strong></span> <span class='ocrx_word' id='word_1_451' title='bbox 1186 3310 1280 3348; x_wconf 88' lang='lat' dir='ltr'><strong>seu</strong></span> <span class='ocrx_word' id='word_1_452' title='bbox 1340 3297 1789 3363; x_wconf 76' lang='lat' dir='ltr'><strong>anathetnatiaet,</strong></span> 
     </span>
    </p>
   </div>
   <div class='ocr_carea' id='block_1_62' title="bbox 215 3385 1787 3458">
    <p class='ocr_par' dir='ltr' id='par_1_62' title="bbox 215 3385 1787 3458">
     <span class='ocr_line' id='line_1_62' title="bbox 215 3385 1787 3458; baseline 0.004 -23"><span class='ocrx_word' id='word_1_453' title='bbox 215 3387 428 3455; x_wconf 88' lang='lat' dir='ltr'><strong>quando</strong></span> <span class='ocrx_word' id='word_1_454' title='bbox 448 3387 698 3454; x_wconf 74' lang='lat' dir='ltr'><strong>ingentes</strong></span> <span class='ocrx_word' id='word_1_455' title='bbox 716 3385 910 3439; x_wconf 83' lang='lat' dir='ltr'><strong>ﬂuctus</strong></span> <span class='ocrx_word' id='word_1_456' title='bbox 939 3386 1284 3455; x_wconf 87' lang='lat' dir='ltr'><strong>plurimaque</strong></span> <span class='ocrx_word' id='word_1_457' title='bbox 1299 3387 1578 3458; x_wconf 80' lang='lat' dir='ltr'><strong>naufragia</strong></span> <span class='ocrx_word' id='word_1_458' title='bbox 1599 3398 1787 3442; x_wconf 90' lang='lat' dir='ltr'><strong>contra</strong></span> 
     </span>
    </p>
   </div>
   <div class='ocr_carea' id='block_1_63' title="bbox 217 3477 1782 3546">
    <p class='ocr_par' dir='ltr' id='par_1_63' title="bbox 217 3477 1782 3546">
     <span class='ocr_line' id='line_1_63' title="bbox 217 3477 1782 3546; baseline 0.001 -15"><span class='ocrx_word' id='word_1_459' title='bbox 217 3478 510 3533; x_wconf 74' lang='lat' dir='ltr'><strong>Ecclesiam</strong></span> <span class='ocrx_word' id='word_1_460' title='bbox 539 3477 706 3531; x_wconf 80' lang='lat' dir='ltr'><strong>fuere.</strong></span> <span class='ocrx_word' id='word_1_461' title='bbox 737 3477 846 3530; x_wconf 82' lang='lat' dir='ltr'><strong>Nisi</strong></span> <span class='ocrx_word' id='word_1_462' title='bbox 868 3478 1012 3530; x_wconf 88' lang='lat' dir='ltr'><strong>enim</strong></span> <span class='ocrx_word' id='word_1_463' title='bbox 1047 3481 1149 3532; x_wconf 81' lang='lat' dir='ltr'><strong>Ista</strong></span> <span class='ocrx_word' id='word_1_464' title='bbox 1175 3479 1558 3546; x_wconf 86' lang='lat' dir='ltr'><strong>suscipiamus,</strong></span> <span class='ocrx_word' id='word_1_465' title='bbox 1592 3481 1782 3535; x_wconf 88' lang='lat' dir='ltr'><strong>nescio</strong></span> 
     </span>
    </p>
   </div>
   <div class='ocr_carea' id='block_1_64' title="bbox 214 3570 1786 3640">
    <p class='ocr_par' dir='ltr' id='par_1_64' title="bbox 214 3570 1786 3640">
     <span class='ocr_line' id='line_1_64' title="bbox 214 3570 1786 3640; baseline 0.001 -19"><span class='ocrx_word' id='word_1_466' title='bbox 214 3573 338 3640; x_wconf 84' lang='lat' dir='ltr'><strong>quid</strong></span> <span class='ocrx_word' id='word_1_467' title='bbox 369 3571 607 3624; x_wconf 87' lang='lat' dir='ltr'><strong>validum</strong></span> <span class='ocrx_word' id='word_1_468' title='bbox 635 3581 687 3623; x_wconf 91' lang='lat' dir='ltr'><strong>et</strong></span> <span class='ocrx_word' id='word_1_469' title='bbox 717 3581 895 3623; x_wconf 88' lang='lat' dir='ltr'><strong>ratutn</strong></span> <span class='ocrx_word' id='word_1_470' title='bbox 931 3570 1236 3639; x_wconf 89' lang='lat' dir='ltr'><strong>suscepturi</strong></span> <span class='ocrx_word' id='word_1_471' title='bbox 1285 3572 1456 3625; x_wconf 89' lang='lat' dir='ltr'><strong>simus</strong></span> <span class='ocrx_word' id='word_1_472' title='bbox 1493 3589 1506 3625; x_wconf 92' lang='lat'><strong>:</strong></span> <span class='ocrx_word' id='word_1_473' title='bbox 1542 3571 1626 3624; x_wconf 91' lang='lat' dir='ltr'><strong>vel</strong></span> <span class='ocrx_word' id='word_1_474' title='bbox 1657 3573 1786 3638; x_wconf 87' lang='lat' dir='ltr'><strong>quid</strong></span> 
     </span>
    </p>
   </div>
   <div class='ocr_carea' id='block_1_65' title="bbox 220 3662 1793 3732">
    <p class='ocr_par' dir='ltr' id='par_1_65' title="bbox 220 3662 1793 3732">
     <span class='ocr_line' id='line_1_65' title="bbox 220 3662 1793 3732; baseline 0 -16"><span class='ocrx_word' id='word_1_475' title='bbox 220 3664 615 3730; x_wconf 83' lang='lat' dir='ltr'><strong>apertissimum</strong></span> <span class='ocrx_word' id='word_1_476' title='bbox 648 3663 820 3725; x_wconf 88' lang='lat' dir='ltr'><strong>licet,</strong></span> <span class='ocrx_word' id='word_1_477' title='bbox 877 3672 1040 3730; x_wconf 88' lang='lat' dir='ltr'><strong>atque</strong></span> <span class='ocrx_word' id='word_1_478' title='bbox 1079 3662 1454 3730; x_wconf 89' lang='lat' dir='ltr'><strong>conspicuum,</strong></span> <span class='ocrx_word' id='word_1_479' title='bbox 1507 3662 1793 3732; x_wconf 83' lang='lat' dir='ltr'><strong>impuden-</strong></span> 
     </span>
    </p>
   </div>
   <div class='ocr_carea' id='block_1_66' title="bbox 221 3754 1148 3821">
    <p class='ocr_par' dir='ltr' id='par_1_66' title="bbox 221 3754 1148 3821">
     <span class='ocr_line' id='line_1_66' title="bbox 221 3754 1148 3821; baseline -0.002 -13"><span class='ocrx_word' id='word_1_480' title='bbox 221 3758 423 3809; x_wconf 78' lang='lat' dir='ltr'><strong>tissime</strong></span> <span class='ocrx_word' id='word_1_481' title='bbox 458 3755 786 3821; x_wconf 82' lang='lat' dir='ltr'><strong>repudiaturi</strong></span> <span class='ocrx_word' id='word_1_482' title='bbox 817 3770 920 3806; x_wconf 87' lang='lat' dir='ltr'><strong>non</strong></span> <span class='ocrx_word' id='word_1_483' title='bbox 955 3754 1148 3807; x_wconf 87' lang='lat' dir='ltr'><strong>simus.</strong></span> 
     </span>
    </p>
   </div>
   <div class='ocr_carea' id='block_1_67' title="bbox 289 3843 1794 3915">
    <p class='ocr_par' dir='ltr' id='par_1_67' title="bbox 289 3843 1794 3915">
     <span class='ocr_line' id='line_1_67' title="bbox 289 3843 1794 3915; baseline 0.002 -17"><span class='ocrx_word' id='word_1_484' title='bbox 289 3846 344 3901; x_wconf 88' lang='lat' dir='ltr'><strong>St</strong></span> <span class='ocrx_word' id='word_1_485' title='bbox 383 3848 545 3914; x_wconf 88' lang='lat' dir='ltr'><strong>igitur</strong></span> <span class='ocrx_word' id='word_1_486' title='bbox 571 3878 576 3882; x_wconf 98' lang='lat'><strong><em>-</em></strong></span> <span class='ocrx_word' id='word_1_487' title='bbox 606 3847 705 3898; x_wconf 87' lang='lat' dir='ltr'><strong>ista</strong></span> <span class='ocrx_word' id='word_1_488' title='bbox 747 3848 811 3898; x_wconf 86' lang='lat' dir='ltr'><strong>de</strong></span> <span class='ocrx_word' id='word_1_489' title='bbox 847 3845 935 3896; x_wconf 92' lang='lat' dir='ltr'><strong>illo</strong></span> <span class='ocrx_word' id='word_1_490' title='bbox 960 3859 1085 3898; x_wconf 87' lang='lat' dir='ltr'><strong>vera</strong></span> <span class='ocrx_word' id='word_1_491' title='bbox 1141 3854 1290 3907; x_wconf 89' lang='lat' dir='ltr'><strong>sunt,</strong></span> <span class='ocrx_word' id='word_1_492' title='bbox 1317 3843 1435 3900; x_wconf 87' lang='lat' dir='ltr'><strong>sine</strong></span> <span class='ocrx_word' id='word_1_493' title='bbox 1478 3860 1586 3915; x_wconf 90' lang='lat' dir='ltr'><strong>quo</strong></span> <span class='ocrx_word' id='word_1_494' title='bbox 1615 3847 1794 3915; x_wconf 88' lang='lat' dir='ltr'><strong>possi-</strong></span> 
     </span>
    </p>
   </div>
   <div class='ocr_carea' id='block_1_68' title="bbox 220 3935 1794 3999">
    <p class='ocr_par' dir='ltr' id='par_1_68' title="bbox 220 3935 1794 3999">
     <span class='ocr_line' id='line_1_68' title="bbox 220 3935 1794 3999; baseline -0.002 -6"><span class='ocrx_word' id='word_1_495' title='bbox 220 3937 320 3993; x_wconf 85' lang='lat' dir='ltr'><strong>bile</strong></span> <span class='ocrx_word' id='word_1_496' title='bbox 351 3953 459 3992; x_wconf 90' lang='lat' dir='ltr'><strong>nun</strong></span> <span class='ocrx_word' id='word_1_497' title='bbox 491 3946 572 3991; x_wconf 86' lang='lat' dir='ltr'><strong>est</strong></span> <span class='ocrx_word' id='word_1_498' title='bbox 598 3937 964 3991; x_wconf 86' lang='lat' dir='ltr'><strong>ecclesiastica</strong></span> <span class='ocrx_word' id='word_1_499' title='bbox 1002 3935 1244 3999; x_wconf 87' lang='lat' dir='ltr'><strong>decerni,</strong></span> <span class='ocrx_word' id='word_1_500' title='bbox 1277 3937 1346 3992; x_wconf 87' lang='lat' dir='ltr'><strong>ad</strong></span> <span class='ocrx_word' id='word_1_501' title='bbox 1399 3953 1460 3993; x_wconf 81' lang='lat' dir='ltr'><strong>ea</strong></span> <span class='ocrx_word' id='word_1_502' title='bbox 1495 3939 1794 3994; x_wconf 86' lang='lat' dir='ltr'><strong>decernen-</strong></span> 
     </span>
    </p>
   </div>
   <div class='ocr_carea' id='block_1_69' title="bbox 223 4012 1792 4098">
    <p class='ocr_par' dir='ltr' id='par_1_69' title="bbox 223 4012 1792 4098">
     <span class='ocr_line' id='line_1_69' title="bbox 223 4012 1792 4098; baseline -0.001 -12"><span class='ocrx_word' id='word_1_503' title='bbox 223 4033 366 4093; x_wconf 89' lang='lat' dir='ltr'><strong>dutn,</strong></span> <span class='ocrx_word' id='word_1_504' title='bbox 401 4046 524 4084; x_wconf 88' lang='lat' dir='ltr'><strong>cum</strong></span> <span class='ocrx_word' id='word_1_505' title='bbox 555 4031 745 4098; x_wconf 89' lang='lat' dir='ltr'><strong>paucis</strong></span> <span class='ocrx_word' id='word_1_506' title='bbox 786 4038 880 4082; x_wconf 90' lang='lat' dir='ltr'><strong>aut.</strong></span> <span class='ocrx_word' id='word_1_507' title='bbox 912 4043 1036 4081; x_wconf 91' lang='lat' dir='ltr'><strong>cum</strong></span> <span class='ocrx_word' id='word_1_508' title='bbox 1077 4027 1326 4098; x_wconf 89' lang='lat' dir='ltr'><strong>pluribus</strong></span> <span class='ocrx_word' id='word_1_509' title='bbox 1352 4012 1661 4095; x_wconf 84' lang='lat' dir='ltr'><strong>conveniat,</strong></span> <span class='ocrx_word' id='word_1_510' title='bbox 1690 4033 1792 4084; x_wconf 87' lang='lat' dir='ltr'><strong>nti-</strong></span> 
     </span>
    </p>
   </div>
   <div class='ocr_carea' id='block_1_70' title="bbox 225 4121 1792 4188">
    <p class='ocr_par' dir='ltr' id='par_1_70' title="bbox 225 4121 1792 4188">
     <span class='ocr_line' id='line_1_70' title="bbox 225 4121 1792 4188; baseline -0.001 -10"><span class='ocrx_word' id='word_1_511' title='bbox 225 4126 421 4178; x_wconf 87' lang='lat' dir='ltr'><strong>nituum</strong></span> <span class='ocrx_word' id='word_1_512' title='bbox 457 4121 622 4174; x_wconf 79' lang='lat' dir='ltr'><strong>refert</strong></span> <span class='ocrx_word' id='word_1_513' title='bbox 653 4137 666 4173; x_wconf 93' lang='lat'>:</span> <span class='ocrx_word' id='word_1_514' title='bbox 701 4121 972 4187; x_wconf 86' lang='lat' dir='ltr'><strong>simulque</strong></span> <span class='ocrx_word' id='word_1_515' title='bbox 1003 4122 1057 4174; x_wconf 87' lang='lat' dir='ltr'><strong>itt</strong></span> <span class='ocrx_word' id='word_1_516' title='bbox 1091 4135 1150 4175; x_wconf 90' lang='lat' dir='ltr'><strong>re</strong></span> <span class='ocrx_word' id='word_1_517' title='bbox 1197 4133 1408 4188; x_wconf 89' lang='lat' dir='ltr'><strong>aperta,</strong></span> <span class='ocrx_word' id='word_1_518' title='bbox 1465 4131 1518 4174; x_wconf 90' lang='lat' dir='ltr'><strong>et</strong></span> <span class='ocrx_word' id='word_1_519' title='bbox 1570 4138 1692 4187; x_wconf 70' lang='lat' dir='ltr'><strong>qua:</strong></span> <span class='ocrx_word' id='word_1_520' title='bbox 1724 4124 1792 4176; x_wconf 92' lang='lat' dir='ltr'><strong>ab</strong></span> 
     </span>
    </p>
   </div>
   <div class='ocr_carea' id='block_1_71' title="bbox 223 4214 1794 4283">
    <p class='ocr_par' dir='ltr' id='par_1_71' title="bbox 223 4214 1794 4283">
     <span class='ocr_line' id='line_1_71' title="bbox 223 4214 1794 4283; baseline -0.001 -13"><span class='ocrx_word' id='word_1_521' title='bbox 223 4217 466 4270; x_wconf 87' lang='lat' dir='ltr'><strong>omnibus</strong></span> <span class='ocrx_word' id='word_1_522' title='bbox 515 4214 768 4267; x_wconf 70' lang='lat' dir='ltr'><strong>Ecclesiae</strong></span> <span class='ocrx_word' id='word_1_523' title='bbox 821 4214 1096 4283; x_wconf 86' lang='lat' dir='ltr'><strong>magistris</strong></span> <span class='ocrx_word' id='word_1_524' title='bbox 1169 4215 1297 4266; x_wconf 87' lang='lat' dir='ltr'><strong>trita</strong></span> <span class='ocrx_word' id='word_1_525' title='bbox 1351 4220 1470 4276; x_wconf 89' lang='lat' dir='ltr'><strong>est,</strong></span> <span class='ocrx_word' id='word_1_526' title='bbox 1503 4214 1570 4268; x_wconf 87' lang='lat' dir='ltr'><strong>de</strong></span> <span class='ocrx_word' id='word_1_527' title='bbox 1615 4217 1794 4269; x_wconf 88' lang='lat' dir='ltr'><strong>sancti</strong></span> 
     </span>
    </p>
   </div>
   <div class='ocr_carea' id='block_1_72' title="bbox 225 4304 1792 4375">
    <p class='ocr_par' dir='ltr' id='par_1_72' title="bbox 225 4304 1792 4375">
     <span class='ocr_line' id='line_1_72' title="bbox 225 4304 1792 4375; baseline -0.003 -10"><span class='ocrx_word' id='word_1_528' title='bbox 225 4310 422 4365; x_wconf 85' lang='lat' dir='ltr'><strong>scilicet</strong></span> <span class='ocrx_word' id='word_1_529' title='bbox 459 4306 697 4374; x_wconf 84' lang='lat' dir='ltr'><strong>Spiritus</strong></span> <span class='ocrx_word' id='word_1_530' title='bbox 729 4308 1094 4374; x_wconf 86' lang='lat' dir='ltr'><strong>processione,</strong></span> <span class='ocrx_word' id='word_1_531' title='bbox 1120 4320 1258 4375; x_wconf 90' lang='lat' dir='ltr'><strong>opus</strong></span> <span class='ocrx_word' id='word_1_532' title='bbox 1287 4321 1391 4358; x_wconf 86' lang='lat' dir='ltr'><strong>nuit</strong></span> <span class='ocrx_word' id='word_1_533' title='bbox 1415 4304 1588 4360; x_wconf 82' lang='lat' dir='ltr'><strong>fuisse</strong></span> <span class='ocrx_word' id='word_1_534' title='bbox 1620 4311 1792 4360; x_wconf 69' lang='lat' dir='ltr'><strong>citare</strong></span> 
     </span>
    </p>
   </div>
   <div class='ocr_carea' id='block_1_73' title="bbox 1903 3105 3480 3174">
    <p class='ocr_par' dir='ltr' id='par_1_73' title="bbox 1903 3105 3480 3174">
     <span class='ocr_line' id='line_1_73' title="bbox 1903 3105 3480 3174; baseline -0.006 -6"><span class='ocrx_word' id='word_1_535' title='bbox 1903 3116 2200 3168; x_wconf 80' lang='lat' dir='ltr'><strong>verentiam</strong></span> <span class='ocrx_word' id='word_1_536' title='bbox 2255 3113 2588 3174; x_wconf 86' lang='lat' dir='ltr'><strong>reddentes;</strong></span> <span class='ocrx_word' id='word_1_537' title='bbox 2650 3111 2892 3172; x_wconf 89' lang='lat' dir='ltr'><strong>tertium,</strong></span> <span class='ocrx_word' id='word_1_538' title='bbox 2944 3118 3002 3160; x_wconf 94' lang='lat' dir='ltr'><strong>ut</strong></span> <span class='ocrx_word' id='word_1_539' title='bbox 3039 3106 3338 3160; x_wconf 75' lang='lat' dir='ltr'><strong>Romanam</strong></span> <span class='ocrx_word' id='word_1_540' title='bbox 3377 3105 3480 3158; x_wconf 79' lang='lat' dir='ltr'><strong>Ec-</strong></span> 
     </span>
    </p>
   </div>
   <div class='ocr_carea' id='block_1_74' title="bbox 1902 3195 3480 3270">
    <p class='ocr_par' dir='ltr' id='par_1_74' title="bbox 1902 3195 3480 3270">
     <span class='ocr_line' id='line_1_74' title="bbox 1902 3195 3480 3270; baseline -0.007 -9"><span class='ocrx_word' id='word_1_541' title='bbox 1902 3207 2124 3262; x_wconf 86' lang='lat' dir='ltr'><strong>clesiatn</strong></span> <span class='ocrx_word' id='word_1_542' title='bbox 2167 3204 2218 3256; x_wconf 88' lang='lat' dir='ltr'><strong>iti</strong></span> <span class='ocrx_word' id='word_1_543' title='bbox 2274 3202 2664 3256; x_wconf 82' lang='lat' dir='ltr'><strong>ecclesiasticis</strong></span> <span class='ocrx_word' id='word_1_544' title='bbox 2710 3201 3058 3270; x_wconf 84' lang='lat' dir='ltr'><strong>dogmatibus</strong></span> <span class='ocrx_word' id='word_1_545' title='bbox 3084 3208 3312 3252; x_wconf 88' lang='lat' dir='ltr'><strong>matrem</strong></span> <span class='ocrx_word' id='word_1_546' title='bbox 3347 3195 3480 3250; x_wconf 78' lang='lat' dir='ltr'><strong>[ldo-</strong></span> 
     </span>
    </p>
   </div>
   <div class='ocr_carea' id='block_1_75' title="bbox 1899 3290 3481 3366">
    <p class='ocr_par' dir='ltr' id='par_1_75' title="bbox 1899 3290 3481 3366">
     <span class='ocr_line' id='line_1_75' title="bbox 1899 3290 3481 3366; baseline -0.007 -14"><span class='ocrx_word' id='word_1_547' title='bbox 1899 3299 2030 3352; x_wconf 89' lang='lat' dir='ltr'><strong>lium</strong></span> <span class='ocrx_word' id='word_1_548' title='bbox 2061 3309 2225 3366; x_wconf 90' lang='lat' dir='ltr'><strong>atque</strong></span> <span class='ocrx_word' id='word_1_549' title='bbox 2258 3295 2575 3364; x_wconf 88' lang='lat' dir='ltr'><strong>magistram</strong></span> <span class='ocrx_word' id='word_1_550' title='bbox 2627 3307 2758 3346; x_wconf 86' lang='lat' dir='ltr'><strong>sana</strong></span> <span class='ocrx_word' id='word_1_551' title='bbox 2798 3306 3015 3361; x_wconf 85' lang='lat' dir='ltr'><strong>semper</strong></span> <span class='ocrx_word' id='word_1_552' title='bbox 3043 3290 3147 3344; x_wconf 82' lang='lat' dir='ltr'><strong>ﬁde</strong></span> <span class='ocrx_word' id='word_1_553' title='bbox 3193 3302 3336 3349; x_wconf 80' lang='lat' dir='ltr'><strong>esse,</strong></span> <span class='ocrx_word' id='word_1_554' title='bbox 3367 3301 3481 3341; x_wconf 88' lang='lat' dir='ltr'><strong>cre—</strong></span> 
     </span>
    </p>
   </div>
   <div class='ocr_carea' id='block_1_76' title="bbox 1899 3379 3474 3444">
    <p class='ocr_par' dir='ltr' id='par_1_76' title="bbox 1899 3379 3474 3444">
     <span class='ocr_line' id='line_1_76' title="bbox 1899 3379 3474 3444; baseline -0.01 -4"><span class='ocrx_word' id='word_1_555' title='bbox 1899 3389 2113 3442; x_wconf 89' lang='lat' dir='ltr'><strong>derent.</strong></span> <span class='ocrx_word' id='word_1_556' title='bbox 2163 3387 2372 3441; x_wconf 69' lang='lat' dir='ltr'><strong>Caetera</strong></span> <span class='ocrx_word' id='word_1_557' title='bbox 2421 3384 2556 3438; x_wconf 89' lang='lat' dir='ltr'><strong>locis</strong></span> <span class='ocrx_word' id='word_1_558' title='bbox 2591 3382 2708 3436; x_wconf 86' lang='lat' dir='ltr'><strong>suis</strong></span> <span class='ocrx_word' id='word_1_559' title='bbox 2759 3396 2979 3434; x_wconf 85' lang='lat' dir='ltr'><strong>manere</strong></span> <span class='ocrx_word' id='word_1_560' title='bbox 3034 3379 3292 3444; x_wconf 88' lang='lat' dir='ltr'><strong>permissa</strong></span> <span class='ocrx_word' id='word_1_561' title='bbox 3326 3387 3474 3430; x_wconf 89' lang='lat' dir='ltr'><strong>sunt.</strong></span> 
     </span>
    </p>
   </div>
   <div class='ocr_carea' id='block_1_77' title="bbox 1900 3473 3481 3546">
    <p class='ocr_par' dir='ltr' id='par_1_77' title="bbox 1900 3473 3481 3546">
     <span class='ocr_line' id='line_1_77' title="bbox 1900 3473 3481 3546; baseline -0.008 -12"><span class='ocrx_word' id='word_1_562' title='bbox 1900 3480 2005 3534; x_wconf 90' lang='lat' dir='ltr'><strong>Sed</strong></span> <span class='ocrx_word' id='word_1_563' title='bbox 2035 3493 2177 3532; x_wconf 92' lang='lat' dir='ltr'><strong>nunc</strong></span> <span class='ocrx_word' id='word_1_564' title='bbox 2200 3490 2413 3546; x_wconf 86' lang='lat' dir='ltr'><strong>quoque</strong></span> <span class='ocrx_word' id='word_1_565' title='bbox 2447 3478 2498 3528; x_wconf 87' lang='lat' dir='ltr'><strong>in</strong></span> <span class='ocrx_word' id='word_1_566' title='bbox 2533 3473 2809 3536; x_wconf 81' lang='lat' dir='ltr'><strong>Sicilia,et</strong></span> <span class='ocrx_word' id='word_1_567' title='bbox 2839 3488 2900 3526; x_wconf 88' lang='lat' dir='ltr'><strong>ea</strong></span> <span class='ocrx_word' id='word_1_568' title='bbox 2929 3486 3050 3540; x_wconf 76' lang='lat' dir='ltr'><strong>qua:</strong></span> <span class='ocrx_word' id='word_1_569' title='bbox 3077 3484 3265 3536; x_wconf 86' lang='lat' dir='ltr'><strong>magna</strong></span> <span class='ocrx_word' id='word_1_570' title='bbox 3292 3477 3346 3522; x_wconf 90' lang='lat' dir='ltr'><strong>et</strong></span> <span class='ocrx_word' id='word_1_571' title='bbox 3377 3483 3481 3522; x_wconf 85' lang='lat' dir='ltr'><strong>an-</strong></span> 
     </span>
    </p>
   </div>
   <div class='ocr_carea' id='block_1_78' title="bbox 1902 3559 3478 3642">
    <p class='ocr_par' dir='ltr' id='par_1_78' title="bbox 1902 3559 3478 3642">
     <span class='ocr_line' id='line_1_78' title="bbox 1902 3559 3478 3642; baseline -0.007 -16"><span class='ocrx_word' id='word_1_572' title='bbox 1902 3575 2050 3642; x_wconf 88' lang='lat' dir='ltr'><strong>tiqua</strong></span> <span class='ocrx_word' id='word_1_573' title='bbox 2083 3570 2289 3625; x_wconf 66' lang='lat' dir='ltr'><strong>Graecia</strong></span> <span class='ocrx_word' id='word_1_574' title='bbox 2325 3569 2525 3621; x_wconf 90' lang='lat' dir='ltr'><strong>dudum</strong></span> <span class='ocrx_word' id='word_1_575' title='bbox 2550 3565 2867 3626; x_wconf 89' lang='lat' dir='ltr'><strong>vocabatur,</strong></span> <span class='ocrx_word' id='word_1_576' title='bbox 2897 3578 3018 3616; x_wconf 91' lang='lat' dir='ltr'><strong>cum</strong></span> <span class='ocrx_word' id='word_1_577' title='bbox 3050 3561 3222 3616; x_wconf 66' lang='lat' dir='ltr'><strong>Graeci</strong></span> <span class='ocrx_word' id='word_1_578' title='bbox 3260 3559 3478 3628; x_wconf 78' lang='lat' dir='ltr'><strong>plurimi</strong></span> 
     </span>
    </p>
   </div>
   <div class='ocr_carea' id='block_1_79' title="bbox 1900 3654 3480 3726">
    <p class='ocr_par' dir='ltr' id='par_1_79' title="bbox 1900 3654 3480 3726">
     <span class='ocr_line' id='line_1_79' title="bbox 1900 3654 3480 3726; baseline -0.008 -8"><span class='ocrx_word' id='word_1_579' title='bbox 1900 3664 2228 3726; x_wconf 86' lang='lat' dir='ltr'><strong>inhabitent,</strong></span> <span class='ocrx_word' id='word_1_580' title='bbox 2261 3657 2659 3725; x_wconf 87' lang='lat' dir='ltr'><strong>Orientalisquc</strong></span> <span class='ocrx_word' id='word_1_581' title='bbox 2683 3655 2937 3709; x_wconf 81' lang='lat' dir='ltr'><strong>Ecclesia:</strong></span> <span class='ocrx_word' id='word_1_582' title='bbox 2987 3654 3230 3708; x_wconf 86' lang='lat' dir='ltr'><strong>moribus</strong></span> <span class='ocrx_word' id='word_1_583' title='bbox 3265 3664 3318 3706; x_wconf 89' lang='lat' dir='ltr'><strong>et</strong></span> <span class='ocrx_word' id='word_1_584' title='bbox 3361 3655 3480 3706; x_wconf 87' lang='lat' dir='ltr'><strong>riti-</strong></span> 
     </span>
    </p>
   </div>
   <div class='ocr_carea' id='block_1_80' title="bbox 1903 3743 3478 3822">
    <p class='ocr_par' dir='ltr' id='par_1_80' title="bbox 1903 3743 3478 3822">
     <span class='ocr_line' id='line_1_80' title="bbox 1903 3743 3478 3822; baseline -0.008 -11"><span class='ocrx_word' id='word_1_585' title='bbox 1903 3760 2003 3812; x_wconf 89' lang='lat' dir='ltr'><strong>bus</strong></span> <span class='ocrx_word' id='word_1_586' title='bbox 2041 3753 2258 3810; x_wconf 85' lang='lat' dir='ltr'><strong>utaittur</strong></span> <span class='ocrx_word' id='word_1_587' title='bbox 2286 3751 2446 3822; x_wconf 90' lang='lat' dir='ltr'><strong>;quia</strong></span> <span class='ocrx_word' id='word_1_588' title='bbox 2479 3750 2655 3804; x_wconf 84' lang='lat' dir='ltr'><strong>solum</strong></span> <span class='ocrx_word' id='word_1_589' title='bbox 2693 3748 2951 3803; x_wconf 63' lang='lat' dir='ltr'><strong>Romanae</strong></span> <span class='ocrx_word' id='word_1_590' title='bbox 2988 3745 3245 3798; x_wconf 71' lang='lat' dir='ltr'><strong>Ecclesiae</strong></span> <span class='ocrx_word' id='word_1_591' title='bbox 3278 3743 3478 3798; x_wconf 89' lang='lat' dir='ltr'><strong>subditi</strong></span> 
     </span>
    </p>
   </div>
   <div class='ocr_carea' id='block_1_81' title="bbox 1900 3838 3476 3917">
    <p class='ocr_par' dir='ltr' id='par_1_81' title="bbox 1900 3838 3476 3917">
     <span class='ocr_line' id='line_1_81' title="bbox 1900 3838 3476 3917; baseline -0.013 -11"><span class='ocrx_word' id='word_1_592' title='bbox 1900 3862 2050 3911; x_wconf 85' lang='lat' dir='ltr'><strong>sunt,</strong></span> <span class='ocrx_word' id='word_1_593' title='bbox 2071 3865 2174 3903; x_wconf 91' lang='lat' dir='ltr'><strong>non</strong></span> <span class='ocrx_word' id='word_1_594' title='bbox 2197 3856 2462 3917; x_wconf 86' lang='lat' dir='ltr'><strong>coguntur</strong></span> <span class='ocrx_word' id='word_1_595' title='bbox 2486 3842 2798 3913; x_wconf 81' lang='lat' dir='ltr'><strong>Symbolum</strong></span> <span class='ocrx_word' id='word_1_596' title='bbox 2821 3854 2943 3894; x_wconf 92' lang='lat' dir='ltr'><strong>cum</strong></span> <span class='ocrx_word' id='word_1_597' title='bbox 2977 3838 3252 3892; x_wconf 74' lang='lat' dir='ltr'><strong>auditione</strong></span> <span class='ocrx_word' id='word_1_598' title='bbox 3276 3839 3476 3903; x_wconf 76' lang='lat' dir='ltr'><strong>legere;</strong></span> 
     </span>
    </p>
   </div>
   <div class='ocr_carea' id='block_1_82' title="bbox 1899 3927 3480 4003">
    <p class='ocr_par' dir='ltr' id='par_1_82' title="bbox 1899 3927 3480 4003">
     <span class='ocr_line' id='line_1_82' title="bbox 1899 3927 3480 4003; baseline -0.013 -5"><span class='ocrx_word' id='word_1_599' title='bbox 1899 3942 1994 3998; x_wconf 89' lang='lat' dir='ltr'><strong>sed</strong></span> <span class='ocrx_word' id='word_1_600' title='bbox 2035 3942 2172 4003; x_wconf 86' lang='lat' dir='ltr'><strong>sola,</strong></span> <span class='ocrx_word' id='word_1_601' title='bbox 2221 3951 2277 3993; x_wconf 94' lang='lat' dir='ltr'><strong>ut</strong></span> <span class='ocrx_word' id='word_1_602' title='bbox 2326 3939 2529 3992; x_wconf 89' lang='lat' dir='ltr'><strong>dictum</strong></span> <span class='ocrx_word' id='word_1_603' title='bbox 2565 3945 2647 3989; x_wconf 89' lang='lat' dir='ltr'><strong>est</strong></span> <span class='ocrx_word' id='word_1_604' title='bbox 2675 3975 2688 3997; x_wconf 87' lang='lat'><strong>,</strong></span> <span class='ocrx_word' id='word_1_605' title='bbox 2725 3932 3038 3988; x_wconf 89' lang='lat' dir='ltr'><strong>obedientia</strong></span> <span class='ocrx_word' id='word_1_606' title='bbox 3071 3929 3324 3984; x_wconf 64' lang='lat' dir='ltr'><strong>Ecclesiae</strong></span> <span class='ocrx_word' id='word_1_607' title='bbox 3375 3927 3480 3980; x_wconf 84' lang='lat' dir='ltr'><strong>illl-</strong></span> 
     </span>
    </p>
   </div>
   <div class='ocr_carea' id='block_1_83' title="bbox 1900 4020 3476 4106">
    <p class='ocr_par' dir='ltr' id='par_1_83' title="bbox 1900 4020 3476 4106">
     <span class='ocr_line' id='line_1_83' title="bbox 1900 4020 3476 4106; baseline -0.012 -14"><span class='ocrx_word' id='word_1_608' title='bbox 1900 4052 2088 4106; x_wconf 80' lang='lat' dir='ltr'><strong>pcnsa,</strong></span> <span class='ocrx_word' id='word_1_609' title='bbox 2130 4049 2251 4086; x_wconf 90' lang='lat' dir='ltr'><strong>cum</strong></span> <span class='ocrx_word' id='word_1_610' title='bbox 2299 4048 2403 4085; x_wconf 92' lang='lat' dir='ltr'><strong>non</strong></span> <span class='ocrx_word' id='word_1_611' title='bbox 2450 4033 2561 4084; x_wconf 88' lang='lat' dir='ltr'><strong>sint</strong></span> <span class='ocrx_word' id='word_1_612' title='bbox 2589 4029 2879 4083; x_wconf 71' lang='lat' dir='ltr'><strong>contrariae</strong></span> <span class='ocrx_word' id='word_1_613' title='bbox 2899 4025 3196 4098; x_wconf 87' lang='lat' dir='ltr'><strong>opinionis,</strong></span> <span class='ocrx_word' id='word_1_614' title='bbox 3234 4021 3367 4076; x_wconf 92' lang='lat' dir='ltr'><strong>nihil</strong></span> <span class='ocrx_word' id='word_1_615' title='bbox 3409 4020 3476 4074; x_wconf 88' lang='lat' dir='ltr'><strong>ab</strong></span> 
     </span>
    </p>
   </div>
   <div class='ocr_carea' id='block_1_84' title="bbox 1901 4121 3478 4192">
    <p class='ocr_par' dir='ltr' id='par_1_84' title="bbox 1901 4121 3478 4192">
     <span class='ocr_line' id='line_1_84' title="bbox 1901 4121 3478 4192; baseline -0.003 -13"><span class='ocrx_word' id='word_1_616' title='bbox 1901 4130 1980 4180; x_wconf 84' lang='lat' dir='ltr'><strong>eis</strong></span> <span class='ocrx_word' id='word_1_617' title='bbox 2014 4126 2243 4192; x_wconf 84' lang='lat' dir='ltr'><strong>amplius</strong></span> <span class='ocrx_word' id='word_1_618' title='bbox 2272 4124 2526 4190; x_wconf 76' lang='lat' dir='ltr'><strong>exigitur,</strong></span> <span class='ocrx_word' id='word_1_619' title='bbox 2562 4137 2665 4174; x_wconf 86' lang='lat' dir='ltr'><strong>una</strong></span> <span class='ocrx_word' id='word_1_620' title='bbox 2697 4121 2795 4174; x_wconf 80' lang='lat' dir='ltr'><strong>Itac</strong></span> <span class='ocrx_word' id='word_1_621' title='bbox 2831 4136 2888 4174; x_wconf 85' lang='lat' dir='ltr'><strong>re</strong></span> <span class='ocrx_word' id='word_1_622' title='bbox 2921 4130 3118 4175; x_wconf 77' lang='lat' dir='ltr'><strong>caetera</strong></span> <span class='ocrx_word' id='word_1_623' title='bbox 3152 4121 3315 4173; x_wconf 80' lang='lat' dir='ltr'><strong>etiam</strong></span> <span class='ocrx_word' id='word_1_624' title='bbox 3343 4136 3478 4174; x_wconf 91' lang='lat' dir='ltr'><strong>con-</strong></span> 
     </span>
    </p>
   </div>
   <div class='ocr_carea' id='block_1_85' title="bbox 1905 4212 3480 4282">
    <p class='ocr_par' dir='ltr' id='par_1_85' title="bbox 1905 4212 3480 4282">
     <span class='ocr_line' id='line_1_85' title="bbox 1905 4212 3480 4282; baseline -0.004 -9"><span class='ocrx_word' id='word_1_625' title='bbox 1905 4222 2062 4274; x_wconf 83' lang='lat' dir='ltr'><strong>tineri</strong></span> <span class='ocrx_word' id='word_1_626' title='bbox 2101 4218 2492 4271; x_wconf 83' lang='lat' dir='ltr'><strong>arbitrantiuus</strong></span> <span class='ocrx_word' id='word_1_627' title='bbox 2521 4214 2764 4270; x_wconf 88' lang='lat' dir='ltr'><strong>Latinis:</strong></span> <span class='ocrx_word' id='word_1_628' title='bbox 2797 4213 3018 4282; x_wconf 85' lang='lat' dir='ltr'><strong>quippe,</strong></span> <span class='ocrx_word' id='word_1_629' title='bbox 3052 4227 3160 4266; x_wconf 91' lang='lat' dir='ltr'><strong>non</strong></span> <span class='ocrx_word' id='word_1_630' title='bbox 3193 4212 3244 4265; x_wconf 89' lang='lat' dir='ltr'><strong>lu</strong></span> <span class='ocrx_word' id='word_1_631' title='bbox 3277 4214 3480 4278; x_wconf 79' lang='lat' dir='ltr'><strong>verbis,</strong></span> 
     </span>
    </p>
   </div>
   <div class='ocr_carea' id='block_1_86' title="bbox 1901 4305 3474 4376">
    <p class='ocr_par' dir='ltr' id='par_1_86' title="bbox 1901 4305 3474 4376">
     <span class='ocr_line' id='line_1_86' title="bbox 1901 4305 3474 4376; baseline -0.005 -11"><span class='ocrx_word' id='word_1_632' title='bbox 1901 4313 1995 4365; x_wconf 89' lang='lat' dir='ltr'><strong>sed</strong></span> <span class='ocrx_word' id='word_1_633' title='bbox 2023 4313 2072 4364; x_wconf 94' lang='lat' dir='ltr'><strong>in</strong></span> <span class='ocrx_word' id='word_1_634' title='bbox 2112 4310 2363 4364; x_wconf 88' lang='lat' dir='ltr'><strong>sensibus</strong></span> <span class='ocrx_word' id='word_1_635' title='bbox 2397 4308 2588 4376; x_wconf 88' lang='lat' dir='ltr'><strong>religio</strong></span> <span class='ocrx_word' id='word_1_636' title='bbox 2625 4316 2811 4360; x_wconf 82' lang='lat' dir='ltr'><strong>uestra</strong></span> <span class='ocrx_word' id='word_1_637' title='bbox 2851 4305 3141 4369; x_wconf 85' lang='lat' dir='ltr'><strong>consistit,</strong></span> <span class='ocrx_word' id='word_1_638' title='bbox 3178 4305 3474 4359; x_wconf 87' lang='lat' dir='ltr'><strong>secundum</strong></span> 
     </span>
    </p>
   </div>
   <div class='ocr_carea' id='block_1_87' title="bbox 225 4397 2590 4469">
    <p class='ocr_par' dir='ltr' id='par_1_87' title="bbox 225 4397 2590 4469">
     <span class='ocr_line' id='line_1_87' title="bbox 225 4397 2590 4469; baseline -0.003 -13"><span class='ocrx_word' id='word_1_639' title='bbox 225 4405 425 4465; x_wconf 77' lang='lat' dir='ltr'><strong>urbem,</strong></span> <span class='ocrx_word' id='word_1_640' title='bbox 487 4400 653 4453; x_wconf 82' lang='lat' dir='ltr'><strong>veluti</strong></span> <span class='ocrx_word' id='word_1_641' title='bbox 709 4414 770 4450; x_wconf 84' lang='lat' dir='ltr'><strong>ea</strong></span> <span class='ocrx_word' id='word_1_642' title='bbox 808 4401 1032 4462; x_wconf 71' lang='lat' dir='ltr'><strong>quaestio</strong></span> <span class='ocrx_word' id='word_1_643' title='bbox 1061 4398 1217 4450; x_wconf 81' lang='lat' dir='ltr'><strong>Valde</strong></span> <span class='ocrx_word' id='word_1_644' title='bbox 1245 4406 1392 4451; x_wconf 87' lang='lat' dir='ltr'><strong>esset</strong></span> <span class='ocrx_word' id='word_1_645' title='bbox 1413 4400 1686 4466; x_wconf 79' lang='lat' dir='ltr'><strong>ambigua,</strong></span> <span class='ocrx_word' id='word_1_646' title='bbox 1713 4411 1797 4451; x_wconf 83' lang='lat' dir='ltr'><strong>at—</strong></span> <span class='ocrx_word' id='word_1_647' title='bbox 1830 4397 1871 4450; x_wconf 85' lang='lat' dir='ltr'><strong>D</strong></span> <span class='ocrx_word' id='word_1_648' title='bbox 1903 4403 2210 4469; x_wconf 72' lang='lat' dir='ltr'><strong>theologum</strong></span> <span class='ocrx_word' id='word_1_649' title='bbox 2247 4401 2590 4467; x_wconf 78' lang='lat' dir='ltr'><strong>Gregorium.</strong></span> 
     </span>
    </p>
   </div>
   <div class='ocr_carea' id='block_1_88' title="bbox 229 4491 1794 4564">
    <p class='ocr_par' dir='ltr' id='par_1_88' title="bbox 229 4491 1794 4564">
     <span class='ocr_line' id='line_1_88' title="bbox 229 4491 1794 4564; baseline -0.004 -16"><span class='ocrx_word' id='word_1_650' title='bbox 229 4510 323 4564; x_wconf 89' lang='lat' dir='ltr'><strong>que</strong></span> <span class='ocrx_word' id='word_1_651' title='bbox 353 4493 493 4556; x_wconf 89' lang='lat' dir='ltr'><strong>ideo,</strong></span> <span class='ocrx_word' id='word_1_652' title='bbox 525 4491 782 4545; x_wconf 83' lang='lat' dir='ltr'><strong>Omnibus</strong></span> <span class='ocrx_word' id='word_1_653' title='bbox 811 4491 1286 4548; x_wconf 89' lang='lat' dir='ltr'><strong>communicanda.</strong></span> <span class='ocrx_word' id='word_1_654' title='bbox 1320 4491 1422 4558; x_wconf 80' lang='lat' dir='ltr'><strong>Qui</strong></span> <span class='ocrx_word' id='word_1_655' title='bbox 1446 4493 1591 4545; x_wconf 90' lang='lat' dir='ltr'><strong>enim</strong></span> <span class='ocrx_word' id='word_1_656' title='bbox 1626 4492 1794 4546; x_wconf 83' lang='lat' dir='ltr'><strong>semel</strong></span> 
     </span>
    </p>
   </div>
   <div class='ocr_carea' id='block_1_89' title="bbox 229 4583 1789 4656">
    <p class='ocr_par' dir='ltr' id='par_1_89' title="bbox 229 4583 1789 4656">
     <span class='ocr_line' id='line_1_89' title="bbox 229 4583 1789 4656; baseline -0.004 -14"><span class='ocrx_word' id='word_1_657' title='bbox 229 4587 587 4656; x_wconf 87' lang='lat' dir='ltr'><strong>percepissent</strong></span> <span class='ocrx_word' id='word_1_658' title='bbox 644 4583 790 4637; x_wconf 87' lang='lat' dir='ltr'><strong>Patri</strong></span> <span class='ocrx_word' id='word_1_659' title='bbox 842 4583 1038 4638; x_wconf 82' lang='lat' dir='ltr'><strong>Filium</strong></span> <span class='ocrx_word' id='word_1_660' title='bbox 1090 4597 1211 4637; x_wconf 86' lang='lat' dir='ltr'><strong>esse</strong></span> <span class='ocrx_word' id='word_1_661' title='bbox 1240 4583 1789 4646; x_wconf 87' lang='lat' dir='ltr'><strong>consubstantialem,</strong></span> 
     </span>
    </p>
   </div>
   <div class='ocr_carea' id='block_1_90' title="bbox 230 4674 1795 4748">
    <p class='ocr_par' dir='ltr' id='par_1_90' title="bbox 230 4674 1795 4748">
     <span class='ocr_line' id='line_1_90' title="bbox 230 4674 1795 4748; baseline -0.001 -15"><span class='ocrx_word' id='word_1_662' title='bbox 230 4680 442 4748; x_wconf 86' lang='lat' dir='ltr'><strong>ejusque</strong></span> <span class='ocrx_word' id='word_1_663' title='bbox 477 4676 975 4735; x_wconf 86' lang='lat' dir='ltr'><strong>incommutabilem</strong></span> <span class='ocrx_word' id='word_1_664' title='bbox 1006 4676 1296 4743; x_wconf 77' lang='lat' dir='ltr'><strong>imaginem</strong></span> <span class='ocrx_word' id='word_1_665' title='bbox 1328 4690 1482 4741; x_wconf 86' lang='lat' dir='ltr'><strong>esse,</strong></span> <span class='ocrx_word' id='word_1_666' title='bbox 1515 4683 1568 4729; x_wconf 89' lang='lat' dir='ltr'><strong>et</strong></span> <span class='ocrx_word' id='word_1_667' title='bbox 1619 4674 1795 4732; x_wconf 86' lang='lat' dir='ltr'><strong>Patris</strong></span> 
     </span>
    </p>
   </div>
   <div class='ocr_carea' id='block_1_91' title="bbox 232 4766 1794 4838">
    <p class='ocr_par' dir='ltr' id='par_1_91' title="bbox 232 4766 1794 4838">
     <span class='ocr_line' id='line_1_91' title="bbox 232 4766 1794 4838; baseline -0.003 -13"><span class='ocrx_word' id='word_1_668' title='bbox 232 4773 418 4826; x_wconf 83' lang='lat' dir='ltr'><strong>habere</strong></span> <span class='ocrx_word' id='word_1_669' title='bbox 445 4770 651 4833; x_wconf 91' lang='lat' dir='ltr'><strong>omnia,</strong></span> <span class='ocrx_word' id='word_1_670' title='bbox 683 4777 876 4838; x_wconf 74' lang='lat' dir='ltr'><strong>praeter</strong></span> <span class='ocrx_word' id='word_1_671' title='bbox 905 4766 1077 4822; x_wconf 88' lang='lat' dir='ltr'><strong>solum</strong></span> <span class='ocrx_word' id='word_1_672' title='bbox 1110 4766 1328 4822; x_wconf 81' lang='lat' dir='ltr'><strong>Patrem</strong></span> <span class='ocrx_word' id='word_1_673' title='bbox 1369 4783 1526 4830; x_wconf 88' lang='lat' dir='ltr'><strong>esse,</strong></span> <span class='ocrx_word' id='word_1_674' title='bbox 1559 4779 1612 4822; x_wconf 91' lang='lat' dir='ltr'><strong>et</strong></span> <span class='ocrx_word' id='word_1_675' title='bbox 1653 4784 1794 4822; x_wconf 91' lang='lat' dir='ltr'><strong>nunc</strong></span> 
     </span>
    </p>
   </div>
   <div class='ocr_carea' id='block_1_92' title="bbox 234 4857 1796 4934">
    <p class='ocr_par' dir='ltr' id='par_1_92' title="bbox 234 4857 1796 4934">
     <span class='ocr_line' id='line_1_92' title="bbox 234 4857 1796 4934; baseline -0.002 -16"><span class='ocrx_word' id='word_1_676' title='bbox 234 4866 437 4934; x_wconf 86' lang='lat' dir='ltr'><strong>quidem</strong></span> <span class='ocrx_word' id='word_1_677' title='bbox 460 4861 714 4916; x_wconf 88' lang='lat' dir='ltr'><strong>audirent</strong></span> <span class='ocrx_word' id='word_1_678' title='bbox 763 4860 1024 4929; x_wconf 87' lang='lat' dir='ltr'><strong>Spiritum</strong></span> <span class='ocrx_word' id='word_1_679' title='bbox 1062 4860 1308 4914; x_wconf 86' lang='lat' dir='ltr'><strong>veritatis</strong></span> <span class='ocrx_word' id='word_1_680' title='bbox 1340 4869 1394 4913; x_wconf 92' lang='lat' dir='ltr'><strong>ct</strong></span> <span class='ocrx_word' id='word_1_681' title='bbox 1426 4857 1544 4914; x_wconf 85' lang='lat' dir='ltr'><strong>Filii</strong></span> <span class='ocrx_word' id='word_1_682' title='bbox 1580 4876 1702 4914; x_wconf 81' lang='lat' dir='ltr'><strong>esse</strong></span> <span class='ocrx_word' id='word_1_683' title='bbox 1744 4874 1796 4915; x_wconf 91' lang='lat' dir='ltr'><strong>et</strong></span> 
     </span>
    </p>
   </div>
   <div class='ocr_carea' id='block_1_93' title="bbox 235 4949 1800 5024">
    <p class='ocr_par' dir='ltr' id='par_1_93' title="bbox 235 4949 1800 5024">
     <span class='ocr_line' id='line_1_93' title="bbox 235 4949 1800 5024; baseline -0.003 -14"><span class='ocrx_word' id='word_1_684' title='bbox 235 4961 292 5012; x_wconf 87' lang='lat' dir='ltr'><strong>ab</strong></span> <span class='ocrx_word' id='word_1_685' title='bbox 322 4956 434 5024; x_wconf 88' lang='lat' dir='ltr'><strong>ipso</strong></span> <span class='ocrx_word' id='word_1_686' title='bbox 466 4953 734 5022; x_wconf 88' lang='lat' dir='ltr'><strong>accipere,</strong></span> <span class='ocrx_word' id='word_1_687' title='bbox 765 4952 914 5006; x_wconf 78' lang='lat' dir='ltr'><strong>&#39;nunc</strong></span> <span class='ocrx_word' id='word_1_688' title='bbox 939 4965 1120 5006; x_wconf 86' lang='lat' dir='ltr'><strong>autent</strong></span> <span class='ocrx_word' id='word_1_689' title='bbox 1151 4966 1249 5021; x_wconf 84' lang='lat' dir='ltr'><strong>per</strong></span> <span class='ocrx_word' id='word_1_690' title='bbox 1279 4949 1475 5005; x_wconf 86' lang='lat' dir='ltr'><strong>Filium</strong></span> <span class='ocrx_word' id='word_1_691' title='bbox 1507 4951 1800 5020; x_wconf 83' lang='lat' dir='ltr'><strong>procedere</strong></span> 
     </span>
    </p>
   </div>
   <div class='ocr_carea' id='block_1_94' title="bbox 237 5043 1796 5111">
    <p class='ocr_par' dir='ltr' id='par_1_94' title="bbox 237 5043 1796 5111">
     <span class='ocr_line' id='line_1_94' title="bbox 237 5043 1796 5111; baseline -0.001 -10"><span class='ocrx_word' id='word_1_692' title='bbox 237 5057 284 5101; x_wconf 89' lang='lat' dir='ltr'><strong>et</strong></span> <span class='ocrx_word' id='word_1_693' title='bbox 315 5063 378 5101; x_wconf 86' lang='lat' dir='ltr'><strong>ex</strong></span> <span class='ocrx_word' id='word_1_694' title='bbox 427 5044 565 5100; x_wconf 87' lang='lat' dir='ltr'><strong>Filio</strong></span> <span class='ocrx_word' id='word_1_695' title='bbox 597 5058 718 5099; x_wconf 88' lang='lat' dir='ltr'><strong>esse</strong></span> <span class='ocrx_word' id='word_1_696' title='bbox 739 5083 754 5108; x_wconf 94' lang='lat'><strong>,</strong></span> <span class='ocrx_word' id='word_1_697' title='bbox 784 5043 943 5098; x_wconf 88' lang='lat' dir='ltr'><strong>sicuti</strong></span> <span class='ocrx_word' id='word_1_698' title='bbox 983 5043 1146 5098; x_wconf 84' lang='lat' dir='ltr'><strong>etiam</strong></span> <span class='ocrx_word' id='word_1_699' title='bbox 1175 5059 1239 5098; x_wconf 89' lang='lat' dir='ltr'><strong>ex</strong></span> <span class='ocrx_word' id='word_1_700' title='bbox 1287 5043 1470 5108; x_wconf 87' lang='lat' dir='ltr'><strong>Patre,</strong></span> <span class='ocrx_word' id='word_1_701' title='bbox 1495 5054 1550 5098; x_wconf 91' lang='lat' dir='ltr'><strong>et</strong></span> <span class='ocrx_word' id='word_1_702' title='bbox 1579 5045 1646 5099; x_wconf 89' lang='lat' dir='ltr'><strong>ab</strong></span> <span class='ocrx_word' id='word_1_703' title='bbox 1679 5045 1796 5111; x_wconf 90' lang='lat' dir='ltr'><strong>ipso</strong></span> 
     </span>
    </p>
   </div>
   <div class='ocr_carea' id='block_1_95' title="bbox 242 5133 1799 5205">
    <p class='ocr_par' dir='ltr' id='par_1_95' title="bbox 242 5133 1799 5205">
     <span class='ocr_line' id='line_1_95' title="bbox 242 5133 1799 5205; baseline -0.002 -13"><span class='ocrx_word' id='word_1_704' title='bbox 242 5139 424 5193; x_wconf 88' lang='lat' dir='ltr'><strong>habere</strong></span> <span class='ocrx_word' id='word_1_705' title='bbox 455 5151 596 5199; x_wconf 77' lang='lat' dir='ltr'><strong>esse,</strong></span> <span class='ocrx_word' id='word_1_706' title='bbox 631 5147 686 5190; x_wconf 90' lang='lat' dir='ltr'><strong>et</strong></span> <span class='ocrx_word' id='word_1_707' title='bbox 720 5150 839 5205; x_wconf 73' lang='lat' dir='ltr'><strong>quae</strong></span> <span class='ocrx_word' id='word_1_708' title='bbox 875 5134 1002 5188; x_wconf 86' lang='lat' dir='ltr'><strong>talia</strong></span> <span class='ocrx_word' id='word_1_709' title='bbox 1054 5133 1311 5193; x_wconf 62' lang='lat' dir='ltr'><strong>praedicta</strong></span> <span class='ocrx_word' id='word_1_710' title='bbox 1353 5145 1477 5189; x_wconf 90' lang='lat' dir='ltr'><strong>sunt</strong></span> <span class='ocrx_word' id='word_1_711' title='bbox 1504 5151 1522 5193; x_wconf 84' lang='lat'><strong>:</strong></span> <span class='ocrx_word' id='word_1_712' title='bbox 1553 5150 1619 5189; x_wconf 78' lang='lat' dir='ltr'><strong>ex</strong></span> <span class='ocrx_word' id='word_1_713' title='bbox 1659 5135 1799 5190; x_wconf 89' lang='lat' dir='ltr'><strong>Filio</strong></span> 
     </span>
    </p>
   </div>
   <div class='ocr_carea' id='block_1_96' title="bbox 241 5227 1796 5298">
    <p class='ocr_par' dir='ltr' id='par_1_96' title="bbox 241 5227 1796 5298">
     <span class='ocr_line' id='line_1_96' title="bbox 241 5227 1796 5298; baseline 0 -16"><span class='ocrx_word' id='word_1_714' title='bbox 241 5231 385 5284; x_wconf 90' lang='lat' dir='ltr'><strong>etiam</strong></span> <span class='ocrx_word' id='word_1_715' title='bbox 414 5228 731 5298; x_wconf 88' lang='lat' dir='ltr'><strong>procedere,</strong></span> <span class='ocrx_word' id='word_1_716' title='bbox 747 5227 1000 5282; x_wconf 85' lang='lat' dir='ltr'><strong>dubitare</strong></span> <span class='ocrx_word' id='word_1_717' title='bbox 1017 5241 1122 5280; x_wconf 93' lang='lat' dir='ltr'><strong>non</strong></span> <span class='ocrx_word' id='word_1_718' title='bbox 1146 5238 1390 5294; x_wconf 87' lang='lat' dir='ltr'><strong>possent,</strong></span> <span class='ocrx_word' id='word_1_719' title='bbox 1415 5228 1650 5281; x_wconf 80' lang='lat' dir='ltr'><strong>maxime</strong></span> <span class='ocrx_word' id='word_1_720' title='bbox 1675 5244 1796 5282; x_wconf 92' lang='lat' dir='ltr'><strong>cum</strong></span> 
     </span>
    </p>
   </div>
   <div class='ocr_carea' id='block_1_97' title="bbox 240 5308 1796 5392">
    <p class='ocr_par' dir='ltr' id='par_1_97' title="bbox 240 5308 1796 5392">
     <span class='ocr_line' id='line_1_97' title="bbox 240 5308 1796 5392; baseline -0.003 -14"><span class='ocrx_word' id='word_1_721' title='bbox 240 5325 445 5385; x_wconf 75' lang='lat' dir='ltr'><strong>scirent,</strong></span> <span class='ocrx_word' id='word_1_722' title='bbox 474 5323 639 5392; x_wconf 86' lang='lat' dir='ltr'><strong>quod.</strong></span> <span class='ocrx_word' id='word_1_723' title='bbox 677 5323 768 5389; x_wconf 87' lang='lat' dir='ltr'><strong>qui</strong></span> <span class='ocrx_word' id='word_1_724' title='bbox 802 5319 1113 5389; x_wconf 88' lang='lat' dir='ltr'><strong>hujusmodi</strong></span> <span class='ocrx_word' id='word_1_725' title='bbox 1149 5308 1414 5388; x_wconf 85' lang='lat' dir='ltr'><strong>principia</strong></span> <span class='ocrx_word' id='word_1_726' title='bbox 1467 5325 1796 5387; x_wconf 88' lang='lat' dir='ltr'><strong>concedunt,</strong></span> 
     </span>
    </p>
   </div>
   <div class='ocr_carea' id='block_1_98' title="bbox 241 5409 1797 5486">
    <p class='ocr_par' dir='ltr' id='par_1_98' title="bbox 241 5409 1797 5486">
     <span class='ocr_line' id='line_1_98' title="bbox 241 5409 1797 5486; baseline -0.004 -16"><span class='ocrx_word' id='word_1_727' title='bbox 241 5417 288 5471; x_wconf 88' lang='lat' dir='ltr'><strong>id</strong></span> <span class='ocrx_word' id='word_1_728' title='bbox 311 5431 522 5486; x_wconf 90' lang='lat' dir='ltr'><strong>quoque</strong></span> <span class='ocrx_word' id='word_1_729' title='bbox 556 5413 705 5485; x_wconf 86' lang='lat' dir='ltr'><strong>quod</strong></span> <span class='ocrx_word' id='word_1_730' title='bbox 731 5429 793 5468; x_wconf 88' lang='lat' dir='ltr'><strong>ea</strong></span> <span class='ocrx_word' id='word_1_731' title='bbox 813 5411 1082 5480; x_wconf 88' lang='lat' dir='ltr'><strong>sequitur,</strong></span> <span class='ocrx_word' id='word_1_732' title='bbox 1119 5409 1431 5466; x_wconf 88' lang='lat' dir='ltr'><strong>necessario</strong></span> <span class='ocrx_word' id='word_1_733' title='bbox 1463 5409 1752 5465; x_wconf 88' lang='lat' dir='ltr'><strong>admittunt</strong></span> <span class='ocrx_word' id='word_1_734' title='bbox 1782 5427 1797 5477; x_wconf 91' lang='lat'>;</span> 
     </span>
    </p>
   </div>
   <div class='ocr_carea' id='block_1_99' title="bbox 244 5500 1802 5578">
    <p class='ocr_par' dir='ltr' id='par_1_99' title="bbox 244 5500 1802 5578">
     <span class='ocr_line' id='line_1_99' title="bbox 244 5500 1802 5578; baseline -0.003 -16"><span class='ocrx_word' id='word_1_735' title='bbox 244 5517 392 5578; x_wconf 90' lang='lat' dir='ltr'><strong>utque</strong></span> <span class='ocrx_word' id='word_1_736' title='bbox 449 5504 744 5562; x_wconf 85' lang='lat' dir='ltr'><strong>Orientalis</strong></span> <span class='ocrx_word' id='word_1_737' title='bbox 801 5501 1060 5558; x_wconf 66' lang='lat' dir='ltr'><strong>Ecclesiae</strong></span> <span class='ocrx_word' id='word_1_738' title='bbox 1123 5500 1414 5570; x_wconf 88' lang='lat' dir='ltr'><strong>tnagistri,</strong></span> <span class='ocrx_word' id='word_1_739' title='bbox 1473 5501 1802 5558; x_wconf 85' lang='lat' dir='ltr'><strong>Athanasius</strong></span> 
     </span>
    </p>
   </div>
   <div class='ocr_carea' id='block_1_100' title="bbox 298 5638 1618 5717">
    <p class='ocr_par' dir='ltr' id='par_1_100' title="bbox 298 5638 1618 5717">
     <span class='ocr_line' id='line_1_100' title="bbox 298 5638 1618 5717; baseline -0.007 -15"><span class='ocrx_word' id='word_1_740' title='bbox 298 5649 398 5717; x_wconf 68' lang='lat' dir='ltr'><strong>(lli)</strong></span> <span class='ocrx_word' id='word_1_741' title='bbox 432 5646 574 5715; x_wconf 65' lang='lat' dir='ltr'><strong>Lege</strong></span> <span class='ocrx_word' id='word_1_742' title='bbox 595 5643 982 5717; x_wconf 66' lang='lat' dir='ltr'><strong>Bullarminnm</strong></span> <span class='ocrx_word' id='word_1_743' title='bbox 1018 5655 1057 5717; x_wconf 63' lang='lat' dir='ltr'><strong>it</strong></span> <span class='ocrx_word' id='word_1_744' title='bbox 1080 5638 1164 5717; x_wconf 54' lang='lat' dir='ltr'><strong>De</strong></span> <span class='ocrx_word' id='word_1_745' title='bbox 1190 5640 1424 5717; x_wconf 76' lang='lat' dir='ltr'><strong>Christo,</strong></span> <span class='ocrx_word' id='word_1_746' title='bbox 1449 5653 1502 5717; x_wconf 85' lang='lat' dir='ltr'><strong>_c.</strong></span> <span class='ocrx_word' id='word_1_747' title='bbox 1528 5640 1618 5694; x_wconf 72' lang='grc'><strong>21.</strong></span> 
     </span>
    </p>
   </div>
   <div class='ocr_carea' id='block_1_101' title="bbox 1975 4491 3481 4562">
    <p class='ocr_par' dir='ltr' id='par_1_101' title="bbox 1975 4491 3481 4562">
     <span class='ocr_line' id='line_1_101' title="bbox 1975 4491 3481 4562; baseline -0.005 -11"><span class='ocrx_word' id='word_1_748' title='bbox 1975 4497 2069 4551; x_wconf 84' lang='lat' dir='ltr'><strong>llis</strong></span> <span class='ocrx_word' id='word_1_749' title='bbox 2099 4498 2143 4548; x_wconf 91' lang='lat' dir='ltr'><strong>si</strong></span> <span class='ocrx_word' id='word_1_750' title='bbox 2175 4495 2298 4562; x_wconf 87' lang='lat' dir='ltr'><strong>quis</strong></span> <span class='ocrx_word' id='word_1_751' title='bbox 2331 4494 2572 4558; x_wconf 67' lang='lat' dir='ltr'><strong>objiciat,</strong></span> <span class='ocrx_word' id='word_1_752' title='bbox 2603 4491 2912 4560; x_wconf 64' lang='lat' dir='ltr'><strong>Oportuisse</strong></span> <span class='ocrx_word' id='word_1_753' title='bbox 2953 4492 3169 4546; x_wconf 67' lang='lat' dir='ltr'><strong>Graecos</strong></span> <span class='ocrx_word' id='word_1_754' title='bbox 3190 4492 3357 4544; x_wconf 89' lang='lat' dir='ltr'><strong>etiam</strong></span> <span class='ocrx_word' id='word_1_755' title='bbox 3389 4507 3481 4544; x_wconf 88' lang='lat' dir='ltr'><strong>vu-</strong></span> 
     </span>
    </p>
   </div>
   <div class='ocr_carea' id='block_1_102' title="bbox 1903 4583 3480 4653">
    <p class='ocr_par' dir='ltr' id='par_1_102' title="bbox 1903 4583 3480 4653">
     <span class='ocr_line' id='line_1_102' title="bbox 1903 4583 3480 4653; baseline -0.001 -13"><span class='ocrx_word' id='word_1_756' title='bbox 1903 4588 2040 4650; x_wconf 75' lang='lat' dir='ltr'><strong>Cari,</strong></span> <span class='ocrx_word' id='word_1_757' title='bbox 2068 4595 2121 4637; x_wconf 88' lang='lat' dir='ltr'><strong>et</strong></span> <span class='ocrx_word' id='word_1_758' title='bbox 2148 4587 2358 4653; x_wconf 81' lang='lat' dir='ltr'><strong>synodo</strong></span> <span class='ocrx_word' id='word_1_759' title='bbox 2385 4586 2452 4637; x_wconf 87' lang='lat' dir='ltr'><strong>de</strong></span> <span class='ocrx_word' id='word_1_760' title='bbox 2484 4584 2754 4636; x_wconf 86' lang='lat' dir='ltr'><strong>sententia</strong></span> <span class='ocrx_word' id='word_1_761' title='bbox 2773 4583 3015 4637; x_wconf 91' lang='lat' dir='ltr'><strong>omnium</strong></span> <span class='ocrx_word' id='word_1_762' title='bbox 3034 4586 3439 4639; x_wconf 88' lang='lat' dir='ltr'><strong>communicare</strong></span> <span class='ocrx_word' id='word_1_763' title='bbox 3465 4601 3480 4638; x_wconf 92' lang='lat'><strong>:</strong></span> 
     </span>
    </p>
   </div>
   <div class='ocr_carea' id='block_1_103' title="bbox 1903 4675 3484 4749">
    <p class='ocr_par' dir='ltr' id='par_1_103' title="bbox 1903 4675 3484 4749">
     <span class='ocr_line' id='line_1_103' title="bbox 1903 4675 3484 4749; baseline -0.001 -17"><span class='ocrx_word' id='word_1_764' title='bbox 1903 4681 2139 4749; x_wconf 87' lang='lat' dir='ltr'><strong>primum</strong></span> <span class='ocrx_word' id='word_1_765' title='bbox 2167 4676 2408 4746; x_wconf 85' lang='lat' dir='ltr'><strong>quidem,</strong></span> <span class='ocrx_word' id='word_1_766' title='bbox 2431 4691 2553 4729; x_wconf 89' lang='lat' dir='ltr'><strong>cum</strong></span> <span class='ocrx_word' id='word_1_767' title='bbox 2579 4685 2699 4729; x_wconf 92' lang='lat' dir='ltr'><strong>nota</strong></span> <span class='ocrx_word' id='word_1_768' title='bbox 2716 4675 2938 4730; x_wconf 90' lang='lat' dir='ltr'><strong>omnino</strong></span> <span class='ocrx_word' id='word_1_769' title='bbox 2966 4691 3053 4728; x_wconf 80' lang='lat' dir='ltr'><strong>res</strong></span> <span class='ocrx_word' id='word_1_770' title='bbox 3070 4688 3236 4739; x_wconf 83' lang='lat' dir='ltr'><strong>esset,</strong></span> <span class='ocrx_word' id='word_1_771' title='bbox 3261 4693 3484 4732; x_wconf 79' lang='lat' dir='ltr'><strong>necesse</strong></span> 
     </span>
    </p>
   </div>
   <div class='ocr_carea' id='block_1_104' title="bbox 1905 4765 3484 4825">
    <p class='ocr_par' dir='ltr' id='par_1_104' title="bbox 1905 4765 3484 4825">
     <span class='ocr_line' id='line_1_104' title="bbox 1905 4765 3484 4825; baseline -0.003 0"><span class='ocrx_word' id='word_1_772' title='bbox 1905 4786 2011 4825; x_wconf 92' lang='lat' dir='ltr'><strong>non</strong></span> <span class='ocrx_word' id='word_1_773' title='bbox 2043 4769 2144 4822; x_wconf 75' lang='lat' dir='ltr'><strong>fuit</strong></span> <span class='ocrx_word' id='word_1_774' title='bbox 2180 4768 2432 4821; x_wconf 86' lang='lat' dir='ltr'><strong>omnibus</strong></span> <span class='ocrx_word' id='word_1_775' title='bbox 2469 4769 2612 4822; x_wconf 86' lang='lat' dir='ltr'><strong>hanc</strong></span> <span class='ocrx_word' id='word_1_776' title='bbox 2651 4765 3011 4820; x_wconf 84' lang='lat' dir='ltr'><strong>conveniendi</strong></span> <span class='ocrx_word' id='word_1_777' title='bbox 3061 4768 3364 4820; x_wconf 88' lang='lat' dir='ltr'><strong>molestiam</strong></span> <span class='ocrx_word' id='word_1_778' title='bbox 3402 4774 3484 4820; x_wconf 77' lang='lat' dir='ltr'><strong>in~</strong></span> 
     </span>
    </p>
   </div>
   <div class='ocr_carea' id='block_1_105' title="bbox 1903 4845 3483 4926">
    <p class='ocr_par' dir='ltr' id='par_1_105' title="bbox 1903 4845 3483 4926">
     <span class='ocr_line' id='line_1_105' title="bbox 1903 4845 3483 4926; baseline -0.002 -9"><span class='ocrx_word' id='word_1_779' title='bbox 1903 4863 2109 4921; x_wconf 85' lang='lat' dir='ltr'><strong>dicere,</strong></span> <span class='ocrx_word' id='word_1_780' title='bbox 2146 4874 2319 4926; x_wconf 89' lang='lat' dir='ltr'><strong>neque</strong></span> <span class='ocrx_word' id='word_1_781' title='bbox 2371 4874 2593 4912; x_wconf 84' lang='lat' dir='ltr'><strong>necesse</strong></span> <span class='ocrx_word' id='word_1_782' title='bbox 2629 4867 2711 4911; x_wconf 90' lang='lat' dir='ltr'><strong>est</strong></span> <span class='ocrx_word' id='word_1_783' title='bbox 2758 4872 2947 4912; x_wconf 86' lang='lat' dir='ltr'><strong>omnes</strong></span> <span class='ocrx_word' id='word_1_784' title='bbox 2990 4845 3241 4912; x_wconf 70' lang='lat' dir='ltr'><strong>omnibus</strong></span> <span class='ocrx_word' id='word_1_785' title='bbox 3291 4860 3483 4914; x_wconf 83' lang='lat' dir='ltr'><strong>adesse</strong></span> 
     </span>
    </p>
   </div>
   <div class='ocr_carea' id='block_1_106' title="bbox 1904 4951 3482 5022">
    <p class='ocr_par' dir='ltr' id='par_1_106' title="bbox 1904 4951 3482 5022">
     <span class='ocr_line' id='line_1_106' title="bbox 1904 4951 3482 5022; baseline -0.003 -12"><span class='ocrx_word' id='word_1_786' title='bbox 1904 4955 2177 5017; x_wconf 86' lang='lat' dir='ltr'><strong>conciliis,</strong></span> <span class='ocrx_word' id='word_1_787' title='bbox 2205 4957 2296 5008; x_wconf 86' lang='lat' dir='ltr'><strong>sed</strong></span> <span class='ocrx_word' id='word_1_788' title='bbox 2321 4953 2554 5022; x_wconf 84' lang='lat' dir='ltr'><strong>primum</strong></span> <span class='ocrx_word' id='word_1_789' title='bbox 2589 4952 2806 5018; x_wconf 79' lang='lat' dir='ltr'><strong>quidem</strong></span> <span class='ocrx_word' id='word_1_790' title='bbox 2836 4951 3080 5013; x_wconf 87' lang='lat' dir='ltr'><strong>Patrem,</strong></span> <span class='ocrx_word' id='word_1_791' title='bbox 3118 4952 3482 5020; x_wconf 60' lang='lat' dir='ltr'><strong>l‘lcclcsiteque</strong></span> 
     </span>
    </p>
   </div>
   <div class='ocr_carea' id='block_1_107' title="bbox 1906 5042 3484 5117">
    <p class='ocr_par' dir='ltr' id='par_1_107' title="bbox 1906 5042 3484 5117">
     <span class='ocr_line' id='line_1_107' title="bbox 1906 5042 3484 5117; baseline 0 -16"><span class='ocrx_word' id='word_1_792' title='bbox 1906 5061 2200 5117; x_wconf 82' lang='lat' dir='ltr'><strong>pastorem.</strong></span> <span class='ocrx_word' id='word_1_793' title='bbox 2227 5045 2333 5100; x_wconf 84' lang='lat' dir='ltr'><strong>lsta</strong></span> <span class='ocrx_word' id='word_1_794' title='bbox 2371 5046 2512 5098; x_wconf 89' lang='lat' dir='ltr'><strong>enim</strong></span> <span class='ocrx_word' id='word_1_795' title='bbox 2543 5043 2586 5096; x_wconf 87' lang='lat' dir='ltr'><strong>si</strong></span> <span class='ocrx_word' id='word_1_796' title='bbox 2615 5059 2643 5096; x_wconf 88' lang='lat' dir='ltr'><strong>a</strong></span> <span class='ocrx_word' id='word_1_797' title='bbox 2679 5042 2946 5112; x_wconf 88' lang='lat' dir='ltr'><strong>principio</strong></span> <span class='ocrx_word' id='word_1_798' title='bbox 2966 5059 3060 5112; x_wconf 84' lang='lat' dir='ltr'><strong>per</strong></span> <span class='ocrx_word' id='word_1_799' title='bbox 3079 5045 3484 5101; x_wconf 80' lang='lat' dir='ltr'><strong>ecclesiasticas</strong></span> 
     </span>
    </p>
   </div>
   <div class='ocr_carea' id='block_1_108' title="bbox 1905 5138 3481 5210">
    <p class='ocr_par' dir='ltr' id='par_1_108' title="bbox 1905 5138 3481 5210">
     <span class='ocr_line' id='line_1_108' title="bbox 1905 5138 3481 5210; baseline -0.004 -13"><span class='ocrx_word' id='word_1_800' title='bbox 1905 5143 2055 5210; x_wconf 84' lang='lat' dir='ltr'><strong>leges</strong></span> <span class='ocrx_word' id='word_1_801' title='bbox 2084 5148 2331 5208; x_wconf 86' lang='lat' dir='ltr'><strong>separata</strong></span> <span class='ocrx_word' id='word_1_802' title='bbox 2367 5150 2514 5203; x_wconf 90' lang='lat' dir='ltr'><strong>sunt,</strong></span> <span class='ocrx_word' id='word_1_803' title='bbox 2544 5146 2596 5191; x_wconf 90' lang='lat' dir='ltr'><strong>et</strong></span> <span class='ocrx_word' id='word_1_804' title='bbox 2634 5138 2786 5192; x_wconf 83' lang='lat' dir='ltr'><strong>valde</strong></span> <span class='ocrx_word' id='word_1_805' title='bbox 2833 5139 3091 5192; x_wconf 88' lang='lat' dir='ltr'><strong>convenit</strong></span> <span class='ocrx_word' id='word_1_806' title='bbox 3138 5149 3196 5191; x_wconf 91' lang='lat' dir='ltr'><strong>ut</strong></span> <span class='ocrx_word' id='word_1_807' title='bbox 3248 5141 3327 5194; x_wconf 83' lang='lat' dir='ltr'><strong>vel</strong></span> <span class='ocrx_word' id='word_1_808' title='bbox 3387 5153 3481 5207; x_wconf 87' lang='lat' dir='ltr'><strong>per</strong></span> 
     </span>
    </p>
   </div>
   <div class='ocr_carea' id='block_1_109' title="bbox 1906 5231 3484 5304">
    <p class='ocr_par' dir='ltr' id='par_1_109' title="bbox 1906 5231 3484 5304">
     <span class='ocr_line' id='line_1_109' title="bbox 1906 5231 3484 5304; baseline -0.005 -14"><span class='ocrx_word' id='word_1_809' title='bbox 1906 5237 2167 5304; x_wconf 86' lang='lat' dir='ltr'><strong>seipsum,</strong></span> <span class='ocrx_word' id='word_1_810' title='bbox 2203 5232 2290 5287; x_wconf 90' lang='lat' dir='ltr'><strong>vel</strong></span> <span class='ocrx_word' id='word_1_811' title='bbox 2357 5247 2453 5302; x_wconf 91' lang='lat' dir='ltr'><strong>per</strong></span> <span class='ocrx_word' id='word_1_812' title='bbox 2499 5233 2719 5286; x_wconf 88' lang='lat' dir='ltr'><strong>nuntios</strong></span> <span class='ocrx_word' id='word_1_813' title='bbox 2770 5232 3002 5287; x_wconf 84' lang='lat' dir='ltr'><strong>concilio</strong></span> <span class='ocrx_word' id='word_1_814' title='bbox 3061 5231 3198 5284; x_wconf 78' lang='lat' dir='ltr'><strong>adsit</strong></span> <span class='ocrx_word' id='word_1_815' title='bbox 3247 5247 3310 5284; x_wconf 91' lang='lat' dir='ltr'><strong>ac</strong></span> <span class='ocrx_word' id='word_1_816' title='bbox 3342 5244 3484 5296; x_wconf 68' lang='lat' dir='ltr'><strong>prac-</strong></span> 
     </span>
    </p>
   </div>
   <div class='ocr_carea' id='block_1_110' title="bbox 1907 5320 3483 5390">
    <p class='ocr_par' dir='ltr' id='par_1_110' title="bbox 1907 5320 3483 5390">
     <span class='ocr_line' id='line_1_110' title="bbox 1907 5320 3483 5390; baseline -0.01 -12"><span class='ocrx_word' id='word_1_817' title='bbox 1907 5324 1997 5378; x_wconf 88' lang='lat' dir='ltr'><strong>sit.</strong></span> <span class='ocrx_word' id='word_1_818' title='bbox 2025 5321 2159 5375; x_wconf 88' lang='lat' dir='ltr'><strong>Nam</strong></span> <span class='ocrx_word' id='word_1_819' title='bbox 2190 5324 2235 5375; x_wconf 88' lang='lat' dir='ltr'><strong>si</strong></span> <span class='ocrx_word' id='word_1_820' title='bbox 2267 5321 2356 5374; x_wconf 91' lang='lat' dir='ltr'><strong>ille</strong></span> <span class='ocrx_word' id='word_1_821' title='bbox 2386 5335 2490 5374; x_wconf 91' lang='lat' dir='ltr'><strong>non</strong></span> <span class='ocrx_word' id='word_1_822' title='bbox 2520 5321 2760 5390; x_wconf 87' lang='lat' dir='ltr'><strong>adjuvat,</strong></span> <span class='ocrx_word' id='word_1_823' title='bbox 2790 5320 2971 5375; x_wconf 86' lang='lat' dir='ltr'><strong>inania</strong></span> <span class='ocrx_word' id='word_1_824' title='bbox 3004 5332 3059 5374; x_wconf 92' lang='lat' dir='ltr'><strong>et</strong></span> <span class='ocrx_word' id='word_1_825' title='bbox 3085 5324 3334 5375; x_wconf 89' lang='lat' dir='ltr'><strong>hesterna</strong></span> <span class='ocrx_word' id='word_1_826' title='bbox 3356 5322 3483 5367; x_wconf 89' lang='lat' dir='ltr'><strong>sunt</strong></span> 
     </span>
    </p>
   </div>
   <div class='ocr_carea' id='block_1_111' title="bbox 1908 5409 3478 5470">
    <p class='ocr_par' dir='ltr' id='par_1_111' title="bbox 1908 5409 3478 5470">
     <span class='ocr_line' id='line_1_111' title="bbox 1908 5409 3478 5470; baseline -0.009 -2"><span class='ocrx_word' id='word_1_827' title='bbox 1908 5416 2088 5469; x_wconf 88' lang='lat' dir='ltr'><strong>omnia</strong></span> <span class='ocrx_word' id='word_1_828' title='bbox 2127 5431 2140 5468; x_wconf 89' lang='lat'><strong>:</strong></span> <span class='ocrx_word' id='word_1_829' title='bbox 2171 5414 2288 5469; x_wconf 89' lang='lat' dir='ltr'><strong>sine</strong></span> <span class='ocrx_word' id='word_1_830' title='bbox 2319 5413 2422 5468; x_wconf 84' lang='lat' dir='ltr'><strong>hoc</strong></span> <span class='ocrx_word' id='word_1_831' title='bbox 2453 5414 2596 5466; x_wconf 89' lang='lat' dir='ltr'><strong>enim</strong></span> <span class='ocrx_word' id='word_1_832' title='bbox 2648 5414 3020 5470; x_wconf 89' lang='lat' dir='ltr'><strong>ecclesiastica</strong></span> <span class='ocrx_word' id='word_1_833' title='bbox 3073 5409 3290 5466; x_wconf 88' lang='lat' dir='ltr'><strong>tractari</strong></span> <span class='ocrx_word' id='word_1_834' title='bbox 3314 5446 3327 5468; x_wconf 93' lang='lat'><strong>,</strong></span> <span class='ocrx_word' id='word_1_835' title='bbox 3365 5414 3478 5456; x_wconf 89' lang='lat' dir='ltr'><strong>sta-</strong></span> 
     </span>
    </p>
   </div>
   <div class='ocr_carea' id='block_1_112' title="bbox 1909 5496 3518 5580">
    <p class='ocr_par' dir='ltr' id='par_1_112' title="bbox 1909 5496 3518 5580">
     <span class='ocr_line' id='line_1_112' title="bbox 1909 5496 3518 5580; baseline -0.002 -19"><span class='ocrx_word' id='word_1_836' title='bbox 1909 5507 2098 5578; x_wconf 86' lang='lat' dir='ltr'><strong>tuique</strong></span> <span class='ocrx_word' id='word_1_837' title='bbox 2120 5526 2224 5564; x_wconf 90' lang='lat' dir='ltr'><strong>nou</strong></span> <span class='ocrx_word' id='word_1_838' title='bbox 2261 5515 2520 5580; x_wconf 86' lang='lat' dir='ltr'><strong>possunt;</strong></span> <span class='ocrx_word' id='word_1_839' title='bbox 2548 5517 2892 5564; x_wconf 87' lang='lat' dir='ltr'><strong>constatoue.</strong></span> <span class='ocrx_word' id='word_1_840' title='bbox 2921 5506 3032 5561; x_wconf 86' lang='lat' dir='ltr'><strong>sive</strong></span> <span class='ocrx_word' id='word_1_841' title='bbox 3064 5517 3185 5556; x_wconf 88' lang='lat' dir='ltr'><strong>cum</strong></span> <span class='ocrx_word' id='word_1_842' title='bbox 3211 5496 3482 5566; x_wconf 62' lang='lat' dir='ltr'><strong>pluribus.</strong></span> <span class='ocrx_word' id='word_1_843' title='bbox 3513 5555 3518 5560; x_wconf 84' lang='grc'><em>,</em></span> 
     </span>
    </p>
   </div>
   <div class='ocr_carea' id='block_1_113' title="bbox 300 5707 1793 5794">
    <p class='ocr_par' dir='ltr' id='par_1_113' title="bbox 300 5707 1788 5794">
     <span class='ocr_line' id='line_1_113' title="bbox 300 5707 1788 5794; baseline -0.003 -19"><span class='ocrx_word' id='word_1_844' title='bbox 300 5707 401 5794; x_wconf 60' lang='grc'><strong>(47)</strong></span> <span class='ocrx_word' id='word_1_845' title='bbox 434 5707 623 5774; x_wconf 67' lang='grc' dir='ltr'><strong>Ειξιυι</strong></span> <span class='ocrx_word' id='word_1_846' title='bbox 665 5712 785 5769; x_wconf 80' lang='lat' dir='ltr'><strong>Vita</strong></span> <span class='ocrx_word' id='word_1_847' title='bbox 817 5712 976 5782; x_wconf 84' lang='lat' dir='ltr'><strong>hujus</strong></span> <span class='ocrx_word' id='word_1_848' title='bbox 1025 5711 1082 5765; x_wconf 82' lang='grc' dir='ltr'><strong>Β.</strong></span> <span class='ocrx_word' id='word_1_849' title='bbox 1132 5711 1395 5786; x_wconf 66' lang='grc' dir='ltr'><strong>διςιήιωλί</strong></span> <span class='ocrx_word' id='word_1_850' title='bbox 1445 5713 1587 5766; x_wconf 85' lang='lat' dir='ltr'><strong>inter</strong></span> <span class='ocrx_word' id='word_1_851' title='bbox 1623 5727 1788 5782; x_wconf 81' lang='lat' dir='ltr'><strong>opera</strong></span> 
     </span>
    </p>
   </div>
   <div class='ocr_carea' id='block_1_114' title="bbox 1901 5707 2596 5794">
    <p class='ocr_par' dir='ltr' id='par_1_114' title="bbox 1901 5709 2596 5785">
     <span class='ocr_line' id='line_1_114' title="bbox 1901 5709 2596 5785; baseline -0.012 -15"><span class='ocrx_word' id='word_1_852' title='bbox 1901 5725 2153 5783; x_wconf 60' lang='lat' dir='ltr'><strong>ttnasccni</strong></span> <span class='ocrx_word' id='word_1_853' title='bbox 2172 5722 2323 5785; x_wconf 78' lang='lat' dir='ltr'><strong>edita</strong></span> <span class='ocrx_word' id='word_1_854' title='bbox 2358 5728 2389 5766; x_wconf 88' lang='lat' dir='ltr'><strong>a</strong></span> <span class='ocrx_word' id='word_1_855' title='bbox 2419 5709 2596 5764; x_wconf 85' lang='lat' dir='ltr'><strong>Billio.</strong></span> 
     </span>
    </p>
   </div>
  </div>
