4114 6306
562 264 667 327 199

1786 278 1791 281 ’
1821 264 2222 325 MANUELIS
2261 262 2567 325 CALECXE

3802 258 3934 323 200

560 380 674 434 sive
729 390 852 431 cum
903 374 1093 444 paucis
1121 414 1137 441 ,
1183 374 1327 443 quod
1380 372 1446 430 ad
1488 387 1547 431 se
1604 374 1865 444 pertinet,
1918 376 2143 446 implere
2171 373 2609 434 Aobcdientiam
2636 370 2950 426 redderent.
2998 366 3210 426 ldcirco
3234 368 3427 439 saepius
3451 368 3528 424 ad
3603 368 3935 427 Ecclesiae

559 480 758 537 pOIcSI.

634 560 779 612 Alios
814 573 945 612 vero
980 574 1084 613 non
1137 573 1274 626 opus
1303 566 1387 612 est
1431 557 1609 612 vocari
1640 575 1853 625 omnes,
1903 559 2140 613 maxime

564 652 657 720 qui
706 660 833 704 sunt
886 652 1225 714 remotiorcs,
1258 665 1501 719 quosque
1551 651 1631 703 vel
1686 651 1785 704 vim
1838 651 2138 721 longitudo,

565 742 649 794 vel
680 741 771 794 alii
800 749 1023 794 eventus
1073 755 1278 793 rerum.
1320 739 1508 807 quales
1552 752 1923 807 saepenumero
1962 755 2141 794 emer-

564 844 717 903 gunt.
764 831 1127 902 impedierint.
1173 832 1352 899 Atque
1408 831 1534 895 ista,
1591 846 1715 885 cum
1771 846 1967 900 magna
2032 846 2140 886 non

565 932 723 993 urget
772 925 1095 987 necessitas,
1153 937 1275 976 cum
1323 921 1550 990 quaestio
1578 923 1866 991 perspicua
1916 933 2023 987 est,
2076 938 2144 978 ne

562 1015 749 1069 orbem
793 1014 978 1077 vocari
1029 1028 1165 1081 opus
1210 1014 1321 1067 sit:
1356 1014 1575 1081 quando
1628 1015 1740 1083 ipse
1761 1029 1945 1068 secum
1993 1013 2146 1069 facil-

563 1107 691 1161 lime
731 1121 980 1176 magnam
1029 1114 1238 1174 partem
1284 1118 1514 1160 evocare
1565 1107 1755 1175 possit,
1790 1092 2016 1160 et‘cum
2067 1106 2146 1159 eis

563 1209 829 1257 statuere,
878 1205 1038 1263 atque
1089 1195 1400 1248 decernere.
1444 1196 1664 1260 Deinde,
1698 1210 1805 1249 non
1861 1197 2138 1259 convenit,

562 1298 794 1342 vocatus
841 1286 1133 1354 quispiam,
1190 1301 1257 1339 an
1302 1285 1590 1340 invocatus
1615 1286 1802 1349 fuerit,
1840 1287 2146 1355 inspicere;

566 1384 686 1443 sed,
721 1394 787 1430 an
820 1393 944 1432 vera
970 1378 1097 1442 sint,
1130 1392 1247 1447 quae
1275 1386 1476 1433 statuta
1527 1378 1750 1443 fuerint,
1780 1380 2146 1448 perpendere:

568 1484 636 1523 ne
672 1470 916 1523 videatur
944 1469 1210 1537 quispiam
1261 1484 1371 1523 non
1406 1469 1653 1523 veritatis
1698 1484 1885 1523 curant
1925 1469 2148 1536 habere,

564 1562 659 1615 sed
694 1562 888 1626 solum,
917 1562 1009 1629 qui
1042 1571 1266 1616 vocatus
1318 1576 1425 1615 non
1481 1561 1663 1625 fuerit,
1701 1560 1917 1630 indigne
1956 1561 2100 1618 ferre
2134 1584 2149 1618 :

565 1656 708 1722 quod
742 1653 828 1706 isti
865 1653 1023 1707 modo
1049 1651 1275 1715 faciunt,
1307 1654 1430 1706 dum
1466 1652 1697 1707 honores
1749 1666 1814 1706 ac
1856 1653 2149 1722 primatum

2243 468 2497 521 unionem
2552 464 2748 529 vocati,
2779 460 3142 531 adiectionem
3191 463 3340 531 prius
3390 462 3625 517 auferri
3700 473 3935 531 postn-

2243 556 2475 610 labant:
2526 556 2723 626 quibus
2773 568 3093 622 responsum
3144 562 3261 619 est,
3294 553 3437 622 quod
3496 554 3558 607 si
3645 555 3926 623 quidem

2250 646 2396 700 nulla
2431 645 2625 700 fuisset
2663 646 2982 710 adiectionis
3035 660 3225 710 causa,
3264 662 3368 699 non
3399 646 3620 699 fuisset
3658 663 3694 698 ει
3740 647 3929 714 prin-

2244 740 2384 808 cipio
2411 739 2676 808 apposita.
2710 737 2841 791 Erat
2864 738 3030 801 enim,
3064 738 3279 806 quando
3332 746 3573 806 utraque
3617 738 3928 793 Ecclesia

2246 830 2365 884 sine
2417 828 2509 883 illa
2563 830 2869 898 adiectione
2920 828 3238 898 Symbolum
3295 827 3528 895 legebat,
3586 837 3804 897 atque
3843 841 3927 881 ex

2244 920 2387 976 Filio
2418 921 2713 991 procedere
2768 919 3027 988 Spiritum
3077 931 3345 981 sanctum,
3376 921 3515 988 apud
3559 936 3813 975 omnes
3856 923 3921 974 in

2248 1011 2487 1066 Ecclesia
2513 1011 2865 1074 reticebatur,
2886 1025 3005 1064 cum
3032 1010 3173 1063 nulla
3198 1012 3261 1064 de
3292 1010 3393 1065 hoc
3408 1020 3555 1065 esset
3590 1012 3920 1079 quaestio.

2320 1102 2515 1157 Postea
2565 1116 2694 1156 vero
2723 1116 2887 1170 quam
2940 1101 3261 1169 quibusdam
3310 1101 3920 1167 contradicentibus,

2250 1195 2438 1262 positis
2460 1194 2583 1248 fidei
2606 1194 2872 1259 terminis,
2896 1192 3203 1262 Filiumque
3222 1192 3481 1246 minorem
3508 1192 3701 1248 Patre
3733 1195 3919 1248 blas—

2254 1286 2664 1351 pbemantibus,
2697 1286 2821 1354 quia
2863 1286 3123 1354 scriptum
3156 1287 3208 1340 in
3238 1286 3495 1354 Symbolo
3540 1301 3670 1339 non
3735 1296 3915 1341 esset

2255 1378 2514 1446 Spiritum
2571 1389 2819 1432 sanctum
2877 1378 3041 1432 etiam
3075 1392 3142 1432 ex
3204 1376 3341 1432 Filio
3396 1379 3773 1446 procedere;
3836 1394 3915 1432 ac

2254 1476 2534 1537 propterea
2576 1468 2704 1522 Filii
2757 1470 2823 1522 ad
2873 1466 3087 1523 Patrem
3142 1468 3501 1533 identitatem,
3530 1468 3910 1523 incommu-

2256 1562 2683 1632 tabilitatemque
2733 1561 3129 1625 auferentibus,
3163 1561 3331 1615 dictio
3380 1561 3468 1615 illa
3518 1577 3622 1628 pro
3684 1561 3911 1616 decla-

2258 1654 2466 1706 ratione
2505 1652 2738 1722 symboli
2770 1653 2979 1722 adiecta
3006 1662 3090 1707 est
3120 1670 3134 1706 :
3169 1654 3557 1707 communibus
3587 1654 3909 1709 Ecclesiae

567 1754 861 1808 sectantur,
893 1755 950 1797 nt
979 1745 1078 1799 sub
1105 1744 1333 1798 llornani
1368 1746 1600 1815 pastoris
1644 1760 1770 1799 cura
1807 1754 1861 1799 et
1891 1746 2150 1801 obedien-
2184 1742 2225 1797 B
2257 1742 2532 1811 magistris
2604 1742 3045 1809 concinentibus,
3101 1758 3264 1813 quam
3317 1744 3468 1797 nefas
3525 1757 3693 1797 esset
3785 1762 3907 1797 au-

571 1837 662 1897 tia,
701 1836 854 1903 juxta
898 1837 1176 1905 antiquum
1213 1850 1419 1888 morem
1455 1850 1559 1888 non
1609 1835 1736 1901 sint,
1785 1836 2142 1903 adiectionem

568 1925 828 1997 Symboli,
863 1939 924 1983 ut
952 1943 1172 1983 causam
1205 1928 1580 1983 rationabilem
1608 1930 2019 1999 praetendentes.

634 2019 749 2073 lloc
780 2030 961 2074 autem
1001 2035 1108 2075 non
1158 2021 1436 2090 religionis
1508 2035 1571 2074 ac
1632 2021 1778 2085 fidei,
1812 2021 1906 2074 sed
1957 2034 2153 2088 super-

563 2111 667 2165 biae
706 2112 886 2178 potius
916 2122 1163 2180 apertum
1206 2113 1607 2175 ,documentum
1648 2121 1749 2165 est.
1779 2108 1948 2176 Nam,
1984 2112 2027 2164 si
2058 2110 2156 2166 ad-

566 2204 827 2256 ditionem
848 2204 1066 2270 impiam
1086 2203 1426 2265 existimant,
1458 2216 1555 2255 cur
1574 2203 1747 2256 sancti
1772 2200 1993 2254 Maximi
2021 2210 2154 2255 tem-

565 2293 810 2360 poribus,
842 2304 1005 2361 atque
1039 2294 1203 2347 etiam
1244 2304 1369 2346 ante
1396 2294 1564 2353 hunc,
1596 2292 1813 2359 quando
1835 2290 2152 2361 Symbolum

568 2385 640 2436 ita
670 2379 846 2437 ornuis
868 2381 1231 2437 Occidentalis
1258 2383 1497 2437 Ecclesia
1531 2382 1764 2451 legebat,
1790 2382 1983 2437 Oriens
2012 2392 2154 2438 totus

570 2470 711 2523 hanc
747 2472 1082 2539 impietatem
1125 2486 1230 2523 non
1271 2472 1547 2540 redarguit
1594 2485 1771 2540 neque
1818 2471 1888 2525 ab
1914 2472 2153 2526 Ecclesia

568 2559 810 2611 ltomana
834 2560 1110 2614 abscissus
1139 2559 1266 2613 est?
1297 2563 1364 2612 At
1395 2561 1446 2614 id
1496 2562 1715 2631 quidem
1768 2560 1841 2614 illi
1877 2576 1983 2614 non
2013 2561 2158 2616 lece-

568 2660 731 2716 runt;
764 2651 872 2704 imo
907 2662 1095 2703 coacta
1131 2660 1300 2713 sexta,
1335 2661 1389 2705 et
1415 2651 1644 2719 septima
1702 2653 1930 2722 synodo,
1964 2652 2149 2722 adjec-

569 2741 786 2795 tioncm'
830 2744 968 2795 banc
1008 2751 1067 2795 ut
1133 2743 1273 2810 piam
1347 2742 1551 2810 liquido
1621 2743 2153 2811 comprobaverunt:

568 2851 765 2906 neque,
803 2838 926 2904 quia
987 2838 1157 2889 vocati
1221 2820 1331 2890 non
1390 2849 1540 2902 sunt,
1594 2839 1834 2907 graviter
1888 2839 2152 2904 tulerunt,

566 2943 627 2982 ut
659 2932 819 2984 modo
856 2931 941 2983 isti
975 2930 1201 2983 faciunt.

637 3024 747 3074 Cur
810 3023 953 3074 enim
986 3032 1037 3073 ct
1098 3021 1209 3083 isti,
1264 3030 1324 3074 ut
1386 3020 1484 3082 illi,
1525 3021 1607 3075 bis
1631 3037 1749 3091 quae
1783 3031 1911 3077 tunc
1937 3025 2153 3077 decreta

570 3111 812 3175 fuerunt,
849 3113 1091 3164 contenti
1130 3128 1234 3165 non
1272 3121 1399 3166 sunt
1422 3110 1731 3166 ?Autenim
1767 3114 1899 3168 istas
1921 3116 2155 3183 synodos

567 3202 841 3253 exsecrari
884 3216 1104 3254 necesse
1142 3212 1245 3263 est,
1273 3210 1329 3254 ut
1352 3202 1420 3254 ab
1449 3200 1754 3253 hominibus
1804 3202 1984 3269 impiis
2023 3218 2155 3256 con-

570 3292 759 3357 flatus;
789 3301 949 3361 atque
976 3292 1046 3344 ita
1074 3308 1169 3347 eos
1215 3300 1307 3361 qui
1348 3294 1399 3346 in
1450 3294 1552 3345 illis
1575 3292 1744 3356 fuere,
1780 3305 2016 3356 sanctos,
2054 3310 2155 3347 una

573 3387 847 3455 reiicimus
882 3402 895 3437 :
932 3387 1014 3439 vel
1043 3387 1173 3438 istas
1204 3388 1456 3453 probare,
1479 3396 1533 3438 et
1559 3387 1650 3453 qui
1686 3385 1805 3438 illas
1834 3397 2154 3454 coegerunt,

571 3488 632 3531 ut
673 3480 792 3546 pios
850 3495 913 3530 ac
972 3479 1255 3546 religiosos
1315 3491 1420 3530 una
1474 3479 1774 3545 suscipere.
1810 3477 1925 3530 Hoc
1975 3489 2155 3531 autem

574 3582 791 3625 nostros
822 3579 952 3625 tunc
1004 3570 1445 3625 Occidentalibus
1496 3573 1814 3641 congruisse
1860 3571 2154 3639 signiﬁcat.

570 3663 859 3729 Quocirca,
914 3679 1141 3718 necesse
1188 3680 1293 3717 non
1342 3662 1464 3729 fuit,
1511 3673 1570 3717 ιιι
1622 3666 1822 3718 dictum
1891 3675 1994 3727 est,
2022 3662 2155 3718 istos

569 3762 883 3827 congregari
914 3774 929 3823 ;
957 3772 1077 3811 cum
1134 3757 1219 3810 vel
1246 3770 1311 3809 ex
1373 3756 1495 3810 lidei
1554 3757 1856 3825 principiis,
1892 3774 1954 3811 ac
1992 3772 2154 3809 sanc-

571 3860 746 3907 torum
812 3849 1123 3908 sententiis,
1182 3846 1516 3899 additionem
1582 3847 1942 3900 rectissimam
2012 3861 2152 3907 esse,

568 3955 893 4009 persuasum
932 3941 1011 3993 eis
1061 3940 1275 4002 luisset,
1302 3939 1386 3992 vel
1420 3941 1488 3992 ab
1528 3938 1613 3991 his
1665 3940 1756 4006 qui
1807 3940 2154 4004 addiderunt,

571 4048 795 4086 causam
854 4045 920 4083 ac
979 4034 1403 4093 necessitatem,
1458 4032 2008 4099 corisonantiamque,
2062 4047 2156 4100 per

572 4125 752 4179 Omnia
802 4123 1101 4178 audissent.

643 4218 721 4271 Ac
769 4218 965 4279 nostri,
998 4227 1055 4271 ut
1086 4220 1251 4279 datur
1276 4214 1522 4282 intelligi,
1585 4214 1955 4283 religiosiores
2012 4218 2156 4271 circa

573 4309 756 4373 (idem,
804 4324 964 4377 quam
1013 4309 1111 4374 illi,
1154 4308 1311 4362 modo
1366 4308 1672 4376 inquirunt,
1703 4308 1846 4377 quod
1886 4318 2015 4362 tunc
2076 4309 2154 4362 illi

2262 1832 2427 1897 ferre,
2485 1848 2553 1887 ne
2601 1836 2829 1889 adversa
2888 1836 3377 1889 contradicentium
3433 1837 3619 1903 Opinio
3686 1837 3900 1889 locum

2260 1924 2478 1989 habeat,
2504 1938 2569 1979 ac
2624 1939 2720 1994 per
2774 1925 3082 1994 huiusmodi
3135 1923 3485 1980 abolitionem
3541 1940 3684 1979 vera
3748 1942 3899 1980 esse

2252 2018 2517 2070 videatur.

2327 2110 2606 2180 Siquidem
2664 2113 2828 2181 igitur
2876 2109 3197 2166 consentitis
3253 2110 3510 2175 veritati,
3589 2125 3698 2178 pro
3770 2111 3892 2165 hac

2258 2203 2537 2257 nobiscum
2590 2211 2821 2266 stantes,
2870 2214 2965 2256 aut
3018 2215 3114 2257 vos
3160 2201 3325 2256 etiam
3370 2216 3492 2255 cum
3542 2200 3891 2269 adiectione

2256 2294 2439 2363 lcgite,
2469 2310 2589 2364 quae
2617 2294 2951 2363 blasphemis
3004 2308 3098 2347 ora
3136 2294 3409 2359 obstruit;
3434 2294 3540 2357 vel,
3570 2295 3697 2346 sine
3762 2293 3885 2346 hac

2230 2384 2498 2453 .legentes
2533 2384 2700 2438 nolite
2728 2382 2999 2453 opinionis
3033 2397 3158 2438 esse
3189 2383 3504 2446 contrariae,
3541 2396 3731 2451 neque
3761 2396 3883 2436 nos

2256 2484 2448 2545 putare
2477 2476 2839 2545 blasphemas.
2858 2477 2922 2530 Et
2937 2476 3016 2531 sic
3033 2477 3177 2529 enim
3202 2490 3327 2530 cum
3348 2475 3579 2530 veritate
3599 2475 3870 2530 stabilis.

2257 2564 2373 2619 Non
2419 2566 2561 2620 enim
2590 2566 2643 2618 in
2699 2567 2901 2629 verbis,
2936 2568 3031 2619 sed
3076 2565 3130 2619 in
3174 2565 3446 2630 sensibus,
3478 2566 3665 2635 religio
3717 2580 3874 2618 nos-

2256 2668 2335 2709 tra
2371 2655 2639 2711 consistit.
2674 2654 2762 2719 Et,
2789 2658 2834 2712 si
2868 2656 3054 2722 vultis,
3087 2658 3190 2711 hoc
3228 2667 3432 2710 tantum
3486 2656 3635 2712 vobis
3666 2656 3869 2710 indul-

2257 2762 2467 2817 genius,
2519 2757 2613 2807 ut.
2633 2749 2911 2803 nobiscum
2970 2749 3381 2815 convenientes,
3417 2764 3530 2802 rem
3586 2749 3729 2801 hanc
3800 2749 3862 2800 in

2257 2854 2547 2895 commune
2597 2840 3359 2908 agitemus;communesque
3397 2856 3556 2906 super
3603 2840 3703 2893 hac
3738 2838 3857 2891 Pa-

2261 2942 2402 2985 trum
2436 2932 2743 2986 sententias
2772 2931 3149 2996 discutiamus,
3203 2932 3403 3000 quibus
3442 2936 3551 2986 haec
3602 2922 3849 2998 adiectio

2261 3040 2383 3076 vera
2442 3039 2561 3078 esse
2603 3023 3009 3091 comprobetur.
3041 3021 3194 3089 Quod
3244 3024 3288 3075 si
3352 3024 3524 3077 aliena
3589 3012 3855 3092 opinione

2260 3118 2412 3177 estis,
2436 3116 2876 3183 additionemque
2904 3115 3063 3169 istam
3087 3115 3303 3182 penitus
3330 3117 3555 3170 renuitis
3589 3132 3602 3168 :
3631 3126 3855 3169 constat

2258 3208 2501 3274 quidem,
2535 3220 2632 3260 vos
2664 3206 2808 3261 circa
2844 3206 2968 3260 fidei
3000 3207 3287 3263 veritatem
3341 3221 3466 3260 cum
3516 3204 3850 3260 adversariis

2259 3312 2481 3364 errare;
2534 3300 2783 3365 hancque
2836 3298 3191 3361 additionem,
3243 3297 3421 3360 vobis,
3473 3308 3529 3351 et
3581 3297 3687 3351 illis
3736 3311 3849 3350 una

2261 3391 2460 3445 bellum
2524 3393 2787 3455 indicere,
2849 3392 3044 3461 quippe
3114 3400 3337 3461 propter
3402 3390 3847 3445 contradicentes

2259 3486 2465 3556 adjecta
2500 3494 2604 3540 est.

2331 3581 2551 3646 Verum,
2592 3583 2736 3636 sicut
2784 3582 2868 3635 his
2913 3580 3004 3650 qui
3065 3580 3331 3650 negabant
3376 3578 3575 3633 Nicreni
3628 3579 3844 3635 cencilii

2260 3676 2599 3746 Symbolum,
2633 3677 2748 3729 sive
2791 3675 2844 3728 id
2905 3675 3047 3744 quod
3081 3675 3419 3741 postmodum
3460 3674 3845 3728 Constantino-

2258 3765 2365 3835 poli
2388 3767 2590 3818 editum
2617 3775 2720 3829 est,
2760 3763 2917 3818 ambo
2939 3762 3081 3816 enim
3118 3779 3282 3816 unum
3314 3762 3486 3826 fuere,
3520 3762 3625 3816 etsi
3660 3762 3843 3816 verbis

2257 3856 2477 3911 ditl‘erre
2532 3856 2844 3920 videantur,
2906 3854 3039 3908 nihil
3093 3855 3300 3923 proluit
3350 3863 3419 3909 ad
3470 3854 3839 3923 apostolorum

2261 3948 2580 4019 Symbolum
2636 3961 2942 4012 recurrere,
3003 3947 3158 4016 quasi
3191 3947 3358 4000 tutius
3398 3956 3565 4015 atque
3618 3947 3840 4016 religio-

2259 4043 2415 4106 sius;
2468 4038 2613 4110 quod
2667 4042 2810 4095 enim
2867 4054 2989 4094 cum
3050 4039 3355 4109 adiectione
3408 4039 3841 4093 fuerat‘editmu

2260 4140 2550 4198 negantes,
2586 4141 2640 4184 et
2690 4130 2822 4184 illud
2882 4144 2986 4181 una
3046 4130 3353 4197 negabant;
3415 4144 3576 4193 nam,
3616 4139 3670 4182 et
3723 4144 3845 4199 qua:

2260 4223 2605 4291 postmodum
2661 4223 2918 4276 videntur
2970 4221 3198 4289 adiecta,
3237 4223 3290 4274 in
3340 4230 3650 4276 sanctorqu
3682 4237 3840 4287 apos-

2264 4315 2494 4368 tolorum
2528 4314 2791 4385 Symbolo
2843 4312 3123 4379 complexa
3179 4311 3545 4366 continentur.
3582 4310 3657 4365 lta
3713 4312 3841 4366 nihil

572 4417 682 4455 non
737 4402 1087 4469 quaesierunt.
1129 4400 1357 4454 Constat
1399 4400 1541 4454 enim
1585 4400 1706 4455 illos
1756 4413 1902 4465 tunc,
1937 4402 2157 4455 utveri—
2190 4430 2231 4484 υ
2264 4406 2413 4461 vobis
2472 4405 2714 4472 proderit
2756 4403 3033 4458 Nicaenum
3084 4402 3423 4473 Symbolum,
3452 4402 3553 4457 etsi
3606 4417 3703 4458 vos
3743 4405 3845 4456 hoc

571 4496 697 4547 tatis
731 4494 995 4554 fautores,
1035 4493 1396 4562 legitimasque
1452 4492 1803 4562 subiectionis
1848 4502 2155 4549 servatores

572 4588 829 4649 cessisse,
860 4586 1108 4654 nihilque
1158 4585 1452 4653 inquisisse
1503 4586 1757 4654 amplius.
1813 4584 1923 4639 Nos
1972 4597 2153 4641 autem

572 4687 759 4734 nostra
799 4687 1105 4747 quaerentes
1158 4680 1263 4732 sub
1294 4687 1563 4747 praztextu
1629 4681 1944 4747 dagmatum
1969 4680 2163 4736 Eccle-~

572 4772 669 4827 site
698 4773 992 4828 scissuram
1025 4771 1428 4834 machinamur,
1453 4770 1801 4838 adiectionem
1823 4774 1873 4826 in
1896 4773 2154 4828 auxilium

571 4876 869 4921 suntentes.
900 4865 1063 4935 Atqui
1093 4865 1266 4920 nostri
1320 4864 1559 4934 quidem,
1611 4869 1848 4933 quandiu
1900 4881 2157 4922 necessa-

572 4955 714 5009 rium
774 4956 1015 5008 debitum
1073 4966 1355 5010 servantes
1427 4956 1785 5022 obediebant,
1837 4956 1973 5010 nihil
2021 4971 2157 5026 opus

573 5060 696 5100 esse
712 5046 911 5099 arbitra
921 5046 1116 5099 bantur
1132 5061 1378 5101 seorsum
1399 5047 1627 5102 concilia
1653 5047 1831 5102 facere
1852 5064 1869 5113 ;
1900 5049 2156 5116 adiectio-

576 5154 700 5194 nem
758 5138 957 5206 quippe
1008 5148 1067 5190 ut
1121 5154 1329 5192 summe
1397 5142 1580 5199 utilem
1656 5155 1721 5196 ac
1786 5134 2156 5196 necessariam

572 5232 840 5289 sciebant.
908 5231 1097 5284 l’ostea
1136 5245 1264 5285 vero
1312 5246 1471 5299 quam
1512 5249 1757 5287 seorsum
1789 5248 1909 5291 esse
1964 5220 2154 5288 volue-

573 5339 721 5390 runt,
774 5324 1102 5379 additionem
1153 5324 1300 5376 illam
1356 5324 1708 5381 discessionis
1759 5341 1979 5382 causam
2037 5326 2157 5381 ido-

579 5436 779 5484 neam,
836 5430 896 5471 ut
950 5416 1053 5469 sibi
1123 5414 1443 5480 videbatur,
1508 5416 1673 5479 nacti,
1735 5431 1910 5484 neque
1979 5416 2153 5469 vocati

569 5514 795 5568 obedire
864 5508 1171 5563 voluerunt.
1229 5506 1397 5572 Nam,
1431 5506 1477 5562 si
1505 5491 1917 5571 convenissent,
1966 5520 2153 5563 contra

570 5621 633 5659 se
658 5605 935 5659 ferendam
962 5604 1284 5656 sententiam
1315 5617 1418 5654 non
1436 5599 1802 5668 ambigebant,
1827 5600 2153 5668 compellen-

572 5699 801 5765 dosque,
833 5706 892 5750 ut
923 5711 1084 5765 quam
1118 5697 1218 5768 ipsi
1251 5694 1611 5765 refugit-bant,
1639 5692 1884 5751 Romano
1912 5693 2153 5764 pontifici

2264 4507 2448 4549 tenere
2525 4495 2766 4565 jactatis,
2818 4494 2977 4549 istam
3030 4494 3361 4548 additionem
3416 4494 3842 4559 exsecrantibus,

2258 4605 2419 4657 quam
2451 4588 2525 4641 illi
2578 4566 2877 4641 connexam
2932 4585 3210 4656 Symbolo,
3239 4586 3687 4655 complexamque
3738 4594 3843 4638 tra-

2266 4681 2539 4745 diderunt,
2598 4690 2653 4734 et
2690 4693 2866 4747 quam
2931 4679 3035 4746 ipsi
3100 4677 3323 4733 omnino
3377 4678 3741 4746 adiecissent:
3774 4675 3840 4737 si,

2263 4773 2348 4827 vel
2379 4774 2460 4827 eis
2490 4772 2800 4827 viventibus
2829 4771 3058 4839 qdwstio
3109 4771 3211 4825 ista
3270 4770 3459 4824 fuisset
3508 4770 3729 4837 agitata,
3761 4768 3843 4821 vel

2261 4880 2403 4917 nunc
2439 4863 2750 4931 huiusmodi
2785 4862 3166 4916 controversia:
3190 4864 3465 4923 adessent,
3501 4861 3609 4925 vel,
3638 4860 3681 4913 si
3710 4872 3843 4928 quos

2258 4955 2491 5010 scissent
2519 4955 2585 5009 ad
2621 4966 2826 5008 tantum
2857 4957 3089 5008 vesania:
3110 4956 3501 5033 pervehendos.

2334 5045 2496 5115 Atqui
2529 5060 2627 5099 vos
2658 5059 2762 5099 non
2795 5055 2851 5099 ut
2888 5045 2956 5099 ab
2996 5046 3101 5099 illis
3131 5046 3364 5114 positum
3415 5055 3518 5111 est,
3574 5043 3667 5100 sed
3717 5058 3837 5097 cum

2261 5138 2564 5207 adiectione
2626 5137 2824 5205 legitis.
2886 5134 3020 5189 Nam
3067 5136 3298 5201 sublato,
3334 5136 3476 5203 quod
3527 5134 3837 5196 dicitur,ex

2262 5230 2428 5297 Filio,
2459 5230 2802 5300 perspicuum
2834 5240 2917 5284 est
2969 5231 3094 5299 quia
3124 5245 3187 5283 ex
3236 5228 3354 5285 s'olo
3405 5228 3570 5284 Patre
3613 5230 3840 5298 adiectio

2261 5325 2507 5380 iul’crtur.
2544 5322 2657 5376 Etsi
2690 5323 2835 5376 enim
2866 5324 2968 5377 hoc
3000 5323 3165 5375 verbo
3193 5337 3296 5377 non
3329 5323 3533 5385 dicitis,
3568 5337 3693 5377 cum
3732 5321 3840 5375 Deo

2259 5427 2437 5470 tamen
2497 5413 2803 5483 loquentes,
2837 5417 2963 5468 dum
3020 5428 3085 5468 ex
3129 5413 3292 5468 l‘atre
3347 5416 3549 5480 dicitis,
3606 5431 3669 5467 ex
3705 5416 3835 5475 solo,

2226 5508 2419 5559 'etiam
2480 5504 2753 5574 adjicitis,
2821 5505 3071 5573 Deoqne,
3123 5507 3211 5559 cui
3266 5519 3475 5559 ruentes
3521 5514 3720 5560 nostra:
3788 5516 3840 5561 et

2260 5602 2421 5655 corda
2455 5610 2640 5669 aperta
2669 5608 2819 5665 sunt,
2854 5599 3160 5664 huiusmodi
3195 5602 3375 5665 fidem,
3418 5602 3528 5654 imo
3558 5601 3837 5668 perfidiam

2260 5694 2483 5749 oll'ertis.
2519 5692 2612 5749 Est
2636 5696 2778 5749 enim
2818 5691 3046 5748 validius
3077 5704 3301 5761 sentire,
3332 5710 3489 5763 quam
3520 5695 3724 5750 dicere.
3758 5692 3833 5749 ΝΟ
