4114 6306
1320 378 1716 445 ADVERSUS
1755 375 2065 437 GRAECOS
2102 375 2249 436 LIB.
2294 375 2392 435 Ν·
3370 370 3476 433 2‘2

255 518 343 570 que
374 498 577 555 veroid
602 497 817 553 sentitis
840 498 1037 563 solum,
1072 497 1163 552 sed
1195 496 1355 551 etiam
1395 495 1649 559 scribitis,
1684 507 1804 547 cum
1836 498 1878 555 Α
1910 490 2085 559 potius
2149 503 2306 557 quam
2372 486 2664 556 principem
2690 526 2702 549 ,
2762 494 2814 539 et
2860 485 3080 538 militent
3134 483 3250 553 plus
3310 498 3469 552 quam

255 597 361 650 illos
394 594 480 662 qui
528 592 692 645 etiam
724 606 787 644 ex
819 590 955 644 Filio
1003 590 1295 657 procedere
1343 588 1549 652 dicunt,
1580 599 1805 655 arguere
1909 583 2285 648 imperatorem
2334 580 2383 632 in
2432 578 2665 633 decretis
2715 575 2939 641 bellicis,
2967 590 3123 643 posse
3179 584 3469 628 assevetet.

252 685 485 742 nitimini.
530 684 735 751 Itaque,
766 682 810 736 si
861 681 1172 750 vituperatis
1208 680 1558 743 additionent,
1584 678 1683 746 ipsi
1730 685 1809 730 ta-
1910 675 2016 725 Sed
2068 673 2166 726 ista
2224 671 2487 738 superbire
2546 678 2730 737 aperta
2780 667 3093 721 documenta
3156 666 3375 731 habent,
3423 674 3475 719 et

254 795 360 831 men
395 773 744 831 nihilominus
798 771 1053 839 adjicitis.
1088 769 1157 823 Et
1212 770 1367 823 nobis
1413 768 1624 837 quidem
1656 767 1807 819 adest
1909 762 2344 818 irrationabiliter
2372 758 2809 815 distribuentium
2846 766 2992 811 sunt.

253 884 340 937 per
373 866 551 920 omnia
608 864 919 929 concordia,
961 844 1202 930 nihilque
1256 860 1492 922 illorum,
1534 872 1651 928 qua:
1705 856 1807 911 fide
1980 852 2083 906 Ista
2146 862 2272 906 tunc
2327 852 2526 905 nostris
2596 851 2661 903 ab
2719 846 3154 901 Occidentalibus
3225 862 3476 916 responsa

252 957 582 1011 continentur
610 948 871 1017 tollimus,
907 952 1059 1007 vobis
1085 961 1265 1005 autem
1316 958 1505 1005 contra
1569 948 1802 1016 penitus.
1907 956 2034 1001 sunt
2099 958 2222 999 cum
2294 942 2655 1011 adjectinnetn
2741 938 2941 993 aboleri
2996 938 3350 1006 postularent.
3416 940 3480 993 Et

314 1045 710 1101 Consideranda
764 1052 941 1097 autem
992 1042 1145 1097 vobis
1197 1050 1280 1097 est
1315 1040 1568 1095 Ecclesia:
1613 1046 1809 1093 nostra:
1909 1045 2060 1101 tunc,
2100 1034 2286 1090 eadem
2338 1033 2543 1096 dicunt,
2579 1039 2634 1085 et
2682 1030 2853 1083 modis
2902 1027 3173 1093 omnibus,
3205 1032 3270 1081 ad
3324 1030 3483 1083 unio-

251 1137 490 1204 dignitas,
516 1151 639 1206 qua
666 1149 940 1205 nunquam
967 1135 1035 1188 de
1068 1134 1172 1189 fide
1213 1133 1317 1187 nisi
1349 1146 1583 1202 congrua
1638 1130 1811 1185 sensit
1908 1143 2027 1183 nem
2076 1135 2288 1181 vocant.
2345 1123 2473 1188 Sed,
2519 1136 2692 1189 neque
2748 1121 2940 1186 modo,
2979 1135 3153 1189 neque
3196 1131 3353 1174 antea
3399 1122 3482 1177 his

251 1245 309 1284 ac
365 1228 554 1284 statuit
588 1245 602 1281 :
634 1237 690 1280 et
748 1239 867 1295 qua
916 1223 1055 1287 sola,
1114 1223 1268 1279 vobis
1308 1223 1559 1277 omnibus
1600 1220 1809 1277 caeteris

249 1320 381 1373 circa
426 1318 584 1371 iidem
633 1313 1102 1382 naufragantibus,
1132 1327 1240 1366 non
1266 1312 1439 1366 solum
1482 1311 1612 1365 nihil
1651 1326 1808 1380 passa

252 1418 327 1463 est
354 1406 682 1477 hajnsmodi,
715 1418 901 1459 verum
932 1412 987 1456 et
1012 1402 1258 1471 jacentes
1285 1409 1510 1456 ceteras
1540 1398 1808 1454 Ecclesias

249 1500 453 1561 erexit;
484 1505 561 1560 et,
603 1494 775 1548 sicubi
830 1492 1109 1561 religionis
1159 1490 1337 1545 fervor
1391 1498 1688 1559 supererat,
1740 1488 1807 1541 ad

250 1590 378 1642 lianc
426 1582 801 1654 confugiebat,
853 1582 993 1637 hanc
1046 1580 1369 1650 appellabat.
1428 1578 1554 1633 Hec
1605 1587 1806 1640 autem,

253 1694 459 1733 manum
483 1678 784 1747 porrigens,
805 1689 923 1743 qua:
946 1675 1192 1745 dispersa
1215 1680 1391 1737 erant,
1412 1671 1466 1727 in
1490 1685 1654 1725 unum
1668 1669 1808 1724 ovile

248 1774 489 1839 cogehat,
521 1778 686 1837 atque
714 1766 1097 1837 coniungebat,
1127 1776 1184 1820 ut
1220 1781 1316 1819 vos
1368 1763 1558 1818 melius
1612 1760 1803 1817 nostis.

1910 1236 2029 1292 qua:
2058 1221 2333 1281 dicuntur,
2369 1215 2620 1271 assentiri
2660 1214 2993 1282 delegerunt.
3052 1215 3334 1280 Quomodo
3386 1215 3483 1282 igi-

1911 1320 2017 1377 tur,
2052 1325 2171 1365 cum
2203 1309 2310 1362 sint
2341 1307 2623 1361 contrariae
2648 1304 2937 1372 epinionis,
2970 1305 3130 1359 etiam
3167 1305 3363 1369 vocati,
3402 1305 3486 1358 his

1910 1392 2199 1457 convenire
2227 1396 2539 1461 voluissent,
2572 1409 2711 1465 quos
2746 1394 2891 1447 circa
2918 1393 3076 1447 [idem
3111 1394 3489 1463 blasphemare

1910 1490 2285 1546 arbitrantur?
2321 1488 2427 1541 Sed
2461 1496 2637 1541 tamen
2685 1494 2739 1540 et
2774 1485 2873 1539 hoc
2921 1484 3121 1539 factum
3158 1496 3262 1548 est,
3292 1499 3487 1553 eaque,

1909 1597 2068 1651 quam
2103 1580 2308 1641 dicunt,
2340 1578 2603 1640 evocatio,
2632 1576 3043 1644 communisque
3073 1578 3310 1646 synodus
3334 1578 3446 1645 (49)
3472 1617 3487 1639 ,

1908 1674 2023 1726 sive
2058 1671 2259 1725 nostris
2299 1669 2363 1724 ad
2394 1668 2754 1723 obedientiam
2804 1671 3037 1736 priorem
3073 1667 3441 1721 remeantibus
3472 1709 3488 1731 ,

1916 1764 2031 1817 sive
2096 1762 2163 1816 de
2213 1760 2513 1826 huiusmodi
2570 1760 2843 1813 additione
2895 1757 3075 1813 doceri
3129 1758 3488 1826 cupientibus,

251 1836 356 1913 Non
388 1874 515 1928 ergo
536 1836 787 1913 convenit
813 1866 868 1910 ut
900 1836 1022 1911 cum
1065 1856 1172 1909 tale
1219 1856 1288 1909 ab
1320 1854 1475 1909 initio
1502 1852 1807 1922 exemplum
1843 1836 2031 1910 Esite
2062 1868 2157 1923 per
2207 1854 2409 1921 seipsos
2431 1852 2715 1921 veritatem
2771 1850 3212 1920 agnoscentibus,
3244 1850 3489 1920 Lugduni

251 1948 507 2012 habeatis,
540 1960 859 2015 semperque
909 1950 975 2001 ad
1031 1945 1119 1999 illa
1179 1944 1388 1999 fueritis
1434 1943 1630 2007 edocti,
1667 1956 1810 1995 nunc

253 2048 448 2093 mutato
483 2038 701 2101 ordine,
733 2052 831 2093 vos
880 2036 1024 2090 illam
1077 2037 1269 2091 docere
1295 2035 1586 2098 conemini,
1617 2034 1810 2087 adver-

250 2144 335 2185 sus
360 2146 517 2200 quam
552 2140 718 2198 portae
748 2129 905 2197 inferi
945 2145 1209 2199 nunquam
1255 2125 1684 2196 pravalituras“
1725 2124 1813 2179 ille

253 2222 516 2290 promisit,
555 2222 648 2289 qui
683 2222 896 2275 mentiri
927 2237 1031 2275 non
1067 2228 1263 2288 potest.

314 2310 518 2380 Itaque,
549 2314 623 2365 uf
641 2325 706 2363 ex
738 2311 1028 2380 pramissis
1077 2311 1330 2374 inuetuit,
1362 2318 1555 2379 praeter
1601 2322 1812 2363 omnem

254 2401 513 2456 rationem
558 2410 660 2465 est,
696 2413 884 2470 putare
926 2404 1066 2459 hane
1112 2417 1143 2457 a
1171 2404 1397 2457 veritate
1450 2402 1733 2463 excidisse,
1763 2407 1817 2453 et

252 2492 532 2544 occasione
570 2490 844 2559 religionis
886 2492 1030 2545 circa
1089 2473 1266 2556 fidem,
1318 2492 1445 2545 dum
1493 2490 1814 2543 additionem

255 2582 506 2650 abjicitis,
537 2581 655 2648 ejus
680 2583 840 2636 etiam
888 2582 1294 2652 intelligentiam
1337 2582 1600 2651 negando,
1626 2568 1694 2635 ab
1720 2581 1818 2634 ltu-

250 2673 489 2740 jusntodi
533 2673 769 2727 Ecclesia
801 2674 1039 2742 prmcidi,
1067 2675 1206 2727 sicut
1239 2683 1291 2729 et
1320 2674 1450 2727 alias
1486 2683 1647 2727 ante:
1680 2689 1818 2727 nunc

252 2763 466 2830 quidem
507 2770 728 2832 propter
770 2764 1237 2818 consubstantialt's
1263 2778 1454 2819 nomen
1486 2779 1500 2827 ;
1530 2779 1671 2817 nunc
1726 2778 1821 2817 au-

255 2860 382 2915 tem,
430 2850 574 2918 quod
632 2851 732 2905 hoc
782 2865 980 2906 nomen
1042 2852 1181 2906 Deus
1242 2852 1310 2907 de
1370 2850 1571 2919 Spiritu
1630 2860 1820 2905 sancto

248 2942 507 3009 scriptum
566 2957 667 2995 non
731 2950 978 3008 esset,et
1025 2944 1159 3000 alias
1216 2944 1391 3009 aliter,
1438 2954 1659 3013 propter
1685 2958 1821 3014 quas

255 3036 431 3089 nostis
458 3026 672 3098 causas,
702 3033 1159 3103 pratcidebnmiui.

1914 1954 2237 2016 congregata
2288 1953 2393 2009 est,
2419 1950 2473 1996 et
2503 1951 2687 2011 aperte
2732 1951 2855 1995 ante
2905 1942 3083 2011 plures
3132 1958 3301 1995 annos
3356 1958 3488 1997 con-

1913 2045 2200 2093 summata.
2225 2036 2324 2092 Ubi
2355 2036 2537 2091 aderat
2560 2035 2770 2105 quidem
2796 2034 3069 2088 Romanus
3111 2034 3346 2103 pontifex
3371 2036 3485 2106 (50)

1913 2148 2005 2199 per
2041 2131 2300 2198 seipsum,
2336 2129 2479 2183 illius
2503 2129 2904 2183 convocationis
2930 2143 3137 2189 auctor,
3170 2139 3331 2199 atque
3354 2144 3478 2185 cum

1913 2236 1976 2275 eo
2001 2221 2375 2291 quadringenti
2402 2219 2569 2274 ferme
2613 2218 2874 2289 episc0pi.
2904 2218 3141 2274 Aderant
3195 2227 3371 2273 autem
3431 2229 3484 2273 et

1916 2312 2523 2383 Constantinopolitanae
2576 2311 2825 2368 Ecclesire
2886 2310 3077 2379 legati,
3123 2313 3214 2381 qui
3272 2314 3481 2369 illoruat

1920 2406 2204 2476 implerent
2257 2405 2457 2459 locum.
2509 2401 2661 2457 Tunc
2717 2403 2894 2472 igitur,
2934 2412 2989 2456 ttt
3047 2412 3213 2472 patet,
3246 2418 3309 2457 es
3373 2404 3483 2459 illic

1920 2496 2132 2564 scriptis
2200 2492 2645 2557 commentariis,
2689 2492 2742 2545 in
2794 2492 2983 2560 quibus
3042 2502 3093 2546 et
3152 2505 3336 2545 eorum
3391 2494 3482 2560 qui

1919 2594 2304 2650 convenerant,
2361 2584 2598 2648 nomina,
2626 2591 2680 2637 et
2735 2584 2918 2649 verba,
2972 2592 3027 2637 et
3078 2583 3387 2653 dignitates,
3433 2593 3489 2638 et

1922 2678 2102 2731 omnia
2152 2677 2373 2730 omnino
2417 2674 2686 2728 memorize
2741 2674 2991 2727 mandata
3042 2682 3488 2729 sunt:-contmu-

1924 2769 2066 2821 niter
2093 2768 2159 2819 ab
2214 2765 2463 2819 omnibus
2510 2772 2592 2817 est
2647 2763 3001 2827 declaratum,
3056 2764 3485 2831 antiquissimam

1925 2856 2177 2910 Ecclesiae
2217 2854 2559 2908 traditionem
2608 2866 2751 2918 esse,
2800 2862 2853 2907 et
2901 2854 2969 2908 ad
3019 2863 3265 2907 sanctam
3307 2854 3490 2909 Trini-

1929 2949 2051 3004 tatis
2082 2946 2512 3010 saluberrimam,
2543 2953 2597 2998 et
2640 2960 2821 2999 veram
2844 2944 3025 3011 iidem,
3053 2959 3263 2999 summe
3298 2961 3488 3001 neces-

1926 3040 2144 3104 sariam,
2174 3038 2610 3107 Graecerumque,
2635 3036 2951 3092 Latinorum
3001 3038 3282 3093 doctorum
3310 3054 3491 3108 arqua-

318 3124 414 3178 Est
480 3134 660 3177 autem
728 3124 941 3192 plenum
1016 3124 1367 3182 absurditatis
1438 3126 1493 3183 et
1548 3130 2069 3224 amenticc,cliter,
2138 3132 2388 3203 dogmate
2429 3139 2482 3186 et
2533 3129 2775 3183 doctrina
2834 3130 3173 3194 roboratam,
3230 3130 3491 3199 Βνίιιτιιιιι

258 3223 446 3283 putare
496 3213 652 3267 vobis
689 3213 904 3281 quidem
952 3215 1113 3268 licere
1144 3218 1377 3286 synodos
1425 3232 1637 3289 cogere,
1668 3234 1729 3273 ac
1758 3222 1824 3275 de

254 3303 354 3359 ﬁde
397 3305 617 3358 decreta
650 3303 988 3359 conscribere
1008 3305 1155 3375 (48);
1190 3321 1309 3360 cum
1357 3308 1499 3362 nulla
1528 3310 1676 3366 illinc
1704 3324 1823 3365 sen-

266 3396 424 3449 tentia
483 3395 737 3456 tnanarit,
790 3410 892 3449 non
939 3398 1313 3454 consentiente
1346 3400 1426 3453 vel
1483 3416 1578 3471 per
1632 3418 1709 3465 se,
1743 3403 1823 3456 vel

256 3500 348 3553 per
412 3478 550 3541 alios
600 3484 844 3539 Romano
902 3488 1175 3554 pontilice,
1232 3504 1352 3557 qua?
1398 3505 1502 3545 non
1551 3499 1608 3544 ut
1662 3492 1820 3545 noxia

255 3577 578 3640 existimata,
607 3577 842 3632 Ienebris
858 3578 1110 3631 damnata
1129 3582 1216 3633 sit.
1240 3578 1301 3633 Ei
1326 3596 1472 3644 vero,
1494 3592 1548 3635 et
1576 3581 1824 3635 Ecclesiae

254 3682 382 3729 suae,
408 3682 531 3735 quae
554 3680 583 3718 a
607 3668 823 3721 nemine
842 3682 1073 3735 unquam
1111 3669 1503 3736 quomodulibet
1527 3660 1826 3724 communi-

260 3768 338 3810 ter
374 3756 458 3811 vel
494 3756 718 3811 seorsim
753 3757 821 3812 de
867 3756 971 3813 fide
1023 3759 1344 3827 reprehensa
1363 3768 1466 3825 est,
1493 3768 1548 3815 et
1577 3761 1691 3816 sine
1716 3777 1823 3831 quo

258 3848 515 3917 possibile
567 3861 671 3902 non
704 3857 789 3902 est
835 3848 1203 3903 ecclesiastica
1258 3852 1442 3917 statui,
1479 3860 1532 3905 et
1586 3853 1821 3906 ordinari

251 3942 633 4011 negotiaznon
690 3941 914 4007 dicere,
967 3943 1194 3997 concilia
1251 3958 1375 3998 cum
1428 3946 1543 3999 suis
1594 3944 1821 4014 agendo,

251 4035 393 4103 quod
426 4032 495 4086 ad
545 4045 605 4087 se
660 4031 912 4100 pertinet,
947 4034 1309 4089 ecclesiastica
1368 4045 1597 4091 tractare
1630 4051 1693 4090 ac
1738 4036 1823 4089 di-

264 4120 463 4189 rigere.
496 4118 603 4174 Sed
640 4118 790 4173 vobis
845 4120 1061 4188 quidem
1133 4122 1527 4192 prazsentibus,
1586 4124 1817 4193 primum

250 4210 522 4276 conﬁteri,
567 4223 623 4265 et
668 4213 906 4267 omnium
956 4227 1075 4269 esse
1126 4214 1425 4284 principem
1476 4218 1820 4271 concedere:

249 4315 546 4370 omnesque
585 4313 805 4373 propter
828 4304 1142 4373 dignitatem
1171 4305 1223 4359 in
1246 4320 1372 4361 eum
1416 4308 1688 4377 respicere
1728 4307 1824 4362 de-

247 4393 375 4447 bere
439 4392 731 4459 arbitrari,
785 4404 971 4463 utpote
1050 4396 1214 4453 totius
1269 4398 1475 4468 collegii
1530 4408 1725 4468 caput,
1769 4409 1825 4454 et

1928 3231 2173 3277 sanctum
2226 3236 2293 3275 ex
2356 3218 2513 3274 Patre
2573 3229 2626 3272 et
2678 3216 2814 3272 Filio
2869 3219 3137 3285 similiter,
3215 3220 3373 3275 veluti
3427 3236 3491 3276 ex

1937 3328 2043 3368 uno
2081 3312 2351 3383 principio
2403 3310 2714 3379 procedere.
2746 3309 3008 3365 Darnnant
3042 3322 3238 3373 autem,
3273 3320 3326 3365 et
3363 3325 3495 3363 ana-

1927 3405 2299 3467 thetnatizant,
2329 3403 2419 3469 qui
2456 3412 2581 3456 tunc
2628 3417 2927 3456 convenere
2967 3418 3181 3464 omnes,
3210 3402 3299 3470 qui
3342 3403 3496 3456 dein-

1930 3504 2059 3558 ceps
2088 3491 2193 3542 duo
2222 3487 2492 3557 principia
2531 3496 2858 3541 conarentur
2887 3488 3246 3551 introducere,
3274 3494 3329 3539 et
3356 3487 3496 3539 hanc

1928 3580 2315 3635 absurditatem
2376 3576 2629 3631 Ecclesiae
2668 3577 2889 3629 auribus
2922 3578 3185 3645 ingerere.
3244 3575 3316 3629 Ea
3369 3591 3494 3631 vero

1932 3668 2239 3730 sententia,
2278 3666 2660 3721 communibus
2708 3664 2949 3719 omnium
3003 3667 3141 3721 votis
3193 3667 3493 3728 enuntiata,

1930 3760 2136 3829 digesta
2168 3760 2219 3812 in
2253 3756 2455 3811 eisdem
2486 3754 2832 3822 scriptis-est.

2004 3852 2280 3917 Nusquam
2313 3864 2439 3904 vero
2464 3849 2571 3902 illic
2601 3848 2867 3917 quispiam
2897 3847 3158 3901 adtlilioni
3188 3847 3493 3915 indignari;

1926 3944 2047 4008 sed,
2086 3955 2209 3995 vera
2267 3939 2471 4001 omnia,
2505 3946 2559 3993 et
2611 3951 2771 3993 voces
2806 3947 2861 3993 et
2900 3938 3158 4004 actiones,
3186 3953 3321 4008 quae.
3356 3938 3496 4009 Lug-

1924 4040 2047 4094 duni
2080 4047 2205 4092 tunc
2254 4048 2400 4107 gesta
2450 4045 2598 4100 sunt;
2630 4046 2702 4100 et,
2736 4036 2826 4103 qui
2875 4050 2940 4090 ex
2978 4039 3179 4092 nostris
3225 4036 3495 4097 affuerunt

1924 4130 2177 4195 concilio,
2215 4130 2505 4200 legatique,
2532 4137 2583 4182 et
2642 4126 2887 4196 episc0pi
2949 4128 3205 4193 confessi,
3246 4128 3491 4183 imderati

1927 4221 2219 4285 redierunt,
2264 4228 2483 4288 agentes
2535 4217 2642 4271 Deo
2690 4226 2894 4284 gratias
2920 4233 3041 4271 cum
3091 4218 3361 4281 omnibus.
3398 4234 3494 4287 pro

1922 4311 2192 4366 communi
2229 4309 2349 4363 Iidei
2393 4308 2702 4368 concordis.
2735 4323 2840 4377 qua
2873 4308 2926 4362 in
2985 4309 3258 4377 praedictis
3321 4310 3493 4366 tribus

1927 4391 2180 4468 capitulis
2205 4397 2374 4452 'simul
2406 4406 2815 4451 consenserunt.

255 4500 570 4553 supremum
608 4485 887 4541 verticem:
915 4489 1229 4544 absentibus
1260 4499 1462 4555 autem,
1493 4505 1670 4560 neque
1697 4491 1822 4545 ulti-
1854 4468 1897 4524 θ
2000 4491 2243 4557 Cumque
2300 4488 2496 4543 animis
2550 4487 2826 4556 conjuncti
2890 4496 3102 4555 essent,
3155 4489 3328 4543 coacti
3385 4504 3490 4545 non

260 4588 405 4627 nium
440 4574 514 4627 illi
547 4574 721 4628 locurn
749 4574 1074 4644 relinquere,
1106 4593 1170 4631 ne
1192 4579 1474 4634 minimum
1508 4581 1747 4648 quidem,
1769 4592 1825 4635 ιιι

250 4679 350 4718 vus
381 4665 606 4717 seorsim
635 4663 757 4717 ﬁdei
810 4665 1024 4720 decreta
1050 4674 1105 4720 et
1144 4668 1391 4735 dogmata
1422 4669 1683 4737 scribitis,
1722 4672 1824 4740 ipsi

249 4755 413 4808 licere
455 4753 507 4807 in
541 4754 924 4809 ecclesiasticis
977 4758 1206 4825 agendo,
1236 4772 1359 4826 quae
1384 4772 1478 4813 sua
1533 4770 1661 4816 sunt
1712 4770 1822 4816 sta-

253 4851 423 4906 tuere,
457 4851 619 4910 atque
661 4841 977 4909 decernere,
1006 4844 1257 4899 omnibus
1305 4846 1402 4912 illi,
1428 4861 1549 4915 qua:
1598 4848 1827 4903 habebat

252 4932 465 4989 ablatis.
501 4934 618 4988 Hoc
663 4944 840 4988 autem
900 4942 983 4989 est
1031 4936 1193 4990 vestri
1233 4951 1395 4991 causa
1442 4948 1631 5006 putare
1680 4939 1827 4993 illum

253 5025 542 5091 primatum
596 5034 651 5076 et
706 5026 1079 5081 auctoritatem
1146 5027 1198 5080 itt
1260 5030 1547 5085 sententiis
1605 5032 1827 5097 habere,

256 5128 357 5168 non
418 5130 514 5167 vos
566 5115 710 5168 illius
769 5130 933 5171 causa
986 5119 1037 5170 in
1094 5121 1315 5188 synodis
1353 5123 1557 5188 ornari,
1590 5133 1645 5176 et
1671 5138 1829 5191 posse

255 5206 453 5270 aliquid
500 5215 710 5274 putare,
737 5208 1015 5275 sequendo
1046 5210 1097 5262 id
1132 5213 1273 5278 quod
1311 5226 1502 5281 praeter
1552 5217 1826 5282 antiquam

258 5298 500 5351 Ecclesia:
532 5299 972 5354 consuetudinem
1007 5313 1108 5363 est,
1137 5302 1296 5357 veluti
1328 5320 1371 5358 st
1394 5307 1513 5374 quis
1543 5308 1816 5361 subditum

326 5430 368 5462 ¹⁸
423 5429 618 5485 Matth.
670 5446 779 5494 xvi,
824 5432 911 5484 i8.

330 5569 441 5637 (d8)
478 5567 674 5622 Netent
695 5569 806 5637 haec
836 5568 1095 5632 haeretici,
1117 5578 1171 5621 et
1203 5568 1253 5620 iit
1281 5567 1401 5636 jura
1450 5581 1667 5637 pectora
1724 5570 1814 5623 de-

257 5635 467 5693 mittant
493 5639 580 5690 isti
606 5638 749 5703 impii
782 5635 1071 5707 Lutherani
1098 5648 1152 5690 et
1188 5635 1498 5692 Calvinistie
1530 5642 1617 5707 qui
1647 5654 1706 5694 se
1729 5655 1823 5705 per

253 5723 516 5763 summam
538 5708 924 5778 impudentiam
950 5704 1299 5778 Evangelicus
1318 5709 1516 5762 audent
1538 5704 1823 5778 appellare.

320 5782 434 5849 (49)
458 5774 708 5846 Synodus
731 5774 1273 5842 Lugdunicelebrata
1325 5795 1414 5831 an.
1474 5774 1621 5833 cur;
1662 5779 1822 5833 I274.

570 5867 845 5927 PATROL.
886 5864 1002 5924 Gn.
1050 5866 1209 5928 CLII.

1925 4592 2053 4637 sunt
2083 4580 2396 4651 Symbolum
2442 4595 2563 4633 cum
2613 4580 2887 4634 additione
2934 4581 3149 4649 legere;
3202 4583 3316 4646 sed,
3347 4582 3491 4636 sicut

1928 4672 2264 4743 temporibus
2316 4672 2459 4726 beati
2518 4670 2759 4734 Maximi,
2814 4672 2893 4725 sic
2936 4678 3062 4724 tunc
3114 4685 3171 4725 se
3230 4672 3500 4725 habebant

1921 4780 2028 4819 res.
2070 4764 2356 4817 Enimvero
2408 4757 2662 4829 quoniam
2721 4760 3025 4813 communis
3074 4760 3357 4825 utriusque
3396 4760 3498 4813 Ec-

1928 4854 2110 4908 clesia:
2170 4851 2458 4916 sententia,
2514 4850 2775 4916 Spiritum
2833 4856 3079 4902 sanctum
3125 4864 3154 4901 a
3198 4846 3390 4910 Patre,
3441 4859 3496 4903 et

1929 4945 2062 4998 Filio
2127 4944 2450 5013 procedere,
2504 4955 2691 4995 verum
2742 4953 2861 4993 esse
2921 4939 3320 5007 promulgatum
3388 4950 3491 5002 est,

1926 5039 2193 5105 aliterque
2259 5033 2579 5096 sentientes,
2629 5030 2986 5086 tnaledictioni
3055 5032 3252 5087 addicti
3320 5042 3491 5086 sunt:

1926 5133 2137 5181 constat
2168 5124 2431 5195 profecto,
2457 5124 2605 5191 quia,
2640 5122 2731 5191 qui
2772 5122 2931 5177 modo
2962 5122 3103 5177 istud
3136 5124 3484 5185 conlltentur,

1925 5219 2070 5288 digni
2128 5225 2272 5279 sunt,
2305 5220 2397 5283 qui
2454 5225 2855 5284 asseverentur.
2903 5225 2955 5269 et
3011 5225 3227 5269 nostras
3268 5215 3491 5279 diligere

1929 5307 2230 5367 Ecclesias,
2282 5306 2600 5372 illarumque
2678 5305 3037 5367 sententiam,
3113 5304 3265 5372 quasi
3335 5302 3494 5353 unius

1997 5572 2108 5639 (50)
2137 5573 2439 5627 Secundum
2466 5576 2802 5643 Onuphrium
2843 5585 2925 5628 est
2964 5579 3007 5628 is
3066 5569 3362 5643 Gregorius
3416 5571 3484 5626 Χ.

1932 5637 2185 5696 Interfuit
2229 5643 2356 5696 huic
2392 5637 2622 5697 concilio
2654 5648 2818 5697 etiam
2870 5641 3096 5697 Michael
3157 5637 3488 5709 Palmulogus

1934 5714 2064 5780 intp.
2095 5712 2743 5781 Constantinopolitantis.

2952 5865 2986 5921 7
