4114 6306
503 398 611 461 '203

1771 389 2173 451 MANUELIS
2206 387 2512 450 CALECA!

3741 392 3879 457 εοι

502 514 906 572 confessionem
950 480 1257 577 complecti,
1298 514 1458 575 atque
1484 506 1801 571 continere;
1840 503 1931 575 qui
1963 519 2091 558 vero
2119 507 2163 562 Α
2191 495 2279 573 qui
2341 501 2616 579 synodicis
2666 502 2983 569 sententiis,
3007 502 3348 573 decretisque
3395 502 3814 563 interessent
3852 527 3871 565 :

510 609 654 662 illam
678 601 1000 659 sententiam
1044 606 1266 669 negant,
1291 604 1534 651 neutram
1573 596 1822 675 venerari
1870 594 2081 663 perspi-

504 712 672 753 cuum
742 704 846 758 est;
912 701 1126 746 tertiam
1194 697 1399 750 autem,
1452 686 1635 741 nescio
1695 701 1854 754 quam
1924 685 2083 740 aliam

508 788 804 843 Ecclesiam
862 783 1085 849 habere,
1133 778 1204 835 ab
1250 789 1480 848 utraque
1532 786 1856 846 separatam,
1902 779 2086 833 amba-

508 881 719 949 bosque
748 875 944 930 bellum
977 874 1329 929 indicentem.

578 969 808 1039 Liquido
847 981 982 1036 ergo
1035 964 1448 1032 comprobatur,
1496 969 1551 1015 et
1598 967 1759 1030 quam
1814 959 2093 1030 inquirant

503 1063 793 1134 synodum,
822 1060 932 1129 jam
966 1057 1166 1113 factam
1212 1070 1355 1120 esse,
1385 1054 1573 1123 eisque
1607 1068 1712 1107 non
1760 1068 1867 1107 una
1898 1051 2087 1108 decer-

504 1152 763 1207 nentibus
789 1148 1154 1219 adjectionem
1203 1143 1423 1207 factam,
1459 1144 1601 1212 quod
1636 1152 1906 1212 quaerunt,
1936 1142 2092 1197 aliter

506 1258 568 1296 se
633 1241 854 1295 habere.
912 1238 1018 1292 Eos
1075 1245 1255 1291 tamen
1304 1244 1363 1288 ut
1412 1235 1772 1290 concedamus
1826 1234 2095 1303 neglectos

506 1334 709 1397 inisse,
760 1344 941 1385 nonne
966 1340 1227 1382 extremae
1256 1326 1643 1391 contentionis,
1676 1335 1849 1391 atque
1873 1326 2096 1379 demen-

508 1423 599 1476 tiae
625 1430 727 1482 est,
760 1435 865 1473 nou
914 1417 1206 1488 discutere,
1238 1432 1304 1471 an
1352 1429 1476 1469 vera
1502 1415 1573 1468 sit
1624 1413 1866 1468 additio:
1894 1412 2097 1468 solum-

511 1528 637 1582 quo,
675 1511 801 1580 quia
856 1509 1064 1563 evocati
1099 1524 1203 1562 non
1256 1513 1401 1572 sunt,
1451 1499 1749 1574 indignari,
1783 1513 1838 1558 et
1876 1504 2099 1559 moleste

501 1600 659 1658 ferre
677 1602 700 1655 ἲ
728 1611 784 1658 et
817 1600 941 1670 quia
976 1614 1038 1653 ea
1077 1595 1464 1653 convocatieoe
1495 1596 1742 1650 honorati
1790 1610 1894 1649 non
1951 1605 2097 1658 sunt,

508 1676 675 1749 Deum
708 1694 1072 1757 inhonorare;
1099 1690 1352 1759 quodque
1395 1687 1601 1743 vocatis
1648 1702 1770 1742 esse
1799 1688 1974 1743 visum
2015 1698 2102 1744 est

511 1787 587 1848 id,
616 1786 741 1855 quia
763 1782 994 1851 neglecti
1026 1791 1174 1846 sunt,
1205 1780 1399 1835 falsum
1426 1779 1764 1844 existimare,
1787 1778 2101 1848 morbisque

2189 603 2414 663 postque
2433 594 2684 649 emissam
2703 593 2768 647 de
2788 594 3018 648 veritate
3046 596 3394 660 sententiam,
3417 608 3694 665 semper
3725 598 3877 653 lue—

2187 686 2296 741 rint
2322 686 2487 753 aliqui
2512 686 2942 742 contradicentes
2970 685 3206 741 veritati.
3724 693 3735 703 ‘

2258 775 2480 841 Deinde,
2512 777 2658 830 nulla
2691 792 2925 845 unquam
2967 776 3356 846 fuitsyuodus,
3387 787 3742 846 praesente,
3801 790 3870 836 et

2193 869 2585 936 comprobante
2622 866 2871 922 Romano
2895 865 3177 932 Pootifice,
3204 868 3289 923 vel
3321 868 3449 931 alio,
3480 870 3606 937 qui
3632 870 3866 925 locum

2190 959 2601 1033 illiusimpleret
2636 970 2981 1029 congregata,
3016 959 3173 1028 cujus
3210 975 3315 1016 non
3349 960 3567 1015 fuerint
3616 978 3865 1017 oni-res

2194 1059 2325 1104 rata:
2373 1051 2672 1105 sententiae.
2712 1050 2910 1105 Contra
2955 1064 3082 1109 vero
3114 1052 3167 1105 io
3202 1052 3306 1117 his,
3340 1065 3462 1121 quae
3510 1052 3674 1107 sine
3714 1055 3857 1116 ilio,

2195 1157 2258 1196 ac
2299 1152 2494 1212 prmtcr
2521 1143 2642 1213 ejus
2689 1152 2875 1196 nutum
2904 1154 3104 1199 coactae
3131 1153 3280 1209 sunt,
3310 1144 3627 1213 plerasque
3679 1145 3858 1199 latas

2198 1233 2497 1290 Sententiae
2536 1235 2818 1301 reprobus,
2850 1246 2905 1289 et
2937 1236 3129 1290 merito
3171 1234 3423 1305 explosas
3465 1235 3747 1302 scit-tus,
3784 1249 3856 1291 et

2150 1354 2155 1367 ι
2196 1321 2355 1379 facile
2420 1327 2707 1380 ostendere
2759 1340 3066 1395 possumus.
3116 1326 3256 1380 Hinc
3308 1340 3458 1413 ergo.
3508 1335 3854 1395 praeerata

2196 1413 2289 1468 illo
2323 1428 2388 1468 ac
2419 1414 2761 1483 praesidente,
2791 1417 3089 1471 sententias
3117 1416 3189 1470 ibi
3236 1417 3665 1483 prouuutiatas,
3705 1434 3852 1491 quo

2198 1515 2357 1574 pacto
2384 1505 2570 1561 irritas
2594 1521 2723 1577 esse
2755 1507 2941 1573 velint,
2972 1522 3077 1561 non
3109 1506 3286 1563 video.

2270 1593 2383 1651 Nisi
2436 1596 2574 1651 forte
2629 1596 2885 1652 Nicetium
2941 1612 3158 1666 quoque
3202 1600 3492 1654 concilium
3544 1601 3843 1658 dicimus

2203 1688 2370 1745 fuisse
2416 1690 2733 1755 violentum,
2758 1689 2977 1756 partim,
3012 1690 3137 1758 quis
3179 1690 3570 1747 Constantinus
3640 1693 3837 1765 ﬂag»

2206 1796 2307 1837 nos
2335 1780 2598 1844 interfuit,
2625 1781 3064 1836 contradicentes
3089 1783 3344 1837 omnibus
3366 1783 3577 1839 viribus
3638 1801 3838 1841 coer-

509 1876 645 1938 suis,
683 1885 847 1943 atque
895 1871 1241 1941 passionibus
1280 1869 1583 1924 divinarum
1622 1878 1805 1924 rerum
1842 1868 2091 1937 judicare
2127 1864 2169 1919 Β
2197 1886 2359 1929 cens:
2404 1872 2598 1941 partim
2646 1872 2773 1942 quia
2835 1873 3052 1941 plurimi
3106 1874 3592 1929 contradicentium
3674 1884 3835 1946 post

508 1964 829 2021 veritatem?
854 1963 1263 2033 Aspernationis
1297 1960 1439 2015 enim
1484 1960 1687 2029 potius.
1716 1970 1771 2015 et
1804 1971 2089 2014 contume-

512 2056 615 2123 liw,
644 2070 738 2108 seu
784 2054 1072 2123 cujuslibet
1115 2052 1366 2106 humana:
1400 2051 1669 2119 passionis
1713 2049 2089 2106 Occidentales

512 2147 861 2202 insimulandi
903 2146 1140 2208 fuerant,
1183 2146 1229 2199 si
1280 2143 1581 2198 insimulari
1636 2152 1946 2206 merentur;
1983 2159 2086 2198 non

506 2239 904 2307 blasphemia);
937 2246 991 2292 et
1043 2234 1364 2303 impietatis,
1418 2247 1718 2303 eorumque
1773 2235 2086 2298 criminum,

513 2331 709 2397 quibus
740 2327 874 2381 nihil
904 2326 1093 2380 tetrius
1118 2324 1408 2391 excogitari
1445 2332 1645 2392 potest.
1678 2322 1863 2392 Neque
1903 2334 2080 2377 tamen

513 2428 857 2488 contemptus
886 2418 1098 2471 illorum
1136 2431 1320 2479 causa,
1355 2415 1596 2481 gladium
1629 2415 1763 2468 inse
1814 2414 2092 2483 impellere

514 2512 835 2575 debuerant,
860 2523 918 2564 se
947 2509 1093 2578 ipsos
1123 2522 1152 2561 a
1182 2508 1611 2562 Christianorum
1672 2507 1876 2560 unitate
1900 2495 2092 2576 praeci-

516 2605 716 2668 denda,
747 2616 935 2672 seque,
960 2600 1287 2670 perniciose,
1317 2599 1694 2669 lcthaliterqoe
1723 2600 2093 2666 vulnerando;

514 2705 567 2748 et
593 2710 657 2746 ex
689 2694 774 2746 his
811 2707 931 2761 quae
950 2700 1142 2746 contra
1164 2698 1475 2745 sanctorum
1512 2690 1815 2745 doctrinam
1852 2691 2093 2760 Ctﬂpoltl,

515 2795 571 2840 et
606 2799 727 2854 qua:
764 2780 868 2852 ipsi
893 2789 1082 2836 contra
1115 2780 1416 2837 sentientes
1446 2781 1668 2836 addunt.

585 2875 850 2944 Quoniam
879 2875 1042 2944 igitur
1061 2882 1118 2928 et
1144 2876 1454 2939 convenire,
1478 2885 1532 2928 et
1557 2874 1880 2943 quaestiones
1900 2876 1966 2930 de
1994 2876 2097 2932 fide

517 2968 646 3022 solis
686 2963 1125 3019 Occidentalibus
1176 2977 1424 3018 seorsum
1494 2978 1601 3017 non
1671 2965 1798 3018 licet
1828 2964 2095 3032 definire,

518 3070 681 3127 atque.
708 3055 777 3109 de
809 3056 1063 3109 omnibus
1108 3054 1421 3117 decernere,
1455 3051 1619 3108 aliter
1660 3068 1823 3123 quam
1872 3058 2099 3126 putaba-

519 3157 625 3210 tur,
661 3161 718 3199 se
749 3145 911 3199 habet
938 3144 1097 3197 ratio.
1125 3143 1193 3196 Et
1240 3142 1381 3196 enim
1411 3157 1473 3197 ea
1504 3142 1687 3212 opinio
1733 3143 2095 3218 obedientiam

518 3234 897 3303 refugientium
933 3229 1126 3295 fastus,
1150 3239 1205 3292 et
1231 3230 1483 3284 elationis
1509 3244 1692 3296 causa,
1722 3240 1943 3301 propter
1970 3232 2098 3288 civi-
2122 3229 2149 3318 ξ

522 3326 646 3381 tatis
696 3322 1124 3395 amplitudinem,
1162 3320 1482 3389 imperiique
1541 3320 1882 3390 dignitatem,
1938 3338 2096 3378 occa-

520 3421 804 3487 sionesque
856 3412 1234 3485 quaerentium,
1265 3428 1327 3467 ac
1377 3413 1668 3482 primatum
1717 3415 2096 3483 ambientiutn,

522 3511 647 3579 quia
688 3519 866 3562 tamen
906 3503 1084 3561 vocati
1116 3513 1393 3568 venerant,
1426 3511 1484 3557 ut
1513 3503 1715 3558 dictum
1767 3513 1887 3570 est;
1936 3519 2100 3568 opor-

453 3631 461 3647 -
526 3608 702 3655 tuerat
724 3613 854 3653 sane
880 3597 1127 3652 unionem
1162 3608 1331 3665 usque
1361 3594 1414 3649 in
1447 3594 1608 3650 finem
1657 3609 1876 3651 servare
1909 3596 2101 3665 positis

523 3692 981 3748 contentionibus.

592 3782 747 3841 Nunc
783 3793 961 3838 autem
994 3790 1407 3852 permanserunt
1434 3780 1652 3848 quidem
1684 3783 1739 3836 in
1770 3781 1888 3851 ipsa
1918 3780 2102 3836 Eccle-

523 3880 619 3934 sia:
651 3878 849 3931 unione
880 3886 1091 3942 tempus
1118 3889 1224 3928 non
1252 3871 1555 3927 modicum:
1586 3881 1769 3939 postea
1797 3886 1986 3925 rursus
2006 3871 2100 3939 qui

517 3968 729 4034 justam
749 3962 1136 4029 subjectionem
1164 3960 1440 4014 servitutis
1463 3957 1651 4030 jugum
1675 3960 2096 4027 arbitrabantur,

527 4060 701 4127 regem
737 4069 937 4109 novum
986 4053 1156 4114 nacti,
1196 4051 1307 4119 (5t)
1347 4065 1630 4120 Ipsumque
1682 4051 1869 4116 libere,
1895 4060 1951 4105 et
1994 4067 2101 4121 qua

526 4149 694 4201 ferret
725 4149 980 4213 impetus,
1008 4149 1196 4209 suapte
1229 4149 1427 4194 natura
1458 4139 1525 4193 ad
1557 4154 1644 4195 res
1672 4155 1840 4195 novas
1874 4140 2100 4210 pronum

525 4244 932 4307 persuaserunt,
967 4244 1025 4286 ut
1073 4233 1308 4302 imperii,
1336 4232 1478 4300 quod
1511 4228 1615 4285 illis
1662 4232 2099 4305 cooperantibus,

528 4314 770 4396 neglecto
791 4325 978 4389 fratre,
1007 4322 1182 4376 fuerat
1204 4322 1452 4391 adeptus,
1473 4322 1771 4375 mercedem
1788 4323 1868 4376 eis
1890 4323 2126 4377 uuionis

529 4419 933 4493 pcrvcrsionetn
969 4416 1142 4471 daret.
1200 4413 1398 4485 Sicque
1436 4400 1702 4484 perversis
1731 4414 2003 4480 omnibus,
2034 4414 2103 4469 ad

529 4514 775 4584 priorem.
799 4511 1007 4581 rediere
1037 4507 1452 4561 contumaciam.

597 4601 864 4655 Praeterea
900 4613 1008 4667 qua
1034 4597 1244 4667 ratione
1300 4596 1387 4649 hic
1427 4595 1680 4649 unionem
1730 4595 1813 4649 vel
1867 4604 2112 4653 servaret

524 4691 974 4757 pra'scttlellt,vel
1030 4690 1307 4742 absentem
1354 4687 1658 4756 requireret
1707 4697 1759 4738 et
1809 4698 2112 4754 revocaret,

525 4786 614 4856 qui
671 4786 880 4854 imperii
945 4780 1031 4836 sui
1087 4792 1326 4847 tempore
1364 4789 1595 4846 quatuor
1642 4778 1977 4844 patriarchas
2000 4776 2110 4846 (5‘2)

525 4877 823 4945 abrogavit,
868 4875 1012 4929 hunc
1060 4869 1374 4934 instituens,
1409 4867 1558 4921 illum
1584 4866 1843 4935 ejiciens;
1870 4869 2012 4937 quod
2062 4867 2111 4922 ei

485 5028 491 5036 ,
528 4984 633 5021 non
665 4968 884 5030 licebat,
911 4965 954 5019 si
995 4963 1242 5017 ltoimmo
1292 4958 1536 5029 pontiﬁci
1568 4958 1653 5026 jus
1705 4973 1863 5012 suout
1914 4959 2111 5013 redde-

527 5068 630 5119 t'ct,
687 5056 831 5124 quod
891 5054 1113 5109 union'ts
1160 5052 1365 5106 fmdera
1404 5050 1826 5120 compellercnt.
1872 5048 1947 5104 Ex
1998 5065 2104 5120 qua

528 5165 633 5203 una
671 5161 749 5210 re,
786 5148 851 5199 de
887 5144 1111 5212 reliquis
1143 5143 1305 5196 etiam
1336 5144 1464 5196 licet
1493 5141 1799 5211 conjicere»

597 5241 768 5293 Porro
799 5237 846 5289 si
870 5234 991 5303 quis
1022 5247 1140 5286 eam
1183 5234 1447 5302 synodum
1478 5244 1686 5288 asserat
1710 5233 1876 5288 fuisse
1905 5232 2106 5288 violen-

522 5347 658 5398 tant,
697 5329 886 5385 eadem
930 5325 1143 5379 ratione
1170 5326 1406 5392 synodos
1435 5324 1562 5377 item
1595 5325 1831 5395 reliquas
1859 5336 2105 5381 evertere

524 5437 799 5497 cogemur,
830 5432 950 5487 quae
975 5418 1027 5470 in
1061 5418 1141 5469 eis
1168 5427 1424 5468 concessa
1451 5415 1871 5496 Stllll,"alllblg1la
1906 5427 2109 5482 ponen-

520 5531 606 5574 tes
637 5514 838 5578 omnia,
866 5525 932 5565 co
955 5509 1095 5579 quod
1127 5521 1222 5577 per
1250 5503 1490 5573 singulas
1517 5503 1661 5571 leges
1685 5504 1848 5571 aliqui
1890 5504 2109 5570 fuerint,

596 5653 710 5723 t5!)
746 5652 906 5723 Estis
937 5648 1278 5723 Andronicus
1303 5644 1483 5723 senior
1518 5642 1848 5723 l’alzcologus
1877 5647 2102 5723 quiin)-

519 5714 880 5803 pcriuitnjniit
912 5723 1204 5803 secundum
1226 5714 1569 5803 ΔΟιιιιιιιιιῗιιιιΠ
1592 5714 1913 5803 antiocho

595 5795 708 5865 (52)
739 5791 997 5843 Videntur
1026 5805 1143 5846 esse
1175 5792 1260 5844 isti
1291 5782 1543 5856 quatuor,
1609 5782 1831 5850 Βαρέως,
1877 5786 2095 5857 Joscp-n,

2197 1965 2458 2034 prolatam
2505 1966 2826 2019 sententiain
2868 1964 3058 2025 relicti,
3112 1964 3459 2039 nihilominus
3498 1970 3827 2023 contradi-

2200 2054 2760 2109 xerunt:sicutetin
2817 2054 3047 2123 singulis
3111 2056 3515 2110 universalihus
3585 2063 3826 2114 conci-

2197 2144 2286 2200 liis
2307 2144 2598 2213 contigisse
2623 2144 2922 2208 cernimus,
2956 2159 3067 2198 non
3111 2152 3286 2199 tamen
3310 2145 3431 2200 ideo
3476 2150 3822 2202 sententias

2198 2237 2339 2302 illas,
2378 2239 2460 2292 vel
2512 2239 2772 2299 violenter
2818 2242 3073 2309 prolatas,
3128 2240 3212 2294 vel
3273 2240 3478 2311 irritas,
3510 2240 3819 2295 audemus

2201 2328 2399 2383 dicere.
2434 2329 2543 2383 Cur
2571 2329 2661 2384 id?
2691 2330 2811 2399 quia
2852 2344 3013 2398 caput
3039 2330 3292 2386 Ecclesiae
3342 2331 3625 2397 intererat,
3662 2334 3811 2386 sine

2203 2433 2313 2488 quo
2345 2420 2559 2487 negotia
2596 2419 2968 2484 ecclesiastica
3001 2421 3476 2489 dirigi,statuique
3512 2435 3618 2473 non
3658 2436 3809 2490 pos-

2202 2520 2348 2573 sunt,
2381 2521 2435 2563 et
2467 2511 2583 2576 qui,
2630 2512 2674 2564 si
2707 2511 2851 2565 adsit
2876 2513 3081 2581 synodo
3112 2528 3232 2566 cum
3264 2512 3525 2581 quolibet,
3550 2525 3798 2567 corruens

2202 2602 2269 2656 de
2304 2601 2406 2654 (ide
2439 2604 2761 2657 sententiam
2792 2604 2917 2658 inde
2949 2615 3256 2659 manantem
3288 2605 3477 2660 falsam
3505 2617 3625 2659 esse
3663 2621 3794 2660 non

2206 2707 2386 2762 posse,
2417 2703 2472 2749 et
2518 2711 2641 2750 esse
2692 2696 3033 2750 verissimam
3069 2697 3360 2751 credimus.
3416 2695 3587 2750 Aliter
3625 2697 3796 2751 enim

2205 2787 2383 2839 omnia
2438 2787 2806 2842 ecclesiastica
2853 2768 3011 2841 erunt
3063 2788 3358 2856 ambigua;
3396 2801 3574 2855 neque
3615 2801 3799 2842 nosse.

2202 2876 2402 2929 certius
2436 2876 2740 2941 poterimus
2787 2891 2907 2943 quae
2959 2890 3083 2931 vera
3141 2886 3288 2940 sunt,
3314 2890 3625 2945 quanquam
3679 2892 3794 2929 cur

2208 2982 2319 3022 non
2355 2967 2534 3034 potius
2566 2968 2716 3037 pacis
2754 2966 2900 3021 illius
2955 2968 3292 3021 eversionem
3329 2966 3789 3021 violentissimam

2208 3059 2471 3127 dicamus,
2503 3077 2626 3133 quae
2649 3072 2699 3115 et
2744 3063 3064 3116 universalis
3117 3062 3334 3118 concilii
3384 3041 3605 3126 decreta
3653 3077 3789 3132 per-

2202 3152 2382 3214 vertit,
2410 3151 2552 3228 quod
2580 3159 2637 3205 et
2666 3151 2940 3206 Romanus
2962 3152 3245 3222 episcopus
3271 3166 3510 3222 prmsens
3524 3166 3785 3222 cotnpro-

2199 3242 2367 3296 bavit.

2269 3331 2335 3386 Et
2365 3342 2512 3387 certe
2538 3334 2592 3387 in
2620 3334 3016 3390 universaiibos
3044 3335 3264 3405 synodis
3289 3335 3469 3397 nullae,
3504 3334 3594 3389 illo
3639 3350 3784 3404 prte-

2167 3434 2373 3487 -seute,
2403 3423 2521 3480 latae
2566 3426 2845 3481 sententiae
2885 3428 3248 3495 reprehensa,
3283 3425 3390 3482 ulla
3433 3441 3666 3495 unquam
3696 3427 3781 3482 vel

2200 3513 2354 3568 locali
2386 3517 2609 3586 synodo,
2644 3519 2725 3571 vel
2752 3517 3042 3584 cujuslibet
3091 3518 3315 3583 audacia
3367 3516 3582 3587 rejectze
3626 3529 3777 3572 sunt.

2202 3604 2425 3661 Plurimi
2482 3622 2608 3662 vero
2655 3609 3041 3663 venerahilium
3091 3610 3485 3679 episcoporum,
3514 3624 3635 3677 qua:
3677 3611 3778 3663 lie-

2201 3696 2350 3760 bant,
2391 3700 2772 3769 increpabant;
2801 3700 2999 3768 quibus
3041 3700 3222 3765 facile,
3251 3712 3350 3770 pro
3393 3702 3695 3766 honestate,
3719 3713 3778 3756 et

2200 3788 2484 3857 sapientia,
2517 3789 2975 3858 dignitatibusque
2997 3791 3312 3845 thronorum
3345 3792 3773 3850 concedebatur:

2202 3890 2428 3945 quorum
2466 3881 2627 3933 etiam
2675 3879 2918 3933 nonnulli
2969 3882 3454 3937 contradictionem
3487 3881 3775 3936 adversum

2201 3968 2325 4023 illos
2374 3971 2785 4040 reliquerontln
2841 3972 3268 4038 commentariis,
3297 3972 3408 4037 alii,
3456 3973 3781 4042 publicatio-

2201 4071 2317 4121 nes,
2348 4069 2403 4113 et
2427 4073 2690 4126 carceres,
2721 4069 2777 4115 et
2805 4059 2994 4115 exsilia
3020 4074 3116 4127 pro
3141 4072 3263 4113 vera
3293 4060 3564 4129 opinione,
3588 4069 3644 4114 et
3672 4058 3780 4115 ﬁdo

2200 4145 2535 4213 pertulerunt
2567 4165 2579 4200 :
2607 4163 2700 4217 per
2751 4163 2936 4216 quam,
2970 4147 3328 4202 Ecclesiarum
3371 4162 3476 4218 pax
3532 4150 3777 4218 subjecta

2204 4235 2420 4292 Patrum
2454 4239 2720 4310 theologia
2750 4241 2888 4295 facta
2911 4250 3017 4298 est.

2274 4327 2504 4385 Prorsus
2546 4345 2699 4394 vero,
2736 4341 2792 4386 et
2821 4349 2883 4386 ex
2918 4334 3120 4387 nostris
3159 4346 3445 4403 nunquam
3477 4325 3779 4385 defuerunt
3854 4325 3860 4329 ’

2203 4434 2271 4475 ea
2298 4420 2406 4482 his.
2447 4421 2537 4489 qui
2581 4420 2786 4490 aliquid
2817 4439 2929 4477 esse
2975 4424 3312 4490 ridebantur,
3342 4424 3472 4494 quin
3522 4421 3779 4475 Boiuanre

2137 4518 2182 4573 Β
2212 4511 2469 4569 Ecclesiae
2520 4515 2777 4577 laverint,
2828 4530 3051 4569 suorum
3106 4516 3325 4584 quidem
3375 4515 3774 4582 separationem

2197 4604 2661 4669 irrationabilem,
2697 4614 2750 4658 et
2798 4616 2994 4673 praeter
3034 4605 3440 4661 ecclesiasticus
3473 4605 3636 4673 leges,
3672 4604 3775 4656 l‘a—

2151 4744 2155 4748 .
2209 4702 2461 4762 trumque
2490 4695 2809 4761 theologiam
2850 4710 2972 4749 esse
3005 4696 3367 4760 arbitrantes;
3402 4707 3463 4747 se
3498 4703 3675 4747 autem
3708 4693 3777 4745 ad

2211 4782 2334 4839 illos
2387 4785 2731 4839 conferentes
2778 4784 3097 4855 ignominiis
3134 4786 3351 4854 quidem
3406 4782 3605 4849 allecti,
3662 4785 3783 4837 sive

2213 4875 2377 4928 etiam
2418 4875 2588 4943 fugati
2618 4875 2687 4927 ob
2711 4876 2825 4927 veri
2855 4873 3278 4946 confessionem,
3305 4885 3472 4943 atque
3502 4873 3778 4928 conliden-

2209 4967 2338 5020 tiam
2375 4984 2389 5020 :
2435 4967 2633 5034 quibus
2663 4967 2835 5035 et'qui
2892 4968 3006 5021 haec
3056 4968 3295 5035 scripsit,
3346 4969 3630 5035 adjunctus
3671 4978 3775 5029 est,

2208 5060 2521 5130 gratiasque
2563 5059 2691 5123 Deo,
2725 5061 2867 5128 quod
2915 5061 3000 5114 his
3031 5060 3223 5130 dignus
3262 5060 3475 5113 habitos
3505 5071 3608 5113 esu
3640 5058 3776 5113 For-

2213 5152 2339 5205 titer
2367 5163 2548 5203 autem
2592 5150 2829 5205 ferentes
2855 5153 3061 5217 omnia,
3115 5159 3313 5219 praeter
3345 5151 3647 5219 hujusmodi
3696 5166 3780 5203 re-

2205 5244 2435 5309 positam
2497 5245 2824 5308 mercedem,
2880 5245 3335 5312 quemadmodum
3395 5252 3451 5297 et
3508 5245 3779 5311 prioribus

2210 5333 2539 5402 temporibus
2593 5334 2841 5404 plurimis
2906 5335 3154 5404 contigit,
3221 5348 3341 5389 cum
3403 5350 3501 5405 pro
3548 5336 3776 5389 veritate

2214 5423 2333 5476 fidei
2369 5425 2537 5479 libere
2562 5436 2808 5495 agerent,
2838 5426 3384 5495 contradicentesque
3414 5424 3773 5497 revincercnt.

2212 5511 2316 5568 Pro
2342 5530 2448 5583 quo
2498 5532 2631 5572 sane
2662 5516 3008 5571 admirationi
3057 5525 3111 5568 et
3153 5517 3486 5570 venerationi
3547 5518 3775 5584 posteris

2212 5652 2505 5725 Gregorius
2531 5658 2645 5711 sive
2672 5656 2946 5724 Georgius
2976 5654 3229 5725 Cyprius,
3264 5654 3610 5709 Athanasius.
3640 5652 3778 5721 Lege

2204 5723 2562 5795 Nicephorum
2590 5723 2882 5795 Gregoram
2911 5726 3003 5780 lib.
3022 5723 3089 5778 “ιῖι
3116 5735 3170 5779 et
3195 5741 3263 5779 vn
3295 5724 3566 5779 Historiae.
3602 5792 3641 5825 .
