4114 6306
305 335 410 395 205

1402 332 1804 393 ADVERSUS
1844 333 2158 394 GRAECOS
2198 333 2344 394 LIB.
2385 335 2480 393 IV.

3438 335 3541 396 206

305 447 537 496 fuerunt.
578 439 689 493 Cur
722 439 885 508 igitur
925 438 1142 492 unionis
1183 438 1523 493 eversionem
1556 454 1662 494 non
1701 438 1871 492 maxi-
1903 445 1944 499 Α
1977 437 2214 491 maxima
2253 438 2607 493 Orientalium
2645 437 3018 508 episcOporum
3046 451 3172 508 pars
3201 453 3228 491 a
3268 437 3461 492 Photio
3481 453 3541 492 se

303 549 387 586 me
417 531 708 586 violentam
753 529 920 583 fuisse
951 529 1196 583 dicamus
1235 544 1343 583 non
1379 529 1537 583 video
1572 546 1587 582 :
1616 529 1864 598 quando-

303 623 538 690 quidem,
567 621 661 690 qui
691 618 810 686 ejus
837 619 1138 674 eversionis
1165 628 1416 673 auctores
1444 618 1681 682 fuerunt,
1717 617 1865 671 lucra

304 712 425 767 inde
457 723 515 768 et
563 713 822 774 honores,
865 719 922 764 et
968 710 1194 778 gloriam
1249 709 1353 764 sibi
1407 710 1865 776 comparaverint.

303 807 498 858 Contra
550 819 685 859 vero
737 803 830 872 qui
871 803 1088 857 unionis
1148 800 1376 856 studiosi
1439 811 1586 865 sunt,
1656 799 1870 868 injuriis

301 879 573 960 omnibus,
620 895 840 966 probris
877 905 1040 964 atque
1090 892 1437 948 contumeliis
1467 901 1718 962 aguntur,-
1753 906 1870 946 om-

305 991 564 1056 nibusque
594 987 906 1041 afﬁciuntur
941 985 1318 1041 incommodis.

376 1080 664 1142 Pratterca,
709 1087 771 1130 ut
799 1079 998 1131 dictum
1037 1085 1142 1138 est.
1193 1077 1376 1130 licebit
1415 1074 1644 1130 concilia
1689 1075 1870 1129 omnis

307 1183 570 1235 evertere,
625 1169 674 1223 si
722 1169 786 1223 de
832 1169 934 1222 fide
990 1168 1298 1236 ambigendi
1356 1167 1626 1234 pandatur
1669 1165 1868 1228 aditus,

311 1265 704 1332 derogeturque
735 1259 956 1326 synodis
999 1260 1150 1312 fides.
1185 1259 1345 1327 Atqui
1390 1258 1621 1312 Photius
1657 1271 1872 1325 quoque

308 1353 646 1406 occasionem
699 1350 862 1402 aliaat
906 1365 1063 1415 esse,
1116 1365 1280 1418 quam
1333 1348 1682 1413 additioncm,
1737 1348 1872 1402 satis

313 1455 490 1510 aperte
524 1440 925 1496 demonstravit
958 1461 969 1494 :
1002 1440 1092 1507 qui
1125 1441 1334 1504 primus
1362 1439 1574 1494 illectus
1605 1439 1873 1494 desiderio

313 1537 682 1602 patriarchalis
739 1534 944 1596 throni,
976 1533 1270 1598 sapientior
1325 1532 1408 1587 his
1472 1533 1565 1599 qui
1627 1541 1755 1585 ante
1814 1544 1873 1584 se

313 1627 538 1691 fuerant,
566 1627 914 1681 existimatus
943 1636 1044 1680 est.
1078 1625 1254 1692 Atque
1285 1624 1406 1677 Ideo
1426 1625 1606 1678 omnia
1634 1625 1872 1691 quidem,

309 1731 424 1783 quae
458 1717 559 1770 iste
596 1716 748 1777 fecit.
786 1724 838 1768 et
863 1718 1138 1786 quomodo
1163 1717 1570 1770 sanctissimum
1610 1714 1870 1785 lgnatium

312 1809 478 1862 variis
523 1808 699 1860 modis
739 1809 867 1861 sede
908 1809 1214 1861 deturbavit
1238 1807 1373 1876 (55).
1402 1823 1632 1876 qua-que
1663 1806 1868 1860 machi-

311 1912 463 1952 natus
505 1908 611 1959 est,
642 1908 695 1950 et
723 1912 842 1966 quae
886 1901 951 1953 de
990 1899 1081 1951 illo
1113 1910 1342 1952 narrant
1388 1899 1651 1962 historici,
1701 1900 1872 1953 satius

304 1992 553 2050 omittere
599 1989 926 2043 existimavi.
961 1989 1064 2043 Sed
1103 1999 1308 2050 tamen,
1353 1990 1609 2058 quoniam
1648 1988 1871 2045 calcatis

302 2078 514 2146 juribus
565 2081 819 2133 omnibus
859 2093 954 2148 per
1003 2078 1157 2133 nefas
1190 2081 1609 2148 patriarchalem
1653 2082 1872 2150 diripuit

308 2172 593 2234 thronum;
629 2186 790 2239 quem
820 2170 1045 2238 adipisci
1098 2187 1202 2224 non
1242 2179 1474 2238 poterat,
1515 2172 1616 2228 nisi
1654 2175 1874 2242 permit-

308 2270 452 2316 tente
502 2259 751 2316 Romano
786 2261 1072 2330 pontifice;
1130 2277 1355 2317 necesse
1411 2263 1556 2316 enim
1607 2275 1747 2326 erat,
1804 2278 1868 2316 ex

309 2367 458 2406 more
493 2392 509 2417 ,
569 2352 638 2406 ab
711 2368 778 2406 eo
845 2353 1226 2408 auctoritatem
1299 2355 1873 2422 contirtuationemque

306 2446 512 2500 venire.
567 2445 622 2497 id
669 2455 848 2499 autem
884 2445 960 2498 illi
993 2455 1112 2500 erat
1147 2447 1443 2502 ambitione
1493 2462 1588 2502 sua
1646 2453 1873 2518 turpiter

307 2541 574 2604 excidere,
628 2541 973 2609 imperatoris
1020 2541 1389 2596 familiaritate
1449 2541 1638 2606 fretus,
1691 2545 1779 2610 qui
1820 2553 1874 2597 et

307 2631 418 2698 ipse
447 2631 647 2685 addere
677 2631 931 2699 potestati
964 2646 1076 2685 suae
1115 2632 1366 2699 cupiebat
1404 2648 1418 2684 :
1453 2633 1579 2700 quia
1615 2633 1870 2687 thronum

309 2719 454 2772 illum
490 2720 624 2773 alias
663 2722 918 2789 consequi
952 2734 1010 2774 se
1051 2735 1207 2788 posse
1235 2720 1580 2790 desperabat,
1610 2722 1674 2774 ad
1717 2722 1874 2790 Sym-

308 2812 409 2864 boli
443 2813 810 2880 adjectiouem
862 2811 1131 2882 confugit,
1167 2822 1221 2866 et
1256 2829 1418 2882 quam
1462 2825 1589 2867 ante
1615 2827 1736 2867 cum
1766 2828 1871 2867 €83-

311 2905 457 2967 teris,
493 2913 547 2956 ut
573 2904 825 2971 plurimis
850 2913 974 2958 ante
1007 2904 1343 2972 temporibus
1373 2905 1447 2956 ita
1477 2918 1538 2958 se
1580 2904 1872 2958 habentem

309 2995 731 3059 venerabantur,
765 2993 980 3048 induxit
1019 2994 1392 3048 seditiosiores
1419 3009 1665 3063 quosque
1707 2996 1876 3049 eccle-

309 3086 509 3140 siastici
555 3086 786 3147 ordinis,
841 3087 980 3139 hanc
1033 3085 1250 3154 impiam
1286 3085 1623 3149 existimare,
1669 3101 1732 3140 ac
1781 3102 1874 3157 per

307 3179 606 3244 epistolam,
637 3193 796 3245 quam
836 3175 1148 3229 circularem
1190 3176 1304 3243 (54)
1351 3177 1658 3245 appellavit,
1689 3175 1874 3232 contra

313 3272 606 3324 Romanam
641 3269 946 3323 Ecclesiam
985 3268 1352 3323 multitudinis
1380 3269 1502 3324 odia
1525 3271 1786 3334 concitat,
1811 3283 1877 3323 ne

311 3362 580 3418 videretur
619 3361 920 3430 transgredi
975 3361 1325 3430 subjectionis
1370 3363 1660 3428 terminos,
1719 3364 1762 3417 si
1819 3378 1875 3415 se

307 3452 417 3522 ipse
463 3455 723 3521 erigeret,
776 3451 1167 3521 dignitatisque
1217 3452 1359 3505 illitts
1395 3454 1497 3506 sibi
1537 3454 1636 3522 ipsi
1690 3461 1878 3506 auctor

312 3555 472 3599 Casei.
544 3543 682 3598 Ilinc
731 3545 839 3612 jam
903 3546 957 3598 in
1011 3545 1206 3600 throno
1255 3546 1469 3612 sedens,
1511 3545 1874 3600 ecclesiastica

309 3641 745 3695 administrabat.

373 3731 428 3784 ld
461 3732 742 3785 Romanus
770 3730 1008 3800 pontifex
1038 3743 1178 3799 κατε
1212 3727 1354 3790 tulit,
1379 3727 1680 3795 iratusque,
1700 3727 1876 3794 ipsum

308 3835 400 3890 per
429 3820 689 3891 epistolas
734 3820 1041 3874 invasoretn
1093 3817 1482 3888 promulgavit,
1539 3834 1725 3871 novum
1777 3816 1878 3870 Ju-

307 3915 460 3976 dam,
511 3914 945 3976 schismaticunt,
999 3925 1063 3966 ac
1116 3912 1423 3965 seditiosum
1489 3908 1604 3977 (55)
1656 3924 1876 3973 vocans,

307 4015 467 4072 atque
528 4003 930 4058 maledictionis
989 4003 1322 4057 anathemati
1377 4002 1636 4061 subdens,
1700 4017 1877 4070 neque

305 4095 671 4150 Christianum
703 4110 822 4148 esse
854 4104 1176 4149 contestans
1215 4110 1229 4148 :
1262 4110 1368 4148 tton
1406 4093 1602 4157 solum,
1631 4095 1756 4164 quia
1785 4108 1880 4162 per

310 4187 457 4240 nefas
498 4186 699 4240 invasit
744 4185 952 4247 sedem,
989 4186 1081 4238 sed
1114 4186 1240 4253 quia
1271 4184 1516 4252 plurimis
1543 4185 1661 4239 aliis
1693 4185 1880 4239 crimi-

308 4281 462 4334 nibus
500 4287 617 4332 erat
649 4278 940 4331 obnoxius.
970 4277 1164 4331 Adhuc
1192 4278 1336 4331 enim
1374 4278 1586 4332 vivebat
1619 4277 1877 4348 lgnatius,

314 4371 398 4437 qui
447 4369 586 4439 apud
632 4369 811 4431 illum,
845 4384 1007 4439 quam
1043 4371 1150 4423 vim
1185 4379 1486 4439 pateretur,
1515 4379 1877 4439 exposuerat;

1899 1775 1948 1835 B

1969 526 2382 590 subtrahebant,
2418 521 2827 584 schismaticutn
2861 530 3007 583 illum
3043 530 3406 599 appellantes;
3441 544 3532 582 ue-

1968 633 2244 687 que,cum
2299 619 2393 674 illo
2440 621 2708 676 sacriﬁcia
2741 619 2937 676 offerre
2987 622 3279 685 volebant;
3316 631 3540 688 eratque

1976 711 2234 764 tumultus
2261 713 2474 781 ingens,
2511 714 2918 776 insinuantium,
2940 714 3083 781 quod
3121 715 3221 767 sub
3251 712 3343 765 illo
3376 711 3543 781 pluri-

1973 819 2056 856 ma
2107 816 2295 860 contra
2348 807 2640 860 canonicas
2695 809 3008 862 sanctiones
3043 811 3442 876 provenissent,
3486 818 3545 862 ut

1971 908 2037 947 ex
2071 894 2155 948 his
2201 905 2386 963 aperte
2430 897 2590 950 datur
2621 897 2869 967 intelligi,
2908 913 3029 965 qua.
3066 901 3130 952 de
3173 902 3273 952 hac
3308 913 3384 960 re.
3412 906 3544 952 tunc

1973 985 2170 1041 litteris
2200 988 2450 1041 mandata
2481 999 2626 1043 sunt.

2048 1075 2314 1130 Defuncto
2348 1086 2525 1130 autem
2559 1077 2808 1133 Romano
2835 1079 3098 1146 pontifice
3121 1080 3274 1150 (56);
3324 1093 3546 1134 succes-

1973 1176 2066 1216 sor
2111 1165 2234 1230 ejus
2261 1163 2374 1234 (57)
2418 1167 2484 1220 ad
2546 1165 2791 1221 Photium
2841 1168 3123 1239 aequaliter
3180 1169 3374 1233 iratus,
3421 1183 3545 1223 eum

1976 1254 2173 1311 litteris
2210 1258 2393 1310 itidem
2424 1258 2755 1322 exagitabat.
2794 1258 2986 1313 Postea
3033 1273 3162 1313 vero
3192 1255 3351 1328 quam
3392 1256 3550 1326 Ιειιιο

1975 1346 2083 1400 tius
2132 1356 2377 1400 mortuus
2435 1357 2543 1410 est,
2594 1347 2851 1403 Romanae
2900 1364 3116 1418 quoque
3170 1349 3284 1403 sedi
3335 1348 3550 1417 praefuit

1976 1439 2136 1492 alius.
2170 1439 2221 1493 Is
2254 1439 2368 1509 (58)
2407 1440 2779 1507 indignatione
2821 1451 3011 1494 contra
3055 1440 3328 1506 Photium,
3362 1455 3424 1493 ac
3469 1437 3547 1491 si-

1977 1531 2209 1584 multate
2238 1530 2506 1597 deposita.
2540 1532 2910 1599 patriarcham
2960 1530 3276 1597 appellavit,
3305 1544 3414 1598 quo
3451 1542 3547 1582 no.

1979 1622 2124 1674 utine
2180 1622 2329 1674 illum
2385 1621 2816 1689 praedecessor"
2868 1621 2949 1675 sui
3010 1621 3214 1688 dignati
3267 1633 3547 1688 nunquam

1981 1715 2195 1768 fuerant
2219 1731 2232 1766 :
2266 1714 2518 1783 misitque
2545 1717 2747 1781 omnia,
2777 1730 2899 1783 quas
2922 1729 2951 1769 a
2979 1713 3222 1769 Romano
3269 1715 3545 1782 episcopo,

1981 1809 2063 1862 his
2113 1808 2204 1876 qui
2252 1822 2427 1876 nuper
2473 1808 2920 1870 instituebantur,
2959 1807 3101 1860 mitti
3150 1815 3307 1861 erant
3363 1807 3546 1869 solita,

1979 1900 2200 1967 pallium
2252 1897 2486 1961 scilicet,
2515 1897 2721 1964 virgam
2769 1905 2929 1964 atque
2977 1895 3240 1950 sandalio.
3301 1893 3452 1948 Tunc
3497 1905 3551 1949 et

1980 1994 2094 2060 ipse
2133 1991 2242 2046 voti
2296 2003 2521 2057 compos
2578 1989 2803 2043 effectus
2863 1987 3001 2058 (59),
3057 2003 3236 2058 pugna
3285 1989 3548 2042 adversus

1981 2083 2283 2136 Romanum
2317 2082 2623 2150 pontiﬁcem
2648 2081 2840 2151 posita,
2870 2081 3086 2135 Patrem
3120 2081 3292 2144 illum,
3322 2095 3384 2132 ac.
3415 2094 3544 2134 san-

1979 2183 2123 2227 ctum
2161 2173 2463 2242 appellabat
2516 2189 2528 2224 :
2579 2170 3061 2236 Quemadmodum,
3116 2170 3387 2238 inquiens,
3427 2170 3549 2222 tuti—

1980 2279 2250 2316 t'crsorum
2308 2263 2566 2317 Dominus
2617 2262 2883 2315 inclinans
2929 2262 3086 2314 caelos
3139 2262 3365 2314 uisitauit
3420 2275 3552 2322 nos,

1982 2369 2081 2406 non
2123 2362 2392 2406 contentus
2438 2353 2629 2421 gloria,
2668 2368 2825 2419 quam
2875 2353 2929 2404 in
2978 2352 3118 2404 aclis
3151 2350 3291 2418 apud
3341 2355 3552 2419 angelo:

1979 2445 2222 2508 habebat,
2259 2445 2361 2498 nisi
2386 2447 2672 2496 humanam
2700 2459 2902 2512 quoque
2929 2451 3257 2510 assumptum
3307 2450 3551 2495 naturain

1980 2539 2049 2588 ad
2090 2552 2144 2588 se
2195 2538 2483 2589 attrahcnt
2522 2552 2541 2590 :
2586 2538 2661 2588 ita
2713 2547 2762 2588 et
2808 2538 3102 2589 communis
3154 2536 3318 2589 Pater
3376 2543 3551 2588 noster

1980 2630 2345 2681 sanctissimus
2392 2644 2550 2695 papa,
2592 2643 2683 2680 nos
2731 2628 2820 2694 qui
2875 2626 3024 2696 longe
3070 2643 3306 2690 eramus,
3363 2627 3555 2695 aﬂ'ecltt

1979 2727 2198 2785 paterno
2229 2722 2479 2773 uisitauit.
2789 2734 2794 2738 ‘
3360 2723 3373 2735 ’

2053 2810 2206 2863 Nulla
2254 2818 2382 2863 tunc
2415 2809 2481 2862 de
2512 2808 2814 2877 adjectione
2844 2808 3087 2879 Symboli
3123 2810 3329 2863 mentio
3366 2808 3551 2862 ﬂebat.

1981 2901 2336 2957 Orientalium
2374 2914 2550 2958 tamen
2598 2903 2977 2974 episcoporum
3022 2920 3146 2974 pars
3196 2908 3432 2958 maxima
3481 2903 3555 2957 illi

1985 2997 2318 3049 reconciliati
2371 3013 2474 3049 non
2509 3005 2667 3062 sunt;
2711 2996 2826 3059 sed,
2880 3012 2940 3052 se
2981 2999 3048 3052 ab
3081 3012 3145 3050 eo
3175 2997 3553 3059 observantes,

1982 3087 2348 3153 patriarcliam
2381 3089 2655 3158 appellare
2704 3088 2978 3143 nolebant.
3037 3088 3226 3144 Orat-it
3276 3105 3407 3160 ergo
3441 3090 3552 3145 lio-

1983 3192 2199 3232 manunt
2234 3181 2565 3245 pontificem.
2599 3189 2656 3232 ut
2693 3181 2777 3233 cui
2814 3180 3172 3235 Ecclesiarum
3218 3198 3349 3236 cura
3381 3185 3553 3237 maxi-

1981 3285 2065 3324 me
2100 3272 2458 3335 incumberet,
2501 3272 2717 3326 mittere
2753 3271 2905 3341 juxta
2954 3276 3404 3328 consuetudinem
3460 3274 3561 3329 lio-

1981 3379 2156 3416 mana:
2187 3364 2336 3417 sedis
2381 3364 2584 3433 ligatos
2621 3366 2686 3418 ad
2720 3369 2907 3420 urbem
2946 3368 3172 3435 regiam,
3203 3367 3290 3433 qui
3328 3375 3384 3419 et
3409 3365 3556 3419 illum

1983 3455 2274 3508 visitarcnt
2306 3466 2360 3508 et
2383 3454 2458 3508 de
2487 3455 2738 3508 omnibus
2771 3471 2875 3508 una
2915 3457 3306 3514 decernerent;
3349 3458 3560 3511 dissen-

1983 3545 2292 3611 tientesque
2322 3547 2607 3613 cpiscOpos
2639 3555 2692 3598 et
2735 3545 2837 3599 sibi
2872 3547 3123 3611 invicem,
3157 3557 3209 3601 et
3234 3548 3559 3615 patriarchae

1981 3637 2204 3689 ttnirent
2232 3634 2367 3703 (60).
2415 3633 2700 3688 Mittuntur
2733 3635 2862 3700 duo,
2906 3638 3253 3706 synodusqne
3282 3637 3396 3707 (6i)
3428 3648 3558 3690 tunc

1983 3727 2123 3780 facta
2159 3735 2241 3780 est
2271 3725 2410 3778 infra
2444 3732 2592 3794 septa
2622 3726 2802 3794 templi
2837 3724 3184 3780 famosissimi
3223 3727 3420 3780 divin:e
3457 3727 3561 3780 Sa-

1983 3821 2199 3889 pientice
2253 3818 2495 3887 insigniti
2531 3817 2751 3872 nomine
2786 3834 2883 3887 pro
2913 3818 3289 3887 componenda
3323 3818 3464 3872 inter
3499 3833 3559 3874 se

1983 3913 2340 3972 Orientalium
2398 3912 2764 3966 contentione.
2839 3912 3009 3977 Quam
3075 3911 3238 3965 etiam
3295 3911 3557 3981 synodum

1983 4007 2203 4074 quidam
2235 4015 2484 4059 octavam
2523 4003 2635 4072 (62)
2679 4003 2971 4074 appellant.
3006 4003 3256 4058 Photium
3294 4013 3423 4058 tunc
3461 4020 3560 4073 pa-

1986 4097 2276 4151 triarcham
2301 4096 2661 4157 declarantes,
2691 4097 2781 4164 qui
2811 4095 3037 4149 Romani
3076 4095 3346 4165 penlificis
3382 4097 3558 4150 locum

1987 4188 2263 4251 tenebant,
2315 4202 2449 4256 pace
2517 4187 2748 4249 reddita,
2787 4197 3007 4241 monent
3054 4190 3119 4240 de
3154 4197 3350 4242 caetero
3387 4187 3558 4244 absti-

1985 4295 2115 4334 nere
2167 4281 2458 4344 scandatis,
2515 4281 2749 4347 btticque
2797 4282 2961 4334 Veluti
3014 4280 3335 4349 patriarcha:
3369 4294 3560 4339 utnnes

1988 4372 2295 4437 intendere,
2326 4373 2620 4426 fmderatos
2665 4373 2931 4426 cltaritate
2967 4372 3353 4428 indissolubili.
3400 4372 3554 4428 Nulla

314 4465 450 4518 sicut
476 4471 637 4519 antea
673 4462 880 4515 fecerat
928 4461 1259 4515 Athanasius
1292 4476 1542 4529 magnus,
1575 4459 1881 4531 Paulusque
1910 4465 1960 4525 D
1991 4473 2117 4518 tunc
2164 4465 2369 4518 mentio
2404 4466 2468 4517 de
2500 4464 2804 4532 adjectione
2835 4464 2974 4518 facta
3007 4474 3110 4518 est.
3162 4465 3216 4518 Si
3251 4466 3373 4534 quis
3415 4465 3557 4518 enim

311 4557 591 4610 confessor
617 4565 672 4608 et
699 4554 1129 4622 Chrysostomus
1159 4554 1223 4604 ad
1249 4551 1549 4605 Romanum
1570 4545 1884 4620 pontificem

1988 4558 2040 4609 itt
2098 4567 2348 4610 extremo
2411 4565 2684 4624 gestorum
2745 4558 2934 4624 synodi
2989 4549 3159 4625 ipsius
3213 4559 3443 4623 ordine,
3495 4558 3561 4612 de

312 4647 633 4702 scribentes.
658 4660 781 4697 cum
810 4643 1050 4697 Ecclesia
1081 4643 1281 4713 injuste
1307 4644 1670 4712 pellerentur;
1699 4657 1889 4698 omnes
1984 4648 2258 4700 additione
2305 4648 2418 4715 (65)
2489 4649 2694 4700 dictum
2763 4655 2936 4716 putat,
2979 4650 3121 4715 quod
3181 4650 3390 4704 scilicet
3451 4666 3558 4706 non

316 4739 543 4808 denique
575 4737 759 4792 affecti
804 4737 1040 4806 injuriis,
1075 4747 1126 4790 et
1161 4751 1257 4805 per
1291 4737 1398 4788 vim
1432 4735 1652 4789 sedibus
1680 4735 1882 4789 detrusi

317 4831 376 4883 ad
409 4829 706 4884 Eccle$iam
749 4829 1046 4881 ltumanam
1087 4827 1469 4882 rccurtebant.
1504 4825 1579 4878 iis
1632 4840 1717 4890 eo,
1768 4825 1882 4895 jam

321 5099 324 5101 Α
383 5055 493 5123 (ῐὶὸ)
528 5052 658 5106 Vide
681 5067 836 5107 conc.
877 5070 994 5117 vttt,
1055 5073 1223 5123 nuper
1276 5073 1304 5109 a
1362 5056 1612 5110 Mattbmo
1671 5055 1885 5107 Radere

263 5162 280 5174 .
315 5123 494 5194 Graxo
526 5123 714 5177 Latine
737 5127 964 5186 editum,
995 5135 1053 5178 ut
1084 5127 1234 5194 plene
1257 5128 1542 5193 intelligas,
1573 5125 1750 5194 qualis
1776 5125 1887 5175 vul-

318 5211 405 5262 pes
434 5193 598 5247 fucrit
625 5194 874 5254 l‘hotius.
901 5206 956 5246 ut
997 5193 1128 5248 nihil
1153 5197 1327 5246 dicant
1360 5196 1425 5248 de
1445 5196 1639 5247 Annal.
1663 5193 1882 5246 Bamnii

316 5267 400 5332 qui
432 5279 612 5317 rerum
645 5281 672 5315 a
703 5263 891 5318 Pltotio
919 5264 1125 5317 nefarie
1172 5274 1442 5330 gestarqu
1501 5279 1667 5316 cornu
1717 5263 1886 5326 copiae

317 5348 410 5388 est.
462 5335 735 5403 Grapliice
782 5335 1143 5403 depinguutur
1177 5335 1356 5388 Photii
1405 5344 1572 5393 artes,
1634 5334 1880 5385 ambitio.

389 5405 498 5473 (54)
539 5402 733 5458 Totius
779 5402 1086 5457 sclttsntatis
1135 5404 1461 5472 principium
1513 5403 1876 5473 l'uitiepistola

319 5477 423 5530 lucc
455 5472 758 5527 circularis.
790 5476 976 5529 Exstat
1005 5477 1140 5542 apud
1165 5473 1461 5526 Baronium
1494 5488 1582 5524 an.
1611 5472 1734 5526 865.

385 5545 492 5612 (55)
523 5547 715 5598 Umnia
743 5544 858 5599 haec
885 5537 1057 5614 elogia
1087 5537 1260 5599 l’ltotii
1281 5545 1519 5598 invenies
1553 5544 1606 5595 in
1646 5542 1875 5598 Baronio

317 5630 364 5669 el
393 5617 621 5668 “tulero.

380 5686 487 5754 (56)
510 5683 733 5740 Nicolao
761 5684 799 5740 I.

384 5757 492 5826 (δη,
527 5757 796 5810 Adrianus
825 5754 889 5809 tt.

1983 4747 2234 4804 oporteat
2271 4738 2509 4799 auferre,
2551 4744 2634 4790 vel
2683 4739 2921 4801 addere;
2957 4738 3101 4804 qttod
3135 4739 3300 4792 etiam
3338 4740 3557 4808 quidam

1987 4830 2053 4883 ad
2095 4830 2438 4884 seduccndos
2480 4829 2842 4899 simpliciores
2891 4829 3234 4890 obtendunt;
3278 4834 3557 4887 sciendum

2062 5056 2170 5118 (58)
2202 5055 2437 5110 Joannes
2471 5055 2599 5109 Vlll.

2059 5125 2378 5214 (iiiijiAliud
2415 5125 2708 5196 loquuntur
2760 5130 2998 5183 Annales
3054 5129 3268 5184 Baronii
3319 5147 3408 5214 ap.
3455 5131 3558 5184 879

2066 5241 2070 5243 .
2164 5213 2176 5244 (
2203 5234 2217 5248 ,

1986 5205 2037 5248 el
2057 5211 2463 5341 (ξῶξεωψυω
2489 5268 2605 5321 hinc
2634 5339 2641 5341 ξ
2671 5270 2852 5322 omnia
2884 5271 2992 5341 agit
3026 5269 3271 5324 Photius.

2055 5338 2166 5411 (61)
2203 5337 2276 5391 De
2321 5336 2421 5392 hac
2479 5339 2895 5411 pseudosynodo
2921 5336 3077 5394 'vidc
3127 5341 3418 5394 Baronium
3466 5351 3554 5390 an.

1984 5407 2170 5545 87(96-2)
2192 5475 2328 5531 Male
2362 5491 2588 5534 vocatur
2609 5489 2822 5534 oclava.
2844 5479 2978 5533 Vide
3012 5479 3308 5536 ﬂaderutn,
3340 5473 3479 5542 prol.
3507 5475 3557 5526 iit

1989 5563 2169 5623 verant
2200 5561 2287 5623 _Ct
2329 5554 2626 5623 legitimam
2657 5551 3064 5623 synodttttrvnt.

2060 5618 2169 5687 (65)
2200 5612 2587 5680 Ρίιτιιιιῖτρῑεη
2610 5612 2734 5686 quid
2794 5617 2874 5669 vel
2908 5617 2973 5666 de
3027 5612 3272 5687 addendo
3317 5612 3416 5687 _ve|_
3452 5614 3560 5687 de.

1987 5682 2182 5767 tuendo
2206 5687 2256 5738 in
2293 5693 2381 5752 illa
2405 5682 3124 5767 synodo:ftteriLdecrctttt‘n,
3160 5683 3282 5750 quia
3317 5682 3553 5751 legitima

1989 5774 2092 5811 non
2126 5755 2246 5808 fuit.
2286 5752 2736 5832 Vmgbatonittttt
2767 5753 2868 5804 87‘.)
2892 5761 2943 5802 ct
2974 5752 3092 5802 88!).
