4078 6258
474 344 583 407 207

1738 349 2132 413 MANUE’LIS
2162 349 2467 411 CALECE.

3629 348 3735 413 208

479 471 583 527 est,
623 461 724 515 hoc
772 474 800 515 a
859 460 1183 530 quibusdam
1236 469 1418 530 postea
1474 462 1645 533 gestis
1693 464 2045 531 synodalibus
2077 467 2119 522 Α
2152 462 2316 529 pisse,
2379 463 2445 517 de
2491 460 2689 531 quibus
2744 457 2885 514 nulla
2944 469 3087 514 esset
3136 460 3279 515 facta
3335 459 3563 514 mentio.
3631 462 3740 515 Aut

485 553 817 623 appositum,
850 554 979 608 hinc
1028 553 1318 610 ostendere
1364 554 1687 621 nitentibus,
1739 538 2051 625 hujusmodi

475 644 818 699 additionem
854 643 1018 699 fuisse
1050 644 1409 714 prohibitam;
1444 646 1545 701 hoc
1580 652 1761 700 autem
1789 646 2050 703 rationem

481 749 587 789 non
620 736 841 799 habere,
874 735 1213 805 perspicuum
1243 745 1349 791 est.

553 824 796 881 Primum
833 827 1069 895 quidem,
1102 829 1359 896 quoniam
1405 828 1457 883 in
1486 830 1653 900 gestis
1681 829 1849 901 hujus
1886 843 2055 901 syno-

482 917 562 982 di,
593 918 1103 974 commentariolum
1140 919 1251 989 (64)
1290 922 1562 990 quoddam
1590 932 1694 986 est,
1721 937 1908 978 eorum
1936 937 2057 992 qua

484 1008 539 1063 in
571 1024 637 1063 eo
668 1010 898 1065 concilio
937 1022 1095 1065 erant
1139 1011 1477 1067 discutienda
1508 1014 1910 1083 expositionem
1961 1029 2057 1085 per

482 1100 729 1154 ordinem
766 1101 1075 1164 continens,
1111 1101 1252 1170 quod
1292 1102 1454 1171 legati
1502 1104 1709 1174 synodo
1761 1118 2056 1175 proposue-

480 1200 651 1245 runt:
680 1193 1124 1245 commentarium
1154 1192 1257 1247 sibi
1292 1208 1320 1246 a
1348 1208 1559 1248 summo
1589 1195 1845 1263 pontifice
1873 1196 2055 1249 datum

485 1290 815 1345 asserentes,
851 1292 909 1335 ιη
948 1283 1324 1337 meminissent
1357 1299 1477 1354 qua:
1522 1285 1575 1339 in
1621 1301 1685 1340 ea
1720 1288 1929 1357 synodo
1971 1287 2057 1341 Vel

485 1372 745 1438 dicenda,
778 1372 864 1428 vel
917 1372 1167 1428 facienda
1216 1385 1418 1431 essent.
1465 1375 1651 1446 Neque
1702 1380 1847 1434 enim
1890 1380 1941 1433 in
1992 1395 2059 1436 eo

487 1462 785 1531 quidquam
834 1464 899 1519 de
945 1462 1222 1519 additione
1262 1467 1399 1536 (65),
1432 1467 1514 1522 vel
1546 1467 1613 1521 de
1650 1469 1907 1538 Symbolo
1938 1486 2059 1526 om-

491 1554 619 1607 nino
663 1554 922 1621 scriptum
971 1565 1077 1627 est.
1126 1554 1192 1608 Et
1247 1566 1394 1612 certe
1448 1558 1502 1612 id
1554 1558 1605 1612 in
1645 1560 1819 1628 prima
1877 1563 2059 1617 statim

489 1643 667 1698 fronte
707 1647 1010 1712 ponendum
1064 1644 1184 1711 fuit,
1243 1647 1358 1702 sive
1415 1662 1445 1701 a
1504 1648 1750 1704 Romano
1806 1648 2062 1722 pontiﬁce

492 1734 597 1787 illis
625 1736 690 1787 de
720 1735 821 1787 hoc
845 1733 1034 1790 fuisset
1057 1735 1350 1806 quidquam
1385 1738 1732 1807 imperatum,
1759 1739 1873 1796 sive
1893 1742 2058 1797 etiam

2160 554 2302 606 enim
2350 553 2721 622 principaliter
2765 566 2830 606 ea
2872 565 2960 606 res
2988 551 3197 620 agenda
3232 552 3356 619 fuit,
3388 562 3477 606 aut
3509 568 3623 608 non
3666 556 3739 608 ita

2161 652 2555 713 praetereunter
2587 653 2642 698 et
2680 640 3085 711 intempestive,
3115 651 3169 696 et
3196 652 3395 711 praeter
3433 643 3615 697 locum
3645 645 3743 699 de-

2160 734 2331 789 bitum
2365 736 2593 803 agenda.
2630 733 2745 790 Etsi
2772 734 2915 789 enim
2940 748 2971 787 a
2996 734 3204 802 synodo
3230 734 3433 788 dictum
3458 735 3740 790 conceda-

2162 838 2303 888 mus,
2323 822 2459 876 nihil
2486 832 2664 877 tamen
2692 824 2757 876 de
2788 821 3093 890 huiusmodi
3126 822 3424 891 quaestione
3451 823 3742 890 declarat;

2163 929 2339 981 neque
2378 914 2464 969 ltis
2498 914 2842 979 adversatur,
2874 927 2995 983 qua:
3040 912 3185 968 dicta
3228 922 3378 971 sunt.
3413 915 3516 969 Aut
3571 917 3744 981 enim,

2163 1014 2224 1059 ut
2255 1004 2459 1059 dictum
2492 1013 2596 1068 est,
2634 1004 2755 1058 fidei
2784 1003 3011 1058 alterius
3042 1002 3400 1071 adiectionem
3437 1005 3745 1070 interdicit,

2163 1106 2435 1165 rectreque
2465 1095 2836 1159 abolitionem,
2872 1095 2989 1149 sive
3030 1095 3187 1157 alias,
3230 1110 3334 1148 non
3382 1110 3441 1149 se
3491 1094 3745 1151 Ecclesia

2165 1186 2269 1240 ltac
2313 1194 2577 1255 potestate
2618 1187 2816 1254 privat.
2852 1185 3171 1254 Quanquam
3211 1185 3394 1239 dicere
3425 1200 3746 1253 possumus,

2166 1277 2268 1331 hac
2314 1276 2605 1341 sententia,
2640 1277 2684 1330 si
2734 1276 2947 1331 concilii
2976 1277 3066 1339 sit,
3125 1290 3230 1345 qua
3278 1276 3616 1331 declaratum
3650 1279 3742 1344 sit,

2168 1367 2301 1423 nihil
2345 1380 2596 1438 oportere
2651 1368 2891 1429 auferri.
2946 1370 2998 1422 id
3049 1379 3378 1438 praeceptum
3437 1370 3633 1436 fuisse,
3681 1387 3747 1426 ne

2166 1458 2474 1515 auferretur
2525 1459 2958 1516 Occidentalium
3012 1459 3241 1525 additio,
3295 1476 3459 1532 quam
3514 1476 3746 1519 accusa-

2167 1551 2315 1605 bant.
2758 1606 2761 1607 .
2802 1561 2823 1569 "

2239 1640 2296 1694 Si
2334 1640 2517 1710 igitur,
2559 1648 2616 1694 ttt
2651 1655 2815 1711 supra
2847 1640 3182 1697 declaratum
3214 1650 3316 1705 est,
3355 1649 3411 1697 et
3441 1650 3572 1697 ante
3602 1640 3745 1697 Pho-

2168 1733 2300 1787 tium
2355 1732 2538 1786 multis
2584 1743 2709 1788 ante
2755 1733 3112 1802 temporibus,
3164 1732 3475 1803 Symbolum
3516 1735 3588 1789 ab
3637 1734 3744 1789 illis

491 1826 732 1897 synodus
757 1826 870 1891 illa,
894 1842 1056 1895 quam
1091 1829 1616 1898 quadringentorum
1650 1831 1822 1889 ferme
1851 1834 2062 1903 episco-
2095 1812 2136 1871 Β
2165 1840 2286 1880 Cum
2310 1824 2585 1880 θάάίιῖοιὶθ
2624 1824 2922 1895 ιθεθιηιυτι
2964 1824 3187 1895 ipseque
3218 1826 3448 1892 Primus:
3477 1840 3604 1879 cum
3637 1826 3745 1879 νοῑί

482 1933 681 1986 .porum
725 1918 983 1986 implebat
1030 1934 1308 1985 numerus,
1338 1919 1708 1991 blaspltemam
1741 1923 1882 1980 hanc
1909 1927 2066 1980 addi-

484 2014 693 2067 tionem
733 2015 983 2082 putabat,
1014 2030 1113 2069 cnr
1142 2031 1246 2071 non
1286 2016 1659 2087 principaliter
1689 2020 1758 2075 de
1789 2020 1875 2076 illa
1900 2024 2063 2077 verba

490 2103 659 2159 fecit?
706 2104 781 2158 ita
826 2105 971 2159 enim
1007 2107 1059 2159 itt
1102 2106 1539 2174 praecedentibus
1581 2109 1802 2179 synodis
1857 2110 1922 2165 de
1963 2109 2067 2166 fide

479 2196 665 2265 primo
704 2194 829 2250 loco
857 2210 1075 2264 semper
1104 2196 1386 2265 agelatur.
1423 2197 1534 2253 Cur
1562 2208 1742 2253 autem
1791 2200 1845 2254 in
1896 2200 2064 2255 Deum

494 2285 997 2354 blaspltemantibus
1034 2286 1455 2352 conveniebant,
1517 2288 1757 2357 ipsisque
1811 2291 1880 2345 de
1937 2306 2067 2346 con-

457 2398 460 2401 λ
491 2378 679 2431 cordia
711 2378 776 2431 ad
811 2377 1042 2431 invicem
1079 2379 1278 2433 tuenda
1329 2380 1796 2450 obtemperabant,
1830 2383 1913 2438 vel
1948 2400 2067 2439 om-

495 2468 625 2521 nino
673 2468 774 2521 sub
824 2468 1039 2523 silentio
1093 2484 1151 2523 se
1205 2471 1598 2526 continebant?
1645 2471 1872 2538 Quando
1936 2490 2066 2531 vero

494 2555 632 2607 nihil
682 2556 884 2611 dixisse
933 2560 1376 2626 comprobantur,
1436 2559 1523 2613 cui
1566 2576 1675 2615 non
1725 2550 2065 2631 perspicuum

492 2646 585 2711 sit,
619 2660 800 2701 veram
853 2661 946 2701 eos
988 2649 1132 2701 illam
1166 2649 1495 2705 adtlitionem
1539 2652 1924 2709 existimasse?
1966 2654 2070 2711 Ne-

494 2754 599 2808 quc
639 2741 783 2793 enim
816 2740 921 2793 dici
970 2750 1166 2809 pOtest,
1213 2741 1333 2796 illos
1375 2742 1651 2811 ignorasse
1689 2742 1913 2799 Latinos
1945 2761 2068 2800 cum

493 2828 769 2885 idditione
819 2830 1133 2901 Symbolum
1190 2832 1388 2901 legere,
1424 2848 1546 2887 cum
1600 2834 1652 2887 id
1686 2831 1884 2889 Oriens
1926 2845 2069 2893 totus

488 2918 599 2990 jam
630 2931 755 2976 tunc
780 2923 971 2977 saltem
1006 2936 1035 2976 a
1063 2922 1204 2976 beati
1242 2921 1461 2978 Maximi
1492 2925 1832 2994 temporibus
1859 2927 2069 2982 didice-

494 3010 599 3065 rit?

556 3100 802 3168 Deinde,
865 3112 925 3157 ut
967 3103 1365 3169 concedamus,
1427 3103 1674 3161 Photium
1735 3107 2136 3203 additionemc

494 3208 603 3247 non
642 3194 929 3249 admisisse
959 3194 1320 3253 :‘rationabile
1362 3203 1509 3251 certe
1546 3212 1652 3252 non
1678 3208 1815 3263 erat,
1845 3212 2063 3268 postca-

499 3300 658 3356 quam
709 3302 736 3339 a
776 3288 1022 3340 [tantano
1054 3287 1309 3355 pontifice
1358 3287 1668 3355 patriarcha
1705 3291 2063 3351 confirmatus

495 3378 692 3443 fuerat,
722 3378 943 3431 verbum
973 3379 1039 3433 de
1089 3378 1362 3432 additione
1396 3394 1614 3433 movere
1651 3395 1663 3431 :
1700 3395 1786 3446 ne,
1825 3382 1913 3436 vix
1948 3392 2068 3438 tan-

494 3470 617 3524 dem
658 3470 764 3524 voti
814 3486 1032 3540 compos
1065 3470 1312 3535 eﬂectns,
1356 3487 1453 3540 per
1484 3471 1631 3526 illum
1678 3490 1868 3529 rursus
1898 3475 2065 3531 abro-

496 3573 678 3629 gallis,
732 3561 1005 3615 amitteret
1057 3562 1259 3614 omnia.
1299 3559 1445 3616 Satis
1495 3574 1675 3617 autem
1716 3572 1836 3617 erat
1869 3567 2065 3636 legatis

495 3663 660 3720 atque
691 3651 787 3720 ipsi
825 3652 879 3704 in
921 3650 1112 3719 primis
1144 3648 1387 3705 Romano
1429 3652 1695 3720 pontifici,
1721 3654 2064 3723 subjectiune

497 3744 602 3799 sibi
661 3744 892 3807 reddita,
926 3745 991 3798 de
1041 3743 1255 3797 caeteris
1296 3744 1415 3798 illos
1468 3754 1613 3800 recte
1665 3746 1870 3801 sentire
1919 3747 2069 3801 arbi-

497 3836 653 3889 trari.
695 3836 881 3905 itaque
926 3835 1059 3889 nihil
1106 3835 1247 3888 ultra
1303 3835 1665 3905 inquirentes,
1709 3838 1919 3906 reliqua
1953 3840 2067 3896 suis

497 3927 630 3981 locis
658 3941 878 3980 manere
908 3926 1288 3996 permiserunt.
1374 3982 1380 3987 ,

568 4018 637 4072 Ει
687 4019 816 4073 illttd
860 4028 1041 4072 autem
1080 4016 1282 4070 indicat
1326 4016 1593 4084 adjectum
1640 4032 1669 4069 a
1718 4017 2066 4087 quibusdam,

500 4111 647 4181 quod
701 4110 976 4172 diximus,
1026 4110 1168 4177 quod
1225 4119 1348 4179 pust
1395 4109 1625 4175 plurima
1677 4110 2068 4179 imperatorum

502 4204 672 4267 anni,
738 4202 1274 4270 subscriptionesque
1344 4199 1724 4267 episcoporum
1792 4203 2067 4257 adnotata

503 4296 633 4357 sint,
659 4302 713 4347 et
732 4292 907 4362 gloria
946 4292 1148 4345 reddita
1174 4292 1243 4344 sit
1270 4286 1403 4355 Deo,
1429 4305 1526 4358 pro
1556 4289 1815 4345 Ecclesia:
1846 4294 2066 4348 unione.

492 4386 633 4451 Quae
657 4383 835 4437 omnia
864 4385 915 4436 in
944 4383 1048 4436 fine
1072 4392 1348 4449 gestorum
1372 4382 1709 4451 synodalium
1736 4384 2069 4441 scribuntur.

2170 1930 2274 1969 non
2310 1916 2600 1985 potiretur,
2626 1917 2954 1972 additionem
2996 1918 3348 1973 discessionis
3380 1919 3587 1995 reperit
3613 1933 3737 1972 can.

2167 2022 2305 2071 sam,
2339 2016 2397 2061 ut
2439 2007 2637 2076 passim
2676 2008 2778 2062 sibi
2822 2008 3012 2062 liceret
3042 2011 3180 2063 votis
3213 2009 3418 2079 perfrui
3468 2029 3483 2065 :
3520 2026 3747 2080 compos
3831 2064 3837 2069 .

2166 2108 2348 2152 autem
2385 2093 2466 2154 sui
2498 2098 2771 2153 desiderio
2808 2097 3058 2164 effectus,
3087 2096 3296 2154 nullum
3316 2101 3453 2155 ultra
3492 2116 3559 2155 ea
3592 2104 3661 2156 de
3693 2116 3748 2156 re

2167 2194 2397 2244 verbum
2431 2189 2617 2253 movit,
2644 2191 3153 2259 subjectionemque
3176 2191 3415 2246 debitam
3442 2206 3539 2261 per
3563 2195 3743 2248 omnia

2169 2297 2382 2336 summo
2410 2282 2649 2350 pontifici
2688 2283 2921 2336 reddidit
2956 2282 3094 2353 (67),
3125 2298 3302 2337 nonne
3325 2284 3496 2352 liquet
3526 2298 3598 2338 ex
3626 2300 3744 2338 om-

2170 2375 2349 2437 nibus,
2393 2388 2497 2429 non
2531 2358 2884 2439 additionem,
2915 2375 3006 2429 scd
3035 2377 3342 2445 superbiam
3392 2377 3598 2445 potius,
3624 2386 3683 2432 et
3715 2392 3743 2430 a

2172 2465 2388 2519 nemine
2438 2466 2576 2519 velle
2618 2466 2873 2535 jndicari,
2911 2466 3222 2521 scltismatis
3273 2466 3443 2522 fuisse
3484 2467 3746 2523 causam?

2172 2556 2319 2610 Obiit
2340 2568 2518 2611 autem
2553 2556 2801 2620 Pbotius,
2823 2572 2945 2612 cum
2970 2569 3116 2612 esset
3148 2559 3511 2613 Ecclesiarum
3536 2560 3744 2622 unitas,

2171 2662 2290 2716 quae
2327 2658 2449 2717 post
2493 2648 2643 2702 illum
2680 2664 2775 2718 per
2823 2649 3007 2703 decem
3048 2656 3103 2704 et
3144 2659 3354 2718 septem
3399 2650 3746 2719 patriarchas

2170 2738 2408 2794 duravit.

2243 2831 2319 2885 Ex
2352 2848 2459 2902 quo
2486 2847 2617 2888 sane
2634 2843 2870 2897 constat,
2897 2833 3224 2890 celebratam
3246 2832 3347 2889 sub
3366 2833 3560 2889 Pltotio
3584 2848 3746 2906 syno-

2171 2926 2297 2980 dum
2351 2926 2591 2998 Symboli
2645 2927 2974 2981 additionem
3028 2926 3213 2981 veram
3272 2935 3328 2981 et
3369 2927 3745 2981 rationabilem

2171 3017 2542 3084 existimasse,
2604 3018 2888 3089 ipsumque
2955 3018 3103 3073 illum
3166 3015 3426 3074 Romane
3490 3018 3749 3085 Ecclesiae

2169 3107 2608 3162 communionem
2632 3109 2880 3177 elegisse,
2908 3109 3089 3179 priore
3110 3108 3319 3179 abjecta
3350 3112 3745 3176 controversia,

2170 3216 2293 3272 qua:
2322 3200 2397 3254 illi
2436 3210 2495 3255 ut
2532 3201 2734 3255 homini
2770 3203 3106 3270 obrepserat.

2244 3293 2467 3358 Deinde,
2503 3303 2560 3348 ttt
2599 3294 2676 3348 ait
2718 3294 3011 3364 praedictus
3037 3294 3330 3350 historicus
3358 3296 3551 3368 Scylex
3589 3296 3743 3369 [Scy-

2172 3385 2306 3457 lax],
2344 3386 2571 3453 Michael
2610 3387 2919 3456 patriarcha
2954 3398 3313 3457 c0gnomento
3355 3388 3585 3443 Cerulus
3622 3388 3745 3459 [Ce-

2176 3476 2487 3549 rularius],
2549 3477 2673 3531 aliis
2737 3492 2951 3531 rursum
3018 3479 3425 3545 emergentibus
3485 3480 3741 3542 casibus,

2175 3567 2364 3635 quales
2428 3566 2739 3621 bontiziibus
2798 3581 2939 3635 stepe
2992 3568 3414 3634 superveniunt,
3471 3568 3741 3637 simulque

2176 3658 2453 3713 invidente
2500 3659 2652 3727 pacis
2701 3658 3033 3723 adversario,
3069 3657 3375 3713 Romanum
3431 3662 3738 3728 pontificem

2175 3759 2396 3819 pr0pter
2453 3763 2639 3819 azyma
2715 3749 2984 3819 diptychis
3042 3749 3239 3818 dejccit
3298 3750 3433 3821 (68).
3493 3751 3737 3805 Habebat

2174 3846 2354 3891 autem
2388 3837 2626 3891 fautores
2668 3838 2927 3907 patricios
2971 3840 3125 3903 duos,
3154 3848 3205 3893 et
3241 3838 3495 3894 Ecclesia:
3524 3855 3740 3909 corrup~

2178 3929 2368 3983 tiorem
2413 3938 2466 3983 et
2515 3910 2910 3983 seditiosiorem
2959 3939 3160 3997 partem
3211 3947 3225 3979 :
3278 3931 3534 3998 additque
3581 3931 3737 3983 aliam

2176 4021 2278 4074 viri
2308 4019 2689 4087 differentiam,
2722 4021 2791 4075 ob
2822 4036 2995 4099 quam»
3026 4022 3218 4077 merito
3246 4023 3495 4076 videntur
3517 4024 3739 4093 elegisse

2178 4113 2404 4168 seorsim
2463 4113 2663 4168 vivere.
2728 4114 3068 4184 Quanquam,
3124 4115 3169 4168 si
3233 4115 3524 4171 additionis
3581 4131 3737 4172 causa

2180 4203 2485 4258 Romanum
2558 4204 2865 4273 episcopum
2922 4204 3190 4274 diptyehis
3240 4204 3439 4273 ejecit,
3490 4220 3587 4261 cur
3636 4220 3735 4260 non

2177 4296 2340 4350 etiam
2391 4296 2575 4365 prius?
2631 4293 2689 4348 Si
2734 4303 2909 4349 autem
2969 4303 3187 4363 propter
3218 4310 3429 4365 azyma,
3472 4284 3550 4351 ab
3585 4297 3736 4350 initio

2179 4387 2420 4442 Romana
2461 4386 2699 4441 Ecclesia
2744 4386 2827 4440 Itis
2855 4385 3163 4439 sacrificare
3207 4386 3505 4442 consuevit.
3541 4386 3732 4441 Verum

506 4478 660 4542 Quod
695 4485 873 4530 autem
909 4476 975 4529 dc
1006 4491 1111 4529 non
1149 4475 1451 4545 adjiciendo
1477 4479 1562 4530 vel
1591 4477 1887 4531 auferendo
1922 4479 2068 4548 adje—
2101 4483 2144 4538 Ι)
2174 4480 2338 4534 etiam
2371 4479 2416 4533 si
2464 4478 2587 4547 quis
2616 4477 2931 4546 diligentius
2969 4477 3226 4543 inquirat,
3252 4478 3413 4530 aliam
3440 4478 3729 4547 deprehen-

505 4580 652 4624 ctum
702 4577 789 4623 est
818 4567 1047 4627 seorsim
1082 4566 1314 4634 positum
1350 4564 1485 4637 (66),
1530 4574 1586 4620 et
1616 4566 1687 4621 ab
1730 4568 1852 4623 aliis
1888 4580 2076 4639 aperte

510 4663 845 4732 disjunctutn
874 4669 927 4713 et
954 4665 1262 4727 separatum
1292 4668 1396 4713 est.
1424 4656 1539 4712 Non
1574 4657 1742 4728 igitur
1773 4662 2078 4730 suscipien-

505 4754 632 4806 dum
673 4759 755 4806 est
776 4759 905 4819 post
946 4762 1136 4803 eorum
1168 4762 1289 4817 quae
1323 4746 1760 4815 inquirebatttur,
1793 4751 2073 4806 enodatio-

504 4858 654 4905 nent,
686 4852 811 4911 post
843 4841 1173 4908 compositas
1204 4854 1314 4905 res,
1342 4847 1463 4907 post
1488 4838 1647 4893 ﬁnem
1682 4841 1911 4909 denique
1941 4858 2072 4897 con-

504 4934 638 4999 cilii,
684 4943 803 5003 post
850 4934 940 4985 illa
976 4947 1094 5002 quae
1127 4931 1177 4985 itt
1210 4929 1315 4984 fine
1348 4930 1676 5002 synodorum
1710 4933 1904 5004 apponi
1935 4949 2071 4989 con.

506 5034 826 5088 sueverunt,
873 5039 1091 5077 rursum
1138 5022 1257 5077 illos
1292 5033 1480 5091 putare
1528 5025 1596 5079 de
1638 5024 1722 5079 itis
1771 5042 1929 5095 agere
1962 5044 2073 5086 coe-

558 5142 689 5213 -(Gi)
723 5141 1193 5213 commentarium
1214 5157 1311 5197 seu
1338 5143 1821 5213 commonitorium
1849 5146 1950 5199 hoc
1974 5148 2074 5201 Ita-

502 5218 599 5272 bcs
628 5211 766 5279 apud
797 5212 1086 5267 Baroniutn
1102 5212 1226 5273 879,
1246 5229 1302 5266 n.
1318 5212 1408 5278 47,
1427 5213 1517 5267 sed
1539 5211 1791 5267 falsatum
1811 5229 1839 5267 a
1858 5215 2072 5271 Pitotio.

574 5284 687 5353 (65)
715 5283 927 5351 Aliquid
932 5293 1127 5353 actum
1154 5297 1270 5336 esse
1293 5284 1345 5335 in
1412 5284 1510 5337 hac
1554 5283 1964 5353 pseudosynodo
2011 5287 2076 5339 de

503 5351 598 5408 illa
619 5351 1181 5421 additioneFilioque,
1208 5353 1423 5405 tradunt
1456 5351 2069 5421 recentioresscitisnta-

508 5426 596 5477 tici
631 5423 827 5487 Graeci,
856 5420 1120 5492 quietiam
1142 5424 1482 5492 mentiuntur
1521 5420 1813 5492 _Joan.Ytll
1875 5423 2067 5490 pontii.

492 5490 959 5556 consensisse,_.ut
996 5493 1126 5546 illud
1151 5490 1389 5559 Filioque
1414 5506 1479 5545 ex
1512 5490 1765 5562 Sytnbolo
1793 5506 2069 5562 expunge-

505 5573 675 5616 rctur.
709 5566 927 5633 ﬁliquid
958 5574 1105 5616 certe
1132 5565 1195 5615 de
1219 5564 1319 5633 bac
1348 5562 1621 5633 auditione
1650 5561 1827 5633 fuisse
1865 5561 2066 5627 actum,

508 5633 662 5685 testis
690 5646 773 5686 est
814 5629 982 5687 sexta
1004 5633 1177 5685 sessio
1237 5631 1381 5683 illius
1438 5629 1584 5681 falsre
1638 5630 1850 5697 synodi.
1909 5633 2066 5698 cujus

498 5713 775 5754 ,Sfltlllllaln
810 5700 1303 5760 ret-itatBaronius,
1337 5714 1477 5750 anno
1520 5698 1717 5750 Clll‘iSli
1770 5698 1893 5751 δῖε).
1954 5701 2062 5756 Μεὶ

501 5771 688 5825 dicere
711 5772 955 5836 velimus,
988 5774 1127 5837 quod
1156 5768 1371 5837 quidam
1396 5767 1537 5822 baud
1559 5779 1756 5822 temere
1783 5770 2064 5840 suspican-

2174 4574 2264 4628 det
2310 4586 2430 4627 esse
2478 4569 2839 4639 separationis
2896 4582 3139 4622 causam.
3180 4566 3297 4621 Jatn
3348 4568 3491 4623 enim
3540 4568 3731 4623 dudum

2173 4660 2471 4717 assuefacti
2517 4660 2705 4730 jugunt
2752 4658 3075 4713 obedientize
3106 4666 3387 4720 excutere,
3429 4658 3603 4712 locum
3635 4657 3729 4712 sibi

2173 4753 2521 4822 dignitatum,
2586 4760 2641 4805 et
2709 4750 3045 4805 excellentiae
3108 4749 3384 4803 nominum
3452 4749 3519 4802 ab
3582 4748 3733 4803 initio

2173 4845 2485 4901 scltistnatis
2522 4843 2576 4896 lti
2609 4842 2700 4910 qui
2741 4841 3035 4911 praeerhnt,
3072 4849 3423 4908 aperuerunt,
3457 4839 3732 4895 honestate

2172 4939 2453 4991 nominum
2496 4934 2858 4992 sacerdotium
2902 4948 3058 4987 suum
3096 4946 3294 4987 ornare
3324 4932 3729 4987 contendentes.

2180 5028 2335 5085 Alius
2370 5026 2515 5079 enim
2559 5023 2905 5077 uniuersalem
2953 5020 3313 5088 patriarcltam
3359 5020 3593 5091 seipsum
3648 5032 3733 5088 ap-

2178 5155 2286 5210 tnr,
2312 5151 2479 5197 totam
2513 5140 2656 5216 hanc
2687 5138 2949 5216 s'yuodum
2977 5136 3143 5216 fuisse
3175 5135 3347 5216 Pbo_tii
3372 5144 3727 5216 commentum

2175 5204 2452 5281 nunquam
2487 5204 2933 5281 nisigin'c'erebro
2966 5209 3107 5281 ejus
3161 5206 3515 5259 celebratam.
3569 5204 3732 5258 Aliter

2175 5278 2350 5338 tamen
2379 5281 2544 5334 sentit
2577 5278 2794 5340 Caleca,
2829 5288 2887 5330 ut
2927 5279 3098 5331 vides.

2243 5352 2600 5424 (66)Nonest
2650 5350 2715 5424 tle
2773 5344 3288 5424 litis-laborandum.
3335 5342 3590 5424 Synodus
3625 5344 3731 5397 haec

2175 5414 2272 5477 fuit
2303 5414 2772 5489 pseudosynodus.
2800 5416 3015 5489 Caleca_
3047 5414 3302 5489 nonsatis
3333 5415 3469 5489 bene
3531 5415 3755 5489 instru-.

2170 5480 2782 5559 ctus'pseudosynodunt
2802 5502 2899 5555 pro
2918 5485 3154 5555 legitima
3185 5485 3396 5551 habuit,
3422 5484 3562 5553 quod
3594 5480 3726 5536 mul-

2170 5564 2237 5616 lis
2276 5562 2396 5614 aliis
2425 5564 2624 5612 evenit.

2239 5631 2351 5700 (67)
2388 5630 2617 5696 Vulpiito
2643 5642 2812 5681 more.
2956 5660 2959 5661 ν

2238 5692 2722 5770 (68))ιουίΐεῃςμῃιι
2758 5708 2839 5751 est
2865 5707 3106 5768 tempore
3136 5692 3438 5762 LeonisiX,
3471 5694 3612 5749 circa
3637 5704 3725 5744 an-

2168 5768 2291 5826 nutu
2315 5768 2514 5825 Christi
2554 5768 2705 5821 10253.
