4114 6306
392 325 501 387 509

1496 330 1893 393 ADVERSUS
1931 332 2246 393 GRAECOS
2285 336 2432 394 LIB.
2480 337 2581 397 iV.

3536 348 3660 412 210‘

399 438 642 508 peliavit,
682 438 825 505 quod
858 447 988 495 ante
1027 440 1342 497 schismatis
1370 448 1615 512 tempora
1646 454 1968 499 consuetum
2004 447 2040 499 Α
2072 458 2278 509 sumus,
2338 434 2663 517 virtutisque
2718 448 2858 503 viam
2903 449 2970 504 ad
3026 450 3194 506 Deum
3255 454 3643 522 perducentem

401 546 504 585 non
525 540 641 585 erat
662 528 796 600 (69).
812 530 962 586 Alius
979 546 1037 587 se
1058 534 1230 601 ipsum
1249 534 1643 608 orbisjudicem
1663 538 1966 593 constituit.

404 623 558 677 Alius
593 625 782 678 tertius
827 626 1064 680 decimus
1112 628 1382 697 apostolus
1420 632 1603 686 vocari
1634 632 1967 701 concupivit.

405 715 469 770 Et
517 724 667 771 certe
718 717 961 787 antiquis
1005 719 1309 776 suliiciebat
1354 723 1644 793 episcopos
1705 740 1766 779 se
1826 727 1970 794 ipsos

399 805 742 861 solummodo
792 822 988 863 vocare
1024 827 1040 864 :
1070 826 1204 880 quos
1249 812 1302 867 bi
1349 818 1538 879 etiam,
1571 816 1662 884 qui
1696 817 1798 870 sub
1837 816 1971 885 ipsis

400 899 909 976 erantrimitantes.
938 915 1044 955 non
1093 904 1450 971 perstiterunt
1482 905 1536 959 in
1586 905 1802 960 traditis
1830 907 1972 960 anti—

395 990 580 1059 quitus
625 991 696 1046 ab
747 992 986 1047 Ecclesia
1035 993 1371 1060 nominibus,
1419 997 1817 1066 quamdamque
1863 997 1970 1053 sibi

395 1081 689 1150 superbam
719 1083 1040 1154 dignitatem
1090 1086 1289 1155 singuli
1319 1087 1696 1158 excogitantes
1730 1088 1972 1145 subscri-

394 1172 675 1242 ptionibus
718 1174 922 1233 addunt
977 1193 991 1231 :
1040 1176 1168 1232 dum
1210 1177 1305 1233 alii
1348 1193 1408 1234 se
1442 1194 1783 1247 prasessores
1831 1181 1967 1250 (70),

393 1264 486 1319 alii
540 1265 722 1327 duces,
771 1275 1116 1336 praeceptores
1160 1269 1276 1335 alii,
1323 1270 1415 1325 alii
1464 1273 1749 1340 primarius
1799 1274 1970 1328 ascri-

396 1357 532 1411 bunt
581 1356 721 1426 (71),
752 1358 1136 1413 documentum
1183 1360 1427 1431 profecto
1474 1363 1725 1432 ingenita:
1768 1364 1868 1419 sibi
1906 1379 1970 1420 ac

396 1447 618 1516 penitus
650 1448 824 1503 insita
847 1450 1109 1504 vanitatis
1134 1464 1244 1519 pra:
1274 1466 1332 1507 se
1361 1452 1599 1507 ferentes
1635 1470 1648 1507 :
1687 1468 1784 1521 per
1809 1470 1967 1523 quam

396 1558 502 1598 non
555 1543 735 1600 solum
786 1543 1043 1600 Romana:
1087 1546 1202 1601 sedi
1256 1546 1519 1601 honorem
1573 1548 1813 1603 debitum
1863 1565 1968 1604 non

398 1636 648 1701 reddere,
684 1637 781 1692 sed
831 1637 935 1707 ipsi
974 1652 1191 1708 quoque
1242 1652 1303 1693 se
1347 1637 1605 1707 preferre
1658 1639 1966 1708 cupiebant,

395 1741 729 1797 prorsusque
777 1728 1029 1783 omnibus
1074 1743 1329 1798 praeesse.
1382 1728 1450 1783 Ut
1483 1728 1627 1782 enim
1678 1731 1782 1783 sibi
1835 1730 1967 1800 ipsis

2072 540 2284 607 edocti;
2341 556 2402 596 ac
2458 558 2556 612 per
2608 544 2939 599 voluntatem
2986 547 3075 600 Dei
3128 547 3350 615 bonam,
3400 562 3453 605 et
3504 554 3645 610 bene

2072 632 2398 697 placentem,
2425 633 2627 688 inimici
2665 649 2785 689 eum
2808 652 3051 691 essemus
3083 637 3279 704 Patris,
3310 644 3645 697 reconciliati

2071 722 2119 774 ei
2148 736 2369 787 sumus;
2406 726 2507 780 hoe
2546 725 2806 794 denique,
2838 728 2889 781 id
2924 730 3065 796 quod
3108 731 3379 798 sequitur,
3419 733 3647 804 intelligi

2072 811 2185 864 vult
2216 829 2228 865 :
2253 811 2356 866 Per
2375 831 2452 866 me
2469 816 2516 869 si
2531 817 2650 885 quis
2683 818 2966 883 introierit,
2988 818 3284 872 salvabit‘ur
3297 830 3346 873 et
3378 822 3647 891 ingredie-

2070 911 2174 960 tur,
2209 912 2256 955 et
2284 905 2597 971 egredietur,
2627 914 2675 959 et
2700 922 2898 973 pascua
2928 908 3148 962 inveniet
3173 908 3240 972 η,
3279 910 3370 963 Dei
3400 921 3648 964 content-

2068 987 2386 1056 plationetn,
2433 993 2807 1063 cmlorumque
2867 1010 3115 1065 regnum,
3163 995 3233 1051 ad
3289 1000 3432 1065 quod
3487 1000 3645 1055 aliter

2070 1076 2275 1147 ingredi
2313 1096 2419 1137 non
2443 1097 2733 1151 possumus
2757 1085 2863 1141 nisi
2886 1101 2981 1156 per
2999 1086 3350 1158 Evangelium
3372 1098 3426 1145 et
3443 1087 3646 1147 Christi

2073 1170 2351 1237 mysteria.

2140 1258 2484 1331 Metropolita
2526 1280 2653 1321 vero
2692 1266 3065 1323 Methonensis
3094 1268 3210 1339 (76)
3258 1284 3491 1340 arguens
3524 1286 3539 1325 :
3585 1270 3651 1326 Si

2070 1348 2330 1419 Spiritus,
2362 1355 2557 1422 inquit,
2590 1366 2806 1411 sanctus
2845 1367 2982 1413 esset
3020 1374 3086 1412 ea:
3127 1357 3295 1423 Filio,
3345 1376 3450 1413 non
3490 1376 3649 1428 super

2068 1458 2185 1496 eum
2231 1444 2556 1510 baptizatum
2592 1465 2624 1501 a
2674 1450 2803 1503 ειεΙο
2829 1451 3010 1519 lapsus
3060 1462 3192 1504 esset
3226 1466 3244 1503 :
3301 1452 3558 1520 ignorans
3591 1461 3649 1506 et

2068 1531 2203 1599 ipse,
2270 1536 2414 1604 quod
2486 1554 2714 1609 magnus
2779 1541 2857 1594 ait
2916 1542 3275 1607 Athanasius,
3348 1544 3477 1611 quia
3541 1544 3649 1611 ipse

2068 1623 2237 1690 ipsum
2284 1627 2527 1697 desuper,
2582 1640 2638 1683 ut
2692 1630 2869 1698 Deus,
2924 1633 3088 1685 mittit
3141 1647 3161 1686 :
3220 1640 3269 1685 et
3319 1633 3428 1699 ipse
3476 1633 3648 1696 ipsum

2070 1715 2215 1785 infra
2274 1726 2333 1771 ut
2379 1719 2554 1773 homo.
2591 1720 2668 1774 Ex
2718 1721 2837 1791 ipso
2873 1723 3037 1791 igitur
3086 1724 3139 1778 in
3194 1724 3367 1794 ipsum
3421 1726 3650 1781 descen—

395 1773 759 1888 indulgetites,
797 1819 1037 1889 reliquos
1073 1773 1184 1888 iam
1214 1820 1363 1875 iicite
1403 1820 1687 1889 increpare
1719 1773 1968 1876 videer-

2072 1808 2152 1861 dit
2182 1823 2197 1861 :
2240 1822 2303 1864 ex
2338 1807 2552 1865 Deitate
2584 1811 2704 1878 ejus
2740 1773 2967 1869 rscilicet
3025 1815 3080 1869 in
3130 1773 3304 1885 ipsius
3336 1817 3650 1872 humanita-

403 1918 490 1965 tur
508 1952 524 1978 ,
551 1925 654 1965 non
688 1910 1048 1980 adjectionem
1079 1910 1275 1985 solam,
1314 1910 1406 1967 sed
1434 1910 1573 1967 alias
1600 1926 1819 1982 quoque
1845 1912 1967 1982 plu-

398 2002 562 2058 rimas
594 2017 788 2058 causas
812 2003 1157 2057 invenerunt.

468 2090 626 2157 Nam,
678 2108 802 2147 cum
835 2093 1001 2149 semel
1038 2094 1299 2150 adversus
1329 2094 1623 2151 Occiduam
1670 2095 1966 2153 Ecclesism

395 2185 464 2239 de
487 2184 724 2254 primatu
763 2181 1094 2237 contendere
1121 2182 1462 2249 statuissent,
1499 2182 1721 2253 ipsaque
1745 2192 1970 2239 conten-

397 2277 473 2329 tio
520 2272 724 2331 sensim
772 2272 826 2325 in
866 2274 1103 2341 ipsorum
1152 2272 1439 2326 animabus
1476 2271 1662 2326 odium
1698 2272 1965 2343 gigneret,

398 2368 620 2435 suisque
647 2364 946 2436 gratificari
978 2363 1237 2427 volentes,
1275 2370 1335 2417 ut
1367 2364 1459 2433 qui
1510 2373 1735 2434 possent
1760 2364 1970 2435 gratill-

398 2459 649 2514 cantibus
675 2456 1051 2525 regratiticari,
1080 2458 1236 2524 proni
1276 2466 1330 2511 et
1368 2455 1557 2512 faciles
1586 2458 1651 2510 ad
1682 2457 1968 2513 maledicta

398 2560 455 2606 et
481 2550 716 2605 crimina
747 2547 1004 2612 fuerunt;
1052 2556 1107 2601 et
1150 2546 1239 2601 ille
1288 2546 1530 2615 sapiens,
1572 2546 1662 2601 ille
1706 2548 1966 2615 Optimus,

398 2644 489 2700 ille
535 2641 752 2697 cunctis
783 2647 1040 2709 praestare
1072 2636 1380 2702 videbatur,
1430 2637 1524 2706 qui
1574 2638 1765 2693 cobtra
1809 2636 1970 2693 Occi-

399 2738 560 2791 duam
607 2732 906 2789 Ecclesium
941 2738 1126 2800 posset
1168 2729 1370 2799 aliquid
1418 2728 1778 2784 convitiorum
1821 2728 1972 2795 jacu-

399 2826 496 2882 .ari
526 2823 667 2895 (72).
696 2821 832 2878 Cum
878 2822 1025 2877 enim
1076 2820 1253 2875 nullus
1293 2828 1459 2883 esset,
1506 2821 1599 2890 qui
1644 2820 1968 2891 corriperet.

397 2917 537 2971 alius
576 2913 794 2982 quidem
840 2912 1039 2976 selum,
1072 2910 1167 2966 sed
1203 2924 1312 2965 non
1340 2912 1641 2965 secundum
1681 2910 1970 2965 scientiam

400 3005 639 3069 habens;
697 3002 836 3057 alius
887 3016 1015 3055 vero
1074 3000 1497 3069 praesumptione
1553 3000 1971 3056 consuetudinis

2071 1900 2204 1953 tem.

2140 1991 2246 2045 Alii
2285 2007 2431 2059 vero,
2460 1995 2552 2064 qui
2600 1996 2919 2054 subtiliores
2946 2012 3069 2054 esse
3099 1998 3646 2063 volueruntcaiunt:

2071 2081 2323 2148 Spiritum
2377 2098 2621 2141 sanctum
2679 2105 2783 2143 non
2843 2090 2897 2144 in
2957 2090 3214 2146 columbi:
3270 2094 3439 2156 specie
3490 2109 3651 2161 super

2068 2172 2252 2228 Jesnm
2283 2174 2607 2245 baptizatum
2641 2179 2994 2245 descendisse,
3029 2180 3121 2234 sed
3168 2182 3342 2249 ipsum
3391 2184 3524 2236 illud
3558 2200 3651 2237 ro-

2069 2266 2235 2331 latile,
2279 2269 2538 2324 columba:
2578 2270 2803 2340 speciem
2830 2272 2999 2326 uisant
3036 2275 3371 2329 sensibilibus
3398 2276 3564 2330 oculis
3597 2279 3650 2329 in

2070 2360 2237 2427 specie
2266 2360 2523 2422 sensibili,
2550 2362 2690 2429 quod
2716 2361 2788 2415 ad
2818 2362 3199 2418 insinuandam
3232 2366 3652 2435 dispensationis

2069 2450 2335 2504 veritatem
2372 2451 2629 2505 indicium
2680 2453 2851 2505 sancti
2905 2451 3139 2523 Spiritus
3185 2455 3329 2523 fuit;
3386 2454 3651 2526 Spiritum

2070 2552 2314 2595 Sanctum
2348 2557 2451 2595 non
2487 2543 2659 2611 ipsius
2695 2542 2929 2612 Spiritus
2964 2546 3391 2615 signiﬁcativum
3426 2562 3651 2601 asseve-

2072 2641 2216 2685 rant.
2240 2630 2375 2697 Quia
2404 2633 2550 2685 enim
2582 2634 2821 2688 sensibili
2859 2636 3039 2704 specie
3070 2638 3387 2706 apparuerit
3415 2638 3651 2708 Spiritus

2076 2731 2303 2776 sanctus
2352 2730 2408 2778 et
2460 2721 2884 2793 Cbrysostomus
2930 2739 3095 2793 super
3121 2723 3385 2781 Joannem
3428 2736 3652 2783 attesta-

2072 2821 2178 2867 tur.

2148 2903 2303 2959 Alius
2338 2916 2471 2958 vero
2515 2902 2827 2974 patriarcha
2860 2921 2875 2961 :
2922 2903 3078 2960 Nihil
3111 2906 3192 2962 ait
3225 2923 3336 2963 esse
3383 2908 3652 2972 mirabile,

2070 2995 2117 3050 si
2150 2996 2293 3066 apud
2332 3012 2515 3052 sacras
2542 2995 2792 3064 Litteras,
2836 3000 3177 3071 doctoresque
3225 3003 3655 3076 sacrogdicatur

398 3098 691 3161 inductus;
742 3092 881 3148 alius
916 3092 1177 3163 magister
1221 3090 1289 3147 ab
1318 3091 1441 3148 aliis
1495 3091 1673 3146 vocari
1715 3091 1965 3161 cupiens,
1992 3101 2035 3163 ε
2074 3086 2246 3141 Filius
2285 3087 2475 3143 habere
2507 3087 2766 3156 Spiritum
2796 3101 3058 3159 sanctum,
3099 3095 3226 3158 quia
3272 3094 3410 3147 hunc
3462 3106 3513 3149 et
3549 3094 3651 3150 Dei

400 3198 455 3243 et
483 3187 752 3256 superbire
784 3185 915 3238 vitio
946 3192 1216 3249 emeatus;
1273 3182 1431 3246 alius,
1468 3191 1527 3238 ut
1565 3183 1651 3239 vel
1683 3185 1968 3252 praesentis

400 3278 677 3350 dignitatis
726 3277 944 3346 prmtttia
996 3282 1412 3346 compensaret,
1477 3275 1560 3329 vel
1613 3290 1806 3330 novam
1862 3277 1967 3333 sibi

398 3377 705 3440 quaereret;
739 3368 903 3431 alius,
932 3380 1115 3421 veram
1151 3366 1369 3436 quidem
1394 3366 1702 3435 opinionem
1739 3368 1967 3435 habens,

398 3464 491 3517 sed
542 3459 768 3529 tempori
825 3457 1134 3528 indulgens,
1192 3467 1491 3527 contraque
1554 3473 1617 3512 ac
1674 3459 1968 3525 sentiebat,

397 3552 702 3622 proferens,
730 3565 850 3604 cum
884 3548 1018 3602 alias
1057 3546 1162 3602 sibi
1212 3556 1328 3601 tuto
1361 3550 1542 3601 vivere
1578 3548 1800 3602 minime
1833 3550 1969 3604 lice-

398 3652 497 3706 ret,
534 3658 597 3696 ac
644 3656 712 3693 ne
767 3637 1013 3709 plurimis
1071 3637 1271 3706 probro
1309 3645 1486 3700 esset,
1538 3646 1592 3690 et
1622 3638 1967 3693 contumeliis

398 3744 564 3803 atque
612 3731 833 3802 injuriis
868 3729 1189 3792 alliceretur,
1246 3728 1513 3798 bonisque
1559 3728 1673 3783 suis
1708 3729 1811 3783 l'rui
1863 3746 1967 3785 non

400 3827 701 3897 permissus
748 3832 902 3878 extra
964 3821 1300 3892 Synagogatn
1358 3821 1531 3885 lieret,
1592 3835 1689 3889 per
1744 3822 1966 3877 multam

298 3982 301 3983 ν
399 3919 675 3975 licentiam
724 3932 788 3972 ac
825 3915 1164 3978 facilitatem,
1195 3912 1389 3989 singuli
1437 3912 1853 3983 irrationabilia,
1885 3917 1969 3973 vel

399 4011 583 4079 iniqua
619 4017 673 4063 et
706 4007 974 4074 scribunt,
1001 4013 1058 4060 et
1090 4004 1295 4058 dicunt.

466 4103 645 4170 Atque
674 4098 910 4153 Nicenus
932 4097 1154 4168 quidem
1180 4094 1491 4150 Eustratius
1516 4094 1629 4167 (73)
1653 4110 1748 4163 per
1772 4095 1968 4152 Filium

398 4193 695 4263 procedere
749 4188 895 4259 quod
953 4188 1152 4241 dicitur
1204 4201 1529 4257 exponens:
1590 4186 1741 4242 Sicut
1793 4190 1970 4259 prodit

397 4284 550 4338 homo
578 4299 673 4352 per
690 4282 937 4351 januam,
958 4278 1116 4343 dixit,
1140 4275 1539 4347 Dominumque
1565 4279 1753 4333 citavit
1778 4289 1968 4336 testem

398 4377 668 4431 dicentem
704 4390 718 4428 :
752 4371 864 4441 Ego
898 4388 1015 4425 sum
1065 4370 1238 4440 janua
1273 4383 1294 4423 :
1344 4368 1605 4440 ignorans
1648 4368 1772 4439 quia
1800 4369 1967 4440 ianua

399 4465 694 4521 secundum
747 4463 1039 4526 hominem,
1073 4459 1334 4514 Dominus
1364 4459 1526 4513 etiam
1550 4459 1846 4514 secundum
1874 4474 1971 4515 nos

399 4556 575 4611 dictus
609 4564 694 4609 est
729 4571 743 4607 :
784 4550 933 4607 Unus
990 4552 1129 4607 enim
1161 4552 1422 4606 mediator
1463 4549 1560 4605 Dei
1600 4560 1648 4605 et
1703 4550 1971 4605 hominum

399 4659 496 4714 est,
527 4655 583 4700 ut
625 4647 700 4699 ait
742 4644 1034 4713 Apostolus
1071 4642 1146 4707 "3
1201 4650 1255 4696 et
1288 4658 1302 4695 :
1343 4639 1445 4709 P_er
1476 4640 1649 4708 ipsum
1700 4655 1972 4693 accessum

401 4740 652 4793 habemus
678 4738 760 4802 ¹⁰;
789 4736 913 4803 quia
960 4749 1057 4804 per
1087 4734 1256 4803 ipsius
1284 4730 1626 4787 divinitatem
1672 4740 1727 4784 et
1771 4730 1975 4784 huma-

402 4832 650 4895 nitatem,
692 4842 799 4883 uno
832 4827 939 4882 Deo
964 4825 1169 4896 agnito,
1200 4837 1389 4880 errore
1436 4822 1706 4879 idolorum
1756 4821 1975 4878 liberati

475 5059 519 5091 "
555 5059 576 5114 l
610 5057 838 5143 Titum,
864 5056 921 5110 5.
997 5055 1043 5087 ³ο
1077 5054 1278 5123 Ephes.
1308 5069 1371 5120 tt,
1401 5053 1489 5110 is.
1568 5055 1612 5087 “
1656 5054 1817 5112 Joan.
1872 5070 1931 5121 x,
1966 5052 2022 5106 9.

480 5247 590 5318 (69)
621 5246 734 5301 lmo
754 5245 866 5316 jam
899 5252 1141 5312 tempore
1187 5241 1434 5311 Gregorii
1465 5240 1643 5312 Magni
1675 5247 1819 5299 hunc
1848 5242 1975 5297 titu-

406 5320 514 5375 lum
549 5319 649 5372 sibi
668 5331 925 5385 arrogare
946 5323 1248 5384 cmperunt.

478 5389 588 5460 (70)
639 5380 1299 5460 Httncititulqmiusttttpal
1333 5380 1717 5439 schismaticus
1744 5383 1976 5455 patriar-

407 5454 505 5515 cha
538 5454 932 5514 Aibxandrinus
966 5454 1234 5509 Meletius.
1750 5454 1757 5455 '
1817 5492 1822 5497 .

480 5528 588 5598 (7i)
632 5531 705 5583 De
729 5527 967 5580 vanitate
991 5526 1042 5598 i_n
1080 5525 1249 5598 _t_ituiis
1284 5522 1976 5598 recentiorttm_cp_iscopo-

411 5593 524 5652 rum
547 5599 792 5656 Graeciae.
827 5596 1046 5649 consule
1071 5593 1454 5662 Curopalatam
1509 5593 1584 5647 De
1612 5593 1803 5649 oliiciis
1844 5595 1979 5647 aulae

410 5669 703 5736 (Ipolitame
730 5668 796 5721 ad
828 5665 985 5731 cujus
1010 5665 1214 5736 calcem
1246 5664 1511 5736 integrum
1536 5664 1841 5736 catalogum
1899 5663 1982 5718 itt-

413 5732 616 5806 venies,
643 5753 753 5809 quo
782 5735 1011 5806 quisque
1031 5733 1183 5789 titulo
1212 5732 1526 5789 adiciendus
1554 5734 1644 5788 sit.

2074 3175 2313 3233 Genitria:
2352 3178 2558 3244 habuit,
2609 3188 2659 3235 et
2704 3190 3011 3237 sanctorum
3059 3183 3257 3255 singuli
3299 3200 3317 3239 :
3365 3186 3479 3240 vult
3526 3188 3651 3251 iste.

2072 3274 2532 3342 quemadmodum
2590 3275 2765 3329 sancti
2821 3275 3153 3343 habuerunt,
3205 3278 3279 3332 ita
3326 3290 3381 3333 et
3441 3277 3641 3333 Filium

2072 3363 2168 3419 Dei
2240 3364 2440 3419 habere
2516 3364 2783 3434 Spiritum
2853 3376 3127 3422 sanctum.
3202 3368 3277 3422 ita
3349 3369 3651 3423 secundum

2073 3454 2548 3525 participationem
2600 3455 2747 3510 illum
2812 3456 3012 3514 habere
3064 3455 3330 3527 Spiritum
3388 3458 3649 3529 blasphe-

2074 3555 2210 3598 mat.
3148 3573 3175 3591 ο

2146 3634 2200 3688 in
2246 3635 2704 3705 disputationibus
2730 3650 2860 3691 vero
2895 3645 2949 3692 et
2998 3638 3099 3692 hoc
3128 3639 3370 3695 nonnulli
3398 3642 3651 3712 hiasphco

2073 3737 2286 3785 mantes
2322 3729 2539 3784 dicunt:
2581 3730 2721 3796 Quia
2756 3730 3078 3799 impossibile
3105 3740 3207 3793 est,
3250 3746 3314 3784 ex
3356 3732 3491 3789 Filio
3540 3752 3651 3790 esse

2073 3818 2330 3890 Spiritum
2356 3827 2622 3882 sanctum,
2649 3834 2752 3889 quo
2794 3815 2971 3873 Filius
3025 3819 3289 3882 posterior
3341 3829 3440 3875 est.
3519 3821 3651 3876 Erat

2070 3912 2233 3975 enim,
2268 3910 2478 3980 quando
2509 3925 2609 3965 non
2633 3917 2747 3965 erat
2806 3925 2872 3965 ea:
2926 3908 3084 3965 beata
3152 3909 3365 3981 Virgine
3418 3915 3649 3982 genitus.

2072 4002 2177 4057 Aut
2208 4002 2351 4056 enim
2382 4010 2438 4056 ut
2464 4010 2649 4072 aperte
2678 4000 2991 4068 conjicitur,
3028 4009 3288 4056 aeternam
3341 4000 3467 4056 Filii
3518 4004 3653 4059 nati-

2070 4094 2293 4150 vitatem
2313 4104 2529 4165 negant,
2564 4093 2916 4161 temporalem
2942 4092 3020 4147 illi
3044 4093 3211 4148 solam
3244 4094 3603 4150 attribuentes
3634 4112 3649 4149 :

2073 4194 2169 4239 aut
2206 4192 2541 4255 assumptam
2600 4184 2961 4238 conditionem
3000 4184 3351 4239 humanitatis
3382 4185 3436 4239 in
3470 4184 3651 4239 Deita-

2073 4286 2179 4331 tem
2214 4275 2530 4333 translatam
2560 4276 2936 4331 arbitrantur:
2980 4284 3191 4330 anteos
3228 4277 3320 4345 qui
3388 4291 3453 4330 ex
3513 4275 3653 4329 Filio

2074 4365 2335 4436 Spiritum
2364 4376 2609 4421 sanctum
2671 4366 2963 4436 procedere
3017 4366 3365 4432 confitentur,
3435 4375 3652 4435 putant,

2076 4472 2144 4513 ex
2176 4456 2381 4515 Christi
2419 4457 2754 4513 humanitate
2790 4456 3102 4527 procedere,
3130 4471 3396 4514 asserere.

2149 4546 2379 4613 Quidam
2409 4561 2556 4611 vero,
2583 4546 2678 4617 qui
2722 4561 2950 4615 magnus
2994 4545 3047 4599 in
3102 4547 3383 4615 sapientiae
3436 4547 3655 4603 nomine

2080 4640 2297 4694 habitus
2326 4646 2430 4702 est,
2458 4653 2543 4705 ne,
2577 4639 2624 4693 si
2654 4639 2929 4709 apostolus
2966 4640 3185 4708 quidem
3216 4639 3403 4692 Petrus
3430 4640 3650 4701 diceret,

2080 4730 2244 4785 etiam
2275 4743 2340 4783 ex
2378 4728 2513 4785 Filio
2563 4743 2684 4783 esse
2718 4729 2978 4799 Spiritum
3007 4738 3277 4793 sanctum,
3336 4743 3394 4784 se
3420 4732 3659 4785 creditu-

2083 4835 2199 4875 rum
2249 4820 2598 4875 asseveravit.

2157 5240 2270 5310 (72)
2292 5236 2472 5291 iiabes
2492 5234 2579 5290 hic
2610 5248 2793 5289 veram
2829 5233 3118 5305 imaginem
3143 5250 3332 5294 eorum
3385 5236 3475 5306 qui
3509 5248 3651 5288 nunc

2082 5310 2384 5385 Ecclesiam
2412 5316 2751 5385 Oppttgnant.
3036 5384 3041 5385 γ
3192 5376 3224 5385 η
3409 5371 3421 5385 .
3564 5384 3571 5385 7
3602 5336 3610 5343 .

2154 5382 2265 5450 (75)
2298 5375 2893 5450 EnstratiusNicazntts
2938 5376 3308 5450 metropolita,
3334 5375 3492 5450 cujus
3533 5384 3651 5450 ὀξ-

2085 5438 2231 5505 stant
2247 5438 2624 5503 commentarii
2655 5447 2704 5500 in
2738 5461 2775 5500 il
2805 5446 2996 5500 librum
3018 5438 3381 5514 posieriorum
3411 5438 3655 5506 Analyti-

2083 5536 2269 5575 eorum
2302 5516 2627 5571 Aristotelis.
3102 5582 3109 5583 ί
3569 5573 3578 5583 ,

2158 5590 2270 5659 (74)
2308 5588 2556 5641 Nicolaus
2581 5583 3033 5659 Methonensisiu
3088 5582 3453 5659 Deloponfso,
3482 5582 3651 5659 cujus

2081 5644 2401 5729 argumenta
2422 5667 2611 5729 contra
2644 5654 2867 5729 Latiuth
2895 5652 3053 5705 solvit
3099 5644 3252 5718 llugu
3300 5644 3653 5700 Aetherinnus

2090 5722 2269 5785 in'suo
2311 5743 2476 5798 Opere
2511 5726 2775 5780 adversus
2810 5722 3045 5773 Grmcos.
