4114 6306
425 391 520 459 211

1692 383 2089 444 MANUELIS
2119 384 2426 444 CALEC/E

3595 380 3723 448 21?.

500 505 671 569 Alius,
707 499 1085 558 Occidentales
1114 499 1364 572 culpans,
1397 500 1520 571 quia
1554 516 1619 557 ex
1678 502 1813 556 Filio
1869 500 1993 570 Spi-
2025 507 2069 563 Α
2102 504 2231 558 ﬁdes
2260 501 2595 571 reprobanda
2619 511 2724 566 est,
2782 509 2839 556 et
2867 499 2998 555 falsa
3036 500 3395 555 existimanda
3427 517 3442 554 :
3473 501 3725 569 alioqui

429 600 593 653 ritum
673 601 923 650 sanctum
982 595 1273 664 procedere
1333 594 1606 646 fatentur:
1652 591 1997 660 .Augustiuis

433 688 748 759 quibusdam
802 686 1119 756 infelicibus,
1165 687 1503 753 profanisque
1547 684 1911 754 Hieronymis,
1939 702 2001 739 ac

432 781 711 839 tenebrosis
740 779 1027 834 Ambrosiis
1054 779 1241 832 nitiait
1260 778 1394 849 (75).
1423 778 1635 849 Ignorat
1665 777 1851 842 miser,
1875 777 2002 832 dum

436 876 534 930 ista
576 873 834 944 loquitur,
865 880 1080 928 nostros
1143 885 1358 941 quoque
1404 867 1696 925 Orientalis
1750 867 2004 925 Ecclesia:

439 964 720 1034 magistros
749 963 951 1018 eisdem
981 976 1040 1018 se
1065 961 1384 1015 criminibus
1418 959 1668 1013 subdere.

504 1079 606 1146 Qui
638 1095 766 1136 vero
795 1080 1038 1150 juniores
1066 1087 1214 1143 sunt,
1247 1077 1409 1130 etiam
1440 1090 1505 1130 ex
1532 1075 1756 1129 mortuis
1785 1074 1836 1128 id
1861 1089 2006 1129 asse-

439 1186 562 1226 rere
587 1178 877 1225 conantur.
897 1169 974 1224 Ac
1001 1178 1197 1235 praeter
1217 1165 1581 1228 mendacium,
1601 1176 1708 1230 quo
1731 1173 2005 1229 asserunt,

440 1259 787 1331 Lugdunense
854 1258 1131 1312 concilium
1201 1257 1534 1325 lyrannicum
1601 1255 1780 1323 fuisse,
1844 1255 2007 1322 ipsius

438 1367 662 1419 quoque,
704 1349 792 1417 qui
837 1348 972 1401 illud
995 1347 1263 1415 conﬂavit,
1296 1347 1428 1413 regis
1463 1345 1572 1414 (76)
1605 1345 1849 1409 cadaver,
1877 1345 2008 1396 inte-

440 1456 614 1510 grum,
648 1449 706 1492 ut
749 1441 920 1502 aiunt,
972 1439 1285 1506 perdurans,
1339 1437 1482 1490 illius
1527 1437 1716 1489 animle
1757 1435 2010 1504 iniquita-

444 1543 548 1586 tem
579 1531 916 1594 annuntiare,
979 1531 1102 1599 quia
1152 1529 1452 1597 hujusmodi
1490 1527 1770 1580 concilium
1822 1527 2008 1595 coegit,

446 1631 745 1676 autumant.
770 1619 1032 1675 Sensibus
1072 1618 1270 1688 quippe
1301 1619 1368 1672 de
1396 1617 1499 1672 {ide
1537 1617 1802 1686 indicant.
1859 1614 2010 1680 Quod

447 1716 500 1767 in
532 1713 745 1768 caeteris
780 1712 1081 1768 sanctitatis
1111 1711 1326 1778 signum
1384 1710 1738 1773 arbitrantur,
1801 1707 1902 1762 hoc
1957 1709 2010 1760 in

387 1873 393 1878 κ
446 1804 644 1872 quibus
676 1803 777 1871 ipsi
809 1802 1291 1868 volunt;iudicium
1339 1799 1696 1857 damnat’Ouis
1720 1799 2011 1867 accipiunt,

423 1892 606 1958 ~quasi
638 1891 746 1945 Deo
776 1905 872 1960 pro
899 1890 1113 1945 illorum
1145 1891 1421 1944 voluntate
1449 1887 1799 1944 decernente.
1837 1887 2018 1953 Quan-

451 1996 610 2050 quam
668 1982 714 2036 si
755 1981 1127 2036 defunctorum
1188 1984 1450 2036 cadavera
1488 1980 1706 2034 minime
1769 1978 2013 2042 dissolvi,

451 2073 708 2127 indicium
764 2073 1074 2127 sanctitatis
1138 2073 1496 2135 arbitrantur,
1554 2073 1683 2143 quid
1738 2073 1806 2128 de
1868 2071 2016 2126 Petri

453 2160 710 2235 Paulique
767 2166 1090 2235 corporibus
1137 2165 1336 2220 dicturi
1392 2176 1537 2231 sunt,
1597 2175 2021 2236 sanctorumque

456 2257 835 2322 plurimorum,
861 2271 983 2324 quae
1011 2257 1271 2310 dissoluta
1305 2259 1356 2311 in
1402 2257 1577 2312 frusta
1624 2267 1682 2311 et
1738 2258 1792 2311 in
1846 2257 2023 2326 pulve-

458 2361 567 2400 rem
627 2347 794 2400 snnt?
840 2345 897 2401 Si
956 2356 1138 2401 autem
1199 2349 1462 2404 dissoluta
1521 2349 1751 2416 plurima
1793 2365 2020 2419 corpora

456 2445 767 2491 sanctorum
799 2436 1004 2503 vident,
1039 2438 1178 2492 unde
1208 2453 1270 2491 ea
1308 2454 1428 2508 qum
1461 2440 1511 2493 id
1551 2454 1710 2509 passa
1742 2454 1851 2494 non
1871 2449 2019 2507 sunt,

457 2535 645 2580 sancta
679 2527 908 2595 probare
939 2530 1222 2596 poterunt?
1253 2531 1390 2594 Quid
1422 2540 1600 2584 autem
1626 2533 1690 2585 de
1720 2531 2022 2587 inﬁdelibus

458 2616 654 2671 dicturi
683 2625 829 2680 sunt,
857 2625 910 2672 et
935 2632 1070 2687 quos
1099 2618 1199 2687 ipsi
1243 2606 1474 2688 publicis
1529 2620 1830 2677 maledictis
1895 2624 2024 2676 sub-

460 2703 625 2770 dunt;
689 2719 916 2773 quorum
979 2707 1293 2776 incorrupta
1378 2713 1640 2763 cadavera
1697 2710 2026 2778 perdurant?

458 2794 629 2852 Porro
654 2797 698 2852 si
735 2797 848 2854 haec
881 2799 1242 2856 damnationis
1276 2800 1615 2856 arbitrantur
1643 2802 1818 2873 signa,
1890 2816 2024 2869 quo-

459 2887 618 2943 modo
651 2898 955 2944 sanctorum
991 2904 1216 2960 corpora
1271 2892 1572 2946 honorant?

527 2999 632 3054 Sed
659 3000 764 3053 ista
795 2988 1012 3068 quidem
1046 3001 1322 3056 hominum
1363 3016 1550 3055 eorum
1578 3009 1726 3065 sunt,
1789 2973 1902 3070 qui“,
1966 3008 2024 3052 ut

457 3090 695 3156 intelligi
717 3091 895 3154 datur,
929 3107 1092 3147 sensu
1121 3092 1328 3157 vivunt,
1366 3103 1419 3148 et
1476 3095 1632 3149 [idem
1699 3104 1842 3149 tactu
1877 3093 2025 3147 colo-

2107 596 2265 651 ﬁdem
2305 594 2472 650 solam
2494 595 2559 646 ad
2615 593 2844 649 salutem
2875 593 3120 648 suliicere
3156 592 3416 646 dicemus.
3477 590 3721 644 Verum

2111 689 2268 744 tidem
2299 689 2418 742 sine
2467 686 2723 755 operibus
2769 699 2892 740 esse
2925 696 3196 739 mortuam
3231 684 3574 738 audivimus.
3641 683 3726 736 At

2109 793 2260 844 vero,
2289 791 2462 846 neque
2503 791 2594 831 rex
2637 776 2750 837 ille,
2792 776 2893 830 sub
2922 790 3029 842 quo
3059 774 3298 846 synodus
3355 782 3722 842 congregata

2110 877 2214 934 est,
2247 867 2417 937 ipsius
2444 867 2668 923 Omnino
2693 874 2883 922 auctor
2917 866 3039 920 fuit.
3103 866 3262 928 Nam,
3325 866 3429 920 sub
3477 880 3549 918 eo
3609 865 3724 931 qui

2112 971 2238 1016 ante
2313 960 2460 1014 illum
2527 969 2869 1026 regnaverat,
2932 960 3156 1014 collecta
3208 968 3314 1021 est,
3364 973 3525 1028 quam
3597 959 3728 1012 iste

2112 1059 2332 1118 compos
2376 1063 2556 1104 rerum
2591 1047 2788 1112 factus.
2823 1049 3049 1116 peregit.
3079 1047 3277 1102 indicio
3310 1048 3473 1101 etiam
3527 1047 3726 1102 nobis

2114 1150 2242 1195 sunt
2268 1138 2555 1208 Nicephori
2606 1139 2929 1208 Blemmyde
2967 1139 3239 1200 monachi,
3264 1147 3317 1192 et
3359 1137 3724 1206 presbyteri,

2115 1229 2268 1298 cujus
2301 1231 2353 1284 in
2383 1230 2528 1284 omni
2565 1230 2761 1283 virtute
2788 1238 2845 1283 et
2897 1229 3163 1296 sapientia
3222 1242 3416 1282 nomen
3477 1227 3729 1294 insigne

2115 1325 2253 1392 apud
2302 1336 2492 1376 omnes
2550 1331 2670 1384 est,
2725 1321 2829 1373 duo
2897 1319 2963 1374 ad
3011 1317 3352 1374 Theodorum
3407 1318 3722 1371 Lascarim

2116 1426 2296 1480 regem
2325 1413 2437 1482 (77)
2462 1411 2582 1466 libri
2613 1411 2679 1464 de
2701 1410 2906 1478 Spiritu
2932 1419 3120 1464 sancto
3149 1409 3462 1478 conscripti,
3494 1407 3725 1476 quibus

2119 1502 2406 1566 indicatur,
2476 1517 2540 1555 ex
2591 1500 2746 1563 Filio,
2782 1512 2834 1554 et
2887 1515 2981 1569 per
3041 1500 3239 1558 Filium
3313 1501 3716 1556 substantiam

2119 1593 2344 1658 habere,
2376 1606 2407 1646 a
2437 1591 2644 1648 sanctis
2691 1591 2944 1647 Patribus
2987 1592 3264 1646 traditum.

2189 1701 2406 1755 Addunt
2438 1709 2724 1770 praeterea,
2755 1700 2844 1768 qui
2885 1700 2960 1754 ita
2985 1700 3242 1762 sentiunt,
3295 1700 3519 1754 Nullum
3549 1700 3720 1769 apud

2122 1790 2359 1853 Latinos,
2379 1800 2494 1855 post
2526 1791 2753 1844 scltisma
2781 1791 2987 1861 signum
3017 1791 3182 1859 fuisse
3203 1789 3350 1861 (78);
3379 1789 3523 1860 quod
3550 1791 3719 1845 enim

2121 1900 2225 1937 non
2259 1881 2490 1948 videtur,
2529 1895 2704 1950 neque
2737 1895 2858 1936 esse
2909 1891 3121 1950 putant.
3175 1880 3374 1936 Volunt
3428 1881 3573 1935 enim
3633 1895 3718 1934 ex

2120 1973 2369 2038 Thracia,
2393 1987 2512 2041 quae
2570 1972 2624 2025 in
2679 1972 2932 2034 ltalia.et
3036 1971 3348 2037 Germania,
3401 1970 3711 2041 Hispania,

2117 2074 2172 2118 et
2217 2064 2269 2116 in
2293 2062 2501 2126 Galliis,
2529 2077 2593 2116 ac
2619 2061 2945 2117 Britannicis
2998 2062 3189 2116 insulis
3227 2073 3355 2116 sunt
3392 2063 3710 2130 inspicere,

2119 2154 2209 2211 ubi
2231 2161 2352 2222 post
2384 2152 2622 2207 schisma
2654 2151 2868 2220 plurimi
2903 2151 3213 2216 virtutibus,
3245 2161 3406 2220 atque
3431 2149 3710 2220 prodigiis

2118 2245 2356 2312 insignes
2399 2243 2747 2299 Occidentem
2811 2242 3150 2296 illustrarunt
3184 2252 3378 2304 totum,
3423 2257 3530 2295 non
3563 2258 3694 2294 atn-

2119 2335 2292 2405 biguis
2328 2334 2672 2404 quibusdam,
2699 2342 2753 2386 et
2784 2333 3053 2396 obscuris,
3075 2334 3168 2387 sed
3202 2333 3386 2402 qualia
3414 2335 3482 2388 ab
3534 2347 3713 2401 apos-

2120 2428 2267 2493 tolis,
2293 2441 2586 2496 eorumque
2608 2425 3015 2481 successoribus
3043 2426 3180 2480 facta
3209 2426 3458 2493 legimus.
3511 2423 3712 2489 Quan-

2121 2535 2282 2590 quam
2315 2519 2416 2574 ista
2465 2519 2681 2588 quidem
2736 2517 2894 2571 modo
2955 2516 3280 2585 inquirenda
3327 2532 3436 2570 non
3496 2524 3703 2578 erant;

2125 2626 2298 2678 neque
2336 2598 3190 2667 sanctitatisindiclo'sumenda:
3249 2609 3419 2678 Signa
3484 2607 3702 2678 quidem

2127 2718 2228 2757 non
2265 2701 2528 2769 ﬁdelibus,
2563 2702 2652 2755 sed
2673 2701 2974 2768 inﬁdelibus
2997 2703 3075 2767 ¹⁸;
3110 2710 3202 2756 et:
3245 2699 3425 2756 Nolite
3452 2704 3703 2770 gaudere,

2124 2793 2249 2861 quia
2272 2792 2532 2846 damonia
2563 2792 2706 2846 vobis
2745 2792 2956 2845 subdita
2983 2801 3144 2846 sunt:
3186 2793 3274 2845 sed
3305 2793 3548 2861 gaudete,
3572 2790 3704 2860 quia

2125 2883 2339 2938 nomina
2368 2893 2538 2937 vestra
2571 2883 2769 2953 scripta
2811 2891 2934 2938 sunt
2989 2885 3044 2936 in
3068 2883 3305 2949 culis“;
3336 2891 3409 2944 et,
3482 2895 3600 2952 quae
3647 2881 3706 2936 in

2127 2973 2268 3029 hanc
2319 2988 2430 3029 rem
2458 2989 2486 3028 a
2519 2975 2802 3029 Salvatorc
2829 2976 2988 3029 dieue
3019 2983 3144 3029 sunt
3173 2975 3478 3030 sententiae.

2688 3089 2763 3143 De
2823 3087 3188 3143 Eucharistia.

460 3179 722 3272 sitimque
751 3180 1089 3272 (lienospupt-
1135 3180 1191 3235 Si
1223 3191 1400 3236 autem
1432 3199 1498 3236 ex
1538 3183 1795 3251 fructibus
1845 3154 2096 3237 αεοτιιηιϐ
2188 3200 2426 3268 Quidam
2463 3202 2622 3255 etiam
2675 3201 2943 3255 Dominici
3004 3202 3248 3270 corporis
3313 3212 3368 3256 et
3427 3201 3708 3272 sanguinis

459 3267 857 3338 dignoscendos,
899 3268 970 3321 ait
1001 3268 1261 3324 Dominus
1283 3270 1349 3336 ",
1371 3270 1581 3325 fructus
1614 3279 1792 3325 autem
1822 3271 2028 3339 primus

462 3361 662 3428 euiqtte
694 3373 842 3424 vera,
885 3373 1046 3428 quam
1082 3361 1147 3413 de
1172 3359 1282 3414 Deo
1330 3361 1514 3426 habet,
1574 3360 1757 3428 opinio
1818 3369 1921 3426 est,
1974 3368 2030 3416 et

463 3465 645 3519 opera,
681 3465 798 3521 qua:
834 3449 954 3506 fidei
1009 3451 1544 3520 superaediﬁcantur:
1608 3451 1858 3506 desinant
1917 3460 2032 3505 tan-

465 3545 585 3597 dem
618 3551 829 3596 tentare
858 3541 1141 3595 Dominum
1198 3541 1386 3606 Deum,
1422 3551 1584 3608 atque
1646 3557 1710 3596 ex
1764 3541 1851 3598 his
1913 3558 2032 3612 quas

464 3641 592 3689 runt
623 3633 1026 3700 materialiafet
1049 3635 1184 3690 alias
1237 3635 1394 3690 aliter
1430 3637 1726 3692 secundum
1766 3645 2029 3707 tempora,

465 3739 774 3794 corporum,
807 3733 862 3779 et
889 3725 1154 3792 locorum,
1189 3734 1242 3781 et
1265 3741 1452 3782 rerum
1477 3726 1862 3799 dispositiones
1895 3743 2028 3783 con-

464 3817 693 3890 tingunt,
719 3832 905 3872 earum
937 3832 1139 3886 rerum,
1169 3833 1289 3889 quae
1317 3829 1452 3874 sunt-
1493 3833 1523 3872 a
1557 3817 1784 3874 materia
1810 3825 2033 3872 remota:

464 3907 786 3962 documenta
830 3921 1042 3976 capere.

540 4021 742 4073 Deinde
772 4035 874 4073 non
903 4019 1082 4073 omnis
1111 4018 1202 4087 qui
1229 4033 1361 4073 sana
1392 4019 1498 4073 ﬁde
1544 4030 1646 4085 est,
1700 4021 1811 4089 jam
1873 4021 2035 4074 etiam

467 4115 708 4172 sanctus,
759 4115 813 4159 et
849 4110 1039 4160 beatus
1071 4116 1192 4159 est:
1230 4105 1355 4159 Non
1392 4106 1529 4159 enim
1593 4109 1783 4172 omnis,
1839 4107 2036 4176 inquit,

466 4196 556 4264 qui
585 4196 714 4248 dicit
746 4196 912 4248 mihi:
942 4195 1184 4258 Domine,
1217 4194 1456 4261 Domine,
1489 4197 1708 4250 intrabit
1743 4199 1795 4254 in
1827 4215 2038 4268 regnum

471 4290 714 4340 caelorum
734 4287 798 4338 ".
825 4286 890 4340 Et
923 4304 936 4340 :
959 4285 1114 4339 Mulli
1141 4286 1313 4339 dicent
1335 4288 1458 4340 mihi
1479 4288 1534 4340 in
1555 4287 1637 4341 die
1660 4288 1774 4349 illa.
1801 4288 2038 4349 Domine.

471 4395 641 4432 nonne
667 4380 721 4432 in
756 4381 962 4433 nomine
1028 4387 1116 4432 tuo
1169 4380 1611 4446 prop/tetavimus,
1681 4391 1727 4436 et
1779 4382 2040 4436 daemonia

2132 3294 2442 3364 mysterium
2466 3308 2528 3347 ex
2563 3293 2671 3358 his,
2711 3308 2833 3360 quae
2856 3295 3065 3358 dicunt,
3101 3295 3332 3350 tollunt:
3369 3294 3494 3347 Non
3537 3295 3701 3348 etiam

2131 3387 2269 3456 apud
2307 3384 2672 3441 Occidentales
2739 3383 3061 3438 benedictum
3102 3402 3296 3455 aquam
3337 3385 3706 3453 incorruptam

2130 3478 2326 3534 durare
2379 3480 2627 3542 dicentes,
2683 3477 2836 3546 idque
2888 3477 3102 3531 illorum
3153 3478 3404 3532 hwreseos
3454 3479 3706 3532 iudiciuin

2133 3578 2399 3624 asserunt.
2450 3569 2704 3639 Ignorant
2753 3568 2895 3621 enim
2959 3568 3082 3636 quia
3134 3570 3450 3638 mysterium
3486 3569 3706 3637 quidem

2135 3660 2260 3716 illud
2293 3659 2549 3714 omnibus
2593 3659 2645 3712 in
2691 3651 2895 3713 Christi
2932 3657 3169 3713 Ecclesia
3205 3659 3481 3730 mysteriis
3538 3659 3707 3712 mira-

2133 3751 2294 3806 bilius
2323 3765 2386 3803 ac
2419 3749 2682 3814 sanctius,
2721 3749 2774 3802 in
2808 3763 2914 3818 quo
2941 3763 3059 3802 cum
3093 3749 3400 3803 accidentia
3473 3750 3526 3802 in
3576 3753 3704 3801 sub-

2130 3843 2274 3913 jecta
2313 3840 2467 3910 panis
2501 3839 2804 3895 substantia
2858 3838 3253 3909 maneant(79),
3287 3854 3354 3893 eo
3384 3841 3526 3907 quod
3551 3836 3708 3906 quasi

2137 3931 2238 3987 sub
2279 3929 2626 3985 sensibilibus
2658 3929 2976 3983 velamentis
3017 3929 3301 3982 traduntur
3356 3927 3513 3981 nobis
3551 3940 3709 3978 vene.

2139 4022 2307 4074 randa
2341 4019 2618 4088 mysteria,
2673 4017 2974 4085 subjectum
3013 4018 3168 4087 panis
3227 4019 3278 4070 in
3345 4032 3545 4087 corpus
3608 4017 3711 4068 Do-

2141 4117 2269 4170 mini
2319 4123 2580 4169 mutatur.
2629 4113 2741 4169 Hoc
2821 4123 3022 4181 autem,
3069 4113 3172 4168 nisi
3252 4113 3373 4182 quis
3441 4112 3701 4166 adhibeat

2140 4220 2428 4275 congruam
2469 4204 2824 4274 diligentiam,
2854 4219 3075 4259 necesse
3096 4211 3200 4267 est,
3232 4219 3349 4271 quae
3372 4203 3605 4257 subsunt
3654 4202 3706 4253 in

2142 4297 2234 4350 illo
2263 4294 2582 4356 accidentia.
2627 4295 2768 4364 quod
2793 4310 2952 4350 suum
2979 4302 3082 4356 est,
3124 4292 3344 4347 iaciant.
3395 4290 3531 4345 Nutu
3581 4304 3710 4359 ergo

2142 4387 2282 4442 istud
2310 4401 2417 4441 non
2447 4387 2831 4440 arbitrabimur
2856 4385 3062 4440 Domini
3099 4399 3220 4438 esse
3276 4399 3511 4453 corpus,
3567 4381 3709 4452 quod

470 4473 732 4542 ejecimus,
760 4481 806 4524 et
841 4472 1056 4526 virtutes
1085 4473 1275 4524 multas
1321 4473 1582 4542 fecimus?
1628 4471 1693 4526 Et
1728 4472 2042 4541 respondebo
2073 4493 2118 4549 ι)
2148 4477 2264 4546 ipse
2344 4491 2455 4531 suae
2521 4476 2781 4532 Ecclesiae
2855 4474 3115 4530 tradidit?
3201 4475 3244 4527 si
3305 4484 3485 4527 autem
3571 4471 3709 4524 istud

453 4565 567 4629 eis,
599 4561 721 4616 Non
756 4565 868 4616 novi
898 4579 1020 4617 vos:
1054 4562 1304 4616 discedite
1326 4581 1356 4616 a
1385 4564 1484 4626 me,
1528 4565 1760 4632 operarii
1790 4565 2046 4634 iniquita-

475 4655 628 4709 tis”.
685 4653 822 4720 Quid
882 4668 1013 4725 ergo
1067 4653 1284 4719 mirum,
1345 4655 1388 4708 si
1437 4656 1558 4724 quis
1637 4666 1840 4710 rectam
1889 4659 2046 4712 tidem

475 4745 699 4811 habens,
730 4755 783 4800 et
812 4746 932 4802 aliis
959 4762 1173 4816 quoque
1209 4747 1378 4817 ipsius
1401 4748 1508 4801 dux
1578 4747 1801 4804 ell‘ectus
1823 4787 1840 4814 ,
1898 4750 2044 4805 circa

476 4852 600 4893 vero
628 4838 832 4908 reliqua
865 4847 1170 4909 corruptus,
1223 4853 1286 4893 ac
1328 4840 1587 4905 perditus,
1631 4840 1919 4895 damnatus
1957 4848 2043 4896 est

473 4937 525 4982 et
563 4937 764 4985 teterno
797 4931 1062 5000 supplicio
1094 4930 1353 4988 all‘cctus?
1393 4931 1505 4986 Non
1533 4931 1653 4985 ideo
1678 4941 1854 4987 tamen
1897 4931 2039 4986 illius

2142 4567 2483 4632 confitemur,
2534 4575 2594 4620 ut
2652 4563 2978 4635 accipimus:
3011 4563 3132 4618 etsi
3185 4561 3506 4630 accidentia,
3569 4557 3711 4628 quod

2143 4673 2297 4714 suum
2334 4669 2437 4723 est,
2489 4658 2542 4712 in
2577 4657 2707 4727 ipsis
2761 4658 3051 4710 ostendere
3084 4665 3330 4724 possunt,
3361 4668 3459 4707 cur
3490 4666 3598 4704 non
3657 4659 3713 4704 et

2144 4749 2197 4801 i'n
2263 4747 2499 4812 caeteris,
2555 4748 2601 4801 si
2661 4746 2803 4801 istud
2870 4746 3150 4815 contingat
3204 4752 3425 4812 propter
3472 4739 3713 4795 materiae

2143 4837 2405 4906 subjecta,
2440 4837 2492 4890 in
2521 4837 2716 4906 quibus
2751 4836 3006 4907 mysteria
3051 4833 3353 4898 traduntur,
3413 4847 3517 4886 non
3569 4829 3709 4884 idem

2147 4927 2560 4983 conﬁtebimur?

544 5131 587 5160 ³³
613 5126 801 5181 Matth.
838 5145 932 5191 vn,
962 5128 1045 5182 16.
1121 5129 1166 5160 ³³
1190 5130 1319 5183 ibid.
1344 5129 1432 5183 2i.
1512 5127 1555 5162 “
1595 5128 1750 5192 ibid.,
1793 5126 1882 5189 22,
1922 5127 2014 5182 25.
2090 5123 2316 5181 "lCor.
2340 5139 2452 5186 xlv,
2477 5124 2566 5178 22.
2644 5124 2689 5156 “
2720 5124 2851 5179 Luc.
2894 5141 2946 5190 ι,
2976 5123 3067 5179 20.

547 5340 658 5410 (75)
704 5337 816 5393 lloc
847 5337 1159 5410 graphicum
1191 5343 1272 5388 est
1304 5345 1353 5386 et
1380 5334 1669 5403 genuinum
1701 5335 2035 5391 schismatici

477 5406 828 5476 lue-retiaque
869 5406 1233 5476 superi-ilium.

547 5482 661 5550 (76)
707 5472 984 5533 Michaelis
1021 5472 1338 5550 Palmologia

545 5543 659 5621 (Π)
699 5551 970 5621 imperare
989 5546 1163 5621 ictppit
1191 5560 1278 5621 an.
1313 5545 1515 5621 (illiristi
1543 5543 1698 5621 1:255.

549 5613 660 5690 (78)
705 5613 814 5673 Hoc
857 5620 999 5688 qttod
1028 5618 1094 5669 de
1135 5615 1415 5690 miraculis
1439 5613 2040 5690 -(irteciuoltjectaliant,

475 5683 830 5749 Ιᾉιιὲίδξίιιιιιιιι
863 5683 983 5742 esst:
1018 5687 1346 5739 convincunt
1373 5684 1451 5734 vel
1489 5685 1586 5736 soli
1620 5683 1692 5734 illi
1724 5685 1829 5735 duo
1861 5683 2041 5734 mit-a—

471 5766 722 5821 “almum
763 5760 1061 5828 ingentium
1089 5765 1395 5813 uatratores
1428 5753 1748 5806 Franciscns
1779 5762 1832 5806 ct
1861 5751 2042 5806 Domi-

2153 5335 2328 5390 nicns.
2369 5333 2565 5403 lmoin
2619 5333 2834 5392 Graecos
2902 5336 3016 5390 haec
3067 5335 3298 5403 obice-tio
3348 5333 3551 5403 Optime
3581 5348 3713 5394 oua-

2147 5408 2291 5460 drat.
2323 5404 2462 5471 Lege
2493 5402 2877 5459 Bellarminnm
2905 5405 2998 5458 lib.
3023 5419 3059 5460 u
3093 5402 3164 5460 De
3204 5406 3436 5471 Christo,
3477 5418 3524 5457 c.
3548 5404 3637 5465 30,
3662 5411 3714 5455 et

2147 5474 2241 5530 lib.
2279 5488 2330 5526 tv
2363 5472 2438 5527 De
2475 5471 2727 5537 Ecclesia,
2765 5489 2814 5528 c.
2847 5475 2900 5527 4.

2218 5543 2329 5613 (79)
2371 5543 2480 5597 Hoc
2535 5554 2619 5598 est
2673 5543 2967 5597 accidentia
3023 5543 3340 5600 substantiae
3395 5539 3570 5612 panis,
3627 5542 3709 5595 vel

2144 5613 2440 5694 accidentia
2503 5629 2622 5684 quae
2686 5622 2844 5667 antea
2907 5624 3060 5668 erant
3125 5613 3179 5667 in
3243 5614 3396 5682 panis
3456 5615 3710 5668 substan-

2148 5694 2239 5737 lla.
