4114 6306
1688 45 1719 58 Ἴ

333 239 441 305 213

1417 239 1810 303 ADVERSUS
1847 236 2162 297 GRﬁCtiS
2206 241 2347 299 LIB.
2392 240 2482 301 ιν.

3478 237 3580 296 λὲῗᾷ

401 359 557 424 Nam,
583 360 626 415 si
678 360 820 429 quod
852 362 1057 426 dicunt,
1092 361 1293 432 Aquam
1323 363 1517 416 durare
1564 363 1774 414 minime
1826 359 1905 410 in-
1939 354 2137 413 Anius
2192 373 2288 411 nos
2353 355 2746 422 componendo,
2815 354 3194 410 mediocritate
3251 353 3460 409 scilicet
3526 355 3577 404 iu

330 461 656 520 corruptam,
693 469 804 506 rem
828 454 1312 522 lacitambiguam,
1351 455 1564 507 videant
1596 453 1724 521 quid
1779 451 1900 517 inde

330 550 612 605 sequatur.
675 539 1030 596 Uude‘enitn
1109 553 1360 612 poterunt
1437 541 1650 596 Domini
1707 557 1902 610 corpus

332 625 560 678 firmiter
618 628 860 692 credere,
907 640 1125 696 propter
1181 645 1370 684 eorum
1428 631 1750 692 accidentia,
1785 644 1903 698 qua

331 713 441 765 illic
481 716 828 770 subsistunt?
857 716 972 772 Non
1005 721 1187 789 itaque
1218 719 1478 783 elﬁciunt,
1503 721 1646 789 quod
1689 719 1899 784 volunt,

331 807 423 859 sed
457 819 848 861 sacramentum
887 809 1243 865 Eucharistiae
1303 811 1612 878 ambiguum
1677 809 1898 863 faciunt.

329 895 584 963 Ignorant
617 907 795 951 autem
829 900 951 968 quia
998 915 1117 969 qua:
1171 901 1221 953 in
1275 900 1588 966 Occidentis
1639 899 1901 955 Ecclesiis

328 1001 469 1056 aqua
505 987 856 1053 benedicitur,
912 990 1044 1044 nihil
1114 1005 1363 1058 magnum
1423 991 1726 1061 pollicetur,
1773 993 1902 1046 sim-

330 1078 547 1146 pliciter
595 1090 774 1134 autem
813 1089 898 1135 est
939 1096 1076 1150 aqua
1129 1082 1434 1147 benedicta,
1498 1083 1725 1153 singulis
1769 1082 1901 1138 heb-

329 1169 578 1224 domadis
617 1185 643 1222 a
682 1171 962 1225 sacerdote
994 1187 1088 1238 pro
1146 1175 1537 1228 transeuntium
1593 1174 1897 1238 devotione,

297 1273 394 1328 _ac
423 1258 547 1322 lide,
579 1267 638 1313 ut
687 1261 810 1314 inde
859 1276 919 1315 se
981 1273 1290 1333 aspergant,
1340 1263 1580 1332 profusa.
1646 1264 1717 1318 Ea
1773 1280 1900 1319 vero

311 1336 491 1417 quam
527 1350 578 1404 in
626 1350 712 1404 die
755 1352 930 1419 magni
967 1353 1186 1407 Sahbati
1251 1354 1591 1419 hencdicunt,
1656 1364 1707 1408 et
1769 1370 1899 1409 con-

330 1451 585 1505 secrant,
637 1458 770 1511 aqua
819 1444 1128 1512 pretiosior,
1197 1460 1354 1501 sacro
1409 1455 1462 1502 et
1514 1456 1626 1504 tuto
1677 1449 1728 1501 iu
1785 1449 1900 1502 loco

332 1533 528 1604 posita,
557 1550 716 1603 quam
746 1550 901 1590 nemo
928 1538 1126 1605 passim
1163 1539 1398 1607 attingit,
1432 1555 1678 1609 magnam
1709 1541 1896 1596 Eccle-

331 1626 430 1680 siis
453 1617 893 1681 commoditatem
924 1637 1179 1698 praestat:
1209 1645 1385 1698 neque
1413 1631 1586 1685 solum
1623 1647 1716 1701 per
1776 1633 1898 1687 anni

333 1716 597 1771 circulum
630 1718 938 1788 incorrupta
975 1725 1156 1782 durat,
1192 1723 1284 1774 sed
1325 1721 1442 1790 plus
1491 1721 1650 1775 etiam
1705 1723 1901 1779 durare

334 1817 540 1876 posset,
593 1811 735 1876 quod
820 1811 1192 1879 experimento
1265 1811 1574 1866 didicimus.
1655 1813 1904 1883 Ignorant

335 1909 539 1962 autem,
591 1909 645 1954 et
673 1903 816 1970 quod
843 1917 1026 1966 omne,
1082 1912 1132 1957 et
1168 1903 1442 1971 quodlibet
1494 1920 1555 1956 ex
1591 1920 1726 1973 aqua
1754 1921 1904 1959 seor-

333 1991 435 2042 sim
479 2003 786 2061 acceptum,
814 2002 864 2048 et
932 1992 1051 2048 sine
1100 1993 1244 2047 omni
1305 1993 1510 2047 macula
1561 2003 1903 2050 commutatis

333 2083 497 2135 etiam
529 2083 951 2152 qnomodolibet,
990 2085 1138 2152 prius
1180 2086 1232 2137 in
1261 2084 1466 2154 seipso,
1497 2084 1716 2148 deinde,
1748 2086 1901 2154 quasi

336 2182 642 2242 purgatura,
689 2185 741 2228 et
796 2177 1052 2240 colatum,
1097 2176 1148 2228 in
1175 2184 1432 2244 quantum
1457 2177 1689 2246 quisque
1719 2177 1904 2231 volue-

336 2267 427 2343 rit,
497 2276 790 2331 servatum,
871 2268 1241 2336 incerruptum
1325 2267 1506 2330 durat,
1587 2283 1905 2338 semperque

337 2357 612 2427 limpidius
666 2360 756 2424 lit;
791 2359 932 2428 quod
981 2370 1034 2414 et
1081 2360 1252 2429 ipsum
1303 2361 1634 2428 experientia
1699 2361 1902 2418 docuit.

335 2447 664 2518 Argumenlo
737 2460 912 2502 autem
965 2451 1120 2505 nobis
1173 2462 1280 2515 est,
1336 2461 1388 2503 et
1437 2449 1576 2520 quod
1647 2450 1701 2504 in
1759 2452 1902 2518 vino,

337 2540 588 2609 quamvis
622 2539 908 2594 crassioris
958 2541 1200 2594 materiae
1230 2543 1321 2605 sit,
1383 2542 1564 2595 itidem
1619 2543 1904 2616 contingit.

879 2633 950 2688 De
987 2643 1203 2687 tonsura
1237 2633 1483 2686 crinium.

409 2723 637 2790 Quidam
667 2741 799 2779 vero
845 2726 1006 2777 etiam
1067 2725 1297 2778 crinium
1352 2732 1652 2787 tonsuram,
1686 2737 1792 2777 non
1842 2723 1909 2777 ad

337 2815 783 2870 Consuetudinem
819 2815 1084 2886 referunt:
1135 2823 1509 2885 ornatumque,
1567 2823 1622 2868 et
1675 2815 1910 2884 turpitu-

337 2905 522 2959 dinem
552 2920 656 2960 non
687 2920 750 2959 ex
807 2905 1194 2977 consuetudine
1235 2905 1498 2972 judicant.
1553 2903 1707 2971 Quod
1740 2905 1908 2959 .enim

2010 451 2263 504 omnibus
2307 457 2540 503 servata.

2077 560 2153 614 De
2183 560 2349 614 sacris
2411 559 2746 628 imaginibus.
2812 566 2858 610 et
2919 557 3178 626 reliquiis,
3214 563 3264 611 et
3328 555 3583 609 memoria

2633 628 3022 697 defunctorum.

2077 719 2199 773 Inde
2238 721 2396 774 etiam
2444 719 2894 775 Occidentalibus
2961 718 3290 771 calumniam
3339 726 3580 775 struunt,

2005 810 2265 879 imagines
2302 810 2422 863 illos
2466 827 2571 864 non
2629 810 2876 863 venerari
2935 818 3240 862 asserentes
3268 808 3377 876 (Si)
3417 826 3429 861 :
3491 807 3581 873 qui

2004 911 2148 954 certe
2186 901 2357 955 sacris
2404 900 2728 969 imaginibus
2783 899 2967 967 plenas
3027 899 3283 952 ecclesias
3339 897 3583 950 habent:

2005 990 2434 1058 Sanctorumque
2493 993 2749 1060 reliquias
2813 991 3076 1059 abjectius
3115 999 3388 1042 tractare:
3450 1003 3586 1056 quas

2005 1081 2077 1135 ita
2105 1093 2451 1147 venerantur,
2487 1092 2545 1137 ut
2582 1083 2760 1137 nullus
2791 1081 2952 1144 alius,
2995 1081 3357 1149 pretiosisque
3387 1079 3583 1145 lapidi-

2002 1170 2101 1225 bus
2125 1183 2343 1238 ornant,
2379 1186 2624 1240 auroque
2658 1183 2710 1225 et
2747 1180 2970 1241 argento
3015 1179 3218 1237 tegunt.

2072 1262 2282 1318 Nullam
2317 1265 2444 1320 item
2479 1266 2851 1318 defunctorum
2903 1263 3080 1318 facere
3133 1261 3449 1316 memoriam
3500 1260 3588 1313 di-

2003 1363 2167 1407 cunt:
2197 1371 2294 1423 pro
2327 1357 2526 1426 quibus
2551 1355 2690 1424 apud
2722 1370 2816 1408 eos
2851 1362 2927 1406 tot
2979 1353 3275 1415 orationes,
3341 1361 3393 1405 et
3441 1350 3581 1403 eler-

2003 1459 2237 1515 mosynae
2261 1446 2411 1512 iluut,
2447 1456 2505 1499 ut
2537 1446 2681 1500 dictu
2733 1443 2946 1500 diﬁicile
2985 1444 3076 1504 sit.
3129 1445 3262 1497 adeo
3295 1452 3352 1496 ut
3401 1440 3585 1495 inlini-

2004 1534 2072 1588 tis
2104 1550 2236 1601 pene
2290 1538 2703 1597 monachorum,
2784 1551 2846 1588 ac
2907 1547 3204 1605 pauperum
3269 1530 3586 1600 agminibus

2005 1625 2291 1679 suﬂiciant.
2327 1626 2509 1692 Neque
2563 1640 2690 1679 vero
2746 1626 2920 1680 solum
2986 1625 3202 1691 corpori
3265 1622 3575 1677 necessaria

2011 1717 2338 1781 ministrant,
2393 1732 2576 1772 verum
2609 1728 2660 1772 et
2708 1718 3032 1773 monasteria
3088 1715 3379 1778 aediﬁcant.
3451 1728 3587 1783 quo-

2012 1823 2129 1863 rum
2170 1818 2439 1863 structura
2484 1809 2685 1878 regiam
2742 1809 3071 1882 Opulentia.m
3112 1807 3302 1880 vincit.

2082 1900 2181 1954 Alii
2213 1913 2341 1954 vero
2377 1900 2732 1969 quorumdam
2807 1901 2970 1954 etiam
3021 1900 3266 1953 delectus
3327 1898 3585 1951 Occiden-

2013 1993 2101 2045 tali
2133 1991 2389 2046 Ecclesia:
2421 1991 2728 2061 applicant;
2771 1991 2989 2061 quippe,
3022 1990 3088 2046 ab
3141 1992 3322 2060 aliquo
3371 1990 3585 2043 illorum

2013 2083 2238 2151 injurias
2267 2083 2494 2150 accepit,
2547 2098 2668 2137 eum
2734 2083 2824 2152 qui
2886 2097 2945 2138 se
3009 2083 3166 2145 laesit,
3243 2083 3384 2135 circa
3430 2081 3588 2135 iidem

2011 2176 2156 2229 ultus
2186 2181 2288 2229 est.
2340 2173 2504 2228 Ethic
2523 2174 2669 2229 enim
2705 2175 2902 2238 omnis,
2937 2175 3026 2243 qui
3074 2175 3382 2233 contristat.
3436 2174 3589 2226 malae.

2012 2267 2258 2338 protinus
2290 2265 2562 2335 opinionis
2608 2265 2866 2321 efﬁcitur.
2910 2265 2965 2320 Si
3015 2265 3106 2335 qui
3142 2280 3268 2318 vero
3322 2264 3589 2320 Christia-

2012 2375 2203 2414 norum
2245 2359 2666 2428 prmvaricantur
2697 2359 2871 2427 leges:
2909 2373 3015 2413 non
3045 2373 3138 2413 eos
3175 2357 3371 2423 solum,
3403 2373 3588 2411 verum

2012 2453 2224 2505 illorum
2257 2465 2469 2522 quoque
2493 2451 2794 2506 Ecclesium
2856 2452 3164 2505 haereticam
3220 2461 3273 2505 et
3321 2451 3588 2506 inﬁdelem

2013 2552 2220 2612 putant.
2255 2541 2446 2597 Nautls
2479 2544 2621 2598 enim
2662 2553 2715 2598 et
2747 2543 2942 2599 vilibus
2984 2544 3330 2612 quibusdam,
3379 2560 3441 2598 ac
3475 2544 3592 2598 vul-

2015 2632 2233 2699 garibus
2257 2632 2566 2686 hominibus
2615 2631 3050 2701 congredientes,
3108 2634 3174 2687 de
3201 2635 3472 2698 omnibus,
3535 2643 3593 2689 ut

2016 2721 2119 2777 sibi
2193 2722 2482 2786 similibus,
2541 2725 2863 2777 sententiam
2945 2724 3144 2777 ferunt.
3200 2724 3440 2792 Cumque
3496 2740 3590 2778 eos

2015 2826 2404 2888 prmsumptum
2450 2819 2633 2872 odium
2685 2817 2920 2872 inimicis
2953 2820 3150 2871 animis
3195 2833 3314 2872 esse
3376 2819 3583 2879 iecerit,

2018 2908 2159 2974 quod
2200 2908 2405 2976 volunt,
2445 2909 2495 2963 id
2531 2917 2723 2978 putant
2759 2922 2900 2963 esse.
2947 2911 3182 2967 Prorsus
3259 2925 3384 2964 vero
3443 2911 3588 2978 quod

337 2997 462 3050 aliis
486 2997 793 3063 honestum,
829 2996 950 3064 quia
985 3004 1322 3062 consuetum,
1379 2994 1481 3050 hoc
1508 2993 1626 3050 aliis
1655 2996 1906 3066 quoniam
1940 3029 1984 3091 Ο
2018 3012 2122 3051 non
2154 3000 2357 3064 vident,
2391 3001 2473 3056 vel
2506 3000 2750 3055 videntes
2783 3007 3001 3069 propter
3034 3000 3226 3070 linguae
3272 3000 3588 3054 Vﬂril‘liliCln

340 3089 612 3140 insolitum
654 3095 758 3151 est,
820 3095 974 3155 turpe
1028 3086 1328 3156 judicatur.
1395 3085 1592 3140 Verum
1661 3093 1714 3141 et
1769 3087 1906 3142 hanc

339 3178 480 3231 inter
515 3177 746 3232 haereses
813 3176 1108 3241 ascribunt,
1163 3177 1423 3244 aiuutque
1477 3174 1622 3241 illos,
1668 3177 1758 3245 qui
1806 3177 1910 3231 hoc

341 3267 564 3333 faciunt,
597 3267 818 3335 formam
847 3266 941 3320 Dei
968 3267 1183 3330 violare,
1221 3280 1342 3320 cum
1379 3275 1524 3321 certe
1575 3281 1677 3319 non
1719 3280 1911 3319 omnes

339 3358 441 3412 ista
500 3360 884 3413 consuetudine
949 3368 1202 3420 utantur,
1267 3358 1461 3425 Deique
1520 3357 1801 3425 imaginem
1860 3363 1910 3408 et

340 3451 734 3504 similitudinem
765 3459 972 3503 mutare
1015 3467 1032 3504 .'
1073 3449 1226 3518 quasi
1266 3449 1349 3502 vel
1388 3447 1618 3501 hominis
1650 3446 1908 3514 dignitas,

338 3554 461 3594 esse
499 3541 705 3594 scilicet
734 3541 1076 3601 rationalem,
1125 3547 1177 3592 et
1223 3539 1284 3590 ad
1321 3537 1608 3606 imaginem
1641 3550 1702 3589 ac
1759 3536 1912 3589 simi-

345 3632 628 3686 litudinem
659 3632 773 3691 Dei,
807 3639 1026 3699 propter
1059 3631 1281 3699 capillos
1342 3629 1416 3682 illi
1447 3627 1622 3682 adsit:
1663 3627 1742 3681 vel
1776 3627 1915 3681 Deus

344 3726 598 3777 humana:
633 3723 836 3789 aliquid
871 3722 1078 3786 forma»,
1127 3721 1209 3775 vel
1266 3719 1642 3774 crassitudinis
1694 3719 1910 3782 habeat,

341 3815 410 3867 ad
447 3813 597 3880 cujus
623 3814 912 3882 imaginem
963 3813 1126 3866 homo
1157 3827 1280 3866 cum
1330 3811 1418 3877 sit,
1483 3810 1644 3866 etiam
1706 3809 1914 3879 capillis

341 3906 418 3958 illi
461 3921 581 3960 esse
609 3907 804 3962 similis
829 3907 1040 3960 debeat.
1077 3902 1277 3970 Nempe
1306 3911 1359 3958 et
1387 3893 1531 3972 apud
1580 3917 1679 3957 nos
1736 3902 1914 3957 oratio

341 4001 408 4055 ad
444 4009 722 4053 tonsuram
792 3999 976 4055 barba:
1025 3997 1346 4053 iuvenitura
1404 3996 1779 4052 sacerdotibus
1829 3995 1914 4049 di-

341 4091 514 4145 cenda
548 4090 696 4160 (80):
729 4104 796 4143 ne
834 4089 1040 4144 scilicet
1087 4088 1152 4143 ad
1186 4096 1496 4142 sanctorum
1532 4087 1912 4157 mysteriorum

339 4181 780 4235 communionem
850 4178 1232 4233 accedentibus
1292 4177 1591 4230 Salvatoris
1650 4177 1914 4244 sanguine

342 4271 524 4342 capilli
559 4271 950 4333 iutinguantur,
992 4269 1104 4320 sive
1137 4266 1467 4330 iuliciantur,
1521 4277 1685 4336 atque
1749 4267 1910 4320 iidem

2017 3100 2118 3140 non
2166 3087 2496 3159 intelligunt,
2561 3105 2735 3159 neque
2789 3103 2910 3145 esse
2965 3092 3186 3144 omnino
3227 3091 3588 3144 arbitrantur.

2014 3178 2107 3231 Sic
2132 3178 2286 3233 malis
2318 3179 2533 3248 quidem
2567 3180 2887 3235 intendunt:
2919 3195 3038 3250 qua:
3066 3191 3243 3236 auten
3280 3194 3400 3238 sunt
3427 3185 3589 3245 bona,

2013 3279 2065 3328 et
2124 3272 2377 3339 honesta,
2457 3274 2696 3330 scientes
2773 3277 3170 3348 prudentesque
3241 3288 3589 3344 praetereunt,

2012 3365 2163 3431 quasi
2194 3363 2280 3416 vel
2317 3364 2416 3432 ipsi
2473 3366 2764 3419 humanam
2821 3369 3160 3422 excesserint
3197 3367 3592 3431 inﬁrmitatem,

2014 3461 2106 3506 aut
2137 3468 2240 3507 non
2279 3455 2491 3520 plurimi
2524 3456 2662 3523 apud
2691 3469 2784 3509 eos
2813 3458 2921 3511 sint
2969 3460 3130 3511 etiam
3185 3474 3252 3512 ex
3314 3461 3590 3513 honestiu-

2016 3558 2134 3596 rum
2175 3557 2428 3605 numero,
2482 3545 2569 3612 qui
2609 3594 2615 3598 ,
2652 3545 2889 3613 legitima
2973 3549 3412 3616 prmvaricentur.
3479 3551 3592 3604 lloc

2016 3633 2158 3688 enim
2208 3633 2382 3687 solum
2422 3633 2659 3703 tetigisse
2705 3637 2836 3690 satis
2867 3641 2958 3691 sit.
3035 3638 3146 3692 lmo
3204 3653 3325 3693 cum
3383 3643 3432 3694 in
3486 3643 3592 3694 vita

2015 3723 2120 3779 bac
2151 3723 2306 3780 bonis
2350 3724 2475 3778 mali
2535 3726 2777 3794 permisti
2816 3727 2945 3791 sint,
3001 3743 3063 3783 ac
3091 3727 3330 3783 debitum
3385 3731 3450 3784 sit
3509 3747 3594 3785 er-

2017 3821 2197 3865 rantes
2239 3812 2304 3865 ad
2354 3811 2510 3867 [idem
2579 3811 2988 3885 Ecclesiamque
3048 3816 3309 3871 reducere
3365 3833 3380 3872 :
3439 3817 3594 3872 Occi-

2015 3899 2261 3957 dentales
2302 3914 2396 3968 per
2438 3900 2623 3956 omnia
2656 3903 2843 3958 volunt
2895 3920 3013 3960 esse
3071 3904 3382 3975 perfectos;
3436 3917 3490 3962 et
3547 3910 3590 3960 si

2014 3991 2155 4061 quod
2175 3991 2225 4046 in
2248 3991 2326 4046 eis
2354 3993 2774 4062 reprehensibile
2796 3997 2978 4062 fuerit,
2997 4013 3115 4051 mox
3139 3998 3374 4052 haeretici
3400 4010 3590 4062 erunt;

2015 4092 2068 4138 et
2102 4083 2148 4138 si
2182 4082 2305 4151 quis
2359 4085 2686 4153 peccaverit,
2724 4084 2964 4143 Ecclesia
2998 4100 3107 4143 tota
3144 4090 3196 4142 in
3251 4089 3409 4160 culpa
3465 4092 3589 4146 erit.

2019 4173 2132 4230 llac
2167 4175 2400 4242 denique
2439 4176 2670 4240 ratione,
2720 4179 2764 4232 si
2811 4181 2934 4250 quis
2990 4189 3187 4249 prazter
3239 4180 3588 4249 Evangelimn

2017 4266 2292 4336 quidpiam
2320 4265 2623 4329 admiserit,
2674 4267 3025 4337 Evangelium
3091 4272 3275 4326 itidem
3313 4273 3596 4329 insimula-

343 4376 534 4415 rursus
567 4362 618 4413 in
659 4359 922 4414 sumendo
950 4357 1070 4414 cibo
1101 4360 1408 4434 necessario
1453 4359 1729 4426 quodlibet
1809 4359 1912 4412 im-
1947 4373 1993 4428 ι)
2023 4358 2189 4417 bitur.
2245 4355 2335 4408 llla
2371 4355 2536 4418 enim,
2575 4373 2693 4426 qua:
2749 4372 2893 4416 recte
2935 4363 3140 4430 agenda
3191 4375 3340 4431 sunt,
3390 4383 3590 4434 prtece-

343 4452 531 4506 bibant
562 4451 855 4519 liquamen,
886 4449 1000 4503 sive
1038 4449 1170 4501 alias
1203 4431 1605 4516 quomodolibct
1659 4447 1915 4515 deﬂuant,

341 4553 508 4611 atque
540 4543 612 4596 ita
640 4557 742 4595 non
792 4555 992 4611 parvus
1027 4555 1183 4595 error
1234 4542 1326 4596 sit.
1361 4540 1659 4608 Simulque,
1731 4555 1920 4609 quem-

346 4635 636 4689 admodum
667 4647 877 4701 ungues
906 4645 1235 4696 resecamus,
1263 4645 1328 4685 ne
1358 4630 1510 4685 nobis
1536 4631 1920 4700 impedimento

341 4740 466 4782 esse
489 4726 730 4794 possint:
757 4724 886 4778 nihil
915 4724 1164 4792 prohibet
1201 4722 1391 4777 eadem
1431 4723 1661 4787 ratione,
1696 4722 1741 4777 si
1788 4722 1918 4792 quid

345 4817 628 4890 impediat,
669 4814 849 4871 crines
884 4830 1152 4879 resecare,
1208 4813 1478 4880 ornatius,
1531 4823 1692 4885 atque
1722 4815 1916 4869 huma-

420 5019 535 5090 (80)
575 5015 717 5090 Lege
742 5014 1034 5090 ﬁa‘ronium
1065 5027 1198 5090 tom.
1223 5015 1264 5078 l,
1285 5027 1372 5090 an.
1393 5012 1595 5090 Christi
1627 5012 1717 5090 5_7,
1742 5012 1918 5090 n._95,

347 5099 397 5143 et
423 5083 623 5152 an.'58,
652 5083 704 5141 ti.
735 5086 834 5140 156
856 5095 1040 5149 etseq.
1065 5084 1200 5149 Lege
1219 5083 1493 5151 epistolam
1520 5083 1661 5136 Petri
1691 5085 1926 5152 patriar:

350 5161 465 5213 chae
492 5151 816 5211 Antiocheui
867 5156 932 5209 ad
973 5152 1286 5209 Mrchaelem
1314 5152 1669 5216 Cerularium,
1698 5163 1826 5208 tom.
1858 5151 1926 5206 XI

352 5227 563 5282 Baronii
599 5245 685 5280 an.
719 5225 874 5280 1054.

421 5296 534 5367 (81)
577 5296 706 5367 Fuit
731 5297 842 5348 lucc
882 5295 1104 5363 antiqua
1136 5291 1458 5367 Graecorum
1481 5289 1744 5367 adversus
1775 5288 1918 5344 Lati-

356 5360 451 5421 nos
477 5360 767 5426 calumnia,
799 5375 856 5417 ut.
883 5360 1030 5432 patel
1054 5379 1117 5418 ex
1155 5362 1268 5416 Nic.
1290 5360 1584 5415 Cliouiate:
1615 5361 1916 5432 scitatum

359 5437 728 5503 iniquissima;
771 5428 894 5502 qua
925 5435 1086 5486 etiam
1141 5432 1362 5503 Latinos
1408 5429 1652 5503 oneravit
1693 5428 1919 5503 Michael

361 5497 670 5576 Cerularius
707 5497 1218 5576 epist._ad_Pe_trum_
1237 5499 1491 5555 Antioch.
1520 5497 1642 5576 Bar.
1670 5509 1806 5576 tom.
1826 5497 1914 5564 XI,

360 5588 498 5628 anno
533 5574 688 5637 1054,
732 5567 787 5627 ti.
825 5572 914 5627 54.
967 5573 1072 5626 Sed
1117 5590 1144 5625 a
1180 5571 1489 5637 Graecorum
1541 5567 1918 5623 criminatione

363 5641 549 5699 liberat
596 5636 815 5698 Latinos
860 5644 1077 5699 Graecus
1114 5644 1395 5710 cpisc0pus
1435 5636 1669 5693 Joannes
1695 5637 1914 5703 Citrius,

2018 4451 2133 4522 pit:
2173 4449 2260 4502 hic
2303 4455 2503 4512 autem,
2569 4451 2656 4504 illa
2693 4453 2988 4518 inhibente,
3018 4454 3346 4524 voluptatem
3373 4458 3595 4526 justitia:

2019 4541 2273 4610 pratulit.
2352 4537 2562 4610 Nempe
2617 4542 2760 4597 enim
2811 4543 2936 4598 mali
2996 4542 3252 4599 Ecclesiae
3317 4562 3592 4616 nunquam

2017 4631 2344 4698 defuerunt;
2396 4647 2573 4701 neque
2613 4643 2790 4687 tamen
2815 4633 2930 4695 illa,
2958 4633 3159 4698 minor,
3209 4645 3303 4688 aut
3359 4637 3598 4690 deterior

2017 4719 2158 4788 fuit;
2216 4739 2392 4792 neque
2445 4724 2709 4778 malorum
2773 4723 3128 4794 perversitas,
3178 4725 3333 4780 bonis
3407 4730 3594 4782 obesse

2019 4814 2233 4882 potuit;
2269 4829 2448 4884 neque
2481 4815 2636 4869 [idem
2667 4814 3026 4882 quorumdam
3076 4815 3282 4870 malitia
3318 4817 3592 4874 obtundit.

2034 5016 2122 5082 qui
2157 5016 2212 5070 in
2260 5015 2555 5081 Responsis
2591 5015 2704 5071 suis
2747 5024 2878 5071 tom.
2921 5015 2937 5070 1
2968 5015 3118 5071 Iuris
3153 5017 3596 5074 Greco-Romani

2035 5085 2130 5160 ait,
2166 5087 2546 5160 venerationem
2578 5086 2817 5155 pretiosae
2849 5089 3015 5141 crucis
3059 5100 3461 5160 sanctorumque
3499 5093 3595 5142 La-

2038 5157 2166 5212 tinis
2197 5173 2318 5210 cum
2347 5156 2547 5210 Graecis
2577 5172 2699 5210 esse
2726 5173 3086 5210 communem.
3123 5160 3252 5213 Item
3285 5156 3590 5213 Demetrius

2035 5225 2402 5284 Citomatcnus
2445 5227 2496 5278 iu
2532 5225 2823 5294 lieSpousis
2854 5228 2918 5279 ad
2970 5227 3384 5283 Constantinum
3415 5227 3592 5278 Caba-

2031 5301 2188 5358 silam
2231 5296 2694 5366 archiepiscopum
2743 5297 3021 5366 Dyrrachii
3058 5315 3071 5350 :
3115 5297 3433 5366 Sanctorum
3459 5295 3592 5343 ima-

2030 5379 2215 5445 ginum
2243 5374 2362 5445 sunt
2389 5376 2435 5418 et
2471 5365 2647 5445 Ldtiui
2687 5362 2931 5445 ett-liores,
2952 5377 3004 5445 et
3042 5367 3094 5417 in
3122 5362 3463 5445 suis_tetitplis
3501 5377 3589 5445 eos

2031 5429 2269 5530 erigunt.
2314 5435 2478 5530 Vocat
2538 5442 2674 5519 idem
2734 5435 3032 5530 Dginetritus

2035 5498 2304 5596 ξίιὶῗέοτὶω
2329 5507 2722 5596 ar'chiepiscnpo
2759 5498 3505 5596 Sat'anirqntﬁgfﬁﬁhwulamo
3545 5498 3590 5548 Si

2038 5537 2304 5600 “nlganuz
2330 5537 2722 5575 ιιιωιικ-μιδυιψυ
2759 5537 3058 5577 υιιιιιιιιιιτη,
3090 5537 3272 5578 Ἵζιννη

2038 5609 2166 5711 quis
2200 5585 2360 5644 ἀίεὶὶῑτ
2389 5575 2604 5631 Latinos
2636 5589 2744 5628 non
2782 5571 2957 5624 colere
2992 5580 3272 5632 unagmes,
