4114 6306
427 298 532 362 217

840 419 915 474 De
933 422 1141 491 jejunio
1166 421 1385 478 Sabbati
1444 424 1583 495 (8i).

499 510 603 567 Sed
625 520 680 567 et
705 512 925 583 judaiza
937 531 991 569 re
1014 515 1322 571 Occidentis
1351 517 1652 573 Ecclesiam
1677 532 1997 578 causantur.

426 621 656 673 quorum
681 608 898 677 plurimi
922 624 1018 676 per
1046 624 1207 666 omne
1259 611 1552 666 Sabbatum
1597 614 1854 675 carnibus
1904 615 2002 669 abc

429 700 653 762 stinent,
690 701 803 753 sive
836 716 932 767 pro
960 702 1231 769 sepultura
1262 713 1317 758 et
1363 713 1539 761 morte
1588 705 1825 772 Domini,
1884 708 2001 764 sive

346 814 350 817 -
429 806 526 859 pro
558 793 778 846 tristitia
827 803 881 847 et
950 794 1321 863 tribulatione,
1374 812 1535 865 quam
1581 807 1772 851 sancta
1829 808 2002 852 mater

428 889 545 953 ejus
589 895 696 941 tota
748 887 937 941 tlieilla
988 888 1196 952 habuit,
1256 904 1360 956 qua
1408 888 1666 945 Dominus
1720 890 1773 944 in
1817 891 1999 958 sepul-

430 992 525 1033 cro
555 988 799 1033 mortuus
829 981 1125 1037 secundum
1157 980 1429 1035 hominem
1452 982 1679 1049 quievit.
1742 980 1883 1036 Istud
1919 981 2000 1035 fa-

430 1071 660 1134 cientes,
719 1071 859 1126 sicut
914 1074 1060 1127 omni
1106 1072 1388 1127 Dominico
1416 1073 1502 1126 die
1562 1072 1999 1129 Resnrrectionis

429 1161 568 1228 ejus,
638 1171 693 1216 et
750 1163 894 1216 omni
969 1171 1123 1217 sexta
1154 1162 1290 1216 feria
1328 1161 1505 1216 cruris
1538 1178 1601 1217 ac
1639 1165 1828 1219 mortis
1857 1164 2002 1219 illius

428 1253 743 1307 memoriam
818 1251 1068 1320 agimus.
1141 1250 1364 1321 Nempe,
1433 1266 1499 1307 ex
1575 1251 1834 1322 cujusque
1914 1254 1994 1308 rei

428 1344 735 1399 intentione
804 1343 1035 1411 quisqus
1094 1342 1180 1397 vel
1232 1343 1587 1412 vituperatur,
1654 1344 1737 1398 vel
1809 1344 1999 1399 lauda-

430 1440 540 1487 tur.
599 1431 769 1486 Porro
818 1432 1052 1488 intentio
1113 1434 1366 1502 praedicta
1408 1432 1553 1495 lldei,
1612 1435 1999 1505 religionisque

429 1537 555 1577 cum
594 1523 687 1588 sit,
711 1521 913 1592 culpari
945 1525 1136 1579 merito
1185 1539 1289 1579 non
1346 1533 1545 1594 potest.
1619 1525 1802 1595 Neque
1852 1530 1997 1582 enim

424 1614 735 1684 judaizandi
767 1630 928 1670 causa
979 1616 1082 1672 hoc
1109 1615 1278 1683 facit;
1330 1620 1458 1682 imo,
1496 1632 1562 1672 ne
1605 1618 1720 1687 ipsa
1784 1620 1999 1688 quidem

430 1725 515 1764 res
542 1709 702 1763 ullam
732 1710 893 1764 habet
935 1707 1176 1766 Iudaicae
1236 1711 1638 1767 observationis
1692 1710 1999 1765 similitudi—

428 1820 572 1860 nem.
596 1802 765 1860 Judaei
797 1805 1017 1875 quippe,
1048 1805 1102 1861 in
1129 1816 1391 1875 quantum
1415 1815 1659 1875 possunt,
1684 1806 1996 1875 praeparati,

424 1896 702 1965 otiumque
731 1897 797 1951 ah
817 1898 962 1952 omni
989 1913 1153 1967 opere
1191 1908 1436 1967 agentes,
1479 1908 1589 1953 tota
1620 1898 1709 1953 illa
1736 1898 1826 1952 die
1856 1898 1995 1953 Sab-

424 1988 533 2041 bati
565 1997 619 2042 et
656 1991 966 2055 comedunt,
990 1997 1044 2045 et
1064 1990 1259 2044 bibunt
1293 2009 1307 2045 :
1364 1992 1417 2046 hi
1452 1998 1630 2047 autem
1660 1990 1995 2046 abstinentes

423 2079 702 2143 carnibus,
747 2081 1081 2158 castigatius.
1118 2085 1173 2137 in
1226 2096 1290 2138 ea
1344 2085 1563 2151 degunt,
1616 2086 1997 2153 contrariaque

424 2169 532 2225 illis
565 2168 744 2225 facere
790 2171 1289 2240 deprehenduntur.
1314 2172 1427 2227 Non
1452 2175 1633 2243 itaque
1655 2176 1744 2244 qui
1764 2174 1997 2244 jejunat,

424 2262 519 2325 sed
548 2262 637 2329 qui
670 2261 884 2315 illorum
913 2265 1108 2330 otium,
1141 2265 1575 2332 edacitatemque
1628 2266 1895 2324 imitatur.
1938 2275 1994 2319 et

420 2352 773 2416 sabbatizare,
810 2364 862 2407 et
879 2354 1171 2422 judaizare
1199 2355 1463 2410 dicendus
1488 2364 1592 2409 est.
1627 2354 1761 2407 Nam
1794 2354 1986 2408 sabba-

422 2442 588 2494 tizare
615 2442 1031 2511 prodeliciis,et
1061 2444 1194 2509 otio,
1242 2452 1298 2497 et
1346 2446 1534 2515 requie
1581 2446 1893 2512 accipitur;
1943 2445 1990 2498 si

422 2532 637 2601 quidem
664 2548 784 2587 vera
814 2535 958 2587 canit
988 2534 1079 2588 ille
1117 2534 1213 2603 qui
1236 2534 1414 2607 dixit:
1450 2531 1517 2587 In
1556 2534 1725 2603 primo
1757 2534 1993 2601 jejunio-

423 2638 539 2673 rum
578 2620 826 2685 Sabbato,
858 2624 1271 2692 sabbatiumus,
1314 2626 1465 2689 socii,
1495 2625 1748 2677 hesternis
1789 2627 1852 2677 de
1909 2625 1989 2677 la-

421 2711 631 2771 boribus
656 2716 1054 2782 requiescentes.

495 2804 728 2860 Proinde
743 2808 789 2860 si
813 2808 933 2875 quis
952 2807 1113 2861 etiam
1132 2813 1460 2876 pmceptum
1487 2805 1553 2859 de
1571 2819 1676 2858 non
1697 2804 1991 2874 jejunando

370 2960 373 2961 ν
428 2896 483 2949 in
519 2893 760 2949 Sabbato
790 2910 816 2947 a
843 2893 1046 2949 Iudaeis
1086 2908 1338 2949 manasse
1390 2904 1566 2963 putat,
1592 2895 1642 2948 id
1674 2896 1727 2948 in
1757 2892 1994 2948 Orientis

421 2986 689 3054 partibus,
721 2983 809 3037 ubi
848 2982 1159 3038 .Iudaeorum
1192 2992 1307 3037 erat
1349 2998 1507 3050 gens,
1537 2991 1591 3037 et
1652 2984 1847 3052 patria,
1882 2998 1994 3036 me-

1513 316 1918 381 ADVERSUS
1948 317 2268 381 GRAECOS
2308 323 2457 385 LIB.
2511 325 2611 388 IV.

3569 330 3673 391 218

2032 430 2071 482 Α
2105 443 2276 492 more,
2311 428 2609 485 Ecclesiam
2631 446 2850 501 quoque
2880 441 3072 503 putare
3088 448 3386 504 possumus
3418 450 3678 491 necessa-

2102 519 2184 573 rio
2210 535 2308 588 pro
2334 531 2635 590 temporum
2665 525 2929 593 qualitate
2982 541 3160 591 usam,
3216 544 3313 595 pro
3364 530 3672 581 animarum

2101 612 2362 681 singulari
2386 629 2538 668 cura.
2597 614 2746 671 Alias
2801 617 3006 685 quippe
3082 632 3429 687 nequaquam
3496 621 3671 675 virtus

2100 700 2299 755 Christi
2333 718 2429 771 per
2471 704 2746 772 apostolos
2777 703 3033 760 Ecclesia:
3085 714 3555 773 conservaretur;'
3582 723 3677 762 oe-

2101 804 2208 859 qne
2229 800 2431 857 posset,
2454 793 2608 859 juxta
2637 803 2979 865 emergentes
2996 810 3182 861 casus,
3205 812 3343 851 nova
3364 799 3675 866 disponere.

2172 880 2287 935 Non
2319 883 2499 951 itaque
2528 885 2570 938 si
2599 886 2725 953 quis
2747 886 3062 955 passionem
3120 887 3335 941 Domini
3403 889 3677 942 honorare

2101 971 2350 1039 cupiens,
2376 972 2627 1042 illiusque
2657 983 2911 1040 mortem,
2938 984 3205 1044 quantum
3240 977 3353 1029 fieri
3384 984 3586 1045 potest,
3620 978 3677 1031 in

2101 1075 2161 1115 se
2187 1060 2302 1129 ipso
2319 1063 2624 1130 complecti,
2654 1078 2716 1118 ac
2743 1072 3029 1133 propterea
3078 1065 3337 1119 camibus
3365 1065 3675 1129 abstinens,

2102 1153 2357 1222 omnique
2380 1154 2527 1222 cibo,
2560 1155 2755 1210 fuisset
2776 1157 2843 1212 ab
2873 1156 3135 1226 apostolis
3162 1157 3437 1226 culpatus,
3472 1156 3582 1210 imo
3611 1158 3680 1211 ad

2101 1243 2427 1299 destinatum
2456 1246 2784 1314 evangelica:
2814 1248 3219 1316 praedicationis
3254 1250 3500 1302 bravium
3554 1262 3679 1318 gra-

2099 1334 2273 1399 diens,
2300 1338 2572 1401 mercede,
2627 1347 2681 1391 et
2702 1337 2949 1393 laudibus
3001 1340 3197 1410 dignus
3257 1340 3479 1393 habitus
3507 1348 3674 1397 esset.

2099 1425 2199 1494 Ipsi
2227 1426 2391 1480 etiam
2419 1436 2568 1490 sunt,
2604 1428 2694 1498 qui
2726 1430 2914 1484 dicunt
2942 1446 2957 1483 :
2992 1428 3193 1484 Littera
3216 1430 3428 1496 occidit,
3457 1432 3676 1499 spiritus

2099 1524 2274 1569 autem
2307 1516 2535 1584 uiuiﬁcus
2555 1518 2627 1571 ³⁸.

2172 1606 2399 1661 Prorsus
2422 1623 2574 1671 vero,
2598 1610 2642 1662 si
2667 1609 2797 1678 quid
2856 1609 3172 1667 Occidentis
3222 1609 3481 1665 Ecclesiis
3530 1611 3677 1665 circa

2101 1696 2218 1751 hac
2253 1698 2365 1750 fieri
2385 1698 2543 1753 aliter
2569 1700 2804 1766 videtur,
2831 1702 2935 1755 hoc
2965 1704 3032 1757 ah
3071 1702 3251 1767 initio,
3284 1716 3313 1755 a
3340 1702 3675 1757 successori-

2033 1762 2075 1817 Β
2105 1789 2205 1840 btts
2227 1788 2593 1853 apostolorum
2620 1762 2969 1858 acceperunt,
3000 1762 3308 1859 Linique'et
3330 1794 3599 1856 Anacleti,
3624 1804 3679 1849 et

2106 1877 2261 1949 Xysti
2304 1880 2371 1932 de
2394 1881 2492 1933 hoc
2517 1881 2734 1935 decreta
2767 1881 3071 1948 proferunt,
3102 1898 3223 1950 qua:
3253 1884 3576 1939 rationabile
3601 1885 3677 1938 si-

2107 1972 2215 2022 mul
2241 1980 2290 2024 et
2317 1968 2519 2039 justum
2563 1987 2680 2027 esse
2716 1972 3003 2038 tleﬂniunt,
3046 1974 3269 2029 Sabbali
3303 1975 3415 2041 die,
3466 1976 3569 2029 ista
3596 1976 3680 2031 vel

2102 2061 2207 2115 ista
2239 2078 2402 2116 causa
2465 2063 2694 2131 expiari,
2754 2078 2860 2118 non
2910 2065 2961 2120 id
3032 2074 3209 2121 tamen
3256 2080 3321 2121 ex
3360 2069 3683 2123 necessitate

2102 2154 2491 2223 prmeipieutia.

2172 2246 2502 2313 Augustinus
2527 2260 2763 2315 quoque,
2796 2249 3056 2317 antiquus
3114 2258 3168 2303 et
3197 2250 3523 2306 venerabilis
3573 2248 3679 2304 Pa-

2098 2342 2199 2400 ter,
2244 2335 2297 2388 in
2333 2338 2564 2403 quadam
2590 2338 2816 2405 epistola
2844 2339 2957 2410 (82)
2998 2342 3063 2394 de
3094 2340 3337 2396 Sabbato
3370 2343 3447 2395 ait
3480 2361 3492 2396 :
3522 2342 3677 2406 Quod

2098 2427 2310 2495 quando
2329 2430 2536 2494 quidem
2566 2429 2621 2481 in
2639 2428 2922 2484 Occidente
2948 2438 3217 2492 moratur.
3230 2433 3393 2501 juxta
3420 2433 3681 2488 Occiden—

2096 2518 2285 2570 talium
2315 2521 2771 2585 consuetudinem,
2795 2532 2841 2573 et
2871 2523 2981 2588 ipse
3003 2522 3235 2589 jejunat.
3262 2524 3323 2577 1η
3357 2523 3569 2578 Oriente
3590 2539 3677 2575 ve-

2095 2624 2155 2661 ro
2192 2609 2239 2661 si
2268 2620 2584 2673 versaretur,
2617 2610 2736 2662 illos
2769 2612 2882 2677 ipsa
2918 2613 3002 2666 die
3030 2630 3131 2665 non
3147 2614 3456 2681 jejunontes
3483 2630 3547 2667 ea:
3573 2630 3673 2665 an-

2097 2700 2243 2767 tiqua
2275 2701 2670 2763 consuetudine,
2706 2712 2757 2754 et
2794 2705 2905 2769 ipse
2928 2717 3252 2771 sequeretur.
3291 2706 3363 2758 Ex
3392 2721 3499 2773 quo
3555 2720 3679 2772 perv-

2095 2790 2343 2857 spicuum
2374 2800 2477 2855 est,
2509 2793 2788 2861 antiquam
2824 2792 3198 2849 Ecclesiarum
3229 2794 3394 2849 fuisse
3443 2808 3680 2849 consue-

2101 2881 2361 2944 tudinem,
2398 2891 2458 2936 ut
2490 2884 2583 2937 alii
2615 2886 2715 2943 sic.
2757 2885 2847 2939 alii
2879 2901 3011 2941 vero
3042 2887 3120 2942 sic
3165 2887 3407 2941 facerent
3440 2902 3456 2942 :
3514 2886 3681 2940 istud-

2100 2988 2206 3041 que
2238 2990 2339 3028 non
2370 2989 2432 3028 ex
2464 2978 2817 3035 necessitate.
2850 2980 2944 3032 sed
2973 2994 3038 3033 ex
3068 2980 3291 3049 antiqua
3315 2979 3673 3033 οοιιςιιιιιιιιιὶ-

422 3078 525 3131 rito
558 3074 953 3145 promulgatum
972 3073 1388 3138 crediderimus,
1421 3090 1557 3142 quos
1580 3074 1828 3141 apostoli,
1866 3089 1990 3129 cum

2100 3079 2166 3118 ne
2191 3106 2206 3129 ,
2235 3076 2289 3119 et
2321 3075 2376 3119 ιιι
2406 3066 2651 3136 singulos
2698 3070 2950 3123 voluntas
2987 3070 3195 3135 tulerit,
3255 3084 3482 3136 mosque
3533 3068 3679 3122 obti-

420 3169 485 3224 sd
519 3168 867 3237 Evangeliam
887 3167 1195 3222 doctrinam
1257 3180 1454 3221 vocare
1498 3176 1805 3234 cuperent,
1860 3168 1987 3237 quia

422 3260 644 3316 Judaica
667 3260 813 3314 natio
834 3258 1074 3313 Sabbato
1106 3260 1339 3313 maxime
1357 3260 1712 3329 gloriabatur,
1741 3275 1809 3314 ne
1832 3273 1993 3313 scan-

2098 3156 2299 3209 nuerit.
2324 3155 2429 3211 Sed
2459 3166 2514 3211 et
2542 3158 2848 3227 Gregorius
2875 3160 3155 3214 Romanus
3183 3158 3449 3229 pontifex,
3519 3158 3680 3224 Cujus

2092 3248 2235 3312 apud
2259 3262 2447 3301 omnes
2477 3248 2792 3317 praeclarum
2820 3265 3015 3304 nomen
3041 3259 3147 3315 est,
3184 3250 3356 3303 olllcia
3387 3259 3551 3317 atque
3605 3248 3682 3314 je-

423 3354 668 3408 dalumin
686 3354 789 3408 ﬁde
806 3362 1142 3422 paterentur,
1169 3352 1419 3420 apostoli,
1439 3352 1816 3406 utanimorum
1834 3366 1992 3405 cura-
2088 3337 2258 3405 iunia,
2292 3348 2346 3392 ut
2372 3341 2529 3393 modo
2558 3351 2865 3403 servantur,
2896 3341 3205 3397 Occidentis
3231 3341 3490 3395 Ecclesiis
3507 3339 3678 3394 tradi-

426 3455 594 3510 tores,
615 3445 794 3500 omnia
814 3444 990 3500 eli'ecti
1010 3455 1067 3498 ιιι
1083 3459 1272 3499 omnes
1296 3458 1389 3498 seu
1409 3446 1589 3510 plures
1618 3444 1986 3505 lucrarentur,

421 3537 784 3607 permiserunt
811 3537 882 3590 ita
900 3550 1040 3598 esse,
1065 3543 1123 3589 ut
1141 3544 1320 3599 antea,
1338 3534 1651 3603 etjejunare
1668 3542 1989 3589 vetuerunt:

419 3630 561 3698 quod
595 3628 871 3695 religionis
908 3626 1119 3681 ratione
1168 3627 1304 3680 nihil
1331 3640 1424 3680 eos
1457 3625 1711 3689 laedebat,
1746 3625 1837 3693 qui
1863 3624 1990 3677 illud

421 3720 787 3772 observarent.
816 3715 1000 3785 Neque
1051 3716 1195 3769 enim
1256 3714 1512 3785 apostoli,
1542 3713 1642 3769 hos
1701 3714 1919 3783 quidem
1962 3728 1993 3767 a

423 3812 558 3880 lege,
584 3810 703 3866 illos
735 3818 917 3865 autem
945 3811 1013 3865 ab
1067 3809 1334 3864 idolorum
1353 3809 1501 3864 cultu
1549 3818 1918 3873 revocassent,
1943 3808 1989 3863 si

421 3903 532 3956 suis
562 3903 685 3956 illos
709 3901 1196 3958 consuetudinibus
1222 3903 1497 3967 omnibus,
1530 3917 1651 3970 qua:
1715 3900 1991 3969 evangeli-

422 4008 497 4047 (ιω
515 3993 878 4061 pmdicationi
904 4008 1011 4048 non
1031 3993 1379 4055 obsisterent,
1402 4008 1588 4046 revoca
1598 4008 1654 4046 re
1672 3991 1989 4045 voluissent.

420 4086 576 4151 Nam,
607 4086 651 4140 si
681 4086 1146 4141 circumcisionem
1175 4083 1499 4152 quandoque
1533 4084 1600 4137 ad
1636 4092 1846 4151 tempus
1870 4097 1994 4150 per-

422 4178 702 4241 miserunt,
734 4174 922 4228 virtuti
948 4173 1347 4241 prtedicationis
1368 4172 1669 4241 Oppositam
1701 4191 1715 4227 :
1743 4173 1804 4226 Si
1831 4174 1989 4236 enim,

421 4268 616 4336 inquit,
636 4268 1109 4327 circumcidamini,
1130 4266 1370 4321 Christus
1388 4267 1528 4320 vobis
1545 4266 1673 4319 nihil
1686 4268 1891 4332 prodest
1905 4266 1950 4299 ⁸⁵
1972 4281 1988 4331 ;

422 4358 815 4428 istudqueideo
847 4360 1117 4422 fecerunt,
1162 4367 1220 4410 ut
1246 4358 1431 4426 plures
1459 4372 1526 4411 es
1563 4355 1764 4411 .Iudteis
1801 4357 1987 4425 acqui-

2094 3431 2189 3485 dit;
2221 3430 2373 3484 Hunc
2396 3433 2538 3486 enim
2571 3446 2759 3485 omnes
2793 3433 2843 3485 in
2871 3432 3017 3485 omni
3049 3431 3675 3499 traditionesequuntur.

2702 3541 2774 3594 De
2806 3550 3089 3594 vetustate.
3654 3604 3661 3607 Α

2162 3628 2262 3693 Qui
2297 3643 2422 3680 vero
2452 3643 2516 3680 ex
2562 3629 2773 3681 umtris
2845 3629 3103 3685 fortiores
3148 3640 3278 3684 sunt
3321 3632 3679 3693 schismatici,

2094 3728 2417 3773 vetustatem
2469 3734 2686 3788 quoque
2746 3719 3187 3776 Occidentalibus
3246 3722 3532 3791 objiciunt,
3585 3738 3683 3791 per

2094 3825 2256 3879 quam
2306 3810 2634 3863 concludere
2694 3825 2795 3880 pro
2826 3826 2885 3865 se
2945 3812 3309 3877 arbitrantur,
3365 3814 3520 3881 quasi
3570 3828 3675 3866 non

2094 3904 2283 3957 eadem
2322 3904 2392 3957 sit
2425 3915 2477 3956 et
2525 3904 2629 3957 illis
2693 3905 3014 3973 antiquitas,
3066 3904 3333 3974 liceatque
3375 3905 3520 3958 illam
3582 3919 3682 3971 pro

2094 4011 2154 4051 se
2187 3995 2319 4062 ipsis
2356 3994 2788 4064 inferre.Ncquc
2809 3996 3073 4061 sentiunt,
3128 3996 3255 4050 dum
3316 3996 3417 4049 ista
3468 3995 3679 4059 dicunt,

2092 4088 2358 4145 idolorum
2388 4104 2445 4142 se
2477 4087 2875 4157 cultntn,qnam
2901 4087 3100 4161 Christi
3128 4089 3441 4157 religionem
3474 4089 3683 4142 firmio-

2092 4194 2229 4245 rem,
2290 4179 2500 4234 ratione
2528 4183 2837 4245 vetustatis,
2898 4182 3215 4234 ostendere.
3266 4180 3398 4233 Nam
3428 4180 3472 4235 si
3536 4180 3679 4234 anti-

2095 4271 2285 4340 quiora
2321 4286 2549 4339 quaeque
2574 4274 2738 4324 etiam
2775 4272 2989 4325 veriora
3043 4280 3193 4334 sunt,
3223 4272 3351 4341 quid
3395 4282 3677 4339 sequatur,

2094 4361 2441 4415 manifestum
2468 4374 2573 4427 est,
2626 4360 2734 4415 Sed
2795 4371 2849 4415 et
2897 4360 3262 4416 Ecclesiarum
3312 4362 3534 4426 unione,
3570 4363 3685 4415 sive

429 4459 638 4513 rerent,
669 4465 809 4519 quos
840 4453 1077 4505 maxime
1099 4450 1220 4506 altis
1251 4451 1659 4504 arbitrabantur
1683 4450 1986 4505 excellere:
2024 4422 2068 4479 θ
2096 4454 2257 4508 etiam
2291 4453 2517 4522 symboli
2560 4453 2833 4508 additione
2884 4455 3315 4523 przesuppositis,
3368 4462 3428 4507 ιιι
3476 4454 3680 4506 dictum

420 4541 547 4609 quid
605 4541 671 4595 de
696 4539 935 4595 Sabbato
982 4540 1270 4594 dicendum
1303 4550 1407 4603 est,
1440 4540 1490 4593 in
1526 4554 1632 4608 quo
1669 4549 1720 4593 et
1744 4539 1992 4608 jejunare

419 4642 477 4687 et
529 4648 633 4688 non
673 4634 919 4704 jejunare
949 4633 1209 4687 doctrinae
1248 4634 1473 4701 spiritus
1498 4646 1603 4687 non
1630 4631 1991 4688 adversatur?

490 4726 606 4781 Non
641 4736 823 4781 tamen
858 4729 957 4779 hoc
1004 4741 1098 4794 per
1125 4735 1297 4779 totum
1336 4726 1525 4781 orbem
1582 4726 1988 4794 praedicandum

422 4818 545 4881 fuit,
571 4825 779 4871 remota
823 4814 1130 4871 Judazorum
1154 4831 1337 4870 causa.
1368 4815 1483 4869 Non
1513 4816 1657 4869 enim
1720 4816 1784 4870 de
1811 4830 1991 4871 come-

417 4909 617 4973 dendo,
644 4909 729 4963 vel
763 4923 895 4974 non,
928 4909 1187 4977 apostolis
1213 4909 1284 4962 ita
1312 4909 1453 4962 ratio
1481 4918 1617 4970 erat,
1647 4908 1785 4963 sicut
1809 4909 1991 4962 omnia

418 4999 599 5054 facere
633 5000 1085 5069 proincremento
1129 4999 1428 5066 Evangelii,
1459 5001 1510 5052 in
1540 4999 1673 5068 ipsis
1737 5000 1995 5065 praedica-

422 5089 585 5143 tionis
616 5087 830 5154 initiis;
863 5104 1095 5157 quorum
1127 5087 1280 5155 plura
1314 5096 1443 5142 tunc
1468 5089 1758 5156 permissa,
1802 5098 1987 5155 postea

2096 4556 2200 4610 εει,
2226 4559 2325 4599 cur
2362 4559 2466 4599 non
2510 4545 2612 4599 ista
2645 4546 2818 4614 magis
2859 4546 3124 4600 honorata
3156 4546 3487 4600 servantur?
3510 4559 3708 4613 quan--

2096 4650 2279 4704 quam,
2310 4635 2434 4704 quis
2466 4635 2693 4695 nesciat.
2720 4651 2841 4690 cum
2886 4644 3093 4688 tantum
3127 4635 3233 4689 illis
3274 4635 3458 4688 odium
3491 4645 3681 4687 contra

2094 4723 2496 4780 Occidentalem
2516 4725 2812 4780 Ecclesium
2836 4727 3088 4789 creverit,
3113 4735 3170 4777 ut
3193 4725 3373 4779 nullus
3396 4727 3459 4777 de
3483 4726 3682 4777 unione

2099 4816 2183 4871 vel
2236 4830 2334 4884 per
2399 4818 2668 4871 somnium
2725 4818 2945 4885 cogitet,
3003 4815 3345 4884 amentiaque
3379 4816 3485 4869 late
3522 4816 3682 4870 dill‘u-

2094 4926 2155 4965 sa
2195 4911 2291 4975 sit,
2354 4912 2498 4985 adeo
2532 4918 2592 4963 ut
2623 4909 2890 4963 rationem
2924 4907 3173 4961 amisisse
3206 4909 3525 4985 videantur.
3563 4924 3683 4978 pes-

2094 4982 3326 5071 simaquehdis‘ptisitio'om‘uln‘O‘anihierit,
3351 5002 3699 5081 ontniagillps
3768 5076 3773 5087 δ
3802 4982 3855 5039 ’τί

2092 5095 2369 5148 voluntate
2391 5109 2569 5161 agere,
2594 5093 2726 5148 nihil
2749 5094 2978 5148 rationis
3000 5098 3247 5147 examine
3274 5078 3368 5148 iSi
3396 5078 3537 5149 enim
3559 5109 3680 5146 cum
3768 5078 3779 5139 ἱι

418 5179 684 5249 permissa
734 5194 842 5232 non
884 5187 1041 5243 sunt,
1074 5182 1254 5233 amota
1320 5193 1504 5243 causa,
1562 5189 1779 5249 propter
1828 5195 1988 5248 quam
2074 5172 2873 5254 judicio"pi-occdérent,"alia
2904 5187 3094 5242 fuisset
3123 5172 3470 5251 ratioqnunc
3502 5194 3679 5235 autem

421 5269 688 5339 permissa
741 5269 893 5339 prius
922 5268 1137 5323 fuerant
1173 5288 1185 5322 :
1222 5268 1437 5323 sicutet
1459 5270 1720 5334 medicus,
1764 5269 1853 5338 qui
1886 5269 1991 5322 alia

424 5359 690 5429 praecipit,
722 5360 904 5414 causis
960 5357 1347 5428 apparentibus
1403 5358 1828 5413 convenientia:
1889 5370 1997 5426 quo

495 5492 539 5523 “
567 5489 744 5549 Galat.
778 5509 831 5563 ν,
851 5494 909 5549 2.
982 5494 1026 5526 ³³
1055 5493 1099 5549 II
1120 5492 1246 5549 Cor.
1280 5509 1360 5561 nt,
1393 5492 1447 5548 6.
1525 5491 1571 5523 "
1595 5490 1742 5546 Psal:
1772 5498 1888 5554 xm",
1932 5490 1985 5544 2.

498 5611 611 5681 (8i)
645 5611 718 5665 De
739 5610 951 5681 jejunio
994 5611 1217 5667 Sabbati
1255 5609 1369 5681 lege
1402 5608 1789 5681 Bcllarminum
1819 5607 1916 5660 lib.
1951 5620 1989 5660 tt

424 5677 515 5735 De»
550 5677 696 5734 bonis
731 5677 996 5749 operibus,
1051 5698 1098 5735 c.
1136 5682 1222 5735 18.
1256 5677 1392 5733 Vide
1427 5681 1590 5734 etiam
1638 5677 1989 5731 Ilumbcrtum

424 5760 616 5807 contra
664 5751 979 5808 Michaelem
1023 5750 1443 5808 Constantinoo.
1503 5751 1871 5821 patriarcham
1940 5756 1997 5801 et.

2094 5274 2275 5329 nullus
2321 5287 2405 5331 est
2433 5276 2744 5348 intelligens,
2768 5294 2856 5331 seu
2886 5281 3152 5347 requirens
3178 5276 3341 5330 Deum
3365 5275 3431 5327 ⁸⁸.

2174 5366 2306 5421 Nam
2340 5370 2557 5439 quando
2578 5378 2753 5434 erant,
2791 5371 2885 5437 qui
2915 5371 3137 5426 unionis
3167 5381 3353 5423 curam
3389 5360 3679 5424 haberent,

2100 5610 2346 5667 Niretam
2384 5612 2754 5670 Pectoratutn.

2172 5683 2286 5755 t8’2)
2332 5683 2504 5755 Epist.
2542 5686 2661 5752 “8,
2698 5686 2763 5739 ad
2792 5678 3137 5735 Ianuarium.
