4114 6306
384 3112 387 3117 _
485 3066 633 3118 cere,
667 3049 914 3116 nihilque
944 3044 1693 3112 ulterius-inquirere;quasi
1719 3051 1843 3112 post
1911 3056 2052 3096 mor—

442 289 549 355 210
1068 341 1076 350 .
1683 288 1845 352 MAN
1852 287 2082 350 UELIS
2112 288 2419 352 CALEC/E
2826 336 2837 345 .
2881 287 2888 293 '
3637 292 3761 359 ego

445 411 662 461 constat
688 400 955 472 profecto,
989 401 1113 472 quia
1149 403 1336 457 aberat
1363 400 1664 466 contentio,
1688 400 1932 470 atquein
1960 400 2014 455 id
2050 404 2096 460 Δ
2127 403 2410 457 veritatem
2454 401 2698 458 studiose
2723 402 3076 469 sectantium,
3114 417 3219 458 non
3261 413 3319 458 ut
3346 404 3586 473 aliquid
3656 408 3777 479 di-»

448 498 625 564 ipsum
664 494 945 560 distantia,
988 510 1061 560 ac
1116 494 1393 568 disjnncta
1454 493 1796 550 remeabant.
1832 493 2015 549 Enim-
2121 496 2268 551 xisse
2297 495 2611 560 videantur,
2640 494 2843 551 frustra
2878 504 2935 551 et
2982 495 3446 551 irrationabiliter
3487 492 3759 567 loqu‘en-

450 601 603 649 vero,
623 596 818 656 putare
863 586 1148 655 plurimos,
1211 587 1303 656 qui
1364 587 1580 656 prolixo
1656 596 1901 655 tempore
1950 598 2017 638 ex
2120 586 2279 641 tium.

450 677 655 732 nostris
694 677 931 742 fuerunt,
962 678 1201 735 schisma
1251 678 1389 733 satis
1423 679 1705 741 roborare,
1760 680 2022 748 ignoran-
2192 677 2324 733 Cum
2359 677 2527 744 igitur
2551 693 2615 733 ex
2646 678 2847 733 nostris
2870 691 2976 732 non
3007 677 3164 746 pauci
3188 675 3461 732 Romanae
3502 693 3753 748 semper

450 757 582 824 tium
609 778 713 834 est,
749 772 891 839 quod
922 769 1302 827 Occidentales
1337 770 1603 841 plurimos
1627 781 1683 825 et
1737 772 1839 840 ipsi
1891 787 2023 839 pro-
2122 770 2380 825 Ecclesia:
2395 770 2594 839 adjeeti
2618 771 2748 837 sint,
2775 769 3055 840 siquidem
3077 768 3272 839 aliquis
3296 784 3363 823 ex
3398 769 3559 839 ipsis
3587 770 3752 824 veri-

449 860 591 915 lerre
622 870 863 931 possent,
899 877 1002 918 non
1029 863 1277 927 ridenda,
1340 870 1393 915 et
1420 863 1637 932 indigna
1672 863 1981 933 ingerentes
2005 902 2021 929 ,
2123 869 2233 917 tate
2261 862 2556 931 dogmatis.
2587 862 2654 917 ab
2691 875 2759 917 eo
2789 862 2879 930 qui
2919 875 3095 916 caecos
3132 860 3430 924 illuminat,
3484 861 3756 915 irradia-

450 967 643 1007 verum
672 946 1035 1011 validissimas
1067 953 1592 1022 probatissimasque
1622 954 1859 1007 rationes
1893 968 2025 1022 pro-
2125 958 2233 1016 tus,
2301 961 2613 1007 sancmrum
2673 954 2921 1008 doctrina
2977 953 3138 1020 duce,
3208 969 3274 1010 ac
3336 956 3781 1025 praecedente,“

450 1045 749 1113 ducentes,
814 1052 872 1099 et
932 1058 1163 1113 quorum
1211 1043 1479 1113 sapientia
1543 1044 1805 1098 mundum
1866 1058 2027 1113 pera-
2123 1045 2674 1115 calumn‘iatoresper
2699 1046 3100 1115 philosophiam
3121 1046 3547 1101 etrhetoricam
3575 1045 3749 1101 obti-

450 1136 664 1205 grasit:
692 1120 1005 1204 quanquam
1028 1143 1082 1191 et
1119 1135 1196 1202 id,
1232 1137 1374 1204 quod
1397 1135 1585 1214 nullus
1616 1150 1853 1205 unquam
1886 1134 2028 1204 apud
2126 1152 2257 1192 nere
2283 1146 2337 1192 et
2360 1137 2617 1193 cohibere
2640 1153 2745 1193 non
2789 1139 2984 1210 possit,
3041 1137 3189 1193 hunc
3216 1140 3429 1193 fatuum
3462 1153 3542 1193 ac
3595 1138 3750 1193 sim-

453 1228 938 1293 eosinventusest,
961 1227 1052 1298 qui
1072 1236 1381 1284 nostrorum
1401 1229 1744 1283 antecederet
1760 1227 2025 1296 Opinioni,
2127 1229 2321 1295 plicem
2352 1229 2562 1291 dicunt,
2591 1238 2647 1284 et
2673 1238 2731 1283 nt
2761 1230 3065 1294 seductum,
3101 1245 3164 1285 ac
3189 1231 3480 1297 deceptum
3530 1229 3753 1298 objur-

453 1319 678 1386 snisque
708 1319 1065 1373 reluctaretur
1092 1320 1146 1374 in
1199 1334 1262 1374 ea
1320 1320 1716 1385 controversia,
1774 1335 1873 1390 pro
1918 1333 2031 1389 qua
2128 1327 2293 1387 gant:
2323 1318 2482 1372 veluti
2509 1318 2576 1382 si,
2608 1333 2730 1372 cum
2767 1333 2798 1373 a
2843 1318 3392 1378 ﬁdeiibus_omnibus
3439 1319 3748 1387 exigatur,

455 1408 701 1463 Orientis
715 1417 770 1464 et
790 1407 1099 1465 Occidentis
1122 1409 1383 1465 Ecclesiae
1416 1410 2029 1479 intersedigiadiantur,
2131 1416 2189 1461 ut
2212 1408 2387 1463 idonei
2419 1409 2530 1462 sint
2551 1409 2616 1461 ad
2649 1408 2914 1462 rationem
2968 1408 3091 1463 ﬁdei
3111 1407 3469 1471 reddendam,
3508 1405 3746 1476 parati—

460 1496 692 1551 validum
715 1511 848 1552 sane
871 1498 1115 1552 veritatis
1135 1497 1347 1571 illorum
1375 1508 1755 1569 argumentum
1787 1508 1889 1553 est.
2130 1511 2235 1566 que
2266 1498 2332 1549 ad
2360 1495 2802 1553 satisfaciendum
2829 1499 3081 1553 omnibus
3111 1498 3511 1565 quaerentibus.
3598 1504 3750 1551 tunc

529 1586 685 1654 Quod
715 1589 764 1643 si
804 1589 926 1657 quis
953 1590 1272 1655 arbitratur,
1328 1589 1543 1645 illorum
1601 1604 1893 1659 quemque,
1949 1590 2031 1646 vel
2133 1588 2295 1641 etiam
2334 1586 2510 1652 Plato,
2534 1596 2588 1643 et
2622 1589 2970 1654 Aristoteles,
2998 1598 3052 1643 et
3075 1588 3285 1644 Cicero
3322 1591 3374 1643 in
3406 1578 3610 1659 lingua
3661 1591 3752 1643 eis

460 1680 600 1746 suis,
623 1688 683 1735 ut
709 1680 941 1749 propriis
967 1690 1022 1735 et
1046 1681 1392 1737 charioribus
1412 1682 1631 1747 favisse,
1665 1684 1759 1741 .vei
1789 1697 1943 1752 poena
1968 1697 2032 1737 ac
2135 1693 2254 1735 esse
2283 1680 2535 1737 debeant.
2561 1680 2669 1736 Sed
2693 1682 2835 1735 enim
2860 1681 3215 1750 quorumdam
3248 1681 3335 1736 isti
3359 1683 3749 1750 sapientiam,

462 1770 729 1838 supplicio
747 1771 1119 1839 perterritum,
1159 1771 1293 1827 nihil
1320 1780 1510 1827 contra
1538 1771 1776 1827 locutum
1810 1772 1983 1827 fuisse
2015 1789 2029 1826 :
2064 1754 2107 1810 Β
2136 1772 2258 1841 quia
2289 1772 2419 1836 ipsis
2437 1772 2752 1827 incumbunt
2772 1773 2923 1837 solis,
2947 1788 3215 1829 summam
3243 1771 3584 1828 esse'dicunt
3617 1791 3632 1825 :
3664 1773 3741 1827 ad

464 1861 696 1927 primum
732 1862 973 1929 quidem,
999 1870 1055 1916 et
1096 1871 1314 1918 nostros
1360 1877 1474 1917 sua:
1494 1862 1730 1917 maxime
1760 1863 2037 1933 opinionis
2139 1878 2274 1933 quos
2306 1864 2687 1931 imperitosire
2717 1864 3034 1932 admouent,
3097 1869 3452 1937 mittuntque,
3501 1865 3747 1922 tumida

466 1963 686 2009 tenaces
712 1954 909 2009 dixerit
932 1954 1202 2023 quispiam
1223 1964 1582 2018 convertens;
1634 1968 1810 2022 neque
1853 1944 2055 2009 tamen‘
2142 1953 2264 2020 ista,
2292 1964 2344 2008 et
2372 1954 2558 2010 inﬂata
2584 1956 2903 2011 discituros.
2966 1984 2969 1985 ν

476 2060 717 2113 unquam
752 2044 1012 2108 defuisse,
1078 2044 1170 2113 qui
1199 2043 1518 2099 Latinorum
1558 2042 1821 2100 Ecclesia:
1882 2059 2041 2099 acce-
2211 2044 2502 2112 Caeterum,
2535 2048 2589 2105 si
2625 2048 2746 2116 quis
2766 2062 2978 2114 eorum,
3009 2046 3080 2125 de
3112 2048 3311 2119 quibus
3330 2049 3608 2118 culpatur,
3641 2061 3746 2102 ra-

468 2136 682 2189 derent.
718 2134 946 2199 Deinde,
1013 2134 1270 2202 possibile
1292 2149 1397 2188 non
1429 2144 1533 2200 est,
1570 2143 1721 2190 tanto
1781 2136 2043 2206 temporis
2145 2139 2344 2194 tionem
2375 2138 2575 2204 reddit,
2647 2145 3067 2209 sanctorumque
3121 2141 3382 2196 doctrinae.
3425 2142 3727 2206 admonet,

471 2236 666 2289 tractu,
703 2225 869 2282 fuisse
895 2224 1128 2293 aliquos,
1153 2224 1243 2293 qui
1269 2224 1548 2279 veritatem
1575 2238 1674 2292 pro
1696 2224 2041 2280 charitatein
2145 2241 2200 2287 et
2227 2246 2347 2300 qum
2375 2230 2733 2301 objiciuntur,
2766 2232 2903 2286 nihil
2936 2232 3137 2287 habere
3184 2233 3382 2287 virium
3455 2233 3740 2296 ostendit,

403 2351 408 2356 -
475 2317 665 2381 υθυιιι,
699 2328 763 2368 π
788 2314 912 2379 “de.
943 2313 1251 2382 futurisque
1282 2314 1520 2383 Ρταὲιῐιῖίε
1577 2314 1832 2369 omnibus
1899 2330 2046 2384 ρτωε
2147 2324 2259 2378 sive
2283 2324 2679 2379 absurditatum
2713 2324 2980 2379 lubricum
3005 2325 3280 2393 insinuat;
3309 2333 3367 2379 ut
3409 2327 3738 2385 curiosum,

474 2405 680 2461 ferrent
709 2422 724 2460 :
753 2414 915 2475 atque
932 2405 1072 2467 ideo,
1091 2412 1411 2475 constanter
1433 2413 1677 2473 agerent,
1704 2405 1864 2460 sicuti
1890 2405 2047 2462 initio

2184 2425 2203 2470 t
2232 2416 2541 2482 verbosum,
2576 2416 2964 2487 conﬁictusque
2996 2424 3292 2483 amantem,
3325 2415 3575 2486 nihilque
3622 2415 3743 2469 uti-

399 2503 406 2510 '
475 2498 599 2553 aliis
626 2497 757 2552 alias
781 2498 1437 2567 causispleriquecomra
1470 2496 2066 2572 tyrannosmaximam.
2149 2506 2253 2562 lem
2295 2507 3603 2578 existimant:ﬁdeiqnesimpiicitatemlaudant,
3675 2514 3740 2561 et

478 2590 768 2644 ostendere
800 2588 1079 2653 ﬁduciam,
1113 2592 1343 2657 quorum
1375 2597 1432 2644 et
1487 2589 1812 2651 nomina,et
1843 2588 2049 2656 scripta

2182 2598 2758 2667 uiscatores‘ingerunt,
2803 2597 2958 2666 quasi
2981 2597 3084 2666 ipsi
3114 2595 3181 2649 ad
3229 2597 3565 2664 piscatorum
3592 2608 3736 2664 gra—

479 2690 717 2746 exstant,
755 2682 1210 2753 quemadmodum
1243 2689 1298 2737 et
1318 2681 1454 2737 alias
1486 2681 1726 2737 haereses
1752 2681 1895 2750 apud
1946 2679 2053 2735 La-
2152 2691 2276 2745 dum
2308 2691 2674 2760 pervenerint,
2701 2689 3024 2759 illm-umque
3063 2688 3412 2758 sapiehtiam,
3453 2698 3507 2743 et
3563 2688 3729 2755 signa

481 2777 624 2832 tinos
651 2777 1013 2849 reprehensas
1044 2775 1471 2846 profligatasque
1509 2774 1781 2830 novimus.
1811 2772 2053 2842 Namque
2154 2779 2274 2834 illos
2293 2778 2573 2849 sequentia
2622 2780 2731 2834 sint
2770 2778 3084 2834 consecuti.
3134 2776 3255 2833 Non
3299 2779 3444 2834 enim
3510 2779 3722 2842 sciunt,

479 2881 538 2927 et
563 2872 703 2941 apud
732 2884 830 2925 nos
859 2868 1095 2939 plurima
1124 2868 1192 2921 ab
1219 2866 1325 2921 illis
1377 2865 1686 2934 conscripta
1741 2871 2052 2918 servantur.
2155 2870 2459 2937 piscatores
2488 2869 2706 2939 quidem
2736 2868 2880 2935 illos,
2916 2869 3230 2939 priusquam
3261 2878 3675 2923 arcesserentur
3694 2882 3727 2919 a
3790 2910 3801 2917 .

484 2962 737 3017 Stultitia:
770 2974 903 3026 ergo
930 2956 1307 3028 plenissimmn
1348 2963 1450 3016 est,
1484 2954 1560 3007 sic
1618 2954 1939 3022 accepimus,
1973 2953 2058 3005 di-
2160 2959 2407 3026 Domino,
2432 2960 2634 3024 fuisse;
2664 2969 2850 3030 postea
2874 2974 3008 3015 τοι-ο
3061 2975 3224 3031 quam
3266 2959 3413 3016 illius
3471 2957 3727 3026 discipuli

2082 3078 2126 3138 α
2159 3048 2335 3104 effecti
2362 3058 2518 3115 sunt,
2578 3050 2699 3106 illos
2756 3053 2906 3121 ipsos
2944 3051 3243 3121 piscatores
3292 3048 3730 3120 sapientissimos

489 3143 614 3197 bum
647 3138 764 3192 sani
791 3136 909 3191 ﬁeri
940 3134 1352 3198 erubescamus,
1385 3146 1563 3199 neque
1591 3131 1779 3185 saltem
1809 3130 2058 3199 antiquos

491 3232 794 3296 imitemur,
827 3228 944 3299 qui,
977 3239 1353 3304 saepenumero
1377 3224 1532 3279 falsis
1551 3223 1895 3291 opinionibus
1925 3234 2063 3291 prae-

494 3325 668 3390 venti,
719 3334 906 3394 postea
951 3319 1351 3387 pmnituerunt,
1382 3330 1504 3369 cum
1529 3314 1609 3369 eis
1636 3313 1898 3368 illuxisset
1922 3311 2064 3365 veri-

493 3429 598 3487 tas,
628 3419 849 3473 minime
887 3414 1294 3475 erubescentes,
1334 3409 1429 3465 sed
1463 3408 1761 3462 referentes
1790 3404 1900 3459 Deo
1931 3417 2062 3475 gra-

494 3511 621 3565 tias.
650 3506 783 3560 Nam
807 3505 984 3572 juxta.
1023 3501 1329 3571 theologum
1367 3498 1686 3566 Gregorium
1726 3513 1740 3549 :
1781 3493 1905 3548 Non
1934 3492 2064 3547 ntali

497 3601 897 3661 transmutatio,
954 3594 1046 3651 sed
1076 3594 1206 3649 mali
1235 3592 1460 3648 servatio
1496 3590 1628 3657 facit
1656 3588 2062 3659 turpitudinem.

568 3694 667 3748 Est
686 3700 865 3747 autem
894 3689 944 3743 id
977 3689 1139 3743 etiam
1183 3684 1509 3750 dementius,
1533 3681 1689 3751 quasi
1719 3694 2066 3735 communem

496 3784 811 3858 dignitatem
840 3779 1224 3852 praeponenda,
1248 3775 1491 3843 singulos
1512 3774 1650 3826 velle
1679 3771 1912 3839 majores
1937 3784 2070 3825 suos

496 3882 639 3934 circa
660 3875 817 3930 iidem
836 3870 1060 3925 imitari.
1083 3867 1452 3935 lgnorantium
1473 3864 1618 3918 enim
1635 3869 1751 3927 est;
1776 3863 1899 3931 quia
1915 3860 2074 3916 Chri-

499 3969 661 4025 stiani
690 3977 902 4028 omnes,
943 3974 1221 4026 nunquam
1251 3959 1352 4011 hoc
1375 3957 1553 4022 ipsum
1587 3961 1789 4016 essent,
1818 3965 2073 4021 magnum

503 4071 556 4113 ct
582 4051 1028 4111 honestissimum
1077 4058 1298 4111 nomen,
1339 4052 1393 4099 et
1439 4058 1547 4109 res,
1583 4042 1628 4095 si
1658 4040 1940 4110 dignitatis
1985 4057 2077 4096 sa-

502 4149 761 4218 pientiam
785 4143 1033 4198 scissent.
1052 4135 1186 4191 Huic
1199 4137 1341 4190 enim
1365 4136 1747 4204 obsequentes,
1768 4133 1931 4202 liquet
1949 4134 2077 4202 quia

506 4253 782 4309 nunquam
814 4248 912 4304 pro
950 4231 1214 4300 majorum
1252 4228 1357 4283 ﬁde
1395 4226 1779 4291 idololatriam,
1817 4226 1898 4281 vel
1921 4227 2076 4294 alias,

504 4327 914 4404 quomodolibet
942 4332 1162 4384 opertas
1200 4321 1457 4387 hereses,
1495 4333 1593 4387 pro
1623 4319 1853 4372 veritate
1921 4333 2077 4372 com-

2163 3140 2230 3193 ab
2253 3140 2368 3207 ipso
2405 3139 2573 3195 fuisse
2615 3138 2916 3195 declaratos
2947 3139 3306 3194 :Benedt‘ctus
3357 3140 3498 3192 enim
3558 3139 3727 3203 Deus,

2163 3226 2356 3295 inquit,
2379 3228 2472 3297 qui
2510 3229 2803 3299 piscatores
2836 3230 3261 3299 sapientissimos
3292 3220 3547 3285 ostendit.

2238 3317 2301 3372 Et
2335 3319 2449 3379 haec
2472 3319 2678 3385 dicunt,
2698 3337 2803 3376 non
2831 3321 2877 3376 si
2902 3321 3025 3392 quis
3049 3322 3103 3375 in
3128 3320 3327 3375 divinis
3353 3320 3514 3375 rebus
3564 3318 3738 3391 syllo-

2166 3409 2355 3479 gismis
2379 3419 2581 3475 utatur,
2605 3412 2958 3482 Platonisque
2984 3423 3039 3467 et
3076 3412 3390 3467 Aristotelis
3437 3411 3739 3465 admisceat

2168 3500 2557 3571 philosophiam
2584 3519 2600 3568 ;
2627 3503 2888 3571 praeclare
2925 3503 3069 3558 enim
3094 3511 3366 3573 ageretur,
3422 3504 3467 3558 si
3517 3514 3739 3574 propter

2171 3594 2291 3654 fidei
2318 3596 2674 3650 reverentiam
2724 3596 2827 3650 ista
2857 3595 2923 3649 de
2949 3594 3359 3665 Scripturarum
3410 3596 3736 3651 auctoritate

2172 3687 2515 3741 docerentur.
2543 3684 2699 3739 Nune
2724 3694 2903 3740 autem
2929 3696 2982 3739 et
3009 3687 3075 3740 ad
3108 3687 3255 3755 ipsos
3295 3684 3418 3742 ﬁdei
3457 3688 3738 3745 terminos,

2175 3775 2572 3845 Scripturaaque
2597 3790 2659 3829 ac
2691 3786 3000 3830 sanctorum
3025 3776 3398 3846 magisterium
3456 3774 3739 3841 impuden-

2177 3874 2254 3920 tes
2288 3866 2442 3933 ﬁunt,
2472 3880 2598 3920 cum
2638 3866 2846 3921 scilicet
2866 3866 2935 3920 ab
2986 3866 3094 3922 illis
3166 3877 3513 3937 urgeantur:
3574 3879 3744 3934 neque

2177 3956 2442 4024 principio
2481 3955 2805 4025 intelligant,
2852 3958 2982 4026 quid
3015 3959 3216 4023 velint,
3287 3958 3597 4029 hujusmodi
3637 3973 3745 4011 au-

2180 4056 2284 4101 tem
2306 4047 2741 4102 cavillationibus
2765 4062 2864 4118 pro
2895 4047 3151 4118 suffugio,
3177 4058 3233 4104 et
3253 4048 3575 4104 diverticulo
3590 4059 3745 4103 utan-

2181 4147 2267 4190 tur
2302 4137 2464 4208 sepiae
2489 4139 2540 4193 in
2566 4153 2771 4194 morem
2805 4154 2945 4209 quae,
2978 4149 3034 4193 ut
3067 4140 3366 4209 piscatores
3413 4139 3638 4210 effugiat
3694 4148 3749 4195 et

2180 4226 2365 4295 lateat,
2395 4239 2758 4285 atramentum
2786 4242 2913 4286 ante
2934 4244 2996 4285 se
3026 4231 3218 4286 vomit.
3248 4230 3356 4299 Ipsi
3393 4238 3578 4287 tamen
3625 4244 3745 4285 cum

2183 4320 2382 4391 aliquid
2426 4323 2605 4378 dicere
2646 4322 2816 4377 videri
2859 4323 3067 4384 volunt,
3102 4322 3158 4376 in
3213 4321 3415 4391 angulo
3432 4335 3562 4377 suos
3619 4320 3749 4373 allo-

509 4427 829 4484 mutassent,
856 4433 991 4488 quas
1006 4415 1196 4469 Palres
1222 4413 1434 4471 illorum
1453 4410 1625 4466 secuti
1654 4418 1857 4464 essent.
1877 4407 2075 4465 Verum
2108 4407 2159 4468 D
2186 4413 2842 4482 quentes,obliviscuntur
2872 4413 3091 4483 quidem
3152 4414 3389 4482 regulas,
3453 4426 3587 4481 quas
3632 4411 3749 4465 aliis

509 4521 617 4587 his,
646 4518 720 4574 illi
749 4513 1150 4575 valefacientes,
1174 4508 1396 4564 Christo
1436 4505 1675 4577 adjuncti
1704 4513 1853 4559 sunt.
1878 4503 2084 4574 Nempe

507 4614 651 4668 enim
681 4620 736 4665 et
764 4608 981 4665 beatum
1014 4601 1308 4672 culpabant
1342 4598 1593 4663 Paulum,
1626 4597 1773 4666 quod
1816 4611 1922 4649 non
1960 4611 2085 4649 um-

510 4706 620 4759 ἱππ
648 4701 782 4771 legis
806 4697 1078 4774 assidens,
1112 4691 1390 4762 Evangelii
1421 4697 1741 4760 persecutor
1806 4701 1928 4741 esse
1961 4700 2085 4755 pcr-
2132 4700 2136 4704 ‘

508 4797 737 4855 stiterit.
758 4796 820 4848 Et
845 4792 974 4849 illud
996 4788 1156 4846 simul
1181 4791 1458 4849 asserunt,
1492 4797 1602 4838 non
1626 4789 1879 4853 Oportere
1932 4780 2091 4836 Occi—

513 4889 779 4951 dentales,
803 4884 1032 4951 omisso,
1059 4879 1203 4951 quod
1251 4877 1462 4942 dicunt,
1487 4874 1555 4931 de
1605 4881 1795 4930 sancto
1854 4872 2088 4939 Spiritu,

517 4983 602 5036 his
627 4976 880 5034 assentiri
908 4974 1137 5035 debere,
1169 4984 1289 5040 qua:
1311 4970 1569 5024 dicuntur
1598 4967 1666 5021 ab
1713 4966 1868 5034 ipsis.
1930 4962 2087 5018 Unde

516 5070 663 5127 enim
690 5068 809 5123 istis
838 5063 1170 5136 persuadere
1194 5069 1454 5131 poterunt
1505 5060 1695 5114 eadem
1756 5071 1865 5125 prae
1900 5070 1959 5110 sc
2016 5053 2095 5107 fe-

523 5162 810 5227 rentibus;
856 5156 1128 5228 quomodo
1157 5163 1214 5210 et
1282 5152 1593 5208 infidelibus
1616 5150 1681 5205 de
1727 5148 1931 5205 Christi
1990 5144 2096 5201 ﬁde

522 5256 840 5324 loquentur,
877 5246 972 5318 qui
1014 5244 1393 5300 inﬁdelitatem
1421 5259 1448 5297 a
1486 5241 1783 5306 majoribus
1806 5239 1920 5293 suis
1943 5249 2099 5290 acce-

522 5350 722 5419 perunt
749 5343 789 5398 i'
814 5341 870 5396 Si
907 5339 1070 5409 igitur
1096 5336 1221 5391 talia
1243 5343 1471 5406 possunt
1497 5333 1562 5387 ad
1588 5331 1817 5387 invicem
1842 5328 2100 5397 utrinque

524 5436 795 5503 conversi,
820 5433 945 5505 quid
971 5429 1184 5485 roboris
1206 5427 1426 5492 habebit
1443 5427 1684 5495 ipsorum
1710 5423 1887 5479 ratio?
1910 5420 2102 5476 Nonne

522 5545 657 5600 ergo
689 5528 859 5596 magis
883 5525 1188 5597 proprium,
1214 5531 1267 5576 et
1293 5519 1424 5574 utile
1451 5524 1555 5580 cst,
1589 5516 1809 5570 omissis
1830 5511 2102 5581 anticipa-

525 5619 771 5676 tionibus
801 5617 1077 5683 omnibus,
1102 5614 1388 5669 veritatem
1443 5608 1778 5675 ipsam,per’
1826 5619 1885 5659 se
1933 5604 2102 5671 ipsam

523 5712 684 5787 nurui
707 5710 887 5766 studio
928 5718 981 5765 et
1010 5724 1140 5765 cura
1166 5701 1464 5775 indagare?
1496 5700 1547 5755 Id
1574 5714 1707 5755 sane
1739 5699 1976 5754 virorum
1998 5706 2095 5766 cst,

2184 4506 2286 4575 ipsi
2338 4512 2658 4575 posuerunt,
2691 4520 2792 4560 ccu
2843 4504 3143 4572 sapientiae,
3181 4504 3453 4573 jactantes
3501 4504 3660 4558 fanda
3697 4512 3753 4558 et

2186 4594 2428 4662 infanda,
2448 4605 2503 4651 et
2524 4611 2642 4666 qua:
2668 4611 2833 4666 supra
2853 4596 3109 4661 diximus,
3133 4607 3189 4651 et
3208 4597 3449 4652 scribunt
3472 4606 3526 4649 et
3549 4596 3751 4649 dicunt.

2258 4688 2442 4756 Atqui,
2477 4686 2521 4742 si
2561 4686 2777 4757 quidem
2831 4682 3368 4742 omnem'rationem
3399 4684 3752 4758 rejicieudam

2188 4778 2545 4845 arbitrantur,
2586 4778 2846 4850 quodque
2882 4786 3083 4849 praeter
3136 4779 3409 4834 rationem
3439 4790 3542 4843 est,
3587 4775 3759 4831 sust-i-

2192 4870 2367 4941 piunt,
2391 4872 2519 4940 quid
2546 4870 2758 4926 tandem
2790 4884 2921 4925 suos
2947 4869 3082 4925 istos
3103 4869 3267 4926 etiam
3299 4879 3506 4939 septem
3536 4866 3761 4935 Sapien-

2196 4962 2339 5017 tibus
2369 4960 2682 5030 praeferunt,
2703 4961 2899 5029 quibus
2920 4960 3266 5018 conferentes
3292 4970 3543 5026 caeteros,
3577 4957 3758 5014 ludum

2194 5068 2317 5109 esse
2366 5066 2656 5123 puerorum
2702 5054 2913 5120 dicunt,
2973 5053 3277 5123 quibusque
3332 5066 3524 5106 omnes
3572 5050 3764 5105 cedere

2198 5143 2422 5199 volunt?
2481 5144 2537 5198 Si
2597 5144 2744 5200 enim
2799 5158 2865 5199 ex
2896 5143 3112 5199 illorum
3170 5141 3441 5213 sapientia
3497 5139 3761 5199 nituntur,

2199 5238 2402 5308 plures,
2456 5246 2619 5308 atque
2673 5237 3057 5308 sapientiores,
3103 5235 3198 5304 qui
3249 5234 3331 5288 eis
3385 5232 3763 5292 adversantur.

2201 5330 2369 5386 fuisse
2428 5330 2787 5399 comperient.
2835 5328 3092 5384 Profecto
3141 5327 3286 5382 enim
3335 5320 3767 5379 Occidentalium

2202 5424 2466 5492 Sapientia
2498 5424 2725 5478 excellet
2754 5437 2770 5477 :
2814 5420 2858 5474 si
2890 5430 3071 5473 autem
3101 5419 3249 5487 quod
3281 5417 3501 5485 sapiens
3548 5420 3602 5467 et
3650 5423 3768 5464 cum

2206 5516 2414 5569 ratione
2445 5525 2552 5575 εει.
2583 5522 2636 5567 et
2666 5510 2768 5581 ipsi
2801 5508 3126 5578 suscipiunt,
3157 5516 3319 5577 atque
3360 5504 3482 5558 ideo
3512 5501 3579 5556 de
3621 5496 3769 5554 Scri-

2206 5606 2385 5677 pturis
2414 5606 2760 5676 'prrsnadere
2791 5609 3062 5655 conantur
3100 5615 3116 5655 :
3159 5610 3496 5667 nequaquam
3542 5605 3636 5648 eos
3681 5585 3773 5657 qui

2211 5714 2394 5756 secum
2439 5700 2733 5760 disserunt,
2771 5693 3008 5764 abjiccre
3037 5691 3325 5748 debebunt.
3363 5702 3498 5756 quos
3526 5684 3600 5749 id,
3630 5678 3771 5749 quod

3546 5870 3584 5905 (⁵
