4114 6306
273 240 278 246 ·
328 211 425 277 221

1421 227 1827 294 ADVERSUS
1860 234 2178 296 GR/ECOS
2211 236 2360 300 LIB-
2398 239 2502 306 Ιν.

3468 247 3574 308 222

330 328 623 383 secundum
654 330 918 386 rationem
945 347 1008 387 ex
1053 331 1136 388 his
1163 347 1282 402 qum
1311 349 1568 392 concessa
1604 349 1754 405 sunt,
1783 341 1901 411 pluo
1928 345 1979 404 Α
2003 359 2098 399 eos
2121 347 2383 401 adversus
2409 347 2566 400 ﬁdem
2592 348 2828 404 validum
2851 360 3039 407 contra
3074 354 3278 409 inferre
3299 371 3534 427 arguens
3557 401 3573 423 ,

331 417 478 471 rihus
502 435 564 471 ex
601 419 846 488 partibus
878 423 1144 490 seq-uitur.
1173 421 1287 476 Non
1326 425 1466 476 enim
1496 425 1577 480 his
1610 427 1772 482 licere
1793 429 1896 484 sibi

329 509 403 562 nti
441 510 645 578 dicent,
681 511 800 564 aliis
835 528 962 566 vero
996 529 1100 567 non
1140 515 1321 568 itidem
1354 513 1518 570 licere
1544 532 1558 570 :
1587 521 1732 588 quod
1764 519 1900 573 irra-

331 601 661 655 tionabiliter
689 603 1127 659 distribuentium
1161 616 1264 662 est.

397 715 786 770 Conteslantur
825 729 1006 773 autem
1067 730 1118 775 et
1155 725 1346 777 Arium
1398 733 1453 778 et
1502 723 1622 792 eius
1670 722 1894 785 similes,

270 794 278 802 ’
333 809 546 874 quoties
577 821 670 861 eos
701 809 842 863 ratio
869 809 1164 877 defecerit;
1201 812 1369 869 fuisse
1431 815 1649 884 quidem
1685 829 1779 868 eos
1809 829 1898 867 sa.

331 899 534 966 pientia
571 900 834 968 insignes,
881 902 1019 956 ultra
1069 915 1284 958 sanctos
1316 919 1525 965 omnes.
1574 916 1898 971 asserentes,

327 992 422 1044 sed
457 991 621 1044 veluti
659 992 940 1049 haereticos
961 995 1031 1048 ab
1060 996 1301 1051 Ecclesia
1333 997 1535 1066 ejeetos
1567 998 1897 1063 inferentes;

330 1081 572 1147 nihilque
597 1085 790 1136 mirum
826 1095 932 1148 est,
975 1087 1025 1138 si-
1054 1088 1176 1154 quis
1204 1088 1419 1154 sapiens
1455 1103 1575 1142 cum
1621 1089 1709 1148 sit,
1755 1088 1902 1141 aliud

333 1173 564 1240 aliquid,
595 1183 789 1240 praeter
827 1176 876 1228 id
927 1177 1071 1243 quod
1125 1176 1225 1244 ipsi
1263 1178 1470 1241 volunt,
1503 1179 1568 1232 de
1611 1179 1714 1233 ﬁde
1740 1169 1924 1233 dicit.‘

332 1255 398 1309 Et
454 1259 628 1320 ipsum
693 1261 840 1314 enim
893 1261 1246 1319 nihilominus
1306 1276 1523 1334 propter
1577 1270 1900 1338 sapientiam

333 1344 507 1402 fuisse
554 1348 893 1404 damnatum.
931 1349 1056 1408 Haec
1104 1363 1284 1408 autem
1332 1357 1595 1419 dicentes,
1649 1359 1900 1414 doctores

332 1441 612 1508 ambiguos
648 1441 880 1497 faciunt.
934 1443 1066 1499 Nam
1121 1447 1164 1499 si
1204 1447 1439 1502 infidelis
1489 1460 1571 1503 est
1607 1451 1896 1519 sapientia,

330 1531 631 1584 cavendum
670 1533 824 1586 nobis
853 1543 956 1598 est,
988 1548 1052 1587 ne
1075 1537 1350 1604 sapientiae
1371 1552 1534 1592 causa
1567 1539 1669 1593 illis
1694 1541 1901 1594 obtem-

331 1631 585 1687 perantes
633 1623 905 1689 fallamur,
959 1637 1016 1683 et
1047 1631 1173 1684 circi
1229 1647 1402 1687 caecos
1437 1644 1724 1702 sequentes
1754 1651 1898 1705 prte-

327 1712 637 1780 cipitemur,
672 1725 835 1786 atque
895 1720 1429 1778 irrationabilitatem
1485 1727 1714 1781 rationis
1766 1744 1895 1782 nor-

331 1819 472 1857 mam
506 1819 876 1871 assumentes,
905 1827 1000 1880 per
1040 1813 1182 1868 hanc
1208 1815 1373 1870 veluti
1419 1817 1473 1870 in
1503 1820 1738 1875 tenebris
1769 1823 1896 1876 caeci

329 1895 883 1974 oberremus;sitn'ul
938 1913 1120 1958 autem
1173 1915 1228 1960 et
1254 1916 1442 1962 contra
1492 1919 1711 1964 sanctos
1743 1925 1897 1964 men-

329 1985 559 2042 tiuntur.

395 2099 581 2169 Neque
621 2105 764 2156 enim
803 2105 962 2161 Arius
1008 2115 1060 2160 et
1092 2107 1416 2178 Eunomius,
1457 2119 1512 2165 et
1568 2113 1657 2167 alii
1709 2113 1899 2186 hujus-

331 2193 475 2246 modi
530 2193 726 2249 Basilio
768 2204 827 2251 et
863 2196 1144 2267 Gregorio,
1181 2209 1234 2254 et
1277 2203 1489 2258 trieteris
1540 2204 1898 2271 sapientiores

331 2281 587 2354 fuerunt;
616 2287 729 2354 qui,
762 2287 805 2341 si
839 2289 1054 2357 quidem
1093 2291 1542 2349 irrationabiliter
1568 2296 1895 2363 persuadere

330 2377 516 2442 velint,
552 2380 673 2446 quis
708 2381 990 2436 attendere
1022 2385 1315 2453 dignetur?

399 2487 453 2541 Si
491 2500 668 2544 autem
719 2505 814 2546 eos
858 2505 1039 2548 mente
1089 2503 1141 2548 et
1183 2497 1392 2552 ratione
1425 2498 1701 2566 praeditos,
1735 2509 1897 2569 atque

327 2579 574 2632 eordatos
608 2580 792 2634 dicunt
828 2592 879 2636 et
931 2599 990 2638 se
1021 2587 1166 2652 ipsos
1211 2589 1516 2644 destruunt.
1548 2589 1701 2645 Unde
1752 2594 1896 2647 enim

325 2669 463 2731 suis,
494 2684 632 2736 quos
665 2671 718 2723 itt
754 2673 1016 2741 sapientia
1053 2677 1339 2741 mirantur,
1383 2680 1543 2733 ﬁdem
1595 2681 1896 2736 habendam

326 2770 550 2826 propter
600 2760 740 2815 hanc
790 2765 1074 2818 ostendere
1110 2777 1386 2835 poterunt,
1440 2770 1484 2823 si
1533 2773 1900 2828 communiter

327 2858 590 2916 arguatur
616 2853 923 2919 sapientia?
949 2857 1155 2924 Itaque,
1188 2874 1294 2913 non
1327 2861 1494 2928 magis
1520 2871 1706 2916 contra
1743 2864 1894 2929 istos,

325 2952 487 3005 quam
520 2949 707 2995 contra
741 2943 876 2997 alios
907 2944 1135 3012 dicetur,
1179 2947 1222 3002 si
1263 2949 1541 3019 sapientiae
1572 2967 1736 3007 causa
1767 2968 1897 3008 con-

325 3027 532 3097 tigerit,
566 3041 621 3083 ut
651 3032 878 3087 veritate
909 3032 1261 3093 frustrentur.

397 3140 505 3195 Sed
560 3143 803 3212 profecto
837 3148 1106 3215 sapientia
1141 3165 1237 3217 per
1282 3167 1341 3206 se
1390 3153 1589 3207 malum
1651 3170 1754 3209 non
1789 3165 1890 3212 est.

323 3231 440 3288 Non
473 3237 694 3297 enimsi
734 3238 856 3306 quis
880 3254 940 3293 ea
969 3252 1161 3309 praeter
1186 3244 1448 3298 rationem
1481 3261 1609 3303 usus
1637 3258 1739 3310 est,
1781 3249 1891 3316 ipsa

325 3325 587 3380 continuo
625 3327 678 3380 in
707 3332 862 3395 culpa
899 3332 1021 3386 erit.
1073 3333 1177 3387 Sed
1225 3350 1400 3404 neque
1439 3337 1525 3390 ille
1558 3339 1775 3406 sapiens
1809 3341 1894 3390 di-

326 3419 538 3471 cendus
597 3429 701 3485 est,
736 3422 825 3487 qui
877 3425 1151 3479 mendacia
1187 3427 1465 3496 conﬁngit.
1515 3428 1701 3498 Neque
1749 3432 1891 3483 enim

324 3507 556 3561 scientia
608 3519 770 3579 atque
823 3513 1125 3580 sapientia;
1172 3518 1268 3570 sed
1319 3526 1531 3582 contra,
1585 3519 1800 3573 inscitia
1843 3529 1896 3572 et

321 3597 657 3666 insipientia,
709 3602 801 3670 qui
844 3607 1198 3670 mentiuntur,
1233 3615 1457 3661 utuntur
1509 3620 1563 3663 et
1602 3609 1750 3670 alios
1798 3611 1894 3663 fal-

322 3686 440 3741 lunt
473 3707 487 3742 :
529 3689 692 3744 sicuti
735 3707 908 3760 neque
951 3695 1285 3762 gubernator
1323 3700 1515 3753 merito
1549 3699 1772 3766 dicitur,
1799 3701 1892 3770 qui

321 3798 514 3836 navem
561 3784 819 3852 perdidit,
853 3770 1031 3856 neque
1065 3790 1327 3853 medicus,
1353 3794 1444 3860 qui
1493 3792 1766 3848 inﬁrmum
1801 3810 1894 3862 pe-

324 3875 501 3929 remit.
558 3875 746 3943 Neque
777 3877 918 3930 enim
971 3891 1234 3947 quantum
1287 3885 1624 3950 gubernator
1649 3895 1754 3949 est,
1811 3888 1895 3942 vel

322 3965 584 4028 medicus,
615 3966 708 4019 sed
746 3966 796 4019 in
835 3977 1098 4035 quantum
1136 3971 1344 4038 peritiae
1375 3986 1486 4026 suae
1515 3989 1702 4027 norma
1751 3987 1894 4031 uter-

320 4069 422 4124 que
459 4055 685 4120 excidit,
744 4057 884 4110 istud
937 4060 1222 4129 centingit.
1265 4059 1380 4116 Non
1438 4074 1615 4118 tamen
1677 4078 1896 4135 propter

321 4144 647 4213 imperitiam
679 4164 890 4212 eorum,
938 4152 1052 4205 sive
1104 4153 1388 4219 malitiam,
1421 4155 1504 4208 vel
1545 4157 1890 4225 gubernatio,

323 4238 399 4291 vel
435 4239 706 4293 medicina
743 4255 838 4308 per
873 4257 932 4296 se
989 4243 1185 4296 malum
1237 4254 1342 4299 est.
1399 4244 1569 4301 Nemo
1601 4247 1746 4300 enim
1799 4264 1893 4317 per

2002 437 2160 491 sicuti
2211 438 2482 504 prioribus
2519 443 2853 506 temporibus
2888 446 3095 514 antiqui
3151 447 3408 504 Ecclesia:
3458 470 3574 506 ma-

2000 528 2152 597 gistri
2187 527 2488 590 faciebant;
2527 520 2728 600 quippe
2756 535 2906 598 juxta
2933 549 3183 602 magnum
3216 538 3475 592 Basilium
3521 543 3572 595 in

2000 620 2337 685 expositione
2379 634 2544 687 super
2589 621 2777 675 Isaiam
2828 640 2842 676 :
2885 623 3070 677 Murus
3117 635 3195 679 est
3243 628 3575 697 dogmatibus

2003 709 2196 762 nostris
2244 721 2471 766 externa:
2512 713 2788 780 sapientia:
2839 717 2951 778 vis,
3000 733 3105 770 non
3159 735 3221 771 ea
3273 722 3574 784 permittens

2001 802 2288 856 volentibus
2337 803 2520 871 facilia
2578 806 2647 858 ad
2704 807 3016 875 capiendum
3095 825 3160 862 ac
3221 810 3574 879 diripiendum

2002 894 2139 961 ﬁeri.

2073 1007 2174 1072 Qui
2231 1009 2542 1078 huiusmodi
2581 1022 2660 1066 est
2688 1052 2701 1075 ,
2753 1028 3032 1081 nunquam
3087 1024 3310 1083 prepter
3351 1015 3576 1082 sapien-

2005 1100 2156 1163 tiam,
2192 1117 2379 1154 norma
2412 1104 2690 1168 sapientia:
2723 1115 3030 1158 sanctorum
3065 1105 3117 1158 in
3153 1106 3348 1158 divinis
3395 1118 3574 1169 utens,

2005 1199 2062 1240 ut
2100 1190 2376 1245 mentiens
2429 1192 2635 1259 culpari
2691 1179 2941 1261 poterit:
2994 1184 3230 1262 alibqnin
3269 1205 3324 1248 et
3369 1195 3487 1247 illos
3519 1204 3575 1248 ut

2002 1290 2351 1345 corruptores
2379 1297 2482 1334 una
2510 1282 2813 1350 ejiciemus.
2843 1273 2972 1337 illoc
3002 1285 3144 1336 enim
3171 1284 3345 1352 ipsum
3381 1285 3569 1338 Arium

2003 1369 2243 1422 Ecclesia
2276 1371 2505 1438 expulit,
2537 1375 2678 1440 quod
2733 1373 2962 1439 plurima
3021 1389 3082 1426 ex
3133 1374 3238 1437 his,
3271 1391 3388 1441 qua:
3425 1373 3575 1426 Scri-

2002 1472 2176 1528 ptura:
2223 1465 2547 1516 auctoritate
2595 1471 2649 1516 et
2695 1463 2800 1518 fide
2835 1479 3095 1518 concessa
3131 1476 3279 1530 sunt,
3329 1465 3570 1531 subjecta

2005 1552 2172 1620 ipsius
2205 1554 2592 1622 propositione,
2628 1555 2977 1608 tollebantur.

2073 1662 2174 1718 llic
2225 1675 2429 1726 autem,
2484 1676 2542 1717 ut
2585 1675 2864 1717 ostensum
2923 1674 3026 1726 est,
3067 1664 3199 1718 nihil
3260 1664 3568 1733 hujusvnodi

2001 1752 2286 1819 contingit.
2319 1753 2416 1819 Qui
2451 1753 2592 1805 enim
2632 1768 2693 1806 ex
2723 1754 2837 1806 solo
2868 1753 3027 1806 Patre
3061 1757 3350 1821 procedere
3386 1756 3572 1810 dicunt
3629 1791 3648 1800 -

2002 1844 2263 1912 Spiritum
2296 1851 2563 1902 sanctum,
2618 1858 2711 1895 eos
2765 1844 2969 1905 omnia,
3000 1855 3190 1910 prazter
3235 1844 3570 1910 Srripturam

2002 1949 2064 1988 ac
2099 1945 2412 1989 sanctorum
2465 1935 2750 1996 ratioaem,
2789 1945 3107 2003 sequuntur.
3147 1934 3248 2000 Qui
3283 1947 3463 1988 autem
3506 1953 3570 1990 ex

2003 2036 2255 2093 utroque,
2307 2024 2558 2078 videlicet
2615 2041 2677 2078 ex
2730 2025 2890 2079 Patre
2928 2043 3021 2095 per
3063 2024 3258 2079 Filium
3312 2025 3572 2091 fatentur,

1999 2131 2089 2171 eos
2116 2117 2296 2171 omnia
2322 2117 2618 2170 secundum
2653 2118 2916 2170 rationem
2949 2119 3128 2187 sequi,
3155 2122 3569 2187 cOmprohatur;

1998 2224 2117 2263 cum
2157 2223 2334 2278 neque
2390 2208 2591 2276 aliquid
2631 2224 2697 2262 ex
2751 2209 3047 2278 suppositis
3103 2209 3342 2270 tollatur,
3401 2225 3573 2278 nequc

1997 2301 2288 2354 absurdum
2349 2299 2569 2367 aliquod
2632 2299 3032 2354 inlroducal‘ur.
3088 2299 3156 2354 At
3216 2300 3305 2352 ille
3349 2301 3572 2367 quidem

2000 2391 2218 2444 minime
2250 2391 2327 2443 vel
2357 2391 2623 2445 eatltolico
2656 2391 3062 2460 universalique
3101 2392 3337 2445 concilio
3394 2391 3540 2443 credi
3562 2419 3576 2429 η

1998 2483 2094 2544 dit,
2123 2481 2204 2535 vel
2239 2482 2304 2533 ad
2350 2497 2692 2535 communem
2735 2483 3030 2546 Ecclesiam
3063 2483 3344 2536 attendere
3383 2483 3569 2537 voluit.

1998 2573 2205 2627 Idcirco
2232 2572 2393 2625 ctiam
2439 2572 2710 2640 propriam
2745 2575 3054 2646 quamdam,
3105 2584 3298 2640 praeter
3331 2589 3574 2625 commu-

2004 2677 2149 2723 nem,
2179 2662 2320 2713 viatn
2369 2661 2448 2714 ire
2494 2663 2703 2725 volens,
2737 2663 3021 2714 hmretieus
3073 2662 3194 2716 fttit.
3245 2661 3340 2716 llic
3391 2673 3572 2716 autem

1999 2750 2088 2818 qui
2133 2749 2461 2803 Occidentali
2511 2749 2766 2806 Ecelesiae
2799 2753 3056 2814 adhaeret,
3113 2763 3307 2821 prmter
3347 2752 3396 2804 id
3431 2753 3570 2820 thO'l

1999 2838 2252 2891 omnibus
2305 2840 2589 2892 catholica.-
2649 2841 2901 2895 Ecclesiae
2962 2843 3234 2910 magistris
3291 2842 3568 2912 congruit,

2001 2930 2290 2982 universali
2339 2933 2500 2982 etiam
2528 2933 2732 2999 synodo
2759 2933 3115 3000 obtemperet,
3149 2935 3198 2985 in
3233 2950 3334 3002 qua
3369 2934 3565 2989 Orien-

1924 3034 1965 3090 C
2003 3022 2218 3083 talibtts,
2235 3020 2781 3091 Occidentalibusquc
2804 3025 3276 3087 convenientibus,
3297 3027 3571 3079 communi

2001 3114 2270 3167 sententia
2307 3113 2585 3166 deﬁnitum
2644 3125 2747 3179 est,
2797 3131 3140 3170 communem
3195 3133 3313 3170 esse
3347 3129 3571 3170 sancto-

1998 3219 2114 3257 rutn
2152 3205 2390 3256 omniunt
2444 3205 2772 3272 Opinionettt,
2909 3205 3067 3260 Patre
3115 3218 3168 3260 et
3218 3207 3352 3260 Filio
3388 3225 3573 3276 prore-

1999 3293 2127 3346 dere
2165 3293 2430 3362 Spiritum
2458 3303 2729 3366 sanctum,
2766 3294 3171 3363 Ecclesiamque
3216 3298 3262 3348 id
3294 3297 3573 3360 confiteri,

1998 3397 2024 3432 a
2060 3398 2162 3450 qua
2191 3382 2333 3434 nulla
2366 3397 2601 3449 unquam
2630 3383 2788 3435 fallax
2836 3391 2901 3438 de
2941 3387 3043 3438 title
3084 3388 3349 3439 sententia
3389 3402 3573 3438 mana-

1998 3474 2094 3524 vit.

2069 3587 2173 3641 Sed
2215 3603 2279 3640 ne
2325 3586 2523 3639 B.isi|io
2555 3588 2796 3654 quidem,
2831 3598 2886 3642 et
2931 3587 3193 3657 Gregorio
3246 3592 3572 3659 carioris-quc

1997 3680 2266 3734 similibus
2312 3680 2688 3744 crederemus,
2737 3682 3015 3747 sapientiae
3047 3697 3232 3742 causa,
3272 3683 3370 3734 nisi
3423 3686 3573 3750 prius

1997 3774 2119 3843 ipsi,
2154 3773 2422 3827 haereticis
2457 3774 2578 3828 aliis
2614 3773 2717 3826 alia
2769 3773 3093 3838 dicentibus,
3129 3772 3434 3840 huiusmodi
3471 3775 3574 3828 Ec-

1996 3866 2171 3921 clesiaa
2217 3866 2352 3918 uniti
2387 3877 2590 3926 essent,
2632 3877 2795 3934 atque
2846 3882 2875 3920 a
2917 3866 3199 3921 catholicis
3245 3868 3467 3936 synodis
3505 3867 3572 3919 ab

1995 3978 2056 4018 ea
2089 3956 2427 4032 congregatis
2460 3963 2671 4032 probati
2720 3961 2978 4025 fuissent,
3013 3971 3175 4030 atque
3205 3965 3268 4015 ad
3298 3963 3416 4016 illos
3448 3973 3569 4016 tan-

1959 4068 2156 4122 -quam
2196 4053 2440 4108 veritatis
2473 4055 2786 4122 magistros,
2839 4053 3084 4106 Ecclesia
3135 4054 3417 4121 dirigeret.
3463 4055 3568 4105 Sed

1999 4160 2174 4214 neque
2210 4154 2428 4199 sanctus
2455 4158 2550 4198 eos
2594 4154 2927 4209 putaremus,
2965 4144 3009 4196 si
3044 4152 3235 4197 contra
3269 4144 3412 4197 illam
3445 4160 3569 4196 cunt

1997 4238 2118 4292 aliis
2173 4238 2595 4291 reluctareutur.

319 4331 419 4384 ista
458 4344 796 4387 servaretur.
856 4332 1026 4404 Igitur
1073 4352 1173 4392 nec
1220 4337 1486 4406 sapientia
1527 4350 1745 4409 pt0pter
1797 4356 1891 4395 eos
1927 4357 1966 4411 ι)
2068 4351 2172 4405 Eos
2203 4351 2344 4404 enim
2378 4352 2471 4420 qui
2505 4366 2602 4418 per
2643 4351 2695 4403 id
2745 4351 3007 4420 temporis
3056 4351 3129 4404 illi
3161 4365 3265 4403 non
3295 4352 3572 4416 obtempc-

320 4425 407 4490 qui
446 4425 530 4480 illa
567 4427 890 4490 abutuntur,
919 4428 1116 4482 malum
1149 4441 1261 4494 est;
1293 4446 1452 4485 nemo
1481 4433 1624 4486 enim
1660 4447 1783 4486 vera
1812 4433 1891 4486 di-

321 4525 483 4580 ceret,
529 4517 758 4583 sapiens
785 4518 875 4587 qui
915 4528 1098 4586 esset;
1156 4519 1227 4574 ita
1282 4530 1335 4575 et
1369 4534 1559 4580 omnes
1610 4523 1892 4594 theologos

319 4606 528 4660 menliri
578 4606 906 4664 diceremus.

384 4696 566 4766 Itaque
598 4700 642 4753 si
677 4701 799 4767 quis
832 4703 1016 4757 modos
1043 4702 1332 4758 verborum
1370 4717 1432 4757 ac
1464 4717 1646 4757 rerum
1682 4705 1891 4770 sciens,

320 4795 478 4856 utque
515 4805 568 4844 tn
601 4790 716 4842 Deo
745 4791 889 4845 aliud
924 4793 1142 4863 quidem
1180 4796 1451 4850 ineffabile
1481 4805 1583 4863 est,
1611 4798 1750 4850 aliud
1784 4814 1890 4852 nou

323 4878 423 4945 ita;
457 4881 612 4948 juxta
667 4879 1060 4936 Damascenum
1115 4886 1281 4950 enim,
1317 4901 1492 4954 neque
1534 4888 1714 4941 omnia
1765 4898 1894 4940 sunt

322 4967 634 5037 ineﬁ'ahilia,
672 4986 847 5040 neque
869 4973 1050 5028 omnia
1074 4974 1331 5039 eﬂ‘abilia,
1367 4991 1739 5047 concessaque
1767 4978 1889 5032 ﬁdei

321 5062 579 5132 principia
606 5078 943 5132 supponens,
981 5065 1109 5132 quid
1139 5065 1241 5118 hoc
1269 5069 1576 5135 supposito,
1609 5079 1892 5137 sequatur,

322 5153 444 5220 quid
482 5156 787 5220 auferatur,
827 5156 1068 5226 inspicit,
1097 5164 1150 5212 et
1186 5157 1349 5211 infert
1382 5160 1662 5226 sequentia
1690 5159 1892 5228 princi-

325 5248 421 5312 piis
479 5262 743 5302 consona.
786 5249 862 5302 Ac
922 5250 1079 5302 ﬁdem
1132 5250 1348 5317 quidem
1386 5252 1626 5304 externis
1677 5265 1892 5320 quoque

325 5340 619 5396 rationibus
671 5342 886 5396 ostendi
939 5356 1116 5411 posse,
1164 5343 1426 5408 conlidit,
1475 5343 1646 5397 solani
1709 5354 1888 5398 autem

271 5473 274 5478 .
327 5442 539 5498 propter
604 5435 1018 5500 revelationem,
1080 5447 1506 5504 sanctorumque
1559 5437 1886 5504 theologiam

323 5523 521 5589 credit;
558 5525 960 5595 philosophiam
987 5541 1114 5581 vero
1139 5529 1298 5582 veluti
1325 5530 1578 5582 ancillam
1607 5530 1886 5598 theologi-.13

327 5613 579 5685 adiungit,
633 5632 698 5672 ac
728 5635 821 5688 per
846 5621 983 5676 hanc
1033 5621 1226 5678 refutat
1261 5622 1714 5689 calumniatores;
1753 5624 1878 5676 nihil

2000 4453 2252 4496 raverunt
2303 4443 2418 4496 sive
2468 4442 2960 4505 contradixerunt,
3013 4454 3386 4496 exsecramur.
3452 4437 3570 4491 Non

1998 4534 2178 4599 itaque
2207 4534 2383 4587 solum
2435 4541 2647 4599 oportet
2692 4547 2812 4586 esse
2866 4533 3194 4600 sapientem.
3242 4529 3355 4582 Nisi
3393 4529 3570 4580 adsint

1996 4634 2211 4689 ctetera,
2242 4639 2297 4680 et
2329 4624 2703 4691 principaliter
2738 4622 2990 4676 Ecclesiae
3025 4621 3282 4686 dogmata
3314 4623 3571 4672 contitea-

2002 4725 2108 4778 tur,
2171 4715 2569 4783 quantumlibet
2619 4714 2853 4782 quisque
2907 4713 2980 4765 sit
3045 4711 3290 4778 sapiens,
3355 4710 3564 4762 delirat.

2000 4809 2221 4875 Oportet
2264 4809 2406 4862 enim
2447 4806 2739 4860 Ecelesiam
2787 4803 3038 4858 stabilem
3085 4816 3302 4870 semper
3339 4801 3391 4855 iti
3429 4801 3572 4856 veri-

2003 4907 2110 4952 tate
2137 4901 2456 4959 consiste're,
2485 4897 2536 4951 id
2559 4913 2647 4962 tuo
2681 4911 2748 4949 ex
2793 4895 2877 4949 his
2906 4909 3027 4964 quae
3058 4894 3130 4947 illi
3165 4895 3305 4947 ante‘
3328 4894 3570 4961 contige-

2002 4993 2148 5049 runt,
2173 4986 2603 5052 comprobatur;
2655 4985 2814 5052 eique
2851 4999 3030 5051 opera:
3075 4983 3308 5052 pretium
3347 4994 3430 5038 est
3472 4984 3569 5034 nh-

2001 5084 2327 5145 temperare.
2407 5075 2579 5128 Aliter
2645 5076 2786 5128 enim
2857 5076 3126 5129 incertum
3190 5085 3370 5134 esset,
3443 5073 3572 5137 quis

1999 5166 2324 5238 sapientium
2374 5179 2497 5218 vera
2549 5176 2998 5234 prosequeretur,
3055 5166 3158 5217 nisi
3200 5163 3250 5215 id
3303 5159 3565 5224 subjicia-

2001 5267 2110 5329 lur,
2144 5256 2444 5314 Ecclesiam
2479 5270 2689 5322 semper
2722 5255 3035 5310 necessario
3062 5253 3344 5306 veritatem
3372 5259 3522 5309 sequi
3548 5260 3576 5306 ;_

1999 5372 2167 5437 atque
2232 5351 2367 5403 hanc
2427 5349 2674 5418 ambigua
2757 5348 2938 5402 omnia
3004 5346 3336 5398 discernere,
3405 5341 3576 5398 aliqua

2002 5454 2264 5535 “etiam”
2644 5527 2672 5536 _
2897 5525 2906 5536 .

2636 5527 2705 5579 De
2737 5527 2957 5595 azymis.
3235 5603 3243 5604 ί
3395 5599 3402 5604 _
3483 5596 3491 5604 Ι

2109 5626 2323 5725 “ur-“nt
2357 5640 2478 5679 vero
2504 5623 2565 5675 de
2612 5620 2811 5686 azymis
2835 5615 2996 5696 etiam
3047 5603 3337 5659 Ecclesium
3394 5599 3444 5650 itt
3476 5599 3602 5666 jus,
