4078 6258
461 345 569 409 ‘223

1715 346 2118 414 MANUELIS
2140 350 2444 412 CALEC/E

3611 340 3725 405 224

473 469 694 522 trahunt
741 466 880 535 (8'5),
934 465 1001 520 de
1037 466 1235 536 quibus
1267 482 1334 522 ne
1372 466 1520 534 loqui
1570 467 1783 537 quidem
1817 468 2039 538 dignum
2072 474 2117 529 Α
2143 483 2267 524 cum
2298 478 2445 523 esset
2474 466 2805 537 prohibitum
2835 463 3059 530 Judaeis,
3084 472 3239 519 extra
3265 462 3537 519 civitatem
3562 477 3725 517 suam

470 567 574 623 est,
612 558 677 613 ad
714 573 808 613 eos
864 559 1164 626 praesertim
1200 558 1295 625 qui
1349 557 1602 627 ignorant
1653 555 1928 613 Ecclesiae
1973 557 2039 611 ab

468 648 621 701 initio
651 662 865 715 semper
896 662 955 702 se
993 648 1065 701 ita
1117 648 1398 711 habuisse,
1438 658 1496 701 ut
1542 646 1784 703 Orientis
1830 648 2043 703 scilicet

469 740 710 794 Ecclesia
774 739 1156 804 fermentatis,
1213 738 1525 793 Occidentis
1584 749 1769 793 autem
1832 740 2043 809 azymis

470 829 809 881 sacriticaret
842 844 856 881 :
890 830 1145 895 quodque
1181 828 1248 881 ad
1282 828 1526 898 mysterii
1555 828 1809 882 virtutem
1836 839 2046 884 utrum-

472 933 577 985 que
618 918 760 971 ident
790 918 955 972 valet.
982 917 1210 972 Constat
1250 918 1395 972 enim
1424 934 1490 973 ex
1524 918 1690 972 tritici
1719 918 2043 980 substantia,

472 1025 539 1062 ex
586 1024 695 1078 quo
744 1009 884 1076 solo,
920 1011 1226 1077 subjectum
1261 1010 1395 1065 illud
1428 1011 1600 1081 accipi
1652 1025 1874 1066 necesse
1916 1018 2045 1065 est:

475 1101 840 1171 Salt-atorque
862 1114 1052 1157 noster
1074 1104 1371 1158 secundum
1401 1104 1573 1176 legem
1600 1105 1781 1159 omnia
1811 1104 2045 1160 faciens:

476 1192 604 1247 Non
653 1195 795 1256 veni,
842 1194 1037 1264 inquit,
1081 1195 1245 1261 legem
1280 1197 1497 1257 solvere,
1532 1196 1622 1249 sed
1659 1195 1944 1263 adimplere
1972 1196 2049 1261 '7;

475 1298 532 1342 et
566 1304 580 1341 :
619 1285 775 1339 Decet
802 1303 895 1340 nos
929 1286 1143 1353 implere
1177 1302 1383 1340 omnem
1419 1287 1694 1355 justitiam
1722 1287 1800 1349 ἐς
1834 1295 2052 1357 oporte-

482 1376 573 1427 bat
609 1384 671 1429 ut
713 1375 919 1429 eisdem
973 1376 1024 1429 in
1062 1376 1220 1446 legali
1270 1376 1476 1429 Pascha
1526 1384 1775 1431 uteretur
1824 1378 2051 1448 azymis,

480 1466 692 1521 scilicet
721 1466 879 1533 juxta
925 1467 1268 1522 traditionem
1319 1468 1471 1536 legis,
1517 1483 1637 1536 qua:
1670 1468 1903 1523 sublatis
1941 1469 2054 1524 fer-

484 1557 758 1620 mentatis,
780 1572 968 1628 azyma
992 1570 1103 1612 tum
1129 1558 1457 1628 apponebat.
1485 1558 1558 1613 Ex
1587 1560 1785 1628 quibus
1808 1560 2055 1628 profecto

483 1647 536 1700 in
570 1647 759 1701 eadem
810 1663 1022 1711 mensa,
1060 1649 1380 1719 mysterium
1423 1664 1640 1719 quoque
1682 1652 1763 1705 sui
1815 1651 2058 1719 corporis

482 1736 781 1793 conficiens
818 1738 1105 1793 tradidisse
1138 1739 1504 1809 cognoscitur.

2143 558 2350 613 Pascha
2385 558 2587 621 facere,
2637 558 2680 613 si
2714 557 2807 628 qui
2856 556 3194 611 solemnitati
3240 554 3563 617 defuissent,
3599 562 3728 620 post

2143 649 2284 702 hanc
2338 648 2391 701 in
2440 647 2665 702 civitate
2698 646 3051 700 Celebrabant
3100 662 3116 698 :
3169 645 3239 698 ita
3292 653 3346 697 et
3399 644 3484 698 his
3521 643 3612 711 qui
3666 642 3723 696 in

2142 737 2369 793 civitate
2400 745 2558 791 erant
2603 736 2821 791 casibus
2848 734 3178 804 quibusdam
3229 733 3451 787 diﬂerre
3498 733 3725 797 licebat,

2146 828 2308 883 sicuti
2340 827 2560 896 quidam
2596 835 2724 881 tunc
2766 826 2930 881 etiam
2975 824 3226 881 fecerunt
3259 843 3273 878 :
3314 824 3567 894 nequiter
3598 824 3727 891 qui-

2148 920 2293 981 dem,
2327 919 2453 988 quia
2494 919 2655 973 morti
2683 918 2887 988 justum
2917 917 3117 988 injuste
3157 918 3453 979 tradentes,
3486 914 3734 969 arbitra-

2148 1006 2346 1063 bantur
2378 1008 2614 1063 mundos
2637 1021 2697 1062 se
2712 1006 2927 1062 Pascha
2958 1006 3255 1062 secundum
3289 1006 3457 1075 legem
3493 1005 3737 1058 mandu-

2149 1110 2299 1152 care.
2340 1095 2680 1151 Distulerunt
2717 1104 2923 1160 tamen,
2954 1095 3057 1150 etsi
3089 1092 3471 1149 rationabilem
3506 1105 3733 1147 causam

2151 1188 2379 1243 minime
2410 1188 2696 1242 haberent.

2222 1278 2529 1334 Ridiculum
2578 1293 2707 1333 vero
2759 1286 2814 1332 et
2851 1277 2982 1331 illud
3017 1286 3136 1341 est,
3171 1276 3313 1347 quod
3334 1258 3597 1345 quidam,
3632 1288 3738 1343 pa-

2155 1372 2240 1427 nis
2304 1387 2522 1432 nomen,
2572 1371 2661 1440 qui
2719 1370 2908 1426 Graece
2968 1369 3131 1438 ἄρτος
3180 1368 3397 1435 diettur,
3465 1367 3573 1421 ἀπὸ
3635 1364 3738 1419 τοῦ

2153 1462 2425 1530 αἱρεσθαι,
2455 1463 2505 1516 id
2536 1469 2619 1517 est
2645 1461 2713 1515 ab
2734 1476 2799 1514 eo
2829 1459 2971 1529 quod
3000 1468 3084 1514 est
3110 1459 3289 1511 attolli
3313 1499 3326 1521 ,
3362 1459 3486 1528 quia
3511 1465 3741 1527 propter

2157 1552 2484 1608 fermentum
2537 1550 2821 1619 turgescit,
2872 1549 3082 1603 dictum
3122 1558 3400 1618 putantes,
3482 1561 3739 1617 azymum

2159 1659 2375 1715 panem,
2408 1643 2531 1713 quia
2569 1642 2840 1696 fermento
2869 1650 3077 1704 careat,
3130 1654 3305 1709 neque
3332 1653 3526 1707 panem
3555 1637 3749 1706 appel-

2159 1736 2260 1790 lari
2304 1735 2507 1789 volunt.
2542 1733 2709 1799 Quasi
2747 1746 2877 1787 vero
2910 1743 3132 1786 necesse
3167 1730 3240 1784 sit
3286 1729 3495 1800 linguas
3524 1742 3744 1794 omnes,

555 1830 709 1894 Quod
731 1828 1175 1899 .Chrysostomns
1215 1846 1429 1905 quoque
1476 1841 1784 1895 attestatur,
1813 1833 2002 1888 dicens
2038 1852 2053 1890 :
2090 1845 2133 1900 Β
2164 1828 2233 1882 ita
2270 1840 2487 1895 quoque
2523 1824 2678 1893 Panis
2709 1837 2906 1878 nomen
2936 1821 3209 1875 derivare-

485 1918 551 1973 In
582 1920 676 1973 illa
706 1936 850 1974 caena
879 1920 1055 1972 omnia
1083 1936 1199 1974 sum
1224 1920 1511 1974 secundum
1544 1923 1713 1993 legem,
1740 1926 2056 1992 patravisse.

488 2009 599 2064 Nisi
627 2011 770 2064 enim
801 2010 1098 2065 secundum
1125 2013 1296 2081 legem
1323 2017 1529 2083 azymis
1556 2016 1609 2070 itt
1634 2030 1788 2071 cama
1820 2019 1907 2072 illa
1929 2032 2062 2073 usus

486 2109 658 2167 esset,
716 2114 747 2152 a
802 2098 1005 2157 ludatis
1058 2104 1301 2169 omnino,
1360 2116 1419 2160 ut
1474 2109 1862 2175 praevaricator
1902 2109 2059 2178 legis,

489 2191 835 2248 insimulatus
863 2203 1009 2247 esset
1043 2211 1057 2248 :
1104 2192 1243 2247 Nam
1280 2210 1398 2249 cum
1425 2198 1575 2249 multi
1604 2199 1729 2267 falsi
1763 2208 1937 2267 testes,
1975 2201 2064 2254 in-

487 2283 628 2351 quit,
658 2284 1027 2345 surrexissent,
1054 2300 1273 2339 causam
1309 2302 1411 2339 non
1449 2287 1750 2342 invenerunt
1773 2290 1816 2323 ”
1839 2308 1852 2344 :
1879 2291 2065 2344 maxi—

491 2386 578 2425 me
601 2385 724 2425 cum
751 2380 805 2426 et
831 2373 1070 2440 proditor
1096 2388 1265 2428 coena:
1291 2374 1365 2428 illi
1392 2374 1701 2441 interesset,
1731 2378 1825 2446 qui
1868 2379 1911 2433 si
1935 2380 2065 2449 quid

494 2462 602 2517 lalc
640 2462 832 2518 luisset
866 2464 1183 2528 admissum,
1223 2464 1420 2520 .lndteis
1475 2467 1614 2521 clam
1672 2470 2059 2525 renuntiasset.

493 2551 813 2622 Quanquam
862 2561 917 2608 et
950 2553 1211 2611 Dominus
1251 2556 1326 2610 ait
1375 2573 1391 2609 :
1448 2557 1723 2612 Desiderio
1766 2560 2067 2616 desideravi

494 2646 589 2698 hoc
615 2647 809 2713 pascha
844 2648 1162 2700 manducare
1196 2644 1462 2701 vobiscum
1490 2648 1573 2715 ⁸⁰;
1614 2651 1663 2702 in
1705 2666 1813 2719 quo
1853 2652 2067 2709 scilicet

496 2737 657 2788 etiam
728 2737 1043 2809 mysterium
1101 2738 1345 2806 corporis
1400 2740 1480 2792 sui
1543 2742 1865 2796 tradendum
1925 2753 2066 2810 erat,

499 2826 860 2896 pra-dixitque
890 2828 1113 2881 ubinam
1153 2844 1277 2883 cum
1309 2829 1590 2899 discipulis
1627 2840 1910 2900 oporteret
1940 2848 2067 2889 eum

499 2917 703 2972 l’ascha
749 2919 1096 2972 manducare.

573 3008 628 3063 Si
662 3019 840 3062 autent
878 3012 1075 3079 pascha
1124 3010 1422 3080 legitimum
1461 3012 1583 3077 fuit,
1635 3013 1861 3068 omnino
1908 3015 2071 3069 etiam

500 3100 756 3168 legitimis
792 3104 844 3153 in
895 3100 983 3153 illo
1014 3101 1150 3153 cibis
1199 3117 1327 3155 usus
1356 3111 1456 3158 est.
1507 3102 1691 3171 Neque
1744 3106 1910 3168 enim,
1947 3120 2070 3159 cum

2230 1917 2458 1972 Latinus
2480 1915 2622 1970 enim
2668 1913 2924 1975 fortasse,
2951 1912 3031 1966 vel
3063 1910 3257 1966 Perses
3285 1924 3313 1963 a
3357 1905 3745 1963 confirmando

2160 2011 2319 2082 panis
2348 2023 2539 2064 nomen
2568 2048 2582 2072 ,
2613 2006 2736 2074 quia
2763 2020 2860 2061 cor
2888 2004 3126 2059 hominis
3159 2002 3447 2057 conllrmat
3484 2000 3568 2055 vel
3600 2014 3749 2067 quo-

2165 2101 2457 2157 modolibet
2492 2098 2674 2163 aliter,
2724 2113 2753 2151 a
2804 2094 3235 2166 proprietatibus
3270 2094 3440 2162 ipsam
3491 2107 3606 2146 rem
3661 2106 3752 2146 se-

2164 2192 2458 2262 quentibus
2484 2189 2725 2243 deducit.
2764 2185 2819 2241 Si
2855 2180 3034 2242 autem
3069 2194 3123 2240 et
3157 2199 3347 2256 azyma
3380 2198 3474 2239 cor
3502 2181 3749 2237 hominis

2166 2285 2514 2346 confirmant,
2560 2290 2614 2335 et
2646 2280 2763 2349 ipsa
2797 2278 3022 2333 omnino
3049 2277 3206 2346 panis
3246 2275 3464 2330 nomine
3492 2274 3751 2328 vocanda

2167 2384 2329 2441 sunt;
2386 2386 2442 2429 et
2490 2372 2796 2440 Scriptura,
2840 2385 2965 2425 cum
3008 2369 3076 2425 de
3108 2369 3240 2440 ipsis
3269 2369 3530 2438 loquitur,
3580 2379 3759 2435 panes

2170 2476 2401 2534 utraque
2424 2464 2680 2532 appellat.
3494 2448 3513 2460 ’

2240 2558 2391 2624 Quod
2424 2559 2629 2613 indicat
2668 2560 2860 2614 beatus
2888 2556 3219 2627 evangelista
3258 2551 3459 2619 Lucas,
3493 2553 3583 2624 qui
3621 2553 3756 2609 Sal-

2169 2650 2375 2703 vatoris
2400 2658 2525 2718 post
2555 2650 3013 2704 resurrectionem
3044 2648 3107 2699 ad
3134 2645 3337 2700 Lucam
3366 2655 3423 2700 et
3449 2646 3758 2715 Cleopbam

2172 2739 2227 2793 in
2268 2738 2521 2794 Emmaus
2567 2739 2982 2810 proficiscentes
3030 2738 3356 2792 locutionem
3395 2752 3759 2806 prosequens,

2170 2839 2295 2901 post
2349 2832 2595 2899 quaedam
2656 2831 2866 2887 infert:
2899 2829 3001 2885 Sed
3044 2846 3161 2882 cum
3202 2829 3283 2883 his
3310 2829 3549 2884 amnibus
3601 2830 3764 2884 hodie

2176 2922 2333 2975 tertia
2367 2921 2481 2975 dies
2512 2932 2609 2984 est,
2657 2937 2758 2992 quo
2791 2923 2907 2985 ipsa
2940 2922 3085 2990 facta
3106 2931 3232 2975 sunt
3272 2920 3354 2984 “,
3398 2921 3463 2974 de
3507 2920 3765 2989 passione

2174 3013 2379 3069 scilicet
2397 3013 2644 3082 loquens.
2660 3012 2732 3068 De
2761 3012 2865 3066 hac
2887 3012 3032 3066 enim
3056 3025 3235 3066 sermo
3257 3019 3408 3076 erat;
3435 3018 3767 3079 constatque

2179 3105 2307 3174 quia
2341 3104 2458 3159 hate
2485 3107 2640 3159 tertia
2673 3104 2813 3160 inter
2846 3114 3052 3172 septem
3090 3112 3213 3173 post
3237 3101 3448 3156 Pascha
3485 3102 3599 3155 dies
3632 3099 3765 3164 fuit,

500 3190 680 3243 omnia
714 3188 849 3257 legis
888 3190 1191 3259 implesset,
1225 3206 1343 3246 eam
1381 3194 1432 3247 in
1476 3193 1680 3248 Pascha
1730 3198 2075 3263 pracvaricari
2104 3178 2148 3240 Ο
2182 3194 2235 3248 in
2263 3196 2461 3263 quibus
2488 3195 2786 3250 secundum
2827 3194 3000 3263 legem
3042 3194 3120 3249 eis
3150 3194 3498 3251 interdicmm
3529 3200 3647 3245 erat
3676 3190 3765 3245 uti

504 3280 707 3334 debuit.
732 3280 1093 3336 Commendat
1126 3284 1224 3338 hoc
1250 3294 1306 3339 et
1327 3287 1681 3355 evangelista,
1723 3303 1843 3343 cum
1886 3290 2017 3345 dicit
2059 3309 2073 3346 :

506 3370 687 3425 Prima
727 3382 900 3425 autem
920 3356 1017 3427 [die
1053 3374 1375 3443 Azyntorum
1406 3376 1473 3430 "l.

573 3460 755 3515 Prima
790 3478 918 3518 vero
944 3463 1269 3533 Azymnrum
1299 3466 1557 3520 solemnis
1591 3477 1707 3522 erat
1739 3483 1803 3524 ac
1852 3469 2076 3540 legitimi

508 3552 753 3609 Pascha).
809 3554 902 3609 Sin
950 3572 1078 3613 vero
1128 3558 1284 3612 divus
1330 3557 1754 3626 Cltrysostomus
1802 3577 2080 3632 eXponens

506 3648 727 3712 primam
786 3648 1133 3718 Azyntorum,
1197 3664 1317 3704 eam
1385 3668 1504 3720 qua:
1565 3655 1833 3723 przecedat
1888 3671 2076 3727 azyma

519 3738 676 3800 dixit,
724 3738 845 3793 ideo
893 3738 947 3793 id
979 3741 1072 3803 ait,
1110 3742 1234 3808 quia
1280 3739 1481 3796 Judaeis
1510 3747 1841 3799 consuetudo
1884 3756 2023 3811 erat,
2054 3763 2084 3802 a

510 3842 738 3895 vespera
804 3845 1020 3899 semper
1085 3832 1300 3884 initium
1361 3832 1467 3886 diei
1522 3837 1995 3903 conipntantibus,
2055 3852 2085 3891 e

511 3932 735 3986 vespera
771 3919 935 3973 etiam
976 3919 1378 3974 solemnitatem
1415 3925 1744 3991 Azymorum
1782 3925 2083 3982 inchoare:

511 4024 673 4076 quam
701 4009 844 4062 enim
878 4009 977 4076 ipsi
1014 4019 1245 4072 noctem,
1277 4021 1482 4080 partem
1517 4014 1777 4079 praeteriti
1803 4015 1905 4070 diei
1939 4032 2090 4070 com-

513 4109 789 4167 putamus,
824 4099 1032 4152 initium
1080 4101 1181 4153 diei
1215 4116 1242 4152 a
1277 4101 1409 4155 solis
1439 4112 1562 4156 ortu
1607 4102 1865 4160 facientes
1890 4144 1905 4171 ,
1947 4106 2088 4163 hanc

517 4188 588 4241 illi
637 4187 743 4241 diei
796 4187 1073 4255 sequentis
1121 4188 1332 4244 initium
1363 4200 1917 4263 computant;quam
1960 4213 2090 4267 ergo

517 4296 615 4334 nos
642 4289 769 4334 ante
815 4282 1038 4349 Azyma,
1089 4279 1164 4333 illi
1220 4281 1448 4350 primam
1500 4285 1827 4354 Azymorum
1879 4287 2089 4342 dicunt.

517 4369 787 4436 Quocirca
822 4369 1153 4439 evangelista
1202 4386 1420 4441 quoque
1464 4375 1767 4430 secundum
1798 4389 2092 4433 consuetu-

2181 3284 2564 3351 fermentatis,
2614 3287 2697 3339 vel
2750 3300 2814 3339 ea
2879 3294 3160 3353 utcunque
3218 3284 3594 3340 circumferre.
3658 3282 3766 3335 At-

2180 3391 2285 3445 que
2344 3376 2456 3433 illic
2521 3378 2692 3445 addit,
2738 3377 2865 3447 quia
2905 3377 3155 3447 cognitus
3209 3376 3313 3431 fuit
3378 3378 3433 3429 in
3498 3375 3766 3442 fractione

2183 3469 2359 3540 panis.

2255 3558 2312 3612 ln
2363 3558 2475 3627 ipsa
2510 3572 2729 3627 quoque
2757 3558 3102 3627 apparitione
3139 3557 3374 3619 Domini,
3405 3571 3506 3625 qua
3537 3556 3766 3624 pisciin-

2187 3643 2327 3703 tibus
2388 3650 2675 3718 apparuit,
2732 3651 2995 3719 scriptum
3062 3661 3147 3704 est
3197 3666 3211 3703 :
3253 3648 3390 3713 Quia
3446 3649 3766 3701 invenerunt

2186 3757 2411 3810 prunam
2462 3744 2710 3809 positam,
2758 3751 2807 3795 et
2864 3742 3059 3810 piscem
3110 3740 3521 3809 superpositum,
3560 3748 3611 3793 et
3664 3754 3767 3805 pa-

2187 3850 2302 3888 nem
2330 3833 2397 3888 “.
2459 3834 2688 3887 Constat
2744 3848 2873 3899 ergo
2926 3847 3112 3903 azyma
3163 3846 3350 3900 panem
3407 3830 3770 3899 evangelistas

2190 3922 2512 3992 appellasse,
2563 3938 2741 3991 neque
2795 3922 2939 3976 enim
2997 3923 3080 3976 eis
3138 3921 3337 3977 licebat
3398 3929 3604 3988 septem
3667 3918 3773 3972 illis

2191 4014 2378 4069 diebus
2425 4007 2810 4070 fermentatum
2861 4029 3053 4085 panem
3111 4014 3340 4080 habere,
3392 4014 3477 4069 vel
3527 4012 3773 4067 circurn-

2192 4106 2356 4162 terre.

2263 4198 2552 4267 Prmterea,
2604 4201 2927 4256 fermentum
3018 4214 3119 4270 pro
3181 4200 3305 4255 dolo
3354 4209 3409 4254 et
3461 4199 3664 4253 malitia
3721 4199 3775 4255 in

2196 4291 2473 4361 Scriptura
2521 4293 2789 4360 accipitur
2838 4311 2853 4345 :
2909 4293 3178 4346 Attendite
3243 4292 3404 4355 enim,
3459 4291 3657 4359 inquit,
3734 4307 3771 4343 a

2197 4384 2451 4452 fermento
2508 4383 2905 4439 Pharisworum
2927 4383 2996 4438 ".
3056 4384 3124 4438 Et
3175 4399 3192 4439 :
3247 4383 3537 4451 Epulemur
3571 4399 3673 4436 non
3721 4384 3779 4435 in

517 4460 743 4524 dinem,
810 4461 1040 4531 primum
1112 4463 1432 4532 Azymorum
1519 4466 1847 4536 appellavit,
1928 4475 2455 4572 quameermento
2512 4475 2691 4537 veteri,
2752 4464 2916 4545 neque
2981 4475 3036 4529 in
3108 4474 3367 4544 fermento
3432 4474 3661 4527 malitia:
3729 4484 3779 4527 et

519 4552 941 4633 Chrysostomus
1006 4565 1132 4612 ante
1185 4560 1387 4627 Azyma
1440 4559 1596 4625 dixit,
1654 4575 1939 4630 vesperam
2009 4563 2094 4618 in-

520 4646 741 4700 sinuare
803 4647 1024 4713 volens,
1092 4650 1145 4704 in
1213 4664 1323 4719 qua
1389 4650 1650 4708 Dominus
1714 4655 1889 4724 prima
1955 4656 2100 4727 Αιγ-

523 4755 731 4793 morum
768 4740 1084 4810 inchoante,
1129 4758 1254 4797 cum
1288 4742 1569 4812 discipulis
1621 4744 1827 4800 Pascha
1868 4747 2101 4803 mandu-

524 4834 688 4887 cavit.
1245 4832 1253 4839 ’

594 4926 747 4991 Quod
788 4928 830 4981 si
870 4929 1072 4983 dictum
1107 4936 1189 4984 est
1220 4945 1235 4982 ε
1270 4927 1337 4984 Et
1374 4930 1475 4997 ipsi
1529 4947 1631 4985 non
1681 4931 1994 4985 introierunt
2046 4931 2102 4984 in

524 5018 855 5085 prwtorium,
884 5029 940 5071 ut
987 5037 1090 5075 non
1119 5022 1631 5082 contaminarentur.
1666 5022 1756 5076 sed
1792 5022 2103 5076 ut‘mandu-

527 5122 709 5160 carent
737 5106 943 5162 Pascha
970 5111 1039 5177 δ’,
1086 5126 1190 5166 non
1230 5112 1350 5167 ideo
1373 5115 1668 5182 putandum
1723 5126 1828 5176 est,
1868 5114 2105 5167 nondum

529 5197 811 5253 advenisse
864 5199 1114 5266 Pascha;
1167 5204 1259 5257 sed
1294 5204 1419 5271 quia
1467 5201 1673 5258 Judteis
1707 5203 1914 5258 licitum
1964 5216 2104 5268 erat,

531 5290 706 5359 ipsum
761 5291 813 5345 in
862 5292 1188 5361 quibusdam
1223 5295 1441 5349 casibus
1476 5293 1714 5350 dill‘erre.
1769 5294 1925 5351 Sicut
1953 5295 2098 5349 enim

604 5470 647 5539 ιτ
679 5469 868 5527 unum
907 5488 960 5534 ν,
1019 5472 1108 5528 17,
1220 5473 1265 5507 ³⁸
1309 5473 1501 5528 Matth.
1564 5490 1640 5539 ιιι,
1683 5476 1769 5532 15.

530 5538 577 5572 “
608 5538 759 5595 loan.
796 5558 946 5609 xvm,
976 5542 1067 5597 28.
1100 5545 1143 5576 "
1166 5545 1298 5600 Luc.
1328 5561 1477 5612 xxtv,
1505 5545 1595 5599 21.

1875 5478 1920 5509 ¹⁹
1969 5476 2155 5531 Matth.
2190 5490 2339 5534 xxvt.
2372 5475 2464 5531 60.

1674 5545 1900 5602 δ’]οειη.
1936 5564 2049 5612 ut,
2086 5546 2139 5601 9.
2215 5549 2261 5583 ⁸⁵
2296 5546 2493 5603 Matth.
2537 5563 2649 5614 xvi,
2685 5548 2738 5602 6.
2815 5546 2903 5599 ιαι
2936 5548 3066 5601 (ἴοι.
3113 5561 3167 5613 v,
3206 5546 3260 5601 8.

2198 4566 2464 4633 nequitiae.
2496 4566 2587 4618 sed
2639 4566 2694 4618 in
2731 4566 2935 4633 azymis
2966 4565 3295 4631 sinceritatis
3330 4572 3379 4617 et
3430 4564 3669 4617 veritatis
3693 4562 3776 4625 “;

2198 4662 2323 4727 quia
2379 4658 2543 4714 etiam
2604 4667 2881 4726 sumptum
2946 4673 3013 4712 ex
3071 4671 3229 4712 sacra
3282 4654 3508 4726 Virgine
3563 4653 3781 4707 Domini

2198 4765 2400 4820 corpus
2448 4752 2515 4803 ab
2558 4749 2705 4803 omni
2757 4749 2965 4817 peccati
3005 4749 3128 4803 labe
3161 4748 3459 4813 sincerum,
3493 4748 3779 4807 intactum,

2200 4841 2537 4898 inaccessum
2609 4839 2731 4907 fuit,
2798 4840 3003 4895 idcirco
3063 4841 3223 4909 panis
3278 4852 3495 4908 quoque
3553 4850 3782 4907 azymus

2204 4935 2469 4988 sincerior
2494 4947 2557 4988 ac
2595 4933 2894 5001 simplicior
2924 4948 3044 4988 cum
3075 4933 3170 4998 sit,
3214 4930 3413 4984 merito
3444 4930 3494 4982 in
3525 4926 3783 4981 sacriﬁcii

2204 5023 2477 5077 oblatione
2516 5036 2829 5091 assumptus
2862 5024 2962 5077 dici
2999 5033 3197 5092 potest,
3240 5021 3292 5075 in
3321 5035 3451 5091 qua,
3475 5016 3783 5085 subjectum

2205 5113 2336 5169 illttd
2386 5114 2436 5168 in
2514 5113 2854 5169 Dominicum
2922 5122 3163 5169 mutatur
3228 5128 3450 5181 corpus.
3512 5111 3566 5165 Id
3632 5109 3781 5163 enim

2207 5204 2426 5273 plenum
2480 5205 2705 5259 rationis
2754 5214 2876 5272 est,
2942 5214 3002 5259 nt
3060 5207 3125 5259 ad
3175 5205 3468 5275 mysteria,
3514 5216 3633 5270 quae
3688 5216 3784 5268 per

2210 5294 2497 5350 sensibiles
2533 5294 2746 5364 species
2788 5294 3098 5360 traduntur,
3143 5294 3513 5365 pretiosiores,
3563 5300 3618 5346 et
3670 5305 3789 5357 qua:

2578 5477 2625 5510 ‘°
2655 5476 2791 5532 Luc.
2835 5492 2969 5541 χχιι,
3000 5476 3085 5531 ιδ.
3191 5476 3237 5507 ⁸⁸
3270 5472 3464 5528 Matth.
3494 5484 3645 5532 xm,
3691 5467 3779 5522 Π.

612 5681 722 5758 (εξ)
759 5683 901 5751 Lege
936 5684 1323 5758 Bellarminutn
1346 5684 1447 5758 lib.
1498 5683 1679 5758 tv__De
1735 5682 2096 5752 Eucharistia,
2171 5700 2218 5740 c.
2276 5687 2306 5739 7
2338 5697 2390 5742 et
2438 5704 2633 5758 seqq.;
2684 5684 2931 5742 Cennad.
2990 5699 3088 5755 pro
3159 5680 3392 5739 concilio
3447 5678 3789 5745 Florentino,

542 5749 893 5809 Humbertum
918 5764 1105 5810 contra
1134 5754 1447 5811 Michaelem
1483 5764 1535 5811 ct
1562 5753 1841 5809 Nicctant.’
