4114 6306
295 340 402 401 225

1383 333 1788 397 ADVERSUS
1824 332 2144 395 GRAECOS
2183 335 2331 397 LIB.
2376 339 2474 400 IV.

3428 331 3534 398 226

297 452 408 504 sint
441 450 611 522 magis
656 450 756 515 eis,
801 463 924 519 qua
956 455 1267 515 sumuntur,
1304 448 1722 504 accommodatae
1767 445 1866 503 eli—
1897 445 1945 505 Δ
1970 444 2210 501 Ecclesia
2241 457 2533 514 canuntur,
2576 457 2633 503 ut
2666 447 2794 504 illud
2822 466 2838 504 :
2871 449 3133 515 Quoniam
3164 448 3220 503 in
3244 446 3540 503 caelestibus

297 551 513 609 gantur.

824 628 897 683 De
938 628 1336 684 dormientibus.

369 719 436 773 Et
516 720 618 775 hoc
699 721 827 777 item
883 720 1321 777 Occidentalibus
1396 720 1605 776 crimen
1674 720 1874 788 impin-

297 818 432 879 gunt
466 810 601 879 (84),
630 813 769 879 quod
803 827 899 868 eos
924 814 1012 881 qui
1051 813 1160 867 vita
1186 813 1472 875 excedunt,
1506 811 1609 865 nisi
1650 819 1874 881 peccata

300 901 478 969 aliqua
518 903 838 970 impediant,
888 914 1112 960 sanctos
1154 903 1336 959 debita
1390 903 1647 959 beatitate
1687 905 1872 958 statim

301 990 407 1045 frui
446 992 653 1059 dicunt,
706 1003 760 1049 et
818 1004 1221 1067 consequenter
1274 996 1591 1051 mortalibus
1638 998 1875 1065 peccatis

290 1081 598 1137 obstrictos
621 1122 637 1146 ,
671 1095 834 1154 atque
882 1086 1003 1142 ideo
1041 1102 1071 1141 a
1122 1087 1456 1141 beatitudine
1500 1087 1775 1157 indignos,
1808 1090 1875 1144 ad

302 1181 535 1227 aeternos
565 1177 844 1231 cruciatus
875 1178 1144 1244 pertrahi,
1166 1179 1343 1247 quoad
1370 1177 1511 1249 facta
1539 1187 1875 1235 mortuorum

307 1263 398 1317 illa
456 1267 694 1333 generali
753 1270 1200 1335 resurrectione,
1263 1270 1474 1340 singula
1538 1271 1875 1340 singulorum

304 1353 597 1408 animabus
631 1356 917 1424 conjuncta
962 1372 1189 1428 corpora
1221 1375 1325 1413 una
1356 1361 1436 1415 vel
1470 1361 1719 1416 fruantur
1746 1378 1879 1431 gau-

306 1439 434 1507 diis,
462 1442 543 1496 vcl
579 1445 858 1513 suppliciis
881 1447 1204 1504 adiciantur.
1246 1449 1347 1516 Qui
1379 1462 1557 1506 autem
1586 1452 1639 1506 id
1669 1453 1877 1508 crimen

306 1529 594 1598 objiciunt,
641 1534 754 1589 sive
796 1538 967 1591 sacris
1000 1537 1223 1595 Litteris
1258 1542 1608 1606 credendum,
1661 1545 1774 1599 sive
1808 1547 1879 1600 sit

307 1621 651 1678 observanda
687 1626 847 1691 ratio,
892 1628 1098 1697 culpari
1141 1631 1320 1699 potius
1365 1643 1663 1699 merentur,
1714 1649 1878 1703 quam

309 1711 529 1781 culpare
562 1714 663 1783 ipsi
696 1716 949 1773 debeant.
983 1719 1124 1774 Nam
1168 1721 1430 1778 Dominus
1455 1725 1695 1794 quidem,
1717 1736 1774 1781 ut
1813 1741 1876 1782 ex

307 1806 564 1873 pauperis
594 1804 808 1872 Lazari,
845 1817 901 1864 et
944 1809 1131 1867 divitis
1160 1813 1405 1881 epulonis
1445 1815 1703 1883 parabola
1746 1831 1875 1886 pro-

308 1894 506 1961 posita,
546 1906 762 1951 constat
789 1897 863 1964 ",
890 1902 1018 1968 quia
1055 1917 1163 1956 non
1197 1905 1369 1967 verba
1396 1905 1513 1960 sine
1549 1905 1710 1963 rebus
1752 1924 1878 1978 pro-

308 1983 565 2052 ponebat,
616 1989 957 2047 concludens.
1002 1992 1203 2063 adjecit
1238 2012 1251 2048 :
1288 1998 1433 2066 quod
1483 1995 1722 2053 Lazarus
1757 2002 1879 2069 qui-

308 2072 432 2129 dem
481 2086 725 2135 mortuus
755 2081 825 2134 ab
869 2082 1072 2149 angelis
1117 2084 1347 2140 Abrahae
1374 2087 1585 2143 sinibus
1634 2089 1879 2146 invectus

307 2172 431 2232 est;
466 2178 710 2225 mortuus
738 2181 821 2225 est
850 2183 1028 2228 autem
1060 2186 1115 2230 et
1149 2176 1297 2233 dives
1329 2189 1383 2234 et
1413 2180 1678 2249 sepultus,
1716 2192 1878 2252 atque

310 2256 364 2311 in
401 2258 672 2315 ﬂammam
708 2264 862 2319 abiit.
899 2266 1004 2321 Per
1052 2283 1174 2338 qua
1212 2278 1334 2338 post
1382 2282 1616 2327 mortem
1653 2274 1877 2332 alterius

314 2348 531 2416 quidem
571 2354 801 2421 requies,
825 2362 880 2409 et
906 2355 1183 2414 beatitudo
1206 2347 1470 2431 signatur,
1495 2363 1722 2422 alterius
1748 2381 1876 2423 vero

310 2439 610 2504 cruciatus,
642 2442 849 2498 nullum
892 2446 1052 2501 finem
1090 2449 1321 2506 habens.

381 2529 698 2601 Quanquam
761 2545 816 2590 et
868 2537 920 2591 id
974 2541 1115 2609 quod
1173 2541 1243 2595 ad
1298 2543 1560 2599 latronem
1618 2549 1671 2601 in
1720 2561 1879 2605 cruce

316 2617 517 2675 dictum
549 2634 633 2678 est
664 2644 678 2680 :
718 2626 889 2682 Hodie
912 2644 1112 2683 mecum
1138 2635 1241 2685 eris
1269 2633 1322 2687 in
1356 2637 1607 2702 paradiso
1635 2636 1703 2699 ⁸⁸,
1735 2637 1876 2707 jam-

312 2707 422 2776 jam
463 2710 698 2767 futuram
734 2715 1126 2772 beatitudinem
1171 2722 1532 2775 commendat.
1585 2723 1750 2777 Divus
1789 2740 1884 2778 au-

320 2808 424 2854 tem
484 2802 683 2860 Paulus
731 2806 955 2863 dissolvi
1000 2809 1169 2879 cupit,
1218 2821 1271 2865 et
1305 2826 1425 2867 esse
1474 2828 1596 2867 cum
1642 2814 1881 2870 Christo.

318 2889 491 2959 Cujus
521 2894 599 2947 rei
647 2896 821 2963 gratia
856 2897 907 2950 id
956 2898 1245 2967 cupiebat?
1275 2897 1674 2970 Ingemiscintus
1721 2907 1881 2971 enim,

322 2982 517 3050 inquit,
552 2983 771 3039 scientes
804 2989 1052 3056 quoniam
1098 2990 1222 3043 dum
1271 3006 1452 3047 sumus
1496 2993 1551 3045 in
1586 2994 1685 3047 hoc
1714 2997 1885 3063 taber-

1972 537 2223 591 thalamis
2256 540 2473 608 gloriosi
2505 551 2761 608 martyres
2809 551 3028 593 exorant
3075 550 3145 604 te,
3180 540 3417 594 Domine.
3474 540 3543 596 Et

1972 627 2102 681 illud
2130 646 2143 681 :
2188 628 2452 700 Martyres
2482 629 2687 699 inclyti,
2724 646 2826 683 non
2866 638 3008 683 terra
3048 647 3138 684 vos
3170 630 3422 695 occuluit,
3450 629 3540 684 sed

1972 718 2160 772 calum
2210 722 2459 791 suscepit.
2511 723 2722 789 Aperta:
2750 729 2871 773 sunt
2905 720 3045 774 vobis
3084 721 3321 786 paradisi
3353 730 3541 790 parte,
3634 710 3637 711 ν

1972 809 2214 876 intusque
2235 810 2621 874 accumbentes,
2647 810 2845 880 lignum
2874 811 2990 863 vim
3013 810 3263 877 gustatis.
3287 809 3350 863 Et
3372 811 3499 864 illud
3524 827 3539 866 :

1978 898 2295 954 Sanctorum
2348 902 2534 955 chorus
2586 903 2707 956 eius
2742 903 2941 969 fontem
2991 901 3205 963 invenit,
3240 912 3288 955 et
3330 912 3538 971 portum

1974 990 2235 1058 paradisi.
2257 990 2323 1043 Et
2344 990 2476 1045 illud
2507 1008 2520 1044 :
2548 991 2686 1055 Quia
2709 1008 2847 1045 nunc
2875 991 3085 1045 assistis
3117 990 3364 1045 Trinitati
3393 993 3542 1061 felix,

1978 1082 2284 1149 interpellas
2328 1099 2424 1151 pro
2460 1082 2631 1152 nobis,
2663 1085 2752 1153 qui
2788 1084 2892 1151 fide
2940 1094 2988 1138 et
3016 1083 3207 1151 electu
3234 1085 3537 1138 memoriam

1976 1173 2058 1227 tui
2088 1190 2419 1229 veneramur.

2046 1262 2113 1317 Et
2165 1266 2364 1335 ubique
2415 1266 2636 1320 omnino
2687 1274 2913 1320 sanctos
2959 1264 3168 1333 angelis
3222 1266 3439 1329 adesse,
3491 1270 3546 1318 et

1985 1358 2349 1426 congaudere,
2397 1366 2454 1413 et
2484 1373 2590 1412 una
2621 1358 2849 1413 choreas
2895 1371 3057 1426 agere
3089 1356 3419 1411 confitemur
3450 1368 3546 1410 ve-

1978 1458 2258 1513 nerantes,
2311 1459 2475 1518 atque
2507 1460 2563 1503 ut
2608 1463 2709 1519 pro
2761 1448 2917 1503 nobis
2947 1449 3309 1503 interveniant
3356 1461 3541 1516 precav

1979 1553 2124 1601 mur,
2164 1539 2306 1606 quod
2347 1537 2592 1608 profecto
2622 1554 2728 1593 non
2763 1540 2936 1602 fleret,
2970 1538 3073 1592 nisi
3110 1546 3259 1593 esset
3296 1552 3548 1591 commu-

1980 1630 2065 1686 nis
2094 1630 2347 1686 Ecclesiaa
2374 1630 2578 1701 opinio,
2599 1630 2762 1684 etiam
2794 1638 2920 1684 ante
2955 1628 3189 1683 futuram
3212 1636 3546 1681 mortuorum

1982 1720 2438 1776 resurrectionem
2501 1729 2721 1775 sanctos
2777 1733 2968 1774 omnes
3013 1718 3279 1773 beatitate
3318 1714 3544 1785 perfrui.

1977 1809 2129 1866 Alias
2158 1820 2339 1866 autem
2374 1810 2555 1865 miseri
2586 1809 2810 1863 omnino
2834 1818 3037 1871 essent,
3075 1808 3118 1863 si
3153 1809 3389 1875 reposita
3442 1808 3547 1863 sibi

1977 1903 2119 1959 bona
2150 1900 2337 1970 procul
2361 1900 2655 1965 intuentes,
2683 1908 2929 1969 prompte
2956 1913 3022 1952 ex
3054 1897 3157 1951 bac
3185 1897 3317 1961 vita,
3342 1908 3398 1951 et
3422 1912 3547 1952 cum

1978 1991 2253 2062 voluptate
2278 1991 2598 2060 migrarent.

2054 2078 2313 2143 Proinde,
2347 2078 2629 2142 quomodo
2661 2076 2969 2140 conveniat,
3002 2074 3219 2130 illorum
3268 2076 3453 2149 aliquo
3490 2078 3542 2133 in

1980 2169 2099 2225 loco
2122 2181 2368 2225 servatas
2392 2169 2604 2223 animas
2636 2178 2787 2222 tanto
2820 2178 3056 2235 tempore
3083 2170 3321 2237 praemiis
3350 2170 3547 2225 debitis

1980 2261 2247 2327 fraudari,
2273 2261 2469 2330 quibus
2494 2259 2755 2315 Dominus
2784 2259 3040 2330 gaudium
3072 2268 3335 2314 aeternum
3360 2276 3547 2331 repro-

1980 2351 2148 2414 misit,
2178 2365 2422 2419 quosque
2466 2350 2817 2405 assumendus
2852 2349 2929 2402 ait
2959 2366 2973 2401 :
3014 2349 3077 2404 Ut
3127 2350 3215 2411 ubi
3246 2349 3333 2404 ille
3367 2364 3465 2418 est,
3497 2362 3545 2406 et

1978 2440 2081 2508 ipsi
2113 2441 2216 2494 sint
2241 2440 2330 2493 "‘3
2382 2440 2486 2494 Sed
2520 2450 2572 2495 et
2616 2451 2738 2510 post
2778 2440 2918 2495 hanc
2951 2441 3118 2495 vitam
3152 2457 3274 2497 cum
3332 2444 3436 2500 tide
3493 2457 3548 2499 et

1980 2544 2077 2601 spe
2140 2541 2432 2594 vweretur,
2466 2547 2585 2601 qua:
2630 2533 2821 2586 beatus
2868 2516 3064 2587 Paulus
3103 2536 3434 2601 evacuanda,
3460 2550 3550 2591 εον

1981 2621 2194 2689 iamque
2224 2624 2546 2677 charitatem
2580 2637 2986 2692 permansuram
3019 2625 3154 2678 dixit
3202 2625 3257 2680 in
3308 2627 3549 2683 beatitu-

1983 2712 2130 2774 dine,
2160 2726 2280 2780 qum
2336 2713 2387 2764 in
2423 2711 2605 2765 divina
2642 2713 3015 2779 speculatione
3057 2715 3333 2771 consistit.
3387 2719 3550 2787 Atqui

1986 2814 2158 2868 neque
2194 2797 2457 2854 Dominus
2512 2799 2564 2853 id
2601 2800 2877 2863 voluisset,
2909 2814 2999 2865 ne,
3054 2801 3097 2855 si
3160 2803 3262 2871 ipsi
3311 2804 3550 2873 quidem,

1987 2891 2078 2959 qui
2116 2890 2351 2944 debitam
2400 2890 2786 2945 beatitudinem
2834 2892 3138 2961 percepturi
3189 2902 3337 2957 sunt,
3371 2894 3552 2952 minus

1984 2982 2143 3050 digne
2177 2982 2242 3035 ad
2272 2995 2391 3035 eam
2430 2980 2833 3051 percipiendam
2871 2996 2930 3037 se
2968 2995 3404 3051 comparassent,
3435 2987 3553 3057 ejus

324 3074 533 3139 uacula,
582 3078 985 3147 peregrinam“,-
1032 3099 1065 3136 α
1114 3081 1342 3137 nomine
1374 3101 1395 3142 ε
1424 3099 1517 3151 ρετ
1549 3086 1708 3154 βάθη,
1747 3089 1882 3142 enim
1910 3088 1955 3147 ε
1988 3087 2196 3128 summa
2231 3072 2564 3143 benignitate
2597 3072 2736 3127 ultra
2770 3074 2960 3128 merita
2994 3088 3210 3144 semper
3234 3076 3551 3138 inundante.

324 3166 676 3233 ambulamus,
718 3184 821 3224 non
879 3186 973 3239 per
1018 3174 1243 3241 speciem
1281 3174 1330 3205 ⁸³
1372 3192 1385 3229 :
1419 3177 1653 3245 speciem
1698 3178 1883 3235 dieens

327 3256 651 3311 creditarum
708 3275 890 3316 rerum
941 3264 1294 3318 substantiam
1357 3275 1517 3337 atque
1575 3269 1880 3324 veritatem.

328 3343 573 3402 Profecto
609 3364 787 3406 autem
823 3352 925 3408 ista
958 3370 1063 3409 non
1103 3357 1328 3420 diceret,
1356 3359 1455 3412 nisi
1484 3372 1667 3429 aperte
1695 3362 1881 3427 sciret,

328 3448 445 3506 post
484 3439 787 3509 hujusmodi
821 3447 1331 3516 peregrinationem,
1379 3451 1560 3506 carnis
1589 3466 1755 3507 onere
1784 3454 1880 3507 dc-

330 3530 526 3597 posito,
562 3546 621 3586 se
644 3547 742 3601 per
772 3537 1009 3604 speciem
1040 3540 1343 3608 concupitis
1370 3540 1683 3596 fruiturum;
1715 3542 1885 3596 Aliter

328 3620 547 3690 quippe,
604 3624 787 3679 vivere
844 3627 1185 3695 praestitisset
1233 3643 1391 3694 quam
1429 3631 1588 3684 mori.
1644 3629 1778 3683 Nam
1832 3639 1887 3685 et

329 3708 572 3776 corporis
605 3708 673 3763 ad
706 3710 943 3763 animam
1000 3715 1288 3771 connexio.
1328 3715 1493 3768 veluti
1550 3716 1788 3770 materiae
1821 3720 1886 3770 ad

328 3798 561 3864 speciem
584 3799 886 3855 naturalem
917 3809 1018 3856 est.
1052 3802 1314 3858 Omnibus
1341 3814 1519 3859 autem
1552 3821 1738 3861 eorum
1765 3823 1889 3877 qum

330 3890 622 3943 secundum
654 3898 905 3945 naturam
942 3902 1088 3955 sunt,
1141 3907 1204 3947 ac
1234 3895 1597 3964 propriorum,
1631 3897 1767 3951 inest
1798 3900 1889 3953 de-

329 3979 588 4033 siderium
645 3999 659 4036 :
713 3997 887 4053 neque
932 3984 1112 4038 dirimi
1150 3986 1417 4055 quispiam
1469 4002 1498 4041 a
1552 3989 1889 4045 naturalibus

328 4070 558 4126 vinculis
589 4073 837 4143 eligeret,
871 4075 973 4129 nisi
1022 4083 1142 4143 post
1182 4076 1591 4131 dissolutionem
1627 4088 1887 4146 priestan-

331 4161 562 4218 tioribus
610 4179 667 4219 se
708 4164 996 4220 fruiturum
1027 4170 1291 4231 crederet,
1318 4166 1685 4241 defunctoque
1734 4170 1889 4225 dolor

330 4251 552 4321 inesset,
590 4253 694 4312 nisi
725 4258 960 4324 speratis
987 4260 1271 4327 potiretur.

401 4348 664 4400 Caeterum
691 4363 815 4401 cum
848 4348 1150 4415 huiusmodi
1178 4363 1302 4418 spes
1330 4349 1483 4403 firma
1506 4348 1709 4404 sanctis
1737 4364 1889 4417 repo-

1989 3164 2139 3221 nullo
2169 3164 2257 3219 hic
2288 3164 2626 3235 prohibente,
2664 3165 2929 3234 promissa
2970 3165 3078 3221 illis
3124 3165 3265 3220 bona
3298 3182 3462 3236 penes
3493 3185 3553 3224 se

1990 3256 2271 3312 recondita
2325 3270 2566 3331 servare,
2622 3258 2871 3311 mmroris
2912 3272 3076 3313 causa
3130 3261 3248 3317 suis
3304 3260 3550 3328 effectus,

1987 3348 2305 3418 meritisque
2349 3349 2468 3404 illos
2502 3348 2795 3403 honoribus
2831 3350 3069 3415 privans.

2059 3438 2195 3495 Nam
2236 3443 2280 3497 si
2312 3440 2564 3494 frustrari
2602 3440 2709 3494 line
2755 3455 3046 3495 maerorem
3080 3443 3278 3510 ubique
3314 3454 3550 3513 praestat,

1988 3533 2257 3599 quomodo
2291 3547 2398 3585 non
2441 3532 2490 3584 id
2521 3532 2723 3584 sanctis
2756 3533 3006 3586 maeroris
3032 3534 3138 3587 erit
3166 3548 3350 3601 causa,
3378 3550 3553 3606 eoque

1988 3622 2182 3689 magis,
2238 3636 2347 3689 quo
2400 3620 2508 3674 fine
2558 3622 2793 3675 maximo
2848 3631 3009 3687 atque
3065 3623 3385 3691 dignissimo
3446 3644 3550 3682 non

1989 3710 2313 3781 potientur?
2374 3711 2601 3778 Semper
2655 3710 2799 3763 enim
2857 3710 3141 3779 cupientes
3193 3727 3453 3781 quaerent,
3500 3731 3552 3773 et

1994 3818 2101 3857 non
2133 3804 2401 3871 patientes
2425 3805 2746 3856 muerebunt.
2792 3800 2847 3854 Si
2880 3802 3022 3855 enim
3054 3804 3141 3858 hic
3174 3805 3553 3874 ingemiscnnt,

1991 3893 2080 3946 ubi
2134 3892 2547 3961 peregrinantur
2595 3908 2623 3945 a
2678 3891 2943 3955 Domino,
3000 3897 3268 3960 quomodo
3317 3912 3436 3971 ‘non
3492 3899 3545 3952 id

1990 3987 2152 4039 etiam
2216 3994 2341 4053 post
2396 3994 2718 4053 przcsentem
2778 3987 2940 4040 vitam
3000 3988 3391 4056 patienturhsi
3447 3992 3553 4044 illic

1988 4077 2066 4130 eis
2112 4090 2231 4129 cum
2287 4075 2389 4128 ﬁde
2438 4077 2600 4129 etiam
2644 4090 2708 4129 ac
2759 4090 2853 4144 spe
2903 4076 3189 4132 vivendum
3264 4080 3375 4134 sit?
3424 4081 3554 4147 Quae

1991 4167 2196 4232 omnia,
2243 4175 2440 4235 praeter
2488 4165 2784 4236 Scriptura:
2820 4183 3093 4235 normam,
3127 4183 3437 4241 praeterque
3466 4190 3553 4229 ra-

1991 4257 2187 4311 tionem
2213 4267 2362 4311 sunt.

2068 4347 2239 4403 Porro
2268 4349 2312 4403 si
2345 4349 2467 4418 quis
2503 4349 2684 4401 divum
2718 4349 2939 4403 Paulum
2979 4351 3202 4418 objiciet
3232 4354 3501 4408 dicentem
3540 4374 3553 4408 :

333 4435 436 4489 sita
475 4439 566 4500 sit,
604 4451 777 4504 neque
829 4439 880 4491 in
921 4414 1113 4493 rerum
1172 4414 1481 4495 substantia
1517 4453 1639 4494 esse
1694 4414 1887 4509 possit,
1923 4414 1965 4470 θ
2000 4437 2067 4491 Et
2098 4440 2152 4492 lii
2197 4456 2394 4503 omnes,
2421 4439 2588 4493 sancti
2620 4440 2830 4493 scilicet
2860 4442 2925 4494 de
2951 4442 3151 4509 quibus
3182 4443 3417 4507 dicebat,
3455 4461 3557 4498 non

333 4526 439 4579 nisi
469 4536 751 4594 separetur
780 4529 957 4581 anima
988 4543 1018 4583 a
1048 4543 1298 4598 corpore,
1343 4528 1643 4583 naturalem
1676 4527 1916 4595 conjun-'

333 4617 566 4669 ctionem
622 4618 796 4672 sancti
855 4616 1146 4687 fugientes,
1197 4618 1604 4674 dissolutionem
1642 4617 1893 4688 cupiunt,

334 4714 392 4759 ut
428 4707 508 4761 eis
536 4707 815 4763 destructa
861 4710 1112 4773 materia,
1146 4710 1302 4765 liceat
1348 4726 1538 4766 eorum
1568 4726 1687 4779 quae
1718 4710 1896 4764 credi-

333 4796 549 4860 derunt,
578 4799 936 4853 substantiam
968 4800 1210 4867 recipere
1243 4815 1259 4854 :
1300 4800 1472 4855 donec
1498 4814 1593 4868 per
1627 4812 1893 4855 summam

336 4890 429 4945 Dei
462 4890 847 4962 benignitatem
901 4894 1161 4948 naturalis
1214 4893 1375 4947 etiam
1407 4892 1717 4964 coniunctio
1755 4891 1896 4946 divi-

334 4983 457 5035 nius
487 4992 542 5036 et
570 4984 925 5038 excellentius
965 4984 1176 5039 redeat.
1228 4985 1532 5040 Attestatur
1558 4993 1736 5037 autem
1785 4981 1890 5045 his,

328 5086 386 5130 et
416 5076 558 5145 quod
589 5075 640 5128 in
672 5076 1008 5130 testamentis
1034 5092 1064 5129 a
1099 5074 1298 5145 Joseph
1342 5075 1647 5144 patriarcha
1689 5074 1895 5129 dictum

330 5180 413 5225 est
445 5193 456 5225 :
489 5171 792 5225 Moriuntur
822 5180 1118 5239 peccatores
1171 5180 1221 5223 et
1276 5171 1596 5223 descendunt
1643 5170 1697 5222 in
1735 5170 1899 5239 infer-

331 5260 852 5317 num.'Attestautur
898 5264 1023 5318 item
1078 5272 1133 5318 et
1173 5278 1291 5333 qua:
1343 5263 1532 5316 diebus
1576 5261 1806 5331 singulis
1838 5264 1890 5316 in

2000 4532 2232 4585 tulerunt
2272 4532 2747 4600 repromissionem,
2798 4530 2902 4584 Deo
2934 4534 3122 4587 melius
3152 4534 3359 4604 aliquid
3384 4539 3558 4604 prori-

1994 4624 2171 4685 dente,
2220 4638 2283 4676 ne
2344 4622 2455 4675 sine
2526 4621 2675 4675 nobis
2723 4622 3095 4689 perﬁcerentur
3113 4624 3157 4656 "
3204 4640 3218 4677 :
3257 4627 3557 4688 sciendum,

1994 4716 2119 4785 quia
2150 4716 2251 4769 hoc
2279 4715 2331 4766 in
2372 4718 2512 4777 loco,
2542 4714 2941 4781 perlectionem,
2973 4716 3113 4768 dixit
3146 4715 3341 4769 anima:
3368 4731 3563 4785 corpo-

1996 4808 2183 4873 risque
2232 4803 2512 4867 uuionem,
2558 4818 2679 4872 quae
2715 4804 3099 4857 universalitcr
3138 4804 3243 4858 erit
3293 4805 3344 4859 in
3382 4806 3559 4863 futura

1997 4906 2332 4951 mortuorum
2368 4896 2789 4951 resurrectione.
2824 4894 2958 4948 Nam
2992 4896 3289 4952 secundum
3317 4904 3563 4969 corporis

1999 4996 2203 5056 partem
2231 4985 2405 5039 sancti
2442 4986 2670 5037 necdum
2708 4985 2843 5038 beati
2874 4994 3018 5051 sunt,
3060 4988 3184 5055 quia
3218 4990 3393 5057 ipsum
3432 5008 3561 5048 nec-

2001 5079 2128 5131 dum
2161 5077 2358 5130 habent
2409 5073 2788 5144 glorillcatum,
2835 5078 2988 5147 juxta
3025 5081 3287 5136 rationem
3328 5083 3562 5141 beatitu-

2001 5168 2144 5223 dinis
2176 5168 2388 5221 animae.
2417 5165 2551 5220 Cum
2587 5180 2713 5220 vero
2756 5169 2878 5222 talis
2909 5171 3036 5224 unio
3080 5173 3203 5239 erit,
3239 5184 3363 5229 tunc
3399 5186 3550 5230 utra-

2000 5275 2107 5329 que
2135 5274 2263 5329 pars
2290 5259 2523 5314 hominis
2552 5258 2788 5329 perfecta
2828 5261 2932 5315 erit
2956 5278 2972 5327 ;
3000 5264 3139 5333 quod
3183 5280 3312 5333 ergo
3355 5267 3555 5317 dictum

403 5446 449 5479 ”
485 5446 617 5503 Luc.
646 5462 757 5513 xvr,
788 5445 974 5502 l9-‘5l.
1054 5444 1101 5475 ⁸⁸
1162 5440 1589 5507 l.ue.xxm,4‘5.
1670 5443 1715 5474 δ’
1775 5441 1819 5498 ιι
1850 5441 2001 5508 Cor.,
2035 5458 2087 5508 v,
2124 5440 2178 5497 6.
2254 5438 2301 5472 ’θ
2327 5454 2484 5495 toan.
2536 5453 2648 5501 xtv,
2684 5439 2738 5492 3.
2813 5440 2858 5471 “
2909 5437 3074 5493 ilebr.
3138 5453 3212 5499 xi,
3260 5435 3442 5489 59-40.

402 5636 513 5703 (84)
549 5635 712 5704 Lugo'
749 5631 1081 5689 Gennadium
1131 5646 1229 5701 pro
1278 5630 1508 5689 concilio
1551 5630 1880 5698 Florentino,
1924 5645 1973 5687 c.
2002 5631 2053 5695 4,
2086 5614 2141 5685 et
2188 5627 2577 5686 Bellarminum
2635 5627 2779 5681 lib.i
2831 5622 2901 5675 De
2972 5629 3264 5670 smu'tomm
3329 5616 3542 5665 ὺεαιῐιιι·

328 5709 467 5760 dine.
