4078 6258
320 355 428 417 229

1418 351 1822 436 ADVERSUS
1863 376 2181 440 GR/ECOS
2219 381 2367 442 LlB.
2410 385 2484 444 tv

3485 401 3594 467 230

312 471 512 535 ταοθα,
547 470 693 524 εἴτε
745 473 812 526 δι’
846 474 1249 550 ἐλεημοσύνης,
1300 482 1395 538 καὶ
1435 485 1530 555 τῆς
1580 487 1749 558 ἄλλης
1802 491 1884 544 εὐ·

2004 502 2055 546 et
2073 493 2360 565 lacrymas,
2376 505 2428 549 et
2452 495 2759 567 hujusmodi
2783 497 3132 556 amictionem
3153 503 3433 564 soluturus
3449 525 3590 574 erat.

317 564 522 626 ποιῖας,
552 566 603 616 εί
629 583 688 618 τε
738 567 826 620 διὰ
859 572 1140 640 νηστείας,
1174 575 1263 627 καὶ
1303 580 1626 647 χαμευνίας,
1657 583 1752 634 καὶ
1806 583 1899 636 δα-

315 655 522 723 κρύων,
553 661 648 712 καὶ
684 661 781 729 τῆς
825 663 1084 734 τοιαύτης
1133 667 1434 733 κακώσεως
1481 671 1708 742 ἔμελλεν
1759 676 1898 728 ἀπο-

310 747 534 812 δώσειν,
594 753 733 806 κατὰ
793 757 919 818 τοὺς
975 757 1068 809 ἐπὶ
1129 762 1251 823 τοῖς
1305 762 1699 834 ἁμαρτήμασιν
1739 766 1900 833 «ὑπὲρ

312 841 756 913 ίκανοποιήσεως
811 848 1106 917 κειμένους
1153 851 1259 905 τῶν
1329 855 1584 926 πατέρων
1644 849 1899 924 κανόνας,

305 933 545 1004 ταύτην,
602 940 651 990 εί
690 940 767 1008 μὴ
827 944 1184 1016 συνεχωρήθη
1222 947 1342 1018 ζῇν,
1395 953 1537 1002 κατὰ
1571 953 1669 1014 τὴν
1720 954 1899 1006 ἐκεῖσε

305 1023 561 1078 διάθεσιν
596 1029 858 1084 ἀπελθεῖν
904 1033 1201 1104 ἀποδώσει,
1233 1039 1338 1102 ἕως
1371 1040 1436 1094 ἂν
1487 1043 1631 1095 κατὰ
1676 1043 1774 1114 τὴν
1808 1043 1903 1097 τοῦ

305 1114 447 1167 Θεοῦ
474 1117 637 1187 χάριν
667 1121 761 1173 καὶ
781 1121 1130 1196 δικαιοσύνην
1163 1129 1569 1201 ἀπονιψάμενος
1599 1135 1687 1186 τὸν
1710 1135 1774 1186 ἐκ
1804 1135 1903 1204 τῆς

305 1205 590 1274 ἁμαρτίας
621 1210 1082 1284 ἐμπεπλασμένον
1106 1218 1256 1288 αὐτῷ
1285 1221 1479 1290 ῥύπον,
1530 1224 1625 1276 καὶ
1659 1225 1902 1293 καθαρὸς

305 1299 407 1350 καὶ
432 1298 582 1364 ἄξιος
613 1302 712 1371 ⁴ήδη
739 1307 1050 1376 γενόμενος,
1077 1311 1347 1380 ἐνωθῆναι
1369 1315 1446 1384 τῷ
1479 1315 1617 1384 Θεῷ,
1659 1319 1735 1387 μὴ
1761 1321 1900 1386 ἔχων

310 1387 510 1440 σπῖλον
565 1389 594 1458 ἢ
637 1393 829 1459 ῥυτίδα
857 1396 958 1464 τῆς
1008 1401 1417 1471 μακαριότητος
1450 1405 1724 1476 ἀπολαύῃ,
1760 1408 1897 1476 πρὸς

303 1478 374 1546 ἢν
419 1483 796 1551 κατηυθύνετο
859 1489 961 1557 μὲν
1018 1492 1127 1544 ἀπὸ
1175 1494 1287 1547 τῶν
1336 1497 1620 1566 παρόντων
1667 1498 1755 1552 διὰ
1799 1499 1895 1550 τοῦ

301 1569 406 1635 τῆς
434 1575 730 1639 μετανοίας
777 1581 1100 1650 φαρμάκου,
1133 1585 1228 1637 καὶ
1276 1585 1385 1639 τῶν
1425 1587 1630 1640 λοιπῶν
1681 1605 1892 1658 μυστη-

305 1658 443 1726 ρίων
474 1659 577 1728 τῆς
603 1665 828 1718 αἰωνίου
858 1669 1176 1738 καταδίκης,
1202 1671 1292 1724 διὰ
1317 1671 1416 1742 τὴν
1441 1673 1536 1726 τοῦ
1566 1674 1700 1727 Θεοῦ
1734 1678 1894 1745 χάριν
1930 1675 2373 1748 λελυτρωμένος.
2420 1681 2728 1738 Ἐκωλύετο
2786 1686 2844 1740 δὲ
2888 1695 3230 1760 προσελθεῖν,

302 1745 675 1824 ὀφειλομένης
728 1759 1163 1832 ίκανοποιήσεως
1210 1765 1353 1819 κατὰ
1383 1766 1481 1838 τὴν
1513 1769 1606 1821 τοῦ
1655 1769 1791 1822 Θεοῦ
1823 1767 2174 1836 δικαιοσύνην
2190 1745 2526 1844 γενομένης.

2003 584 2159 653 juxta
2201 589 2414 654 regulas
2437 603 2464 642 a
2503 592 2714 645 sanctis
2742 590 2994 647 Patribus
3016 596 3222 664 positas
3243 614 3342 667 pro
3363 605 3589 659 satisfa-

2008 676 2186 731 ctione
2216 688 2584 744 peccatorum,
2615 682 2752 738 hanc
2793 684 2893 738 nisi
2913 687 3099 742 vivens
3125 688 3348 760 implere
3365 700 3590 763 permit-

2008 773 2174 832 tatur,
2196 775 2480 836 postquam
2501 773 2691 826 exierit
2712 789 2776 827 ex
2797 774 2927 840 vita,
2953 779 3164 846 reddet,
3185 785 3354 838 donec
3380 802 3474 855 per.
3498 791 3588 846 Dei

2047 857 2260 922 ratiam,
2287 870 2338 914 et
2365 860 2657 930 justitiam,
2693 868 2903 934 peccati
2963 872 3274 941 contagium
3326 877 3426 932 sibi
3461 880 3591 936 insi-

2047 871 2260 922 rattam,
2287 871 2338 914 et
2365 871 2657 930 justitiam,
2693 871 2903 934 peccati
2963 872 3274 941 contagium
3326 877 3426 932 sibi
3461 880 3588 936 insi-

2010 871 2123 1001 ῗιιιιι
2163 949 2416 1018 _diluens,
2460 956 2802 1024 ntundusqtte
2843 957 2956 1027 jam
3013 960 3260 1031 effectus,
3300 982 3363 1021 ac
3397 971 3588 1040 dignus

2009 1039 2098 1107 qui
2144 1040 2366 1096 uniatur
2405 1043 2538 1108 Deo,
2569 1061 2672 1100 non
2707 1046 2916 1104 habens
2966 1053 3230 1108 maculam
3282 1039 3473 1128 neque
3490 1078 3583 1116 ru-

2007 1146 2152 1199 gam,
2177 1148 2240 1188 ea
2275 1136 2609 1193 beatitudine
2627 1138 2861 1206 fruatur,
2890 1142 2954 1196 ad
2989 1157 3148 1211 quam
3177 1153 3585 1218 praaparabatur

2007 1223 2222 1288 quidem
2267 1241 2363 1293 per
2405 1229 2743 1296 paenitentiae
2791 1235 3119 1298 remedium,
3153 1246 3207 1290 et
3241 1253 3582 1299 sacramenta

2006 1325 2202 1370 cetera
2253 1319 2316 1371 ab
2345 1327 2548 1374 aeterna
2596 1322 2942 1379 dam‘natione
2974 1342 3069 1394 per
3106 1331 3306 1386 Christi
3349 1336 3577 1404 gratiam

2004 1405 2290 1474 liberatus,
2339 1411 2600 1466 accedere
2662 1424 2840 1468 autem
2875 1419 3287 1491 prohibebatur,
3347 1429 3576 1484 necdum

2003 1496 2378 1555 satisfactione
2434 1501 2637 1570 debita,
2689 1508 2984 1563 secundum
3037 1513 3274 1569 divinant
3310 1517 3576 1586 justitiam

1999 1586 2240 1655 impleta.
2273 1646 2278 1650 _

3291 1696 3433 1752 οὕτω
3475 1702 3576 1772 τῆς

378 1845 445 1896 Εἰ
479 1848 588 1916 γὰρ
618 1848 873 1918 ἐλεήμων
901 1854 930 1904 ὁ
963 1854 1187 1924 Κύριος,
1221 1858 1360 1910 ἀλλὰ
1391 1860 1484 1910 καὶ
1530 1859 1758 1924 δίκαιος,
1796 1861 1884 1912 καὶ

2067 1858 2122 1912 Si
2157 1862 2301 1915 enim
2336 1865 2652 1922 misericors
2683 1880 2788 1935 est,
2819 1886 2884 1926 ac
2923 1875 3043 1942 pius
3071 1876 3351 1945 Dominus,
3389 1884 3575 1954 justus

301 1938 401 2007 οὖχ
431 1937 610 2002 οὕτως
647 1941 922 2013 ἐλεήμων,
947 1947 1021 2009 ὡς
1047 1948 1146 2018 τὴν
1175 1950 1340 2003 αὑτοῦ
1363 1951 1709 2020 δικαιοσύνην
1738 1954 1890 2007 ἀναι-

304 2030 521 2100 ρεῖσθαι
547 2048 560 2061 ·
597 2032 802 2087 Πάντα
839 2037 952 2104 γὰρ
1006 2039 1076 2090 ἐν
1133 2037 1284 2108 ζυγῷ
1315 2043 1415 2096 καὶ
1447 2045 1690 2114 σταθμῷ
1739 2045 1890 2099 κατὰ

303 2114 417 2171 τὸν
457 2120 738 2177 ἸΙσαΐαν.
768 2125 976 2189 Ἀλλως
995 2126 1051 2179 δὲ
1086 2130 1179 2180 καὶ
1217 2131 1446 2200 μάταιον
1476 2129 1564 2203 ἦν,
1590 2134 1622 2203 ἢ
1657 2135 1886 2198 κανόνας

303 2214 611 2278 κακώσεως
673 2219 787 2278 τοῖς
840 2217 1356 2289 ἐξομολογουμένοις
1413 2225 1714 2278 ἐπιτιθέναι
1760 2227 1887 2295 ¹τὴν

310 2302 672 2373 Ἐκκλησίαν,
703 2307 734 2378 ἢ
762 2309 913 2370 ’τοὺς
950 2311 1348 2378 μετανοοῦντας
1391 2315 1626 2387 τοσαύτῃ
1658 2317 1887 2380 ἐαυτοδς

298 2396 659 2463 παραδιδόναι
687 2401 755 2468 τῇ
781 2402 1070 2472 κακουχίᾳ,
1111 2404 1165 2455 εἴ
1196 2421 1256 2472 γε
1297 2406 1395 2475 τὴν
1441 2407 1621 2460 αὐτῶν
1656 2409 1885 2478 ἀνομίαν

299 2486 448 2550 ἅπαξ
486 2489 649 2559 μόνον
676 2492 956 2558 εἰπόντας,
999 2495 1166 2564 ἐχρῆν
1194 2495 1552 2564 μηδοπωσοῦν
1588 2500 1874 2571 ἐνέχεσθαι

300 2579 490 2634 πλέον.
535 2581 701 2634 Ἀλλὰ
733 2582 896 2650 δῆλον
946 2585 1022 2648 ὡς
1056 2587 1423 2658 ἅντισηκοῦσα
1471 2593 1584 2654 τοῖς
1630 2593 1886 2662 ἁμαρτή-

302 2688 437 2740 μασι
463 2673 565 2742 τὴν
600 2675 688 2728 διὰ
728 2677 1025 2745 μετανοίας
1065 2679 1332 2745 κάκωσιν,
1373 2681 1467 2734 καὶ
1496 2681 1594 2753 τὴν
1645 2685 1883 2738 ἐνταῦθα

299 2764 577 2835 κάθαρσιν
627 2768 1043 2839 ἐπιτομωτέραν
1102 2775 1198 2825 καὶ
1234 2777 1575 2845 κουφοτέραν
1605 2777 1703 2845 τῆς
1744 2778 1884 2845 μετὰ

300 2854 474 2908 ταῦτα
514 2857 878 2930 ὀφειλομένης
913 2863 1172 2931 κρίνουσα
1201 2864 1269 2918 τὰ
1301 2867 1528 2919 τοιαῦτα
1562 2870 1674 2930 τοῖς
1705 2871 1883 2938 ἁμαρ-

299 2949 546 3017 τήμασιν
579 2951 913 3018 ἐπιτίθησιν.
947 2957 1054 3008 Καὶ
1088 2955 1193 3026 μὴν
1219 2958 1311 3010 καὶ
1347 2961 1391 3010 οἱ
1435 2958 1522 3012 διὰ
1556 2959 1673 3028 βίου
1702 2964 1878 3032 τρυᾳῇ

299 3038 397 3089 καὶ
423 3041 694 3112 ἀκολασίᾳ
724 3043 1080 3120 συζήσαντες,
1116 3047 1203 3100 ἐπ’
1238 3049 1373 3119 αὐτῇ
1405 3050 1462 3105 δὲ
1497 3054 1562 3121 τῇ
1594 3052 1757 3121 ἐξόδῳ
1785 3055 1877 3122 μό-

298 3146 385 3183 νον
418 3131 834 3200 μετανοοῦντες,
860 3133 1010 3189 οὐδὲν
1038 3136 1102 3197 ἂν
1125 3138 1449 3206 ἠλαττοῦντο
1468 3139 1583 3197 ’τῶν
1602 3143 1658 3196 ἐν
1691 3147 1879 3216 σάκκῳ

297 3224 390 3276 καὶ
425 3223 611 3292 σποδῷ
648 3224 744 3276 καὶ
782 3226 1016 3296 δάκρυσι
1053 3203 1217 3300 μέχρι
1253 3232 1511 3302 τελευτῆς
1553 3203 1875 3306 διαγενομέἰ
1905 3203 1948 3262 c

295 3334 400 3368 νων
433 3317 518 3383 ἐφ’
548 3316 759 3386 ὁμοίοις
801 3321 914 3383 τοῖς
966 3321 1382 3392 ἁμαρτήμασιν.
1421 3327 1542 3378 Ἔτι
1591 3328 1648 3380 δὲ
1679 3329 1778 3381 οὐκ
1809 3330 1876 3383 ἂν

291 3409 571 3483 οὖδοτιοῦν
605 3412 923 3466 συνετέλουν
951 3414 1178 3485 αί,ύπὲρ
1209 3415 1319 3469 τῶν
1349 3417 1690 3488 τεθνηκότων
1720 3422 1875 3492 ἐλεη-
1903 3467 1906 3472 .

295 3501 530 3567 μοσῦναι
565 3503 657 3555 καὶ
693 3506 993 3576 προσευχαὶ
1018 3508 1167 3577 παρὰ
1209 3509 1306 3576 τῆς
1347 3509 1676 3580 Ἐκκλησίας
1707 3530 1874 3580 προσ-

293 3595 654 3663 τεταγμέναι.
686 3596 820 3667 Περὶ
842 3597 941 3666 μὲν
964 3598 1073 3668 γὰρ
1093 3599 1202 3652 τῶν
1224 3600 1323 3669 ἤδη
1348 3601 1446 3670 τῆς
1466 3605 1869 3675 μακαριότητος

294 3683 718 3755 ἐπειλημμένων
745 3687 1072 3757 εὐχομένους
1099 3691 1160 3742 οὑ
1201 3691 1307 3760 χρὴ
1339 3692 1528 3756 Θυσίας
1556 3695 1870 3765 ἀναφέρειν.

305 3773 461 3826 Ἐπεὶ
518 3778 616 3828 καὶ
651 3776 716 3839 ἃς
749 3777 889 3846 ὑπὲρ
921 3779 1029 3833 τῶν
1073 3779 1245 3847 ἁγίων
1278 3781 1468 3846 θυσίας
1496 3787 1867 3855 προσάγομεν,

293 3864 387 3934 οὐχ
420 3866 510 3920 ἵνα
534 3866 772 3937 τύχωσιν
802 3867 1006 3935 ἐλέους,
1044 3870 1178 3922 ἀλλὰ
1210 3872 1476 3940 τιμῶντες
1527 3875 1742 3940 αὐτοὺς,
1776 3879 1871 3931 καὶ
1913 3862 1921 3870 ’

297 3957 522 4024 μεσίτας
559 3959 698 4028 ὑπὲρ
725 3960 883 4029 ήμῶν
912 3960 983 4020 ὡς
1013 3962 1268 4030 ἀπαρχὰς
1309 3966 1406 4033 τῆς
1459 3966 1736 4037 ἡμετέρας
1767 3967 1868 4036 φύ-

298 4063 430 4110 σεως
457 4051 596 4118 πρὸς
625 4051 716 4102 τὸν
747 4050 877 4104 Θεὸν
907 4054 1350 4123 προϐαλλόμεθα.
1384 4056 1522 4126 Περὶ
1560 4058 1616 4110 δὲ
1646 4060 1754 4112 τῶν
1789 4063 1868 4125 είς

298 4141 417 4209 ᾆδον
466 4143 920 4212 κατακριθέντων
958 4147 1216 4215 οὐδεμίαν
1271 4148 1439 4217 εὐχὴν
1488 4150 1520 4218 ή
1568 4150 1868 4220 Ἐκκλησία

302 4237 557 4288 ποιεῖται.

367 4328 475 4379 Καὶ
506 4330 740 4399 φανερὸν
775 4329 917 4401 ὑπὲρ
946 4335 1055 4384 τῶν
1082 4334 1229 4412 ,μήτε
1253 4336 1310 4387 ἐν
1344 4337 1709 4406 μακαριότητι
1738 4336 1868 4391 καθ-

300 4418 626 4483 ισταμένων,
687 4419 826 4487 μήτε
859 4420 917 4470 ἐν
949 4421 1074 4490 ᾅδου
1107 4424 1552 4492 κατακριθέντων
1577 4427 1676 4488 τὰς
1703 4427 1866 4496 εὐχὰς

1995 1953 2173 2004 tamen
2224 1953 2578 2012 nihilominus
2630 1972 2733 2014 est.
2766 1962 2953 2032 Neque
2991 1967 3064 2038 ita
3113 1980 3193 2023 est
3234 1973 3571 2043 misericors,

1991 2049 2048 2092 ut
2069 2040 2188 2109 ejus
2215 2042 2424 2112 justitia
2447 2060 2775 2107 evacuetur:
2813 2053 3160 2124 0mnia;enim
3189 2063 3242 2116 in
3276 2074 3496 2134 statera,
3517 2079 3570 2123 et

1991 2147 2260 2199 mensura,
2306 2135 2466 2204 juxta
2523 2137 2719 2196 Isaiam
2751 2143 2840 2196 ’τε
2893 2149 3162 2218 aliterque
3209 2153 3376 2209 inane
3425 2169 3569 2213 esset

1987 2224 2071 2276 vel
2103 2226 2487 2285 confitentibus
2519 2232 2585 2286 ab
2635 2231 2882 2292 Ecclesia
2920 2240 3297 2306 paenitentiam
3337 2247 3564 2318 imponi,

1988 2312 2068 2365 vel
2104 2316 2428 2382 ptenitemes
2475 2329 2636 2376 tanta:
2687 2339 2746 2379 se
2802 2326 2950 2394 ipsos
2999 2333 3216 2388 tradere
3266 2336 3562 2396 alﬂictioni.

1988 2401 2047 2456 Si
2101 2399 2315 2475 quidem
2375 2411 2717 2481 iniquitatem
2767 2434 2944 2485 suam,
2971 2425 3137 2478 semel
3191 2435 3397 2483 tantum
3440 2448 3565 2487 con-

1986 2494 2221 2563 fitentes,
2265 2499 2378 2566 jam
2400 2505 2466 2557 ab
2519 2507 2667 2559 omni
2703 2519 2851 2562 reatu
2901 2511 3055 2567 liberi
3091 2527 3297 2572 essent.
3324 2522 3391 2575 At
3430 2538 3562 2580 con-

1984 2595 2110 2652 stat,
2131 2589 2253 2656 quia
2291 2593 2526 2660 peccatis
2545 2597 2876 2664 prenitentive
2903 2603 3249 2663 alllictionem
3283 2612 3559 2683 ingerens,

1985 2688 2145 2757 atque
2168 2679 2258 2734 hic
2287 2687 3007 2761 purgationembreviorem,
3035 2711 3096 2752 ac
3118 2679 3372 2758 leviorem
3390 2722 3556 2776 quam

1985 2769 2266 2838 debeatur,
2306 2774 2625 2846 decernens,
2662 2782 2790 2836 talia
2840 2785 3092 2854 iniungit.
3127 2792 3272 2847 Alias
3294 2769 3438 2851 enim
3466 2803 3557 2870 qui

1940 2857 1952 2869 '
1983 2874 2081 2930 per
2115 2877 2331 2918 omnem
2361 2866 2530 2923 vitam
2563 2871 2792 2936 deliciis,
2820 2884 2874 2928 et
2899 2876 3246 2945 impudicitia:
3271 2857 3555 2953 dediti,ad

1984 2952 2158 3020 ipsum
2197 2957 2310 3023 jam
2349 2959 2509 3014 linem
2572 2963 2691 3019 vita:
2738 2970 3085 3036 pteniterent,
3122 2974 3292 3031 nihilo
3322 2952 3558 3037 deterio-

1984 3058 2070 3100 res
2098 3058 2302 3115 essent,
2331 3067 2496 3120 quam
2527 3050 2581 3109 hi
2609 3058 2698 3125 qui
2728 3073 2826 3126 pro
2858 3060 3126 3118 similibus
3175 3071 3411 3133 peccatis
3433 3073 3556 3128 diu-

1998 3137 2200 3194 tissime
2235 3141 2287 3195 in
2344 3144 2540 3212 cilicio,
2577 3158 2632 3203 et
2661 3150 2869 3219 cinere,
2911 3164 2968 3208 et
2991 3155 3244 3228 lacrytnis
3287 3177 3459 3235 nsque
3485 3168 3554 3222 ad

1983 3227 2140 3284 finem
2174 3235 2550 3299 perstiterunt.
2577 3239 2720 3296 Nihil
2763 3255 3023 3312 praeterea
3071 3227 3406 3319 conferreni,
3435 3273 3556 3327 quae

1981 3333 2078 3387 pro
2101 3323 2368 3381 defunctis
2399 3329 2467 3384 ab
2527 3331 2774 3413 Ecclesia
2825 3335 2942 3392 fieri
2979 3343 3371 3413 praecipiuntur
3425 3323 3553 3403 o—ra-

1979 3412 2174 3479 tiones,
2214 3429 2267 3470 et
2298 3411 2670 3492 elecmos’ynze.
2706 3423 2810 3480 Pro
2845 3428 2928 3482 his
2954 3433 3118 3497 enim,
3147 3411 3244 3497 qui
3263 3437 3374 3500 jam
3427 3438 3555 3492 bea-

1979 3502 2205 3560 titudine
2248 3510 2400 3577 potiti
2440 3525 2585 3577 sunt,
2610 3527 2829 3570 orantes
2874 3522 3139 3576 sacrificia
3189 3526 3385 3581 olTerre
3414 3543 3553 3597 opus

1977 3610 2082 3649 non
2116 3607 2222 3650 est.
2259 3600 2388 3664 Quae
2442 3602 2586 3655 enim
2621 3619 2718 3672 pro
2750 3611 2956 3664 sanctis
3007 3614 3180 3669 officia
3228 3617 3506 3676 oﬂeriinus
3531 3662 3550 3688 ,

1977 3701 2084 3741 non
2114 3690 2612 3747 utinisericordiatn
2646 3711 3064 3766 consequantur,
3095 3705 3394 3774 offerimus;
3425 3713 3546 3775 sed,

1976 3787 2034 3830 ut
2057 3777 2384 3836 honorantes
2401 3797 2519 3846 ens.
2540 3786 2864 3843 niediatores
2891 3807 2987 3859 pro
3006 3795 3158 3847 nobis
3183 3800 3321 3864 apud
3356 3800 3548 3867 Deum,

1975 3878 2034 3923 ut
2057 3882 2260 3926 natura:
2290 3883 2488 3928 nostra:
2509 3877 2773 3948 primitias
2796 3883 3136 3950 opponimus.
3165 3886 3270 3942 Pro
3294 3890 3375 3942 his
3399 3906 3548 3956 vero,

1975 3959 2066 4027 qui
2103 3959 2156 4014 in
2187 3962 2398 4018 inferno
2454 3966 2689 4020 damnati
2740 3980 2887 4036 sunt,
2919 3972 3120 4028 nullam
3143 3976 3385 4033 Ecclesia
3419 3996 3546 4035 ora-

1981 4053 2182 4108 tionem
2219 4055 2370 4111 facit.

2043 4324 2395 4393 Perspicuum
2448 4326 2612 4398 igitur
2635 4339 2740 4395 est,
2792 4345 2967 4399 neque
3010 4347 3106 4400 pro
3127 4333 3233 4398 his,
3269 4335 3361 4403 qui
3389 4335 3544 4392 beata

1971 4417 2076 4486 jam
2105 4420 2288 4487 requie
2327 4420 2478 4488 potiti
2503 4431 2646 4485 sunt,
2669 4417 2842 4490 neque
2863 4437 2960 4491 pro
2993 4424 3097 4487 his,
3131 4427 3220 4492 qui
3251 4426 3303 4480 in
3335 4428 3548 4483 inferno

301 4509 388 4560 καὶ
413 4509 479 4560 τὰ
527 4510 748 4563 τοιαῦτα
783 4514 1180 4581 προσάγεσθαι.
1218 4517 1383 4569 Ὅθεν
1415 4519 1507 4571 καὶ
1553 4521 1867 4588 ἀναγκαίως

1985 4512 2214 4564 damnati
2242 4521 2389 4576 sunt,
2439 4515 2730 4578 orationes,
2765 4529 2828 4568 ac
2860 4516 2986 4570 talia
3019 4515 3221 4577 offerri.
3254 4516 3403 4573 Unde
3442 4537 3536 4572 ne-

301 4605 770 4670 συναναφαίνεται,
832 4607 1012 4674 τρίτον
1065 4608 1188 4661 τινὰ
1244 4612 1408 4663 τόπον
1459 4613 1687 4678 τιθέναι,
1735 4617 1868 4668 ὅπου

299 4696 389 4760 τῆς
419 4695 680 4764 τοιαύτης
708 4696 1030 4766 καθάρσεως
1063 4703 1389 4770 γενομένης,
1429 4705 1524 4756 καλ⁸
1568 4708 1664 4775 τῆς
1703 4706 1871 4758 ἐλλει-

295 4787 520 4856 φθείσης
558 4789 992 4858 ἱκανοποιήσεως
1022 4793 1402 4864 ἀποδοθείσης,
1437 4798 1486 4848 οἱ
1535 4798 1622 4851 διὰ
1663 4799 1868 4868 ταύτης

293 4877 564 4944 ἐλθόντες,
612 4879 704 4931 τὸν
758 4880 946 4934 ἐνόντα
996 4883 1200 4952 βραχὺν
1257 4886 1619 4957 καθαρθέντες
1659 4889 1866 4959 ῥύπον,
1936 4954 1938 4957 ι

297 4972 385 5020 ἐττί
433 4971 536 5039 τὴν
579 4973 961 5043 μακαριότητα
1020 4976 1457 5042 μεταϐαίνουσιν.
1501 4980 1772 5043 Ὡσαύτως
1811 4985 1868 5050 δέ

297 5065 382 5112 καὶ
421 5063 476 5113 εἴ
505 5043 714 5126 riga-dt;
767 5065 867 5134 μέν
920 5067 1141 5130 ἐντολὰς
1177 5070 1392 5133 ἁπάσας
1439 5071 1549 5123 τῶν
1607 5066 1699 5126 τοῦ
1733 5076 1867 5128 Θεοῦ

293 5155 735 5223 προσταγμάτων
784 5159 1054 5227 τηρήσας,
1094 5160 1388 5213 κάντεῦθεν
1413 5163 1520 5215 τῶν
1555 5164 1868 5236 θανασίμων

290 5248 732 5316 ἀπηλλαγμένος,
789 5251 902 5312 τοῖς
951 5251 1003 5302 δὲ
1055 5254 1272 5320 μικροῖς
1315 5254 1524 5319 τούτοις
1565 5259 1657 5310 καὶ
1701 5260 1870 5326 καθη-

296 5344 529 5410 μερινοῖς
562 5342 938 5409 ἐνισχόμενος,
975 5338 1050 5395 ὧν
1091 5348 1259 5414 χωρὶς
1296 5346 1553 5401 ἀδύνατον
1583 5351 1744 5419 ζῆσαι
1775 5353 1864 5404 τὸν

293 5430 599 5498 ἄνθιιωπον,
638 5431 732 5481 καὶ
761 5431 920 5493 αὐτὸς
945 5432 1197 5485 ἀπελθὼν
1228 5435 1324 5506 τὴν
1352 5426 1492 5507 ὑπὲρ
1520 5439 1722 5500 τούτων
1747 5441 1865 5494 ίκα-

290 5537 587 5586 νοπο.ησιν.
613 5521 665 5572 sl
689 5535 740 5571 τι
766 5520 970 5590 ταύτης
994 5523 1290 5594 παρώφθη,
1317 5526 1347 5597 ἢ
1372 5517 1464 5578 τοῦ
1489 5529 1674 5592 τέλους
1702 5532 1862 5582 ἐπε),-

291 5612 471 5673 eam;
525 5613 628 5663 οὐκ
670 5610 902 5679 ἔφθασεν
933 5615 1306 5684 ἐκπληρῶσαι,
1357 5617 1653 5689 καθαρθεὶς
1694 5624 1750 5674 ἐν
1786 5623 1860 5693 τῷ

357 5792 398 5820 ⁸⁷
462 5795 570 5847 lsa.
637 5812 732 5854 ιι..
793 5797 877 5850 12.

1973 4601 2211 4655 cessario
2257 4602 2547 4671 colligitur,
2583 4606 2800 4657 tertium
2841 4610 3130 4673 quemdam
3183 4623 3303 4662 esse
3341 4611 3542 4675 locum,

1974 4693 2063 4745 ubi
2105 4693 2416 4761 liujusniodi
2457 4695 2776 4763 purgatione
2815 4695 2978 4759 facta,
3041 4707 3092 4749 et
3132 4698 3332 4767 reliqua
3386 4703 3550 4754 Salis-
3585 4719 3590 4723 ·

1971 4785 2207 4838 factione
2256 4785 2552 4852 pet-soluta,
2612 4787 2700 4854 qni
2738 4797 2862 4838 sunt
2914 4788 3175 4854 ejusmodi
3231 4792 3376 4843 omni
3433 4807 3558 4844 llia-.

1971 4877 2091 4931 cuia
2121 4877 2331 4945 purgati
2365 4878 2430 4930 ad
2464 4877 2854 4931 beatitudinem
2880 4887 3190 4931 transeunt.
3211 4877 3386 4934 Simili
3413 4897 3549 4935 vero

1973 4972 2182 5024 ratione
2223 4970 2391 5023 etiam
2441 4970 2482 5023 si
2543 4970 2662 5036 quis
2695 4970 2924 5022 servatis
2967 4970 3220 5024 omnibus
3275 4975 3551 5027 mandatis

1975 5061 2088 5126 Dei,
2114 5061 2539 5130 mortalibusque
2559 5059 2904 5128 culpislibcr,
2956 5061 3137 5131 parvis
3169 5079 3314 5128 vero,
3342 5075 3394 5118 et
3415 5082 3548 5135 quo-

1973 5151 2212 5214 titlianis,
2243 5151 2357 5203 sine
2389 5151 2585 5218 quibus
2613 5151 2717 5203 vita
2753 5151 2987 5206 hominis
3023 5153 3246 5223 transigi
3307 5173 3411 5209 non
3453 5173 3547 5224 pn-

1951 5253 2096 5306 .tcst,
2113 5244 2398 5309 obnoxius,
2435 5244 2714 5305 hinc.sine
2737 5246 3076 5312 poenitentia,
3096 5257 3149 5298 et
3171 5247 3546 5301 satisfactione
3573 5319 3577 5322 ι

1973 5335 2292 5397 decesserit,
2344 5333 2397 5386 in
2439 5334 2726 5403 purgator-ii
2758 5334 2875 5387 loa-o
2925 5335 3148 5402 integre,
3178 5340 3314 5404 quod
3346 5339 3548 5389 tilttise‘

1973 5441 2075 5492 rat,
2119 5426 2324 5480 reddet.
2361 5427 2490 5480 Eum
2523 5428 2692 5490 enini,
2715 5428 2805 5496 qui
2843 5428 3158 5481 mortalibus
3189 5443 3400 5495 semper
3442 5429 3536 5479 ab-

1971 5526 2245 5590 stinuerit,
2297 5531 2517 5594 propter
2553 5520 2771 5573 tnittinta
2802 5519 2928 5582 ista,
2987 5526 3043 5570 ut
3104 5518 3193 5585 qui
3237 5517 3544 5585 turpissimi:

1971 5621 2343 5691 ﬂagitioseque
2394 5617 2668 5680 vixerunt,
2703 5613 2752 5667 in
2804 5611 3017 5666 inferno
3058 5609 3325 5673 damnari,
3363 5607 3543 5676 justus
