4114 6306
492 336 592 399 231

1757 326 1919 387 MAN
1933 324 2160 387 UELIS
2202 321 2508 384 CALECAE

3640 310 3787 370 232

492 446 735 514 profecto
785 442 947 513 iudex
996 455 1266 510 nunquam
1316 439 1672 509 permitteret.
1716 440 1864 494 Alias
1918 438 2061 492 enim

2178 438 2316 509 τόπῳ
2344 440 2443 507 τῆς
2490 435 2815 507 καθάρσεως
2864 433 3093 496 ἐντελῶς
3134 431 3427 486 ἀποδώσει.
3484 432 3587 485 Τὸν
3641 434 3781 501 μὲν

493 540 601 591 vita
630 551 763 605 pura
795 533 931 589 nihil
957 548 985 586 a
1020 541 1273 599 corrupta
1301 530 1563 586 diﬂerret:
1598 532 1669 593 si,
1706 531 1796 598 qui
1829 531 1947 585 sine
1975 545 2065 583 ve-

493 628 728 684 nialibus
762 627 933 695 culpis
957 640 1076 679 esse
1098 638 1202 678 non
1238 638 1524 692 possumus
1545 621 1563 692 (
1586 636 1769 676 sumus
1791 622 1932 676 enim
1965 620 2064 675 ho-

495 718 703 789 mines)
734 734 887 787 atque
910 727 1129 787 propter
1162 714 1275 781 illa,
1306 724 1362 769 ut
1393 715 1622 783 quisque
1671 714 2069 780 perditissimus

494 814 563 863 ob
614 812 817 865 scelera
865 808 1182 879 gravissima
1233 806 1622 860 eruciabimur.
1670 804 1739 857 Et
1795 803 2068 873 quomodo

495 902 785 969 unicuique
839 899 1096 954 Daminus
1126 895 1311 950 reddet
1337 895 1632 949 secundum
1672 908 1835 962 opera
1867 907 1967 945 sua
1985 892 2031 923 "'
2052 930 2069 957 ,

494 994 540 1046 si
572 1001 647 1045 tot
675 991 877 1045 {rustra
900 990 1113 1042 labores
1156 986 1334 1047 nobis,
1364 999 1460 1053 pro
1485 984 1628 1038 illius
1652 984 1934 1052 implendis
1960 982 2075 1050 jus-

494 1084 569 1137 sis
598 1078 956 1136 assumimus?
989 1079 1097 1132 imo
1120 1092 1269 1138 vero,
1320 1090 1563 1144 quaenam
1596 1084 1680 1130 est
1705 1076 1895 1129 salutis
1923 1089 2071 1144 spes,

494 1174 540 1228 si
570 1176 738 1228 etiam
774 1185 935 1240 parva
966 1183 1191 1238 qumque
1221 1177 1465 1236 peccata,
1501 1182 1622 1236 quae
1678 1166 1822 1220 velut
1877 1167 2069 1219 umbra

497 1264 747 1316 homines
776 1269 1099 1328 sequuntur,
1132 1272 1284 1327 atque
1334 1266 1392 1311 ut
1455 1256 1703 1311 mortalia
1728 1252 2074 1309 damnantur?

499 1350 637 1405 Nam
668 1351 785 1404 sine
807 1350 935 1419 ipsis
952 1350 1229 1415 decedere,
1262 1348 1473 1403 illorum
1495 1357 1599 1409 est,
1630 1345 1723 1415 qui
1746 1361 1841 1415 per
1869 1354 2073 1413 marty-

503 1441 643 1495 rium
702 1440 1102 1504 consummati,
1168 1443 1446 1507 vitamque
1499 1436 1798 1504 angelicam
1875 1433 2073 1489 imitati

500 1535 649 1594 sunt,
671 1542 966 1596 eorumque
991 1527 1081 1595 qui
1120 1542 1367 1596 magnam
1405 1524 1761 1580 ostenderunt
1808 1524 2073 1593 paeniten-

499 1622 653 1683 tiam,
688 1629 747 1673 ut
809 1620 977 1685 latro;
1040 1629 1096 1674 et
1152 1633 1288 1687 quos
1327 1615 1510 1673 divina
1570 1616 1747 1688 gratia
1807 1615 2075 1685 praecipue

492 1709 831 1777 iustiﬁcavit.

2170 531 2281 598 γὰρ
2316 529 2423 581 τῶν
2471 527 2791 597 θανασίμων
2837 525 3214 594 ἀποσχόμενον
3242 523 3335 577 διὰ
3385 521 3502 585 βίου
3547 522 3633 576 διὰ
3677 525 3775 577 τὰ

2173 616 2351 688 μικρὰ
2381 616 2558 670 ταῦτα
2578 619 2709 693 ’τοῖς
2737 615 2965 677 ἀσώτοις
2989 613 3346 667 διαϐιὼσασιν
3368 613 3557 681 ἐπίσης
3582 614 3637 665 ἐν
3665 612 3774 682 τῷ

2171 709 2275 780 ᾅδῃ
2306 700 2732 777 κατακριθῆναι,
2765 707 2981 768 πάντως
3011 706 3113 759 οὐκ
3142 704 3208 757 ἂν
3232 704 3381 773 παρὰ
3412 702 3505 755 τοῦ
3532 703 3766 755 δικαίου

2172 800 2361 869 κριτοῦ
2387 800 2790 868 συγχωρηθείη.
2821 799 3028 859 Ἀλλως
3058 796 3166 865 γὰρ
3195 797 3296 848 οὐκ
3326 796 3391 847 ἂν
3418 797 3446 847 ό
3474 794 3612 863 μετὰ
3634 794 3768 846 τῶν

2174 891 2406 956 ἐντολῶν
2458 891 2552 944 τοῦ
2606 891 2743 943 Θεοῦ
2795 890 2907 960 βίος
2938 888 3032 942 τοῦ
3083 889 3429 956 διεφθορότος
3468 886 3752 955 διαφέροι,

2174 981 2230 1035 εί
2249 983 2454 1048 γεκτῶν
2498 983 2597 1052 μὲν
2631 980 2996 1050 συγγνωστῶν
3034 979 3452 1049 ἁμαρτημάτων
3481 978 3762 1031 ἀδύνατον

2178 1073 2254 1143 μὴ
2287 1076 2585 1142 κατασχεῖν
2620 1072 2907 1142 ἄνθρωπον
2939 1072 3090 1136 ὄντα,
3126 1072 3321 1140 ἐπίσης
3346 1070 3404 1122 δέ
3439 1070 3526 1122 διά
3569 1068 3757 1121 ταῦτα.

2172 1167 2283 1225 τοῖς
2323 1166 2501 1234 πάντη
2539 1165 2851 1234 διεφθορόσι
2904 1162 3396 1233 κατακριθήσεται.
3422 1162 3535 1215 Καὶ
3571 1161 3689 1223 πῶς
3722 1162 3757 1213 ὁ

2176 1254 2382 1323 Κύριος
2418 1255 2635 1324 ἑκάστῳ
2663 1256 2806 1307 κατὰ
2847 1254 2914 1307 τά
2945 1254 3084 1324 ἔργα
3122 1252 3287 1306 αὑτοῦ
3336 1251 3609 1325 ἀποδῴσει
3637 1250 3754 1303 τῶν

2173 1343 2446 1397 τοσούτων
2477 1343 2617 1413 ὑπὲρ
2645 1343 2756 1396 τῶν
2796 1343 3025 1395 ἐντολῶν
3054 1342 3221 1395 αὐτοῦ
3268 1343 3446 1394 πόνων
3473 1341 3553 1400 είς
3592 1342 3752 1392 κενὸν

2175 1432 2543 1502 ἀνηλωμένων
2588 1432 2666 1502 τῷ
2695 1432 3143 1502 κατορθώσαντι;
3181 1432 3396 1486 Μᾶλλον
3425 1432 3482 1484 δέ
3525 1430 3608 1493 τίς
3644 1448 3751 1481 σω-

2174 1523 2368 1592 τηρίας
2401 1523 2575 1587 ἐλπὶς,
2611 1525 2659 1575 εί
2684 1526 2778 1577 καὶ
2808 1524 2879 1576 τὰ
2912 1524 3086 1594 μικρὰ
3117 1524 3225 1575 τῶν
3250 1523 3689 1593 ἁμαρτημάτων,
3714 1522 3753 1574 ὃ.

2176 1612 2428 1683 καθάπερ
2463 1614 2591 1667 σκιά
2616 1615 2754 1667 πᾶσι
2790 1616 2904 1677 τοῖς
2934 1614 3246 1683 ἀνθρώποις
3278 1613 3608 1683 παρέπεται,
3639 1612 3751 1671 τοῖς

2178 1703 2503 1773 θανασίμοις
2532 1704 2729 1774 ἐπίσης
2758 1705 3182 1774 κατακρινοῦσι;
3216 1704 3289 1756 Τὸ
3318 1703 3428 1773 γὰρ
3462 1702 3554 1754 καὶ
3583 1700 3752 1770 χωρὶς

494 1805 677 1858 αὐτῶν
733 1804 1010 1872 ἀπελθεῖν,
1045 1804 1154 1859 τῶν
1196 1803 1283 1857 διὰ
1356 1800 1659 1874 μαρτυρίου
1704 1801 2118 1869 τελειωθέντων,
2180 1800 2274 1854 καὶ
2324 1801 2434 1854 τῶν
2496 1802 2554 1855 ἐν
2602 1800 2815 1872 σώματι
2854 1801 3107 1869 καθάπερ
3155 1801 3376 1868 ἄγγελοι
3428 1798 3751 1851 πολιτευσα-

497 1901 678 1970 μένων
715 1903 875 1970 μόνον
909 1901 1049 1965 ἐστὶ,
1079 1901 1173 1952 καί⁹
1220 1899 1404 1968 μέντοι
1447 1900 1543 1951 καὶ
1614 1898 1724 1950 τῶν
1766 1898 2012 1968 μεγάλην
2057 1897 2452 1968 ἐνδειξαμένων
2521 1899 2827 1967 μετάνοιαν,
2887 1896 3078 1969 ὥσπερ
3118 1900 3146 1952 ὁ
3206 1897 3430 1968 λῃστὴς,
3467 1886 3565 1949 καὶ
3593 1894 3749 1966 οὒςη

494 1997 631 2053 Θεοῦ
677 1997 837 2067 χάρις
883 1993 1203 2047 ἐδικαίωσεν
1255 1992 1573 2063 ἐξαιρέτως,
1608 1992 1744 2061 ὅπερ
1783 1992 2071 2059 ὀλιγίστων
2110 1990 2248 2044 ἐστί.

563 2090 853 2150 Caeterum,
890 2095 947 2139 ut
976 2086 1308 2139 sordidatum
1341 2084 1423 2136 vel
1451 2099 1611 2155 parva
1636 2084 1871 2146 macula,
1933 2083 2074 2137 uniri

2249 2083 2324 2135 Τὸ
2356 2083 2415 2136 δέ
2448 2082 2541 2135 καὶ
2572 2082 2665 2136 τὸν
2700 2082 2904 2153 βραχὺν
2934 2081 3127 2152 ἔχοντα
3161 2080 3332 2152 ῥύπον
3367 2078 3637 2150 ἐνωθῆναι
3669 2079 3747 2149 τῷ

498 2184 631 2247 Deo,
652 2194 708 2235 et
744 2176 944 2247 perfrui
995 2174 1358 2240 beatitudine,
1385 2174 1637 2242 possibile
1662 2188 1771 2227 non
1808 2184 1912 2239 est,
1945 2172 2078 2227 nihil

496 2276 640 2325 enim
702 2270 896 2323 divina:
943 2274 1148 2320 natura:
1193 2263 1476 2334 profanum
1514 2264 1944 2334 appropinquat;
1978 2262 2076 2326 ita,

498 2361 752 2414 omnibus
773 2357 1013 2426 peccatis
1041 2357 1338 2425 expiatum,
1374 2365 1583 2423 putare,
1606 2370 1711 2408 uou
1740 2354 1955 2409 admitti
2010 2355 2077 2407 ad

500 2450 912 2512 beatitudinem,
967 2462 1088 2502 cum
1121 2444 1395 2515 nibifjam
1420 2447 1671 2513 obsistat,
1708 2444 2078 2500 irrationabile

502 2541 662 2597 simul
690 2548 746 2593 et
780 2539 1021 2606 iniquum
1057 2548 1159 2605 est,
1196 2538 1599 2607 Scripturaaque
1638 2537 1928 2592 sententiis
1954 2552 2081 2591 con-

372 2656 390 2675 -
500 2626 751 2686 tl‘arium.
789 2628 879 2683 Sic
907 2630 1085 2697 itaque
1120 2629 1263 2683 inter
1289 2628 1698 2694 beatitudinem,
1725 2637 1780 2681 et
1816 2637 2078 2682 aeternum

499 2724 802 2778 cruciatum
846 2721 1033 2776 tertius
1064 2721 1214 2777 locus
1248 2720 1596 2791 relinquitur,
1649 2720 1703 2774 in
1751 2734 1859 2790 quo
1892 2720 2082 2787 hujus-

500 2818 643 2870 modi
679 2812 897 2882 peccata
919 2823 1239 2883 purgantur.
1259 2812 1391 2865 Eum
1413 2826 1539 2865 vero
1558 2810 1730 2864 locum
1754 2811 1932 2878 ignem
1963 2824 2083 2865 esse

500 2906 689 2969 aiunt;
721 2921 829 2959 non
854 2920 979 2958 eum
1009 2902 1102 2972 qui
1133 2911 1257 2955 ante
1297 2902 1488 2955 faciem
1527 2901 1729 2955 Christi
1758 2901 1949 2969 ineius
1995 2915 2082 2954 re-

502 2996 787 3052 velatioue.
807 3003 865 3046 ut
883 2994 959 3045 ait
976 2992 1164 3045 Daniel
1187 2993 1256 3054 ",
1278 2991 1553 3059 praecedit,
1573 2999 1631 3044 et
1650 3005 1810 3059 quem
1823 2990 2082 3059 gebeuum

504 3087 684 3155 ignem
707 3083 984 3152 Scriptura
1006 3083 1222 3138 vocat“
1245 3098 1261 3148 ;
1287 3082 1369 3135 his
1384 3082 1548 3147 enim,
1566 3081 1729 3151 quiin
1758 3080 1904 3135 illum
1919 3082 2083 3136 semel

505 3184 846 3243 merguntur,
913 3174 1056 3228 nulla
1111 3181 1193 3229 est
1240 3174 1551 3243 emergendi
1607 3188 1771 3242 spes;
1811 3176 1905 3228 sed
1938 3174 2077 3243 ignis

504 3267 662 3330 alius,
690 3280 846 3334 quem
903 3264 1273 3334 pnrgatorium
1312 3265 1547 3331 dicunt;
1591 3253 1732 3332 quod
1765 3265 1818 3319 iu
1846 3280 1909 3319 eo
1956 3265 2085 3319 deli-

2178 2175 2302 2245 Θεῳ
2343 2173 2769 2246 συγχωρηθῆναι
2798 2175 2895 2244 τῆς
2931 2174 3337 2246 μακαριότητος
3365 2171 3758 2240 ἐπιτετευγμέ-

2179 2285 2268 2321 νον
2319 2266 2602 2319 ἀδύνατον.
2652 2263 2822 2319 Οὐδὲν
2867 2266 2934 2335 τῇ
2992 2263 3115 2334 θείᾳ
3173 2263 3335 2334 σοφίᾳ
3396 2262 3755 2333 προσυπαντᾷ

2182 2357 2431 2428 βέϐηλον,
2468 2356 2603 2410 ἀλλὰ
2650 2357 2745 2409 καὶ
2789 2356 2851 2409 τὸ
2893 2346 3095 2420 παντδς
3142 2356 3624 2427 ἐκκεκαθαρμένον
3679 2356 3753 2426 μὴ

2182 2449 2591 2521 συγχωρεῖσθαι
2620 2448 2831 2502 οἴεσθαι
2864 2449 2964 2517 τῆς
2998 2450 3405 2519 μακαριότητος
3434 2449 3749 2509 ἀπολαύειν,

2184 2540 2415 2611 μηδενὸς
2450 2540 2551 2609 ἤδη
2587 2539 3058 2609 προσισταμένου,
3094 2539 3288 2606 ἄλογόν
3324 2557 3384 2592 τε
3415 2538 3508 2593 καὶ
3546 2541 3751 2601 ἀδικον,

2180 2631 2275 2683 καὶ
2317 2631 2434 2691 ταῖς
2479 2630 2577 2698 τῆς
2630 2629 2854 2699 Γραφῆς
2905 2629 3245 2699 ἀποφάσεσιν
3286 2631 3550 2685 ἐναντίον.
3597 2627 3753 2683 Οὕτω

2180 2721 2362 2774 τοίνυν
2390 2719 2595 2790 μεταξὺ
2628 2720 3031 2791 μακαριότητος
3089 2722 3303 2792 καὶτῆς
3331 2723 3552 2777 αἰωνίου
3589 2738 3755 2775 κατα-

2181 2812 2334 2881 δίκης
2368 2810 2548 2880 τρίτος
2595 2812 2988 2866 καταλείπεται
3018 2814 3202 2880 τόπος,
3249 2816 3306 2866 ἐν
3338 2808 3382 2883 ᾧ
3415 2814 3485 2868 τὰ
3528 2815 3753 2868 τοιαῦτα

2181 2901 2291 2953 τῶν
2337 2902 2758 2971 ἁμαρτημάτων
2797 2902 3143 2973 καθαίρεται.
3186 2905 3283 2956 Ὃν
3312 2904 3377 2972 δὴ
3424 2904 3590 2956 τόπον
3643 2901 3753 2972 πῦρ

2184 2988 2327 3044 εἷναί
2360 3008 2544 3059 φασιν,
2592 2994 2693 3046 οὐκ
2721 2995 2899 3046 ἐκεῖνο
2933 2994 2994 3047 τὸ
3040 2996 3175 3065 πῦρ,
3214 2995 3350 3064 ὅπερ
3390 2994 3495 3064 πρὸ
3542 2994 3759 3064 προσώ-

2185 3101 2287 3135 που
2324 3082 2561 3153 Χριστοῦ
2597 3086 2653 3137 ἐν
2682 3086 2748 3155 τῇ
2797 3084 3112 3155 ἐπιφανείᾳ,
3139 3084 3213 3149 ὡς
3250 3088 3277 3139 6
3325 3084 3522 3155 Δανιὴλ
3566 3101 3757 3155 φησιν,

2185 3159 2430 3239 ἕλκεται,
2459 3176 2554 3227 καὶ
2585 3175 2613 3228 δ
2638 3175 2749 3246 πῦρ
2778 3176 3004 3246 γεέννης
3038 3178 3071 3246 ἠ
3104 3177 3293 3247 Γραφὴ
3315 3177 3489 3242 καλεῖ,
3515 3178 3628 3239 τοῖς
3650 3178 3759 3246 γὰρ

2187 3267 2245 3318 ἐν
2277 3264 2452 3333 τούτῳ
2491 3265 2909 3335 καθακριθείσιν
2959 3268 3058 3320 οὐκ
3100 3268 3250 3321 ἐστιν
3307 3267 3587 3335 ἀνάδυσις,
3641 3266 3759 3320 ἀλλ’

507 3365 595 3411 cta
649 3365 968 3424 purgentur,
1035 3370 1099 3408 ac
1147 3355 1296 3408 velut
1352 3354 1405 3408 iu
1432 3353 1671 3418 fornace,
1726 3356 1817 3425 qui
1849 3356 1903 3408 in
1934 3354 2077 3408 illum

2189 3356 2397 3427 ἐτερον,
2431 3358 2459 3410 ὃ
2489 3358 2876 3428 Καθαρτήριον
2904 3358 2992 3413 διὰ
3040 3359 3139 3429 τὴν
3176 3359 3447 3431 κάθαρσιν
3493 3360 3759 3429 ὀνομάζε-

501 3450 812 3510 mittuntur,
859 3447 1247 3512 emundantur,
1283 3446 1533 3515 isttldqtte
1562 3446 1966 3517 antejudicium
1997 3462 2077 3501 ex-

2188 3418 2304 3511 ται,
2335 3418 2432 3501 καὶ
2460 3448 2521 3501 τὸ
2555 3418 2809 3520 καθάπερ
2842 3453 2898 3503 ὲν
2932 3418 3287 3523 χωνεύτηρίῳ
3326 3418 3455 3513 τοὺς
3490 3418 3761 3506 είσελθόν-

504 3547 756 3591 tremum.
785 3537 912 3591 Post
948 3539 1048 3592 hoc
1071 3538 1238 3603 enim,
1265 3537 1441 3592 nullus
1487 3540 1578 3607 qui
1629 3538 1924 3595 mundetur
1961 3538 2088 3602 erit,

505 3643 827 3697 unoquoque
843 3629 1116 3698 proprium
1138 3632 1237 3684 sibi
1264 3628 1447 3683 locum
1490 3642 1692 3685 mterue
1717 3632 2085 3695 vindicaturo,

508 3718 694 3773 Solum
746 3720 889 3773 enim
936 3731 1062 3773 ante
1093 3721 1194 3774 hoc
1220 3717 1486 3787 judicium
1515 3736 1634 3787 quae
1666 3738 1763 3790 pro
1795 3723 2083 3775 animabus

504 3813 663 3874 iinnt.
716 3813 965 3865 conferre
1015 3822 1260 3879 possunt.
1298 3813 1403 3866 Sed
1437 3820 1491 3863 et
1520 3812 1565 3864 si
1618 3813 1708 3879 qui
1757 3813 2083 3866 adveniente

506 3903 735 3956 Domino
761 3903 826 3955 ad
853 3902 1207 3969 judicaudum
1244 3902 1526 3961 mundum,
1557 3903 1718 3955 modo
1766 3902 1944 3955 sanari
1964 3913 2087 3968 pos-

504 3992 637 4059 sint,
662 3994 1075 4059 relinquentur:
1100 3990 1291 4044 Omnes
1317 3990 1574 4045 enimnon
1599 3992 1918 4044 dormiamus
1945 3992 2081 4059 (86),

504 4099 680 4138 omnes
729 4100 847 4137 vero
891 4083 1364 4135 immutabimur“
1394 4100 1413 4149 ;
1443 4094 1492 4136 et
1556 4099 1671 4145 nos,
1707 4085 1797 4152 qui
1841 4087 2081 4151 vivimus,

501 4179 593 4246 qui
628 4177 823 4230 residui
854 4192 1057 4240 sumus,
1091 4176 1249 4230 simul
1279 4193 1396 4230 cum
1415 4178 1488 4229 eis
1517 4178 1784 4243 rapientur
1806 4177 1850 4207 ⁶¹
1878 4194 1892 4242 ;
1920 4177 2079 4245 Deus,

2186 3556 2285 3602 τας
2328 3540 2709 3610 καθαίρεσθαι.
2766 3542 2877 3595 Καὶ
2924 3544 3084 3597 τοῦτο
3128 3544 3234 3614 πρὸ
3288 3545 3387 3614 τῆς
3441 3546 3760 3607 τελευταίας

2189 3632 2445 3701 κρίσεως.
2501 3635 2656 3686 Μετὰ
2688 3633 2798 3704 γὰρ
2833 3632 3042 3705 ταύτην
3087 3637 3210 3689 ἐπεὶ
3261 3637 3355 3690 καὶ
3403 3637 3509 3708 πρὸ
3561 3637 3761 3706 ταύτης

2168 3725 2349 3790 Δμόνον
2382 3725 2452 3776 τὰ
2483 3725 2625 3793 ὑπὲρ
2656 3723 2765 3776 τῶν
2811 3724 3000 3794 ψυχῶν
3028 3728 3286 3794 γινόμενα
3314 3727 3539 3780 δύναται
3576 3745 3762 3781 συντε-

2186 3814 2298 3866 λεῖν
2321 3832 2334 3846 θ
2368 3817 2508 3884 μετά
2541 3817 2597 3868 δὲ
2628 3819 2837 3886 ταύτην
2881 3820 3055 3884 οὐδεὶς
3090 3821 3119 3873 ὁ
3155 3822 3553 3894 καθαιρόμενος
3584 3823 3759 3886 ἐσται,

2189 3905 2428 3959 ἐκάστου
2461 3906 2553 3959 τὸν
2587 3908 2786 3963 οἰκεῖον
2819 3910 2997 3979 ἐαυτῷ
3030 3914 3196 3965 τόπον
3232 3915 3466 3976 αίωνίως
3504 3914 3763 3980 καθέξον-

2185 4011 2305 4057 τος.
2347 3996 2511 4048 una
2554 3999 2646 4050 καὶ
2680 3999 2731 4049 εί
2755 4016 2901 4063 τινες
2943 4002 3142 4070 αἴφνης
3187 4005 3281 4054 ἐπὶ
3324 4003 3401 4072 τῷ
3442 4006 3627 4076 κρῖναι
3674 4004 3764 4057 τὸν
3862 4020 3871 4027 ‘

2189 4086 2397 4156 κόσμον
2431 4089 2756 4152 ἐπιστάντος
2786 4091 2878 4143 τοῦ
2931 4094 3161 4158 Κυρίου,
3197 4096 3364 4161 μόνον
3396 4097 3446 4147 εί
3486 4096 3594 4149 τῶν
3630 4095 3767 4149 ίασί-

2156 4208 2161 4213 -
2187 4194 2304 4248 μων
2336 4179 2465 4245 είσὶ,
2503 4181 2938 4251 περιλείπονται,
2972 4185 3200 4252 Πάντες
3236 4186 3345 4256 γὰρ
3371 4189 3443 4242 οὐ
3481 4193 3765 4257 κοιμηθη-

504 4279 565 4323 ut
597 4272 687 4339 qui
722 4268 891 4336 possit
956 4268 1167 4333 mortis,
1222 4278 1385 4337 atque
1417 4268 1628 4323 illorum
1656 4270 2077 4338 regenerationis

2182 4272 2435 4340 σόμεθα,
2467 4272 2693 4341 πάντες
2722 4275 2790 4328 δὲ
2819 4277 3315 4349 ἀλλαγησόμεθα,
3353 4285 3450 4336 καὶ
3499 4283 3670 4353 ἡμεῖς
3710 4284 3765 4336 οἱ

505 4363 686 4415 omnia
718 4361 770 4414 in
815 4368 1089 4414 momento
1110 4363 1365 4431 persequi
1394 4379 1409 4427 ;
1439 4363 1510 4415 ita
1536 4373 1589 4417 et
1620 4362 1951 4432 purgationis
1983 4363 2077 4416 do-

2182 4361 2396 4430 ζῶντες
2424 4368 2480 4419 oi
2511 4370 2994 4435 περιλειπόμενοι
3032 4370 3152 4441 ἅμα
3181 4376 3306 4426 σὺν
3342 4374 3551 4440 αὐτοῖς
3583 4375 3766 4443 ἁρπα-

504 4454 697 4515 lorem,
716 4451 807 4521 qui
830 4451 996 4507 multo
1025 4460 1268 4521 tempore
1289 4453 1556 4520 durasset,
1582 4455 1817 4510 breviter
1861 4465 2077 4509 contra-

2183 4458 2516 4525 γησόμεθα,
2571 4458 3023 4528 ῶσπερηδυνατὸς
3051 4465 3079 4515 ὁ
3113 4463 3245 4526 Θεὸς
3289 4466 3356 4518 τά
3387 4466 3481 4518 τοῦ
3536 4467 3766 4522 θανάτου

503 4543 656 4609 heus,
685 4543 1042 4613 reddetjuxta
1091 4545 1372 4615 temporis,
1425 4546 1738 4617 dolorisque
1789 4548 2076 4613 rationem,

2185 4548 2280 4599 καὶ
2313 4548 2412 4616 τῆς
2459 4548 2640 4603 αὐτῶν
2672 4551 3098 4620 παλιγγενεσίας
3128 4555 3186 4607 ἐν
3215 4557 3404 4626 ἀτόμῳ
3454 4556 3767 4624 διεξελθεῖν,

502 4644 561 4689 ut
597 4652 786 4692 oumes
822 4637 967 4691 illius
1000 4634 1310 4708 conspectui
1351 4640 1629 4706 assistant,
1675 4640 1820 4694 onmi
1859 4638 2076 4710 quidem

2179 4636 2322 4691 οὕτω
2350 4638 2444 4692 καὶ
2468 4640 2568 4711 τὴν
2602 4641 2692 4694 διὰ
2715 4641 2809 4694 τοῦ
2842 4643 3208 4714 καθαίρεσθαι
3238 4647 3434 4717 ὀδύνην
3477 4651 3534 4702 ἐν
3564 4649 3769 4703 πλείονι

504 4741 671 4794 motu,
729 4744 1005 4800 cursuque
1042 4728 1475 4798 quiescentibus,
1506 4730 1866 4801 omnibusque
1894 4746 2077 4786 sacra-

2181 4734 2518 4807 διαστήματι
2579 4740 2694 4801 τοῖς
2749 4738 3029 4809 δεομένοις
3084 4741 3410 4813 καθάρσεως
3460 4747 3517 4798 ἐν
3552 4744 3773 4816 ,βραχετ

506 4823 730 4888 mentis,
760 4838 823 4875 ac
849 4822 1351 4890 dispensationibus
1385 4821 1641 4890 impletis.
1673 4822 1820 4877 idem
1872 4838 2000 4877 vero
2026 4836 2077 4879 et

2192 4828 2431 4881 συνελὼν
2471 4829 2763 4895 ἀποδώσει,
2815 4833 2960 4886 κατὰ
2999 4834 3061 4887 τὸ
3110 4835 3204 4887 τοῦ
3260 4838 3453 4907 χρόνου
3508 4838 3604 4890 καὶ
3668 4840 3769 4907 τῆς

500 4912 575 4967 de
617 4913 957 4979 corporibus,
980 4914 1023 4966 si
1056 4929 1217 4983 quem
1259 4930 1321 4967 ex
1379 4914 1461 4967 his
1496 4914 1739 4968 dolorem
1773 4913 1895 4981 quis
1921 4917 2077 4968 obve-

2190 4919 2395 4989 ὀδύνης
2445 4921 2731 4990 ἀνάλογον,
2782 4922 2923 4976 ὥστε
2975 4927 3183 4989 πάντας
3236 4928 3548 4998 ἔμπροσθεν
3601 4929 3818 4992 αὐτοῦ,

498 5007 618 5056 nire
647 5003 1007 5072 velitpmpter
1037 5006 1370 5058 consortiqu
1390 5007 1455 5059 ad
1475 5007 1710 5060 animam
1742 5007 1794 5060 in
1827 5009 1927 5061 hac
1954 5009 2077 5073 vita,

2194 5012 2569 5081 παραστῆναι,
2613 5016 2791 5085 πάσης
2848 5018 3119 5089 κινήσεως
3163 5022 3256 5073 καὶ
3304 5021 3505 5091 δρόμου
3565 5020 3768 5086 παντὸς

500 5090 633 5144 nihil
664 5089 904 5158 cogitare
936 5091 1208 5158 prohibet.

2195 5105 2599 5173 παυσαμένων,
2662 5109 2880 5162 πάντων
2933 5111 2990 5165 δὲ
3058 5089 3520 5183 μυστηρίων-καὶ
3586 5115 3769 5180 πάσης

498 5181 823 5276 οἰκονομίας
844 5180 1230 5276 τελεσθέντων.
1260 5182 1333 5276 Τδ
1366 5182 1410 5233 δ’
1452 5185 1583 5237 αὐτὸ
1612 5187 1708 5239 καὶ
1743 5188 1855 5248 τοῖς
1883 5188 2152 5257 σώμασιν,
2178 5191 2231 5245 εἴ
2256 5209 2380 5245 τινα
2432 5198 2528 5250 καὶ
2558 5196 2769 5262 τούτοις
2839 5200 2982 5265 ἀξιοί
3047 5180 3129 5265 τις
3215 5180 3407 5275 όδύνην
3469 5210 3771 5276 προσγενέ-

504 5280 629 5333 σθαι
657 5276 744 5330 διὰ
776 5275 875 5329 τίν
910 5275 968 5326 έν
997 5273 1073 5344 τῷ
1111 5275 1209 5345 βίῳ
1238 5274 1413 5345 τούτῳ
1448 5277 1582 5346 πρὸς
1614 5282 1714 5349 τὴν
1742 5280 1921 5351 ψυχὴν
1964 5286 2273 5351 κοινωνίαν,
2310 5288 2463 5342 οὐδὲν
2492 5292 2698 5346 ἄτοπον
2729 5294 3203 5363 προσλογίζεσθαι.

569 5492 615 5523 ⁸⁸
653 5494 807 5544 lioni.
832 5506 891 5555 ll,
922 5488 974 5543 6.
1051 5490 1095 5519 ⁸9
1122 5488 1253 5542 Dan.
1282 5504 1373 5550 ιιι,
1400 5486 1452 5537 ε).
1529 5488 1573 5519 ⁸⁸
1602 5489 1792 5548 Matth.
1825 5508 1878 5558 κ,
1915 5492 2003 5549 28.

2178 5495 2335 5552 lCor.
2368 5515 2456 5566 xv,
2490 5500 2577 5556 Eii.
2654 5502 2697 5545 ‘-’
2733 5500 2749 5555 l
2781 5498 2981 5556 Thess.
3012 5516 3087 5568 tv,
3113 5502 3199 5559 l6.

570 5698 684 5770 (36;
724 5700 812 5757 Sic
845 5702 1024 5771 legunt
1047 5702 1241 5758 Grzcci.
