4078 6258
359 366 463 428 233

1341 436 1351 443 _
1407 360 1809 421 ADVERSUS
1848 358 2182 452 cumcos
2222 358 2377 417 LIB.
2408 358 2501 414 ιν.

3462 353 3568 415 εει

368 498 375 503 ·
424 476 487 530 ΕΞ
521 473 578 527 δέ
602 491 684 536 τις
707 471 805 539 τὴν
827 473 1105 544 τοιαύτην,
1140 474 1224 544 ἐφ’
1244 468 1318 530 ὧν
1345 477 1686 546 προείρηται,
1710 476 1914 544 κάθαρ-

2095 473 2152 527 Si
2185 473 2306 542 quis
2364 486 2492 525 vero
2526 470 2827 539 liujusnzodi
2873 469 3261 540 purgationem,
3297 470 3353 523 in
3376 472 3573 537 quibus

360 584 442 620 σιν
467 566 812 633 ἀπαρνεῇται,
843 565 904 629 ἐξ
930 567 1173 636 ἀνάγκης
1204 566 1610 635 ὁμολογήσεινῆ
1656 567 1719 620 τὸ
1746 566 1915 619 κακὸν

356 656 704 724 ἀτιμώρητον
734 640 1184 720 καταλείπεσθαι,
1218 656 1250 725 ἢ
1277 658 1374 726 τὴν
1407 656 1515 711 τῶν
1548 657 1755 710 πιστῶν
1792 655 1917 709 Ἐκ-

352 746 586 813 κλησίαν
614 745 750 814 μετά
784 745 953 814 ῥύπου
985 746 1060 813 τῷ
1086 746 1305 815 Χριστῷ
1358 746 1817 817 συναφθήσεσθαι,
1880 746 1912 814 ἢ

353 838 452 889 καὶ
498 836 565 888 τὰ
600 836 740 905 ὑπὲρ
789 835 898 889 τῶν
948 835 1289 905 τεθνηκότων
1349 837 1430 900 είς
1469 833 1621 890 οὗδὲν
1666 836 1917 905 γίνεσθαι

352 928 494 979 δέον.
539 927 700 980 Ἀλλά
726 927 785 979 τὸ
822 926 921 995 μὲν
952 929 1190 994 πρῶτον,
1228 930 1277 979 εί
1306 928 1913 997 καὶτολμηρὸνέίπεῖν,

351 1017 539 1069 ἄδικον
570 1017 812 1069 δείκνυσι
835 1018 926 1070 τὸν
954 1017 1110 1082 Θεὸν,
1133 1018 1260 1085 είγε
1290 1018 1411 1082 τοὺς
1437 1017 1706 1086 ἀνομοίως
1738 1020 1917 1088 ἀμαρ-

350 1110 546 1169 τὸντας
568 1111 678 1171 τοῖς
711 1109 847 1171 ίσοις
874 1108 1087 1174 ὕπάξει,
1124 1127 1218 1163 και
1249 1111 1374 1173 τοὺς
1416 1111 1686 1179 διαφόρως
1712 1110 1915 1180 ζήσαν-

347 1214 450 1259 τας
486 1199 597 1251 τῶν
634 1198 813 1253 αὐτῶν
840 1201 1082 1265 ἀξιώσει,
1111 1202 1172 1254 τὸ
1204 1203 1411 1255 δίκαιον
1449 1201 1701 1265 ἑκάστοις
1734 1200 1831 1253 οὐκ
1858 1201 1914 1252 ἐν

349 1287 503 1356 ζυγῷ
527 1291 620 1341 καὶ
643 1290 869 1360 σταθμῷ
893 1292 1279 1361 παρεχόμενος.
1299 1293 1430 1345 Οὐδὲ
1450 1291 1557 1362 γὰρ
1579 1293 1625 1344 εἰ
1644 1291 1914 1358 εὔσπλαγ-

348 1396 477 1447 χνος
503 1382 597 1434 καὶ
639 1382 890 1451 ἐλεήμων
938 1384 1075 1450 ἐστὶ,
1104 1383 1163 1436 τὸ
1188 1384 1291 1453 τῆς
1338 1384 1515 1453 ἄκρας
1565 1384 1913 1450 δικαιοσύνης

346 1470 697 1525 ἐκϐάλλεται.
730 1472 903 1523 Τοῦτο
927 1473 1036 1542 γάρ
1085 1474 1235 1526 ἐστιν
1268 1475 1460 1526 ἑαυτὸν
1509 1473 1775 1541 ἀναιρεῖν.
1804 1473 1913 1527 Καὶ

349 1562 385 1629 ἡ
412 1562 611 1632 Γραφὴ
660 1563 939 1633 πανταχοῦ
978 1564 1067 1617 τὸν
1114 1563 1260 1617 ἔλεον
1288 1567 1352 1632 τῇ
1404 1565 1581 1635 κρίσει
1632 1566 1908 1637 συνάπτει,

345 1652 457 1702 οὐδ’
500 1653 549 1703 εί
603 1654 961 1722 χαριζόμενος
1012 1655 1110 1723 τῆς
1159 1654 1378 1708 αἰωνίου
1437 1654 1733 1723 καταδίκης
1786 1656 1912 1716 τοὺς

343 1739 923 1809 ἐξομολογησαμένους
972 1740 1266 1808 λυτροῦται
1302 1741 1401 1809 ἤδη
1448 1741 1541 1793 καὶ
1569 1740 1666 1808 τὴν
1700 1740 1786 1792 διὰ
1815 1756 1913 1792 κα-

2017 568 2329 634 ρτεειιίςιιιιη
2352 573 2455 627 est,
2491 572 2669 632 neget,
2699 574 2917 616 necesse
2945 570 3028 614 est
3063 562 3453 615 utconlitentur
3492 563 3575 615 vel

2016 646 2212 710 inalulu
2255 654 2473 725 aliquod
2529 653 2755 721 relinqui
2811 651 3153 718 impunitum,
3211 653 3295 703 vel
3339 651 3573 705 ﬁdeliqu

2020 748 2313 802 Ecclesiam
2368 760 2491 801 cum
2525 744 2730 797 macula
2764 742 2981 795 Christo
3008 740 3456 810 conjungendam,
3490 740 3575 794 vel

2015 855 2133 907 qua:
2163 853 2258 907 pro
2289 837 2555 891 defunctis
2613 837 2766 897 liunt,
2791 833 2923 887 nihil
2958 833 3159 890 valere.
3215 834 3319 888 Sed
3344 836 3575 901 primum

2017 928 2145 982 illud
2199 929 2440 996 quidem,
2501 927 2599 980 etsi
2662 924 2837 978 audax
2895 925 3096 979 dictum
3154 933 3259 989 est,
3314 925 3575 992 iniustum

2015 1019 2248 1073 ostendit
2299 1018 2490 1081 Deum,
2551 1017 2592 1070 si
2639 1017 2850 1085 quidem
2902 1017 3241 1072 dissimiliter
3294 1028 3579 1086 peccantes

2014 1109 2215 1162 eisdem
2251 1108 2422 1176 poenis
2476 1107 2679 1176 subdit,
2714 1115 2769 1160 et
2818 1108 2909 1174 qui
2963 1107 3274 1161 diﬂ‘ercnter
3324 1108 3576 1162 vixerunt

2016 1197 2220 1262 eisdem
2257 1198 2451 1267 dignos
2494 1206 2699 1260 censet,
2738 1211 2842 1251 non
2874 1197 2953 1252 cis
2992 1198 3132 1264 quod
3173 1197 3377 1265 justum
3409 1209 3493 1255 est
3524 1200 3576 1253 in

2014 1296 2213 1343 Statera
2245 1295 2299 1341 et
2327 1287 2563 1356 pondere
2594 1286 2943 1341 distribuens.
2969 1284 3155 1355 Neque
3182 1288 3348 1352 enim,
3388 1290 3431 1342 si
3471 1292 3580 1343 cle-

2016 1391 2168 1432 mens
2214 1389 2266 1431 et
2296 1378 2599 1432 misericors
2619 1387 2724 1441 est,
2747 1392 2952 1433 summa
2984 1386 3034 1435 in
3054 1378 3176 1433 Deo
3205 1378 3349 1433 illius
3372 1379 3578 1447 iustitia

2017 1467 2239 1523 tollitur.
2265 1466 2377 1521 Hoc
2401 1467 2542 1521 enim
2574 1479 2657 1521 est
2676 1469 2849 1536 ipsum
2873 1470 3175 1526 destruere.
3202 1470 3267 1523 Et
3296 1470 3577 1539 Scriptura

2017 1572 2144 1611 vero
2184 1558 2383 1626 ubique
2413 1558 2841 1613 misericordiam
2876 1560 3083 1629 judicio
3140 1561 3447 1629 eonjungit,
3485 1579 3579 1617 ne—

2015 1664 2140 1717 que,
2169 1648 2213 1701 si
2245 1648 2551 1719 indulgens,
2604 1660 2803 1704 aeterna
2850 1645 3197 1707 damnatione
3254 1653 3578 1707 conﬁtentes

1998 1738 2195 1807 “eripit.
2218 1737 2336 1792 Jam
2367 1744 2529 1792 etlam
2562 1740 2884 1806 paenitentiae
2929 1740 3275 1795 afﬂictionem
3325 1752 3579 1810 peceato—

347 1830 573 1892 κώσεως
602 1832 991 1897 ἀντισήκωσιν,
1023 1832 1115 1884 καὶ
1149 1831 1259 1884 τῶν
1291 1830 1707 1900 ἁμαρτημάτων
1738 1831 1914 1883 ἱκανο-

2018 1844 2245 1897 rumque
2272 1830 2697 1884 satisfactionem
2730 1830 2886 1883 tollit.
2922 1833 3000 1884 Ita
3044 1833 3187 1886 enim
3219 1833 3349 1887 solis
3374 1843 3579 1903 myste-

347 1923 570 1989 ποίησιν
627 1926 1006 1990 παραιτεῖται.
1062 1920 1219 1973 Οὕτω
1270 1922 1377 1991 γὰρ
1435 1921 1522 1974 διά
1580 1920 1755 1989 μόνων
1811 1920 1918 1973 τῶν

348 2012 673 2080 μυστηρίων
710 2012 937 2064 δυνατὸν
970 2007 1037 2083 ἦν
1073 2011 1174 2079 τῆς
1205 2011 1479 2081 βασιλείας
1513 2011 1915 2079 ἐπιτυγχάνειν.

345 2102 547 2157 Καίτοι
606 2103 701 2155 καὶ
740 2102 801 2154 τὸ
847 2102 984 2165 ὅλως
1030 2102 1377 2156 ίκανοποιοῦν
1433 2101 1695 2155 δύνασθαι
1752 2101 1914 2175 χάρις

350 2192 489 2244 ἔστι.
513 2192 638 2253 Τοῖς
668 2191 884 2262 γὰρέίς
906 2193 967 2244 τὺ
989 2194 1132 2245 θεῖον
1150 2191 1282 2262 ὕψος
1304 2192 1695 2262 ἔξαμαρτοῦσι,
1720 2193 1774 2243 τί
1793 2196 1914 2243 ποτ’

349 2279 416 2333 ἂν
448 2283 529 2343 είς
562 2282 854 2351 ἐξιλασμδν
896 2282 930 2351 ἢ
970 2282 1337 2352 άντισήκωσιν
1360 2283 1652 2353 ἐξαρκέσαι
1677 2301 1691 2347 ;
1721 2283 1911 2351 Ὅμως

349 2373 413 2441 τῇ
450 2371 559 2423 τῶν
588 2371 890 2441 ἀνθρώπων
939 2372 1213 2443 ἀσθενείᾳ,
1261 2373 1476 2442 μεγάλα
1523 2377 1737 2443 μικροῖς
1771 2376 1916 2426 ἀντι-

352 2461 592 2528 μετρῶν,
628 2460 768 2514 κατά
800 2461 860 2515 τὸ
892 2461 1026 2514 πολὺ
1053 2462 1201 2524 ιλεος
1230 2462 1615 2531 συγγινώσκει,
1648 2463 1771 2515 οὐδὲ
1813 2463 1914 2530 τῆς

363 2552 695 2621 Ἐκκλησίας
725 2553 1018 2623 συντρισὴν
1034 2555 1131 2608 καὶ
1152 2553 1392 2607 κάκωσιν
1421 2556 1535 2613 τοῖς
1561 2553 1913 2623 μετανοοῦσιν

350 2643 712 2713 ἑπιτιθείσης,
740 2644 837 2699 καίΙ
869 2644 1044 2707 ἄλλως
1078 2645 1216 2714 μιτά
1246 2647 1357 2700 τῶν
1393 2646 1602 2698 πιστῶν
1634 2646 1697 2698 ού
1739 2662 1912 2713 προσ-

350 2734 735 2805 λαμϐανούσης
803 2738 884 2799 είς
932 2735 1032 2807 τὴν
1079 2736 1188 2790 τῶν
1234 2738 1551 2808 μυστηρίων
1604 2737 1910 2803 κοινωνίαν,

353 2828 387 2879 ὁ
408 2825 630 2886 stde
666 2828 913 2894 καρδίας
939 2829 1033 2881 καί
1062 2830 1339 2898 νεφροὺς,
1371 2830 1469 2883 καὶ
1498 2830 1912 2897 διικνούμενος

352 2918 490 2986 ἄχρι
518 2916 764 2987 μυελῶν
788 2920 1016 2989 σαρκὸς
1043 2920 1142 2975 καὶ
1177 2921 1534 2990 πνεύματος,
1562 2917 1724 2991 ἦττον
1757 2923 1912 2990 ἀκριο

354 3006 614 3077 ϐέστερον
633 3008 850 3079 ἐκείνης
874 3013 1144 3077 φανεῖται,
1169 3011 1464 3081 δεδομένης
1483 3013 1569 3080 ἐφ’
1590 3012 1715 3065 ὅσον
1737 3012 1805 3066 άν
1827 3027 1911 3075 τις

2022 1919 2116 1971 riis
2173 1926 2322 1972 esset
2351 1919 2557 1972 caelesti
2594 1932 2761 1987 regno
2796 1918 3037 1986 perfrui,
3067 1935 3373 1989 quanquam
3412 1933 3467 1977 et
3498 1924 3579 1977 di-

2018 2023 2122 2077 gne
2149 2022 2307 2076 posse
2347 2008 2688 2073 satisfacere,
2720 2010 2908 2077 gratiae
2964 2019 3069 2065 est.
3106 2011 3198 2065 llis
3224 2013 3370 2066 enim
3403 2014 3496 2081 qui
3526 2015 3577 2067 in

2019 2099 2183 2154 Deum
2232 2111 2477 2170 peccant,
2510 2103 2637 2171 quid
2669 2105 2736 2157 ad
2793 2104 3189 2172 propitiandum
3238 2117 3333 2159 seu
3363 2104 3578 2160 satisfa.

2017 2192 2267 2246 ciendum
2305 2200 2482 2261 posset
2536 2192 2786 2249 sufﬁcere
2813 2194 2837 2247 ?
2869 2194 3073 2248 Tamen
3126 2196 3401 2250 hominum
3430 2197 3579 2250 inﬁr-

2018 2283 2191 2337 mitati
2230 2284 2685 2352 condescendens,
2711 2296 2767 2340 et
2794 2302 2982 2357 magna
3009 2288 3190 2359 parvis
3208 2297 3574 2350 commutans,

2016 2375 2308 2428 secundum
2358 2389 2605 2447 magnam
2656 2375 3079 2431 misericordiam
3116 2377 3364 2446 ignoscit,
3400 2392 3578 2446 neque

2015 2462 2256 2519 Ecclesia
2290 2466 2673 2521 contritionem
2730 2476 2787 2522 et
2812 2466 3159 2524 aﬂlictionem
3190 2469 3577 2539 pmnitentibus

2015 2550 2342 2621 imponente,
2368 2562 2528 2621 atque
2546 2556 2700 2609 aliter
2722 2557 2788 2611 ad
2811 2559 3244 2613 communionem
3264 2574 3577 2616 sacrameno

2019 2650 2190 2695 torum
2220 2658 2340 2696 cum
2371 2644 2617 2699 ﬁdelibus
2644 2660 2747 2699 non
2781 2646 3099 2704 admittente
3127 2665 3142 2715 ;
3181 2649 3226 2704 is
3251 2652 3342 2719 qui
3370 2661 3579 2705 scruta-

2016 2738 2101 2782 tur
2128 2730 2310 2794 corda,
2357 2740 2406 2784 et
2433 2748 2578 2785 renes
2590 2732 2657 2798 ⁸³,
2688 2744 2739 2788 et
2765 2737 3006 2805 pertingit
3066 2754 3225 2807 usque
3265 2740 3334 2792 ad
3362 2740 3579 2796 divisio-

2016 2836 2131 2874 nem
2164 2822 2354 2876 optimae
2391 2831 2439 2897 et
2468 2825 2685 2892 spiritus
2707 2825 2753 2857 “
2772 2865 2787 2890 ,
2828 2830 3003 2882 minus
3029 2827 3279 2898 diligens,
3305 2844 3466 2899 quam
3487 2832 3572 2885 illa

2015 2911 2315 2980 apparebit,
2348 2927 2632 2975 concessa,
2665 2925 2924 2982 quantum
2950 2916 3072 2986 quis
3094 2926 3150 2972 et
3174 2920 3578 2987 quomodolibet

2013 3002 2163 3067 velit,
2224 3002 2587 3058 satisfactione
2649 3018 2748 3073 pro
2812 3006 3072 3073 peccatis.
3118 3006 3305 3077 Neque
3397 3020 3576 3065 tamen

355 3098 450 3151 καὶ
474 3098 728 3151 ὁπωσοῦν
769 3098 1008 3169 βούλοιτο
1035 3101 1136 3169 τῆς
1175 3101 1315 3171 ὑπὲρ
1361 3101 1471 3154 τῶν
1500 3103 1911 3173 ἁμαρτημάτων

2014 3093 2215 3161 justum
2253 3104 2399 3149 esset
2425 3105 2643 3163 propter
2693 3097 2863 3151 levem
2899 3099 3165 3153 maculam
3204 3094 3392 3156 arcere
3425 3116 3453 3156 a
3484 3117 3575 3157 re-

358 3187 810 3259 ίκανοποιησεως.
868 3189 1003 3242 υύδὲ
1056 3188 1163 3259 μὴν
1212 3189 1418 3245 δίκαιον
1466 3190 1555 3243 διὰ
1580 3191 1670 3245 τὸν
1720 3192 1912 3246 ἐνόντα

359 3277 564 3347 βραχὺν
597 3278 777 3348 ῥύπον
803 3280 902 3349 τῆς
932 3280 1210 3348 βασιλείας
1259 3281 1566 3352 ἀπείργειν.
1600 3283 1674 3338 Τὸ
1703 3283 1760 3337 δὲ
1788 3284 1909 3337 δεύ-

354 3384 512 3437 τερον
541 3370 822 3433 παντελῶς
850 3370 1130 3426 ἀδύνατον.
1166 3372 1259 3425 Δεῖ
1288 3371 1416 3448 γὰρ,
1463 3374 1632 3443 φησὶν
1664 3377 1693 3427 ὁ
1722 3377 1903 3445 μακά·

360 3475 471 3529 ριος
504 3460 735 3523 Παῦλος,
766 3461 1032 3530 ὲνωθῆναι
1060 3462 1159 3532 τὴν
1196 3462 1522 3533 Ἐκκλησίαν
1561 3465 1639 3535 τῷ
1667 3465 1907 3536 Χριστῷ,

351 3552 436 3621 μὴ
468 3554 741 3621 ἔχουσαν
763 3552 993 3625 σπῖλον
1012 3553 1052 3619 ἦ
1070 3553 1307 3620 ῥυτίδα,
1345 3555 1440 3608 καὶ
1473 3554 1548 3617 ὼς
1579 3554 1795 3625 εἴρηται
1841 3559 1909 3626 τῇ

355 3642 473 3713 θείᾳ
510 3642 697 3711 σοφίᾳ,
726 3642 1262 3714 οὐδὲνδτροσυπαντᾷ
1294 3644 1540 3716 βέϐηλον,
1576 3648 1670 3699 καὶ
1717 3646 1782 3716 δὴ
1815 3647 1911 3702 καὶ

354 3728 660 3797 Γρηγορίου
707 3728 805 3780 τοῦ
836 3729 1098 3798 Θεολόγου
1135 3731 1273 3800 μετά
1318 3730 1415 3801 τὴν
1465 3733 1911 3788 ἀποκατάστασιν

353 3816 622 3884 λέγοντος,
653 3817 778 3884 τοῖς
802 3818 993 3886 ἁγίοις
1013 3816 1170 3874 εἶναι
1194 3823 1600 3890 μακαριότητα
1631 3824 1748 3890 τὴν
1774 3827 1913 3879 θεω-

348 3911 487 3975 ρίαν
504 3907 617 3977 τῆς
644 3908 818 3978 ἁγίας
855 3911 1116 3978 Τριάδος,
1149 3911 1301 3979 ὅλης
1323 3912 1445 3977 ὅλῳ
1470 3913 1552 3978 τῷ
1579 3914 1677 3968 νοῒ
1703 3933 1914 3986 μιγνυ-

349 3997 539 4064 μένης
562 4012 577 4027 ⁸
613 3996 696 4064 ἢν
722 3998 820 4052 καί
856 4000 1051 4067 μόνην
1099 4001 1426 4065 ,βασιλείαν
1473 4002 1746 4071 οὐρανῶν
1799 4006 1913 4075 ἐγὼ

352 4088 603 4155 τίθεμαι,
638 4088 794 4157 φησί.
833 4087 954 4151 Πῶς
987 4089 1053 4142 ἂν
1084 4090 1169 4159 εἴη
1209 4089 1367 4144 τοῦτό
1397 4107 1538 4153 τινος
1584 4093 1641 4145 ὲν
1669 4097 1734 4164 τῇ
1766 4093 1911 4167 ψυχῇ

354 4178 623 4247 μενούσης
656 4176 998 4249 ἀκαθαρσίας
1020 4194 1036 4243 ;

425 4264 499 4319 Τὸ
529 4265 586 4318 δὲ
608 4267 791 4336 τρίτον
819 4269 932 4329 τοῖς
955 4268 1105 4338 παρὰ
1133 4268 1233 4339 τῆς
1278 4268 1603 4341 Ἐκκλησίας
1637 4272 1778 4344 ὑπὲρ
1803 4274 1912 4327 τῶν

350 4356 539 4425 ψυχῶν
569 4360 899 4427 γινομένοις,
930 4361 1025 4411 καὶ
1055 4360 1172 4423 ταῖς
1198 4360 1380 4414 ἐλπίσι
1403 4362 1512 4415 τῶν
1540 4364 1748 4419 πιστῶν
1770 4380 1911 4419 παν-

2012 3198 2139 3250 gno.
2156 3183 2461 3239 Secundum
2483 3201 2631 3250 vero,
2652 3188 2871 3242 omnino
2887 3189 3221 3258 impossibile
3251 3199 3367 3246 est:
3401 3189 3576 3259 θρονι-

2012 3281 2083 3326 tet
2131 3274 2290 3337 enim,
2334 3274 2507 3342 inquit
2566 3274 2759 3331 beatus
2814 3277 3033 3344 Paulus,
3086 3279 3381 3335 Ecclesiam
3431 3283 3573 3337 uniri

2010 3361 2248 3429 Christo,
2273 3380 2377 3419 non
2404 3365 2673 3421 habentem
2704 3369 2964 3422 maculam
2988 3385 3149 3439 neque
3178 3386 3365 3440 rugam
3380 3373 3424 3404 “
3444 3412 3459 3428 .
3478 3372 3577 3425 At.-

2012 3468 2137 3523 que,
2166 3456 2439 3510 utdictum
2469 3466 2571 3521 est,
2597 3458 2791 3513 divinae
2822 3461 3096 3515 munditia:
3124 3461 3257 3515 nihil
3288 3462 3573 3531 profanum

2012 3543 2441 3611 appropinquat,
2488 3544 2750 3614 Gregorio
2814 3547 2942 3601 item
3000 3545 3273 3619 Theologo
3340 3550 3573 3617 dicente,

2012 3640 2131 3700 post
2170 3633 2555 3688 restitutionem
2586 3638 2782 3689 sanctis
2806 3652 2918 3690 esse
2974 3639 3342 3694 beatitudinem
3393 3656 3574 3707 specst-

2012 3725 2260 3779 lationem
2300 3733 2495 3779 sancta
2526 3723 2829 3791 Trinitatis,
2849 3743 2967 3794 qua!
3002 3738 3117 3781 tota
3145 3731 3575 3800 tothteltigen-

2012 3820 2101 3871 tite
2121 3818 2579 3888 miscetur:quam
2605 3818 2764 3872 etiam
2784 3820 2972 3885 solam,
2998 3819 3190 3890 inquit,
3224 3837 3317 3891 ego
3356 3838 3573 3892 regnum

2012 3908 2260 3963 calorum
2276 3910 2413 3964 dico.
2465 3908 2745 3976 Quomodo
2781 3910 2892 3964 fieri
2925 3910 3026 3966 hoc
3072 3920 3274 3981 posset,
3313 3912 3358 3969 si
3387 3927 3492 3982 qua
3518 3915 3575 3969 in

2011 3999 2194 4057 anima
2225 4000 2938 4071 perduraretimmunditla?

2085 4264 2323 4320 Tertium
2381 4272 2566 4319 autem
2629 4265 2718 4320 bis
2741 4277 2863 4334 quae
2890 4279 2920 4320 a
2951 4265 3155 4322 Christi
3209 4267 3450 4329 Ecclesia
3477 4284 3574 4338 pro

2014 4357 2293 4412 animabus
2319 4357 2473 4423 ﬁunt,
2506 4356 2727 4426 speique
2788 4357 3020 4412 fidelium
3073 4360 3402 4415 contrariuzn
3455 4377 3572 4417 om-

347 4446 515 4510 τελῶς
568 4449 815 4501 ἐναντίον
840 4463 856 4479 ο
911 4450 993 4502 ἔτι
1034 4449 1090 4502 δὲ
1121 4452 1235 4512 τοῖς
1278 4452 1428 4521 παρά
1484 4453 1593 4505 τῶν
1645 4454 1815 4523 ἀγίων
1843 4458 1902 4510 ὲν

2014 4449 2140 4503 nino
2189 4456 2315 4514 est;
2370 4449 2560 4516 hisque
2612 4457 3089 4521 praetoremque
3147 4453 3348 4508 sanctis
3393 4454 3447 4508 in
3480 4455 3571 4509 bi-

350 4538 610 4607 ίστορίαις
626 4538 721 4591 καὶ
738 4537 1199 4609 ἀποκαλύψεσιν,ἧ
1219 4540 1471 4611 θεωρίαις
1485 4543 1794 4613 λεγομένοις
1810 4546 1907 4615 μά-

349 4643 527 4697 χεται,
544 4621 623 4683 ὧν
641 4627 849 4682 πολλῶν
868 4628 1034 4683 ὅντων
1048 4631 1224 4699 μόνων
1238 4631 1344 4686 τῶν
1360 4633 1480 4704 ιίρη
1488 4633 1663 4703 μένων
1677 4634 1754 4705 τῷ
1776 4635 1905 4705 θείῳ

348 4716 693 4786 Δαμασκηνῷ
723 4717 780 4770 ὲν
802 4717 880 4786 τῷ
913 4716 1096 4788 Ὑπὲρ
1124 4718 1245 4773 τῶν
1269 4723 1707 4792 κεκοιμημένων
1737 4721 1907 4777 αὐτοῦ

347 4807 504 4878 Λόγῳ
537 4810 647 4887 πρὸ
669 4802 1366 4882 ἰν-’ἦς’τεσσαρακονθημέρου
1393 4813 1648 4882 νηστείας
1686 4813 1907 4884 μεμνώ-

349 4898 509 4969 μεθα,
538 4898 610 4953 ἐν
631 4893 682 4967 ᾧ
711 4899 970 4965 πολλοῖς
986 4900 1492 4971 ἀποκαλυφθῆναι
1517 4902 1635 4957 τῶν
1679 4902 1907 4964 ζώντων

344 4988 656 5053 διέξεισιν,
691 4987 843 5043 ὅσον
873 4993 935 5043 αὶ
965 4989 1117 5058 ὑπὲρ
1133 4989 1254 5045 τῶν
1268 4993 1712 5060 κεκοιμημένων
1732 4993 1907 5062 ἐλεη-

339 5077 604 5143 μοσύναι
619 5078 717 5131 καὶ
733 5081 1065 5149 προσευχαὶ
1091 5081 1431 5147 ,λυσιτελεῖς
1454 5080 1576 5136 εἷεν
1591 5098 1606 5115 ·
1630 5084 1724 5138 καί
1745 5084 1903 5151 ὅπως

340 5167 562 5221 ἐκεῖνοι
601 5167 723 5225 τῶν
743 5171 1140 5237 πειρατηρίων
1168 5173 1266 5225 καί
1297 5171 1419 5224 τῶν
1464 5172 1705 5241 δεσμῶν
1724 5213 1739 5237 ,
1774 5176 1907 5228 τού-

340 5274 456 5311 των
478 5259 809 5327 γινομένων
849 5261 1143 5317 ἀνίενται.
1179 5264 1288 5316 Καὶ
1330 5265 1512 5331 μέντοι
1542 5265 1637 5317 καὶ
1668 5267 1696 5317 ὁ
1728 5266 1900 5333 μέγας

343 5350 622 5413 Βασίλειος
643 5352 705 5402 ὲν
724 5354 839 5413 ταῖς
869 5354 950 5414 είς
984 5354 1084 5422 τὴν
1124 5353 1503 5425 Πεντηκοστὴν
1531 5356 1903 5422 ἀναγινωσκο-

348 5440 530 5507 μένοις
555 5442 740 5511 εὐχαῖς
772 5442 959 5496 ἀνεσιν
992 5443 1201 5506 ἐλπίζει
1258 5447 1351 5497 καὶ
1384 5444 1599 5514 εὔχεται
1639 5448 1754 5508 τοῖς
1807 5463 1906 5499 κα-

340 5532 673 5599 τοιχομένοις
722 5533 831 5586 τῶν
880 5535 1215 5604 κατεχόντων
1254 5536 1451 5597 αὐτοὺς
1490 5535 1749 5607 ἀνιαρῶν.
1794 5537 1906 5590 Καὶ

416 5705 460 5736 ⁸³
522 5703 667 5761 Psal.
732 5706 933 5771 «1,10.
1013 5707 1059 5738 “
1089 5707 1357 5774 llebr.1v,
1396 5708 1481 5762 12.
1557 5712 1600 5744 ⁸³
1632 5710 1833 5778 Ephes.
1864 5726 1918 5777 ν,
1947 5711 2036 5766 27.
2092 5732 2101 5739 ·

658 5803 923 5862 ΡΑτιιοι.
968 5805 1080 5862 Gn.
1128 5802 1299 5863 CLII.

2014 4539 2196 4593 storiis
2230 4554 2323 4594 seu
2368 4539 2785 4595 revelationibus
2835 4555 2929 4596 seu
2976 4543 3439 4611 speculationibus
3487 4549 3574 4603 di-

2015 4637 2232 4693 cuntur,
2258 4629 2596 4684 adversatur.
2624 4632 2755 4696 Quae
2780 4646 2901 4686 cum
2938 4633 3105 4687 multa
3139 4634 3268 4701 sint,
3292 4635 3425 4702 sola,
3454 4651 3574 4706 quae

2017 4720 2380 4775 Damascenus
2410 4721 2463 4774 in
2485 4734 2735 4776 sermone
2761 4737 2859 4777 suo
2891 4722 3000 4777 Pro
3032 4728 3252 4780 mortuis
3284 4727 3420 4783 dixit
3446 4740 3575 4786 ante

2013 4811 2273 4882 jejunium
2330 4812 2808 4883 quadragesimale,
2832 4816 3290 4879 memorabimus:
3353 4819 3424 4874 In
3468 4840 3570 4892 quo

2018 4903 2296 4957 visentium
2323 4903 2566 4968 plurimis
2587 4907 2893 4971 revelatum,
2925 4906 3019 4970 ait,
3046 4920 3303 4977 quantum
3330 4914 3411 4966 υεί
3437 4915 3573 4969 elec-

2015 5004 2281 5058 ηιοιεμιαξΓ
2313 4989 2388 5042 vel
2421 4990 2700 5055 orationes,
2722 5007 2837 5060 qua
2865 5008 2958 5060 pro
2979 4994 3237 5062 defunctis
3277 4999 3432 5067 ﬁunt,
3464 5002 3573 5057 illis

2016 5083 2310 5150 conferant,
2365 5092 2520 5149 atque
2548 5082 3012 5147 illivexationibus
3065 5096 3117 5141 et
3165 5090 3407 5157 uinculis,
3449 5097 3574 5147 dunt

2017 5174 2119 5226 ista
2160 5173 2315 5241 ﬁunt,
2338 5175 2697 5228 dimittuntur.
2726 5175 2928 5245 Nempe
2960 5192 3015 5234 et
3047 5196 3273 5251 magnus
3322 5185 3571 5249 Basilius,

2012 5263 2064 5318 in
2092 5265 2426 5321 orationibus
2456 5281 2573 5334 qua:
2600 5266 2655 5320 in
2694 5268 3004 5326 Pentecoste
3034 5274 3304 5342 leguntur,
3331 5280 3580 5343 requiem.

2010 5364 2193 5424 sperat
2240 5366 2293 5408 et
2322 5366 2440 5409 orat
2498 5357 2893 5418 dormientibus
2952 5378 3136 5418 eorum
3166 5367 3360 5435 quibus
3394 5370 3571 5421 eumi-

2011 5460 2209 5500 nentur
2263 5446 2522 5501 tristium.
2572 5448 2636 5501 lit
2674 5452 2848 5505 omnis
2898 5452 3134 5508 Ecclesia
3200 5456 3327 5508 talia
3363 5458 3569 5523 probis

2009 5544 2171 5593 orau‘s
2199 5537 2393 5605 oﬂ'ert;
2434 5541 2886 5615 perspicuumque
2925 5555 3004 5600 est
3036 5584 3051 5610 ,
3085 5548 3207 5615 quia
3258 5562 3362 5600 non
3416 5550 3566 5603 solu—

3140 5816 3179 5876 8
