4114 6306
526 338 627 403 235

489 546 760 606 ’ciantur,
812 553 1030 597 orantes
1090 553 1296 610 petunt.
1341 543 1436 599 llis
1457 546 1600 600 enim
1633 546 1722 615 qui
1750 547 1919 610 semel
1974 547 2078 603 illis

528 624 725 687 iuerint
787 633 1047 698 immersi,
1083 635 1385 704 etnergendi
1442 636 1671 692 facultas
1754 638 1902 692 nulla
1975 652 2078 694 est.

529 727 678 780 Alias
737 738 829 777 eos
879 723 969 792 qui
1005 726 1239 779 damnati
1291 728 1368 780 eis
1418 735 1564 794 sunt,
1609 727 1840 782 relaxari
1899 744 2083 784 neces-

518 811 670 869 tsario
721 817 1011 884 putandum
1051 828 1164 881 cst;
1232 818 1498 887 ﬁnemque
1531 819 1645 874 fore
1708 820 1930 875 inﬁnitis
1961 836 2083 874 cru-

530 908 754 962 ciatibus
801 909 1116 976 putandum.
1168 911 1236 964 At
1296 912 1346 965 id
1368 923 1557 965 contra
1603 912 1905 967 communis
1961 913 2083 967 ﬁdei

529 999 850 1066 positionem
875 1010 978 1057 est.

597 1177 860 1237 Quoniam
905 1191 1032 1232 vero
1084 1192 1379 1245 neque-pro
1419 1177 1501 1232 his
1528 1179 1616 1244 qui
1650 1189 1776 1233 sunt
1799 1187 1859 1233 in
1911 1181 2085 1235 neatio

531 1266 713 1318 tudine
737 1265 814 1331 (hi
843 1265 1037 1332 quippe
1071 1275 1253 1332 optato
1278 1265 1382 1320 ﬁne
1411 1267 1743 1335 quietissime
1775 1267 2093 1335 fruuntur),

531 1369 701 1420 neque
729 1368 823 1421 pro
857 1353 939 1407 his
971 1369 1107 1421 quos
1137 1364 1366 1408 aeternus
1409 1357 1869 1423 urgetcrueiatus,
1903 1356 2088 1410 Eccle-

533 1446 612 1498 sia
661 1444 787 1498 talia
832 1454 972 1509 orat,
1010 1447 1296 1514 colligitur,
1331 1449 1470 1515 quod
1496 1447 1698 1500 dictum
1733 1459 1837 1511 εει,
1873 1448 2089 1502 tertium

533 1536 817 1602 quemdam
853 1535 1024 1588 locum
1055 1537 1391 1603 purgationis
1415 1551 1555 1598 esse,
1580 1538 1666 1590 ubi
1689 1538 1782 1606 qui
1806 1539 2084 1593 coutinem

532 1634 621 1676 tur
647 1638 740 1691 per
756 1639 1016 1678 summam
1041 1625 1426 1695 Deijustitiam,
1453 1627 1677 1695 ejusque
1695 1629 2088 1684 miserationem

534 1715 819 1778 inﬁnitam,
879 1717 962 1769 his
1010 1718 1206 1784 quibus
1265 1721 1634 1781 continentur,
1690 1720 1932 1774 tristibus
1975 1723 2086 1775 eri-

1769 336 2160 400 MANUELIS
2195 336 2495 397 CALEC/E
2521 366 2532 378 ~

527 459 725 509 tionem
756 467 820 506 ac
871 450 1110 521 requiem
1139 449 1342 506 ’eorutn
1371 454 1460 523 qui
1487 457 1704 512 aeternis
1740 457 1912 526 pretiis
1955 473 2082 512 cru-

2205 458 2332 509 εᾶσα
2359 458 2392 525 ἡ
2433 452 2729 524 Ἐκκλησία
2751 451 2818 505 τὰ
2849 451 3070 505 τοιαῦτα
3103 448 3243 518 ὑπὲρ
3276 445 3482 500 τούτων
3515 444 3737 513 δεομένη

3629 324 3732 385 236

2183 547 2465 614 προσάγει,
2523 545 2614 598 καὶ
2646 543 2825 613 δῆλον,
2869 542 2944 605 ὡς
2977 542 3038 594 οὐ
3079 541 3232 594 λύσιν
3264 539 3358 592 καὶ
3395 538 3582 590 ἀνεσιν
3632 537 3738 587 τῶν

2181 637 2238 687 ὲν
2265 637 2330 705 τῇ
2379 635 2580 702 αἰωνίῳ
2608 633 2825 688 κολάσει
2870 631 3241 702 πειρατηρίων
3290 630 3400 691 τοῖς
3447 628 3746 698 κατεχομὲέ

2183 740 2293 787 νοις
2320 726 2600 796 εὐχόμενοι
2635 719 2878 780 δέονται.
2908 725 3035 786 Τοῖς
3073 723 3180 792 γὰρ
3210 723 3288 783 εἰς
3321 719 3537 789 ἐκείνην
3567 720 3738 772 εἰσελ-

2182 814 2362 869 θοῦσιν
2387 817 2486 868 οὐκ
2515 816 2661 870 ἔστιν
2681 816 2955 880 ἀνάδυσις,
2987 815 3020 884 ἢ
3047 817 3172 878 τοῦς
3213 815 3270 866 ὲν
3299 813 3433 882 αὐτῇ
3466 828 3739 880 κατακρι-

2183 906 2371 968 Θέντας
2411 906 2623 975 ἀνάγκη
2677 907 2922 971 νομιζειν
2971 906 3233 968 ἀνίεσθαι,
3257 902 3552 974 καὶταύτῃ
3592 902 3741 964 τέλος

2184 993 2284 1063 τῆς
2316 993 2671 1064 ἀτελευτήτου
2702 995 2976 1058 κολάσεως
3016 994 3245 1048 οἴεσθαι.
3275 994 3407 1046 Τόδε
3443 994 3558 1046 ἐστὶ
3592 991 3743 1062 παρὰ

2184 1085 2280 1152 τὴν
2316 1087 2499 1154 κοινὴν
2523 1087 2622 1152 τῆς
2651 1086 2884 1149 πίστεως
2921 1070 3087 1148 θέσιν.

2256 1175 2365 1227 Καὶ
2396 1177 2516 1226 ἐπεὶ
2539 1175 2654 1228 οὔθ’
2695 1177 2835 1246 ὑπὲρ
2865 1178 2971 1231 τῶν
2994 1178 3052 1230 ὲν
3077 1179 3440 1247 μακαριότητι
3463 1173 3745 1230 καθεστῶ-

2186 1279 2291 1315 των
2325 1257 2492 1333 (οὗτοι
2517 1265 2625 1337 γὰρ
2659 1268 2754 1320 τοῦ
2787 1267 2976 1329 τέλους
3028 1267 3194 1330 ἀδεῶς
3225 1266 3610 1336 ἀπολαύουσιν)
3631 1262 3747 1320 οὔθ’

2187 1351 2327 1422 ὑπὲρ
2355 1354 2464 1406 τῶν
2497 1355 2555 1406 ἐν
2584 1356 2775 1425 αἰωντᾳ
2805 1357 3074 1427 καταδίκῃ
3111 1357 3409 1424 κριθέντων
3445 1357 3478 1427 ἡ
3513 1356 3745 1425 Ἐκκλη-
3823 1391 3838 1402 -

2189 1443 2279 1494 σία
2307 1445 2398 1495 καὶ
2431 1443 2656 1496 τοιαῦτα
2683 1447 2969 1515 προσάγει,
3007 1449 3069 1500 τὸ
3109 1449 3400 1516 εἰρημένον
3433 1449 3745 1516 συνάγεται,

2187 1531 2367 1600 τρίτον
2386 1532 2502 1585 τινὰ
2523 1535 2687 1588 τόπον
2719 1536 2814 1605 τῆς
2837 1536 3158 1607 καθάρσεως
3194 1532 3357 1602 εἶναι,
3383 1538 3519 1591 ὅπου
3547 1540 3595 1590 oi
3625 1555 3751 1592 κατ-

2191 1623 2438 1689 εχόμενοι
2491 1625 2631 1676 κατά
2667 1623 2763 1694 τὴν
2813 1625 2988 1694 ἄκραν
3044 1627 3138 1679 τοῦ
3187 1628 3322 1680 Θεοῦ
3383 1627 3750 1698 δικαιοσύνην,

2193 1711 2283 1762 καὶ
2316 1711 2376 1763 τὸ
2411 1713 2544 1766 πολὺ
2579 1713 2746 1767 αὐτοῦ
2792 1715 2939 1778 ἔλεος
2971 1716 3078 1770 τῶν
3111 1719 3452 1788 κατεχόντων
3488 1719 3750 1783 ἀνίενται,

534 1805 774 1872 piuntur,
806 1813 860 1856 et
891 1821 986 1872 per
1019 1806 1302 1861 charitatis
1330 1822 1490 1874 opera
1517 1808 1930 1877 benignissimus
1952 1811 2094 1866 Deus

2205 1801 2293 1852 καὶ
2318 1801 2404 1854 διὰ
2430 1805 2536 1856 τῶν
2563 1802 2662 1872 τῆς
2693 1806 2912 1874 ἀγάπης
2936 1806 3114 1876 ἔργων
3134 1807 3162 1859 ὀ
3187 1808 3502 1876 πανάγαθος
3525 1809 3753 1875 ὲξιλεού-

534 1895 798 1962 propitius
858 1894 1102 1960 elfectus,
1167 1897 1428 1965 poenalem
1483 1899 1778 1952 cruciatum
1856 1899 2092 1954 breviori

533 1986 861 2040 concludens
887 1986 1188 2051 intervallo,
1215 1987 1280 2039 ad
1307 1987 1694 2042 beatitudinem
1725 2002 1820 2042 eos
1839 1988 2097 2044 transfert

536 2090 644 2127 non
707 2075 968 2129 habentes
1031 2076 1297 2129 maculam
1343 2077 1428 2130 vel
1485 2092 1692 2144 rugam.
1739 2075 1966 2146 Propter
1995 2077 2096 2132 hoc

533 2167 677 2220 enim
710 2183 842 2222 cura
879 2182 975 2230 pro
1012 2169 1238 2223 mortuis
1269 2168 1557 2235 suscipitur
1584 2168 1813 2236 age-tida.

611 2439 748 2494 llnic
778 2435 1082 2506 purgationi
1147 2436 1338 2490 beatus
1389 2435 1550 2491 etiam
1601 2437 1840 2493 concinit
1895 2437 2098 2499 Paulus

540 2535 724 2588 dicens
747 2549 761 2584 :
789 2528 955 2594 Quale
975 2527 1232 2598 cujusque
1254 2543 1380 2596 opus
1393 2539 1490 2590 est,
1514 2530 1648 2600 ignis
1661 2532 1869 2597 probat;
1891 2533 1936 2585 si
1951 2533 2100 2600 cujus

540 2637 669 2691 opus
693 2621 906 2684 arserit,
925 2620 1292 2672 detrimentum
1319 2619 1569 2686 patietur,
1603 2622 1686 2672 hic
1717 2632 1892 2676 autem
1923 2624 2098 2677 salva-

543 2716 706 2777 bitnr,
729 2714 803 2767 sic
857 2723 1027 2764 autem
1053 2713 1204 2788 quasi
1239 2727 1331 2779 per
1389 2713 1555 2781 ignem
1578 2711 1644 2766 ⁸⁸.
1668 2712 1842 2783 Opera
1884 2716 2096 2784 quidem

479 2799 484 2803 ’
543 2804 786 2859 ardentia
816 2805 1002 2858 dicens
1047 2801 1204 2856 facile
1231 2802 1646 2872 conﬂagrantetn
1702 2807 1950 2860 incendio
1977 2821 2088 2859 ma-

545 2895 734 2949 teriam
762 2913 776 2948 :
806 2910 966 2962 quam
998 2894 1089 2961 qui
1126 2894 1546 2960 mdilicauerunt,
1577 2885 1791 2962 penitus
1811 2896 2097 2951 ardebant.

543 2986 939 3038 Detrimentum
996 2986 1139 3035 enim
1182 2998 1338 3049 passa
1380 2994 1504 3037 sunt
1535 2986 1714 3038 omnia
1747 2987 1959 3039 illorum
1985 2995 2101 3039 stuc

2201 1907 2384 1960 μενος,
2435 1895 2530 1946 καὶ
2574 1896 2746 1965 ταύτῃ
2797 1899 2864 1950 τὰ
2898 1899 2995 1966 τῆς
3033 1899 3307 1952 ἑπωδύνου
3346 1900 3667 1968 καθάρσεως
3698 1901 3756 1951 ἐν

2202 1981 2517 2054 βραχυτέρῳ
2565 1988 2866 2056 συγχωρῶν
2913 1988 3246 2060 διαστήματι
3296 1992 3389 2044 ἐπὶ
3435 1991 3532 2059 τὴν
3583 2008 3757 2059 μακα-

2204 2073 2431 2142 ριότητα
2465 2075 2838 2142 μεταϐιϐάζει,
2875 2080 2949 2146 μὴ
2973 2078 3193 2148 ἔχοντας
3222 2080 3411 2132 σπῖλον
3466 2083 3499 2149 ἦ
3545 2081 3754 2149 ῥυτίδα.

2159 2196 2174 2204 ~
2218 2163 2343 2218 Ἐπὶ
2374 2163 2580 2218 τούτων
2611 2166 2721 2236 γὰρ
2753 2167 2823 2220 τὰ
2864 2169 3004 2239 ὑπὲρ
3032 2169 3140 2224 τῶν
3169 2171 3506 2240 τεθνηκότων
3541 2187 3762 2241 πρςσει-

2203 2255 2428 2324 ληπται.
2455 2293 2458 2296 ~

2204 2443 2316 2498 bat.
2353 2443 2458 2500 Per
2495 2449 2639 2503 enim
2693 2447 2976 2504 transitum
3021 2446 3307 2518 quemdam
3355 2458 3662 2520 motumque
3685 2454 3762 2507 si-

2203 2532 2441 2600 gniﬁcat.
2473 2535 2606 2589 Eum
2658 2537 2926 2606 νει-ο..ᾳυὶ
2967 2536 3130 2591 semel
3171 2537 3224 2589 in
3281 2543 3537 2606 gehennae
3585 2543 3761 2608 ignem

2203 2620 2431 2690 injectus
2463 2623 2646 2690 fuerit,
2695 2639 2912 2680 manere
2965 2639 3176 2693 semper
3206 2627 3259 2679 in
3293 2641 3360 2680 eo
3413 2643 3637 2684 necesse
3661 2640 3760 2684 est.

2273 2718 2567 2770 Attestatur
2591 2718 2672 2771 his
2696 2727 2751 2772 et
2767 2719 2920 2773 divus
2935 2717 3370 2789 Chrysostontus,
3389 2721 3441 2774 in
3463 2730 3650 2791 quarta
3673 2737 3763 2775 sn-

2205 2819 2301 2874 per
2332 2805 2638 2860 Mattltazttm
2679 2807 2922 2871 homilia,
2968 2807 3170 2863 Sancti.
3194 2812 3423 2882 quidem,
3458 2813 3647 2882 inquit,
3675 2829 3765 2878 per

2203 2896 2402 2964 ignium
2431 2899 2622 2966 ﬂumen
2638 2901 2955 2969 gradientes,
2990 2901 3118 2954 nihil
3143 2903 3291 2956 triste
3321 2905 3613 2970 patientur,
3635 2905 3761 2969 imo,

2208 2987 2328 3039 inde
2355 2989 2602 3043 clariores
2625 2990 2784 3042 etiam
2819 2989 3119 3045 reddentur.
3152 2990 3382 3049 Sanetus
3443 2993 3626 3048 ﬁdeles
3678 2995 3763 3048 di-
3803 3024 3806 3026 η

545 3077 654 3139 dia,
686 3083 738 3126 et
771 3076 888 3126 sine
923 3073 1030 3125 ullo
1070 3072 1174 3125 ﬁne
1206 3073 1569 3125 torrebuntur.
1613 3073 1785 3142 Opera
1827 3089 1971 3138 vero,
1990 3090 2106 3141 qua:
2131 3117 2176 3176 α
2209 3078 2304 3140 cit,
2353 3081 2444 3144 qui
2496 3078 2612 3132 sine
2658 3079 2974 3134 mortalibus
3029 3081 3259 3148 peccatis
3293 3091 3477 3138 sancte
3521 3085 3769 3152 justeque

549 3164 1066 3231 supermdilicantur,
1132 3161 1259 3216 ﬁdei
1287 3162 1493 3216 scilicet
1521 3171 1574 3217 et
1621 3179 1740 3231 qua:
1769 3175 2104 3232 permanent,

549 3253 766 3308 virtutis
833 3252 1019 3306 dicens
1047 3265 1234 3318 opera,
1281 3253 1466 3320 qualia
1503 3251 1649 3319 iuxta
1707 3253 2103 3320 proportionem

547 3352 678 3400 sunt
732 3357 948 3405 aurum,
1004 3349 1285 3410 argentum
1336 3349 1392 3394 et
1452 3341 1669 3408 pretiosi
1730 3341 1956 3409 lapides,
1991 3355 2109 3409 quas

548 3436 638 3504 qui
670 3433 974 3504 perlecerit,
1000 3433 1302 3485 mercedem
1330 3441 1525 3496 sumet,
1593 3430 1818 3486 salutem
1877 3432 2106 3486 scilicet.

542 3527 805 3595 Sequitur
855 3523 1032 3578 enim:
1082 3521 1190 3574 llic
1225 3532 1400 3574 autem
1433 3523 1758 3576 .salnabitur.
1832 3519 2027 3577 Verum
2057 3530 2113 3577 et

552 3620 665 3684 ipse
697 3629 817 3669 cum
872 3613 1077 3678 dolore,
1126 3621 1185 3666 ut
1219 3613 1424 3668 scilicet
1468 3629 1562 3683 per
1611 3618 1784 3684 ignem
1819 3616 2108 3679 transiens,

553 3698 919 3775 purgatusque
979 3720 1009 3758 a
1034 3703 1181 3760 brevi
1212 3704 1314 3758 sibi
1344 3705 1516 3762 inusta
1557 3708 1784 3760 macula.
1817 3707 1907 3761 Dei
1962 3708 2110 3761 enim

550 3806 636 3851 est
663 3793 883 3850 omnino
913 3797 1028 3849 sine
1057 3803 1282 3862 peccato
1316 3809 1456 3849 esse.
1506 3794 1580 3849 De
1613 3797 1913 3852 hominibus
1965 3812 2110 3862 vero,

553 3891 898 3960 quantumvis
953 3888 1062 3941 sint
1111 3887 1317 3949 mundi,
1363 3887 1564 3938 dictum
1606 3896 1694 3939 est
1727 3904 1741 3940 :
1777 3886 2114 3949 Quoniamin

551 3982 730 4034 multis
751 3977 1060 4046 offendimus
1078 3990 1252 4028 omnes
1272 3975 1338 4038 ⁶⁷;
1363 3973 1603 4040 et,Nemo
1623 3974 1846 4028 mundus
1861 3993 1893 4027 a
1907 3985 2115 4043 peccato

555 4086 715 4138 neque
742 4068 923 4135 infans
952 4065 1107 4116 unius
1130 4063 1234 4116 diei
1258 4063 1326 4114 ⁸⁸.
1349 4063 1558 4116 Dictum
1581 4072 1663 4116 est
1689 4073 1865 4116 autem
1891 4075 1942 4116 et
1974 4065 2115 4130 apud

556 4159 911 4213 lllalacltiam:
957 4155 1241 4220 Quoniam,
1307 4153 1442 4206 sicut
1495 4153 1632 4222 ignis
1676 4157 1731 4204 in
1795 4153 2028 4220 fornace,
2067 4163 2117 4208 el

557 4251 692 4304 velut
723 4248 881 4303 herba
909 4245 1193 4312 fullonum,
1222 4244 1490 4312 conﬂabit,
1528 4253 1578 4298 et
1616 4243 1916 4297 emundabit
1961 4260 2118 4314 quos-

559 4350 681 4397 dam
703 4343 774 4396 ".

2208 3170 2490 3236 vixerunt;
2547 3170 2646 3225 hos
2705 3173 2872 3236 enim,
2913 3173 3006 3240 qui
3069 3174 3142 3226 ita
3212 3173 3432 3239 vivunt,
3489 3171 3768 3242 Scriptura
3853 3217 3858 3230 .

2207 3267 2418 3311 sanctos
2452 3266 2630 3312 vocat.
2663 3256 2728 3312 Et
2759 3261 2899 3328 quod
2934 3261 3060 3314 item
3087 3261 3284 3314 dicitur
3309 3274 3328 3313 :
3361 3259 3419 3316 Si
3458 3261 3640 3328 justus
3684 3264 3771 3316 vis:
3839 3285 3845 3288 -

2207 3347 2521 3415 εαιιιαιιὶιιιν,
2552 3362 2798 3416 peccator
2831 3351 2919 3403 ubi
2960 3350 3161 3418 parebit
3191 3350 3286 3404 “1
3329 3353 3396 3405 ad
3448 3353 3582 3405 hanc
3613 3352 3773 3406 intel-

2207 3437 2482 3506 ligetttiam
2528 3441 2742 3495 ducitur
2797 3455 2896 3510 per
2917 3453 3041 3494 eum
3071 3441 3164 3510 qui
3213 3440 3301 3495 vix
3332 3442 3588 3507 salvatur,
3620 3442 3770 3496 illum

2210 3529 2616 3595 commendans,
2644 3531 2732 3599 qui
2765 3544 2860 3599 per
2911 3531 3280 3600 purgationem
3327 3532 3500 3586 salute
3551 3531 3770 3587 fruitur.

2282 3619 2504 3684 Quidam
2538 3621 2700 3674 etiam
2732 3620 2870 3688 apud
2903 3634 2999 3674 nos
3027 3620 3223 3674 dictum
3258 3621 3385 3675 illud
3421 3623 3771 3691 apostolicum

2209 3723 2483 3777 exponens
2533 3710 2652 3762 ait:
2695 3706 2762 3763 In
2813 3709 3134 3777 expositione
3169 3707 3327 3764 Isaia!
3364 3718 3580 3764 sanctus
3619 3710 3772 3764 Basi-

2213 3797 2314 3848 lius
2359 3796 2516 3864 hujus
2559 3797 2686 3849 dicti
2732 3798 3044 3858 mentionem
3093 3797 3319 3851 secundo
3365 3798 3584 3866 faciens,
3603 3784 3774 3866 ipsum

2212 3903 2306 3954 pro
2356 3887 2664 3955 purgatione
2712 3888 2958 3954 suscepit.
2985 3885 3044 3939 In
3095 3885 3236 3940 hanc
3293 3887 3696 3958 intelligentiam
3723 3897 3778 3943 et

2214 3975 2484 4045 Nysseuus
2545 3974 2838 4044 Gregorius
2887 3977 3090 4029 dictum
3161 3977 3490 4045 explanavit.
3537 3978 3776 4042 Quorum

2215 4065 2500 4118 verborum
2524 4067 2628 4118 vim
2661 4066 2876 4134 quidam
2909 4080 3015 4120 non
3047 4066 3428 4135 intelligentes,
3461 4071 3620 4124 linem
3656 4080 3777 4137 post

2211 4155 2470 4224 judicium
2495 4157 2742 4209 ultimum
2776 4156 2960 4208 aeterni
2993 4158 3270 4226 cruciatus
3313 4158 3492 4212 dicere
3521 4169 3774 4226 putarunt

2208 4245 2273 4303 in
2326 4246 2499 4314 ipsam
2562 4244 2966 4313 intelligentiam
3021 4253 3078 4298 et
3135 4244 3531 4300 Occidentalem
3587 4246 3774 4301 Eccle-

2219 4335 2379 4400 siam,
2432 4337 2554 4404 quia
2588 4335 2879 4404 purgatorii
2909 4334 3049 4404 ignis
3099 4345 3224 4388 ante
3255 4335 3498 4390 ultimum
3530 4337 3778 4390 Salvato-

627 4434 698 4487 Et
723 4440 890 4493 certe,
947 4428 994 4484 si
1025 4429 1282 4499 gehennae
1333 4428 1505 4496 ignem
1561 4427 1648 4482 hic
1709 4426 1873 4480 voluit
1917 4427 2115 4492 dicere,
2143 4424 2300 4484 Dris
2327 4426 2615 4482 adventum
2650 4427 3024 4496 purgationem
3075 4427 3351 4494 praedicat,
3383 4443 3488 4498 qua
3544 4431 3776 4492 sublata,

555 4522 834 4594 quomodo
857 4519 1114 4590 possibile
1160 4525 1242 4572 est
1269 4527 1326 4569 ιιι
1347 4517 1439 4586 qui
1473 4518 1524 4570 in
1551 4532 1673 4571 eum
1709 4517 1906 4572 missus
1935 4516 2117 4582 fuerit,

556 4617 734 4672 salute
773 4612 1050 4684 potiatur?
1079 4609 1133 4663 ltt
1160 4624 1224 4664 eo
1243 4609 1438 4678 quippe
1467 4608 1610 4661 nulla
1635 4617 1722 4661 est
1751 4607 1945 4660 salutis
1973 4621 2116 4675 spes.

555 4709 783 4762 Constat
812 4705 975 4776 igitur
999 4703 1068 4759 de
1099 4702 1219 4770 igne
1261 4708 1524 4767 purgante
1558 4706 1612 4751 et
1640 4697 1921 4765 probante,
1972 4699 2121 4780 velut

541 4813 751 4854 aurum
784 4798 835 4851 itt
863 4796 1105 4857 fornace,
1135 4807 1232 4846 eos
1253 4792 1344 4860 qui
1376 4792 1429 4844 in
1451 4789 1600 4842 illum
1628 4789 2014 4854 immittutttur,
2049 4791 2123 4843 illi

559 4905 864 4947 sermonem
894 4902 1032 4942 esse.
1096 4885 1229 4939 Nam
1291 4884 1547 4952 gelteutta:
1581 4865 1720 4949 ignis
1748 4895 1920 4948 neque
1971 4897 2125 4934 mutt-

563 4984 709 5036 dabit
738 4981 968 5047 aliquos,
1002 4989 1174 5043 neque
1204 4973 1469 5040 probabit.

539 5095 544 5101 -
630 5072 783 5136 Quod
813 5039 858 5122 si
881 5039 1104 5135 quidam
1139 5039 1472 5128 sanctorum,
1506 5061 1648 5131 quod
1670 5062 1868 5117 dictum
1891 5073 1994 5128 est,
2025 5065 2132 5117 sal.
2161 5039 2166 5046 ’

562 5164 768 5219 rabitur
794 5158 949 5211 veluti
970 5172 1058 5224 per
1078 5157 1247 5224 ignem
1265 5155 1332 5220 7°,
1362 5155 1415 5207 itt
1441 5155 1561 5224 igne
1587 5156 1840 5219 manebit,
1860 5162 2129 5224 exposuit,

565 5256 697 5310 nihil
719 5251 1049 5306 contrarium
1073 5257 1184 5313 est;
1207 5247 1298 5313 qui
1325 5245 1467 5300 enim
1500 5256 1820 5314 put‘gaturet
1847 5251 2124 5316 probatur,

505 5329 526 5337 ~
565 5343 962 5417 quantumlibet
993 5340 1046 5391 itt
1077 5353 1143 5393 eo
1191 5337 1332 5405 quod
1364 5349 1421 5390 se
1468 5337 1656 5405 probat
1682 5343 1735 5391 et
1789 5346 2001 5405 purgat,
2032 5351 2124 5391 ue-

565 5453 719 5495 ccsse
749 5446 828 5489 est
861 5439 1095 5491 maneat,
1131 5435 1186 5480 ut
1216 5425 1403 5480 sordes
1431 5435 1612 5494 ponat.
1651 5426 1930 5495 Sintulque
1977 5427 2122 5494 quod

568 5535 766 5587 dictuln
803 5535 905 5587 est,
945 5537 1036 5588 per
1076 5522 1266 5583 ignem,
1300 5519 1350 5571 id
1400 5517 1544 5585 quod
1595 5517 1846 5581 dicimus,
1881 5530 2128 5586 compro-

2227 4518 2457 4587 pluritna
2497 4518 2733 4571 absurda
2781 4517 2934 4586 sequi
2984 4529 3202 4572 necesse
3229 4527 3352 4572 est:
3393 4532 3422 4570 a
3448 4519 3648 4574 nostris
3668 4520 3780 4573 cul-

2227 4618 2402 4676 patur,
2434 4608 2583 4675 quasi
2614 4618 2734 4676 post
2769 4607 3030 4676 judicium
3078 4607 3236 4661 linem
3285 4609 3618 4663 cruciatuum
3663 4609 3781 4664 l'ore

2228 4698 2529 4756 afﬁrmans.
2567 4698 2674 4753 Sed
2720 4698 2907 4752 falsum
2959 4699 3198 4767 profecto
3245 4708 3348 4764 est,
3387 4700 3460 4753 ita
3488 4701 3630 4754 illam
3653 4716 3780 4764 sen-

2230 4791 2375 4853 tire;
2411 4791 2565 4852 adeo,
2601 4801 2656 4843 ut
2679 4789 2724 4845 si
2775 4790 2864 4858 qui
2903 4791 3004 4843 hoc
3038 4800 3222 4858 aperte
3275 4791 3480 4845 sentire
3533 4805 3783 4860 compro-

2229 4883 2446 4944 bantur,
2467 4895 2558 4935 eos
2584 4895 2613 4932 a
2643 4895 2703 4934 se
2745 4879 3049 4942 abscindat,
3075 4895 3252 4950 neque
3297 4882 3417 4936 illos
3439 4884 3504 4935 ad
3539 4896 3785 4936 commn-

2233 4972 2443 5024 ttionem
2464 4980 2926 5024 sacramentorum
2942 4971 3220 5026 admittat.
3251 4973 3414 5042 quue
3440 4975 3778 5043 perspicuum

2235 5069 2400 5112 estet
2447 5075 2512 5112 ex
2570 5059 2804 5126 antiquis
2850 5068 2989 5114 etex
3023 5060 3332 5129 junioribus
3381 5063 3523 5116 illius
3542 5063 3787 5116 Ecclesia

2237 5151 2565 5215 doctoribus,
2595 5158 2653 5204 ut
2680 5163 2744 5204 ex
2785 5150 2868 5205 his
2901 5165 3019 5218 qua:
3055 5151 3109 5203 in
3139 5159 3376 5205 nostram
3412 5151 3652 5206 Graecam
3679 5153 3785 5205 sri-

2235 5241 2360 5295 licet
2406 5240 2642 5310 linguam
2693 5239 2818 5295 inde
2874 5234 3132 5296 translata
3186 5251 3330 5305 sunt,
3361 5243 3406 5295 si
3431 5245 3557 5309 quis
3608 5243 3785 5318 legere

2238 5332 2485 5394 voluerit,
2511 5329 2916 5386 animadvertat.
2943 5329 3047 5384 Sed
3077 5331 3188 5385 hth
3215 5332 3496 5386 hactenus.

2453 5419 2527 5474 De
2559 5421 2824 5474 sacerdote
2860 5420 3066 5472 diaconi
3100 5419 3318 5487 ofﬁcium
3349 5421 3611 5488 implente.

2306 5509 2371 5562 Et
2397 5509 2526 5564 illud
2560 5511 2684 5564 item
2715 5509 3074 5578 adjiciendum
3109 5521 3212 5574 est,
3242 5511 3380 5578 quod
3418 5524 3538 5564 cum
3577 5513 3647 5565 sit
3675 5513 3789 5567 sine

640 5647 684 5679 ⁸⁸
718 5645 736 5697 l
796 5643 945 5704 Com,
981 5655 1061 5702 nt,
1095 5637 1280 5693 15-16.
1328 5632 1538 5702 ,"Jac.
1573 5649 1655 5699 ιιι,
1680 5633 1734 5688 2.
1811 5631 1999 5688 “Job.
2029 5649 2105 5687 xu

2206 5629 2526 5697 ,sec.LXX.
2603 5628 2646 5660 °’
2685 5625 2910 5683 Malarh.
2948 5641 3028 5692 ιιι,
3055 5625 3112 5694 2,
3145 5627 3198 5684 5.
3275 5629 3318 5659 ⁷ο
3350 5627 3366 5681 Ι
3403 5626 3527 5684 Cor.
3581 5643 3663 5696 ttt,
3704 5625 3790 5684 l5.

573 5721 616 5752 7‘
647 5715 666 5769 l
694 5714 836 5768 l'etr.
878 5727 952 5773 tv,
987 5710 1070 5763 18.
