4114 6306
354 302 453 360 237
1398 296 1803 361 ADVERSUS
1838 294 2153 356 GR/ECOS
2182 296 2327 356 LlB.
2368 295 2445 355 IV
3458 284 3565 349 238

356 406 607 469 crimine,
639 404 884 475 culpatur
910 412 1087 459 tamen
1114 418 1145 459 a
1176 406 1397 461 nostris.
1430 405 1545 460 Hoc
1594 415 1769 458 autem
1802 411 1903 460 est.
1937 407 1981 461 Α
2015 403 2148 469 Quia
2188 407 2328 457 enim
2361 402 2717 459 sacerdotium
2769 414 2957 458 omnes
2988 400 3090 456 sub
3134 413 3193 454 se
3223 396 3418 468 gradus
3439 409 3542 449 oon

359 498 498 563 quod
539 496 592 549 in
634 494 908 550 oﬂ‘erendo
934 494 1203 550 sacriﬁcio
1239 497 1489 549 sacerdos
1524 510 1663 564 saepe
1700 491 1910 547 diaconi
2016 498 2170 563 tinet,
2196 506 2410 552 constat
2439 497 2491 550 in
2522 510 2625 549 una
2657 510 2884 565 persona
2915 490 3043 564 qua:
3084 492 3217 546 alios
3271 489 3571 550 contineat.

362 588 536 651 explet
588 587 961 640 ministerium.
989 584 1232 652 improbe
1260 600 1407 640 sane.
1439 587 1691 651 ignorant
1747 585 1915 643 enim,
2018 589 2227 654 majore
2275 589 2505 645 sublato,
2559 597 2614 641 et
2651 587 2754 640 alia
2788 585 2949 639 simul
2993 584 3211 639 anferri.
3260 581 3411 654 Sig-ut
3444 594 3570 634 cum

364 675 489 742 quia
522 676 566 728 i5
604 678 814 745 quidem
869 677 981 743 qui.
1017 676 1158 742 quod
1188 680 1359 745 majus
1410 686 1512 740 esl,
1542 677 1725 736 habet.
1757 674 1918 725 etiam
2022 678 2299 731 rationalis
2325 678 2502 731 anima
2533 686 2818 745 separatur
2844 692 2871 731 a
2898 691 3141 744 corpore,
3162 675 3331 729 Otiosa
3360 672 3571 741 reliqua

367 766 510 833 quod
546 767 719 818 minus
744 777 821 819 est
868 766 1107 835 ejusdem
1134 766 1350 834 generis
1386 767 1548 820 habet
1596 763 1920 819 necessario.
2024 778 2079 823 et
2120 770 2319 821 inutilia
2352 767 2504 833 ﬁunt,
2535 777 2588 821 ct
2624 768 2976 837 quorumdam
3006 766 3306 819 sacerdotio
3339 764 3584 825 sublato,

369 856 483 910 Non
516 864 692 908 autem
723 870 753 910 e
778 870 1057 911 converso.
1086 856 1249 924 quue
1292 857 1469 910 omnia
1519 853 1927 923 inspicientibus
2028 875 2134 914 non
2168 858 2499 926 permittitur
2524 859 2606 912 his
2632 859 2711 913 vel
2738 857 2950 911 diaconi
2981 856 3063 909 vel
3095 855 3405 909 subdiacmii
3450 868 3574 921 ὅτε-

368 947 652 1001 constabit.
690 946 863 1001 Homo
893 947 1037 1001 enim
1067 948 1385 1001 rationalem
1413 946 1622 1000 habens
1662 945 1923 1004 animam,
2031 947 2159 1000 dum
2212 947 2509 1010 continere,
2558 956 2720 1014 atque
2758 946 2898 999 illius
2953 944 3174 1013 implere
3199 942 3577 996 ministerium.

370 1036 680 1091 sensibilem
727 1052 939 1107 quoque
995 1048 1050 1093 et
1105 1038 1457 1106 vegetabilem
1500 1038 1599 1091 sub
1634 1050 1696 1090 ea
1750 1035 1931 1089 habet.

373 1128 559 1193 Neque
586 1136 763 1182 tamen
802 1143 922 1199 quae
975 1118 1255 1197 vegetabili
1310 1128 1489 1182 anima
1541 1135 1784 1191 utuntur,
1816 1138 1939 1179 sen-

374 1219 518 1273 sibili
548 1222 713 1273 etiam
737 1231 789 1273 et
839 1219 1085 1274 rationali
1114 1220 1409 1287 potiuntur.
1444 1220 1619 1288 Atque
1649 1218 1831 1273 itidem
1880 1216 1936 1268 in

377 1311 517 1371 aliis.
554 1310 669 1365 sive
694 1311 954 1375 humana,
986 1310 1100 1363 sive
1130 1310 1307 1363 divina
1355 1310 1619 1379 inspicere
1645 1310 1763 1376 quis
1789 1309 1939 1364 velit.
2042 1309 2127 1363 nis
2172 1308 2508 1373 facilitatem,
2562 1308 2644 1362 vel
2708 1309 2807 1364 sibi
2871 1311 3124 1365 honorem
3196 1317 3592 1375 comparantes,

378 1395 582 1466 Nempe
603 1406 657 1451 et
690 1397 949 1452 Dominus
976 1399 1270 1452 secundum
1303 1398 1571 1453 hominem
1599 1398 1803 1466 primus
1842 1412 1941 1451 ex-
2042 1414 2201 1469 quem
2233 1398 2379 1465 solis}
2409 1398 2651 1453 diaconis
2690 1400 2890 1455 habere
2945 1400 3087 1461 licet,
3132 1399 3246 1453 sive
3269 1398 3432 1452 etiam
3477 1396 3597 1451 aliis

383 1483 605 1547 sistens,
636 1493 691 1538 et
727 1485 1001 1540 maximus
1057 1486 1331 1549 sacerdos,
1368 1500 1472 1540 non
1522 1486 1663 1551 ideo,
1692 1486 1816 1555 quia
1847 1486 1947 1540 mi-

2085 1492 2369 1547 uibusdam
2419 1492 2637 1547 casibus
2692 1491 3055 1546 sacerdotium
3082 1490 3304 1544 omnino
3327 1492 3597 1553 deserere,

394 1571 551 1625 "imi
609 1572 874 1635 δίδδίίυωο
920 1583 975 1629 ει
1044 1575 1407 1632 ministerium
1471 1577 1635 1647 Ρθάεε
1688 1577 1951 1632 abluendo
2010 1652 2011 1655 η
2052 1584 2205 1651 quasi
2237 1583 2541 1639 sacerdotes
2593 1584 2663 1639 ab
2698 1584 2854 1637 initio
2887 1580 3185 1637 consecrati
3245 1594 3350 1632 non
3398 1585 3603 1643 essent,

390 1662 752 1729 monstravit,
798 1664 1086 1718 sacerdotii
1150 1664 1394 1719 contudit
1449 1665 1713 1719 ordinem.
1750 1665 1816 1718 Et
1863 1666 1953 1720 hic

2036 1128 2293 1181 deserunt
2334 1127 2583 1195 gradum,
2618 1127 2880 1181 minorem
2915 1142 3128 1196 quoque
3172 1126 3313 1195 apud
3354 1140 3413 1180 se
3458 1125 3590 1177 relic

2039 1232 2189 1272 nere.
2222 1217 2404 1284 Neque
2438 1218 2582 1271 enim
2621 1217 2889 1279 deessent,
2932 1219 3021 1287 qui
3055 1218 3135 1272 vel
3165 1225 3380 1287 propter
3422 1230 3591 1270 cano-

2035 1035 2138 1089 Sed
2168 1044 2218 1089 et
2257 1036 2410 1099 aliter
2446 1036 2677 1090 Ecclesia
2721 1036 2965 1103 prohibet
3011 1050 3105 1089 eos
3161 1034 3251 1104 qui
3298 1033 3582 1087 sacerdotii
3672 1050 3678 1082 ;

392 1751 555 1820 igitur
588 1756 862 1817 sacerdos,
904 1755 1159 1824 quoniam
1195 1755 1465 1811 inferioris
1504 1757 1789 1811 sacerdotii
1830 1771 1953 1825 gra-

391 1844 489 1895 dus
520 1842 573 1896 in
631 1844 808 1912 seipso
855 1844 1116 1908 continet,
1143 1853 1373 1909 constat,
1398 1844 1523 1914 quia
1569 1832 1819 1919 omqibus
1839 1859 1959 1915 qua

392 1934 492 1987 sub
522 1948 579 1989 se
607 1944 750 2001 sunt,
780 1935 1014 2002 legitime
1043 1942 1245 1989 utetur.

464 2024 578 2080 Non
603 2034 781 2082 tamen
801 2026 942 2081 illius
962 2026 1204 2080 ordinem
1236 2026 1488 2079 diaconus
1518 2025 1739 2095 implere
1765 2034 1958 2095 potest.

396 2117 513 2183 Nisi
543 2121 684 2175 enim
725 2137 822 2177 eos
850 2123 937 2191 qui
969 2123 1069 2177 sub
1099 2123 1213 2189 ipso
1245 2130 1389 2187 sunt,
1427 2123 1623 2191 gradus
1647 2124 1964 2186 contineret,

400 2209 637 2278 proiecto
664 2226 835 2281 neque
863 2227 1094 2277 unquam
1124 2212 1259 2281 apud
1291 2227 1349 2266 se
1379 2212 1617 2266 omnium
1652 2212 1811 2266 simul
1842 2228 1964 2283 gra-

399 2298 563 2351 duum
599 2300 951 2357 ministerium
972 2302 1218 2369 impleret
1251 2301 1810 2370 sacerdos;quoniam
1835 2317 1965 2357 vero

401 2389 603 2459 implet,
635 2400 870 2457 constat,
919 2392 1047 2460 quia
1081 2393 1199 2447 illos
1236 2392 1462 2457 habens,
1497 2394 1789 2448 secundum
1847 2393 1966 2447 illos

401 2481 560 2535 etiam
588 2483 894 2538 ministrare
918 2493 1113 2553 potest.
1149 2483 1241 2538 Est
1270 2485 1411 2538 cnim
1440 2485 1809 2540 irrationabile
1853 2500 1968 2539 om-

404 2570 492 2624 nia
527 2571 683 2625 s'mul
714 2572 925 2642 quidem
952 2574 1127 2627 facere
1147 2575 1490 2644 permittere;
1524 2576 1755 2630 discrete
1786 2583 1962 2629 autem

406 2678 509 2718 non
554 2664 648 2730 ita,
691 2678 813 2719 cum
869 2664 998 2719 nihil
1040 2665 1132 2728 sit,
1174 2666 1316 2734 quol
1377 2667 1676 2735 prohibeat.
1724 2666 1881 2735 Atqui
1934 2680 1963 2718 a

409 2751 617 2807 diaconi
668 2754 805 2808 stola
849 2753 1082 2823 dignitas
1111 2754 1460 2808 sacerdotalis
1491 2769 1595 2809 non
1648 2755 1968 2808 excluditur.

408 2839 525 2895 Non
559 2842 698 2895 enim
736 2841 837 2897 sibi
864 2840 1091 2919 invicem
1118 2842 1217 2895 ista
1247 2842 1517 2895 contraria
1550 2851 1699 2904 sunt,
1742 2850 1799 2895 ut
1852 2836 1972 2895 cum

414 2931 644 2984 alterum
676 2932 764 2993 sit.
795 2934 1020 2986 alterum
1059 2945 1181 2987 esse
1226 2944 1333 2985 non
1377 2931 1568 3001 possit.
1611 2931 1795 3000 Neque
1840 2932 1973 2986 stola

2055 1690 2119 1730 ac
2165 1674 2511 1730 diaconorum
2560 1675 2820 1744 dignitate
2874 1675 2950 1729 uti
2998 1689 3102 1728 non
3154 1672 3373 1728 vellent.
3396 1670 3468 1724 Ex
3497 1684 3605 1739 quo

2059 1764 2357 1821 ministeria
2393 1764 2760 1819 ecclesiastica
2794 1763 3045 1817 confundi
3077 1772 3237 1832 atque
3284 1760 3473 1815 ordine
3515 1773 3606 1812 ca-

2058 1868 2179 1911 rere
2208 1855 2561 1923 contingeret,
2594 1853 2841 1920 singulis,
2872 1866 2989 1921 qua:
3010 1851 3107 1906 sibi
3146 1852 3380 1922 gratiora
3407 1856 3609 1913 essent,

2056 1938 2401 2014 eligentibus.
2438 1941 2569 1995 Eam
2607 1956 2735 1995 vero
2772 1941 3042 1995 licentiam
3079 1938 3320 1993 Ecclesia
3349 1938 3612 1994 coercuit.

2258 2032 2333 2087 De
2368 2033 2570 2088 duobus
2607 2030 2861 2086 Romanis
2891 2030 3218 2100 pontiﬁcibus
3243 2030 3381 2101 (85).

2100 2127 2416 2182 ‘Enimvero
2474 2128 2565 2196 qui
2646 2124 3077 2181 dissensionibus
3139 2122 3405 2192 gaudent,
3485 2121 3615 2175 illud

2062 2230 2274 2288 quoque
2313 2218 2692 2282 criminantur,
2736 2216 2876 2285 quod
2904 2228 3046 2269 nunc
3080 2212 3387 2269 Occidentis
3433 2209 3618 2267 Eccle-

2064 2308 2197 2361 siam
2250 2307 2356 2362 duo
2384 2316 2550 2377 agunt
2609 2306 2907 2376 pontillces,
2951 2304 3111 2359 ambo
3166 2318 3262 2373 per
3312 2311 3501 2372 gentes
3563 2310 3619 2356 et

2065 2410 2256 2466 genera
2294 2396 2477 2460 divisi,
2526 2395 2678 2465 quasi
2711 2408 2817 2450 non
2850 2395 2954 2449 hoc
3000 2395 3174 2463 ipsum
3202 2393 3284 2448 eis
3314 2406 3455 2461 smpe
3482 2405 3616 2446 con-

2066 2488 2268 2557 tigerit.
2300 2487 2452 2553 Quod
2498 2488 2542 2541 si
2577 2488 2735 2540 ambo
2764 2485 3147 2541 ecclesiasticis
3175 2499 3279 2539 non
3306 2484 3618 2547 utebantur,

2068 2581 2197 2636 illud
2224 2579 2444 2636 omnino
2495 2579 2551 2635 in
2597 2593 2756 2633 causa
2786 2586 2868 2632 est
2920 2577 3064 2646 quod
3098 2576 3335 2632 conclusi
3382 2574 3623 2643 undique

2071 2670 2200 2734 sint,
2245 2683 2416 2737 neque
2440 2682 2499 2722 se
2546 2667 2799 2729 Ecclesia
2847 2678 3049 2721 nostrae
3095 2666 3169 2720 ita
3221 2664 3476 2719 extendat
3525 2678 3623 2717 au-

2072 2762 2317 2826 ctoritas,
2346 2756 2613 2814 hostiliter
2644 2768 2821 2811 tamen
2856 2756 3207 2810 nihilominus
3239 2755 3417 2809 aﬁ‘ecti
3445 2764 3624 2809 erant.

2076 2850 2393 2918 Quanquam
2439 2862 2567 2903 vero
2613 2846 2752 2902 istud
2786 2860 2943 2901 nemo
2974 2845 3074 2900 rite
3131 2844 3469 2909 laudaverit;
3502 2858 3624 2897 cum

2079 2952 2256 2995 tamen
2297 2953 2381 2993 res
2411 2939 2482 2992 ita
2529 2950 2589 2993 se
2622 2936 2982 3001 habeat,circa
3012 2950 3100 2990 res
3131 2943 3333 2989 tantum
3366 2932 3629 2989 Occiden-

416 3006 651 3086 di‘aconi,
698 3036 856 3078 causa
928 3021 1341 3076 sacerdotalium
1411 3021 1674 3089 graduum
1738 3021 1972 3075 exsistit.

2079 3032 2143 3086 tis
2175 3038 2417 3085 versatur
2444 3028 2544 3083 ista
2570 3022 2856 3092 dissensio,
2884 3025 3018 3080 ﬁdes
3046 3033 3222 3080 autem
3256 3023 3498 3092 utrisque
3518 3038 3625 3078 una

419 3111 523 3165 Sed
564 3112 755 3165 horum
804 3111 998 3179 gratia,
1033 3113 1197 3167 etiam
1234 3110 1385 3167 stolae
1422 3109 1721 3165 did‘erentia
1772 3112 1974 3166 haben-

415 3202 561 3254 tibus
590 3200 873 3255 distributa
900 3210 1003 3255 est.

489 3291 641 3357 Quod
674 3292 719 3346 si
752 3306 843 3345 eos
869 3292 958 3359 qui
987 3291 1085 3346 sub
1118 3304 1177 3346 se
1217 3299 1360 3356 sunt,
1419 3292 1472 3345 in
1504 3292 1680 3359 seipso
1724 3290 1977 3344 sacerdos

425 3385 624 3454 gradus
671 3383 948 3447 continet,
997 3389 1205 3436 constat
1260 3382 1421 3450 quia,
1486 3384 1700 3449 quando
1769 3378 1977 3433 diaconi

423 3476 645 3530 seorsim
684 3473 865 3543 implet
905 3472 1283 3535 ministerium,
1319 3472 1444 3526 licet
1473 3472 1544 3525 illi
1590 3471 1782 3526 stolam
1816 3470 1980 3523 etiam

428 3566 575 3620 illius
602 3565 771 3620 indui.
796 3564 968 3618 Aliter
998 3571 1178 3617 autem
1214 3571 1357 3617 esset
1384 3561 1794 3623 inconveniens,
1846 3572 1985 3627 pou-

428 3655 626 3709 tiﬁcem
676 3654 911 3724 aliquem
970 3652 1057 3707 vel
1100 3651 1314 3715 exsilio,
1375 3649 1459 3704 vel
1497 3649 1604 3702 alio
1643 3662 1770 3703 casu
1807 3646 1988 3716 aliquo

430 3748 705 3812 affectum,
765 3747 1027 3802 ministris
1089 3745 1404 3801 absentibus
1461 3744 1553 3813 qui
1606 3742 1679 3796 illi
1742 3742 1794 3797 in
1839 3741 1990 3797 obla-

433 3840 578 3893 tione
625 3837 874 3892 salutaris
922 3834 1114 3889 hostiae
1167 3832 1442 3897 assistant,
1475 3847 1577 3886 non
1603 3844 1699 3901 per
1749 3832 2025 3911 seipsum‘

434 3928 614 3984 omnia
644 3928 887 3996 implere,
916 3926 1031 3992 sed,
1066 3925 1183 3980 sine
1200 3933 1662 3977 sacramentorum
1696 3922 1992 3992 participa-

438 4018 583 4072 tione
613 4015 917 4071 diutissime
938 4013 1249 4083 persistere,
1294 4012 1379 4066 vel
1410 4012 1524 4065 sine
1551 4010 1681 4080 ipsis
1702 4011 1866 4066 etiam
1897 4013 1993 4066 de-

441 4106 634 4160 cedere
659 4146 673 4171 ,
710 4116 831 4159 cum
861 4103 995 4157 nihil
1015 4102 1174 4169 adsit,
1215 4099 1358 4170 quod
1394 4098 1783 4154 rationabiliter
1810 4112 1875 4154 ac
1904 4113 1995 4154 ne-

440 4197 678 4253 cessario
705 4195 954 4250 obsistat.

522 4288 675 4352 Quod
706 4286 851 4340 enim
901 4283 1121 4348 dicitur,
1158 4298 1258 4337 non
1287 4290 1521 4351 oportere
1552 4278 1904 4350 presbyterum
1939 4278 1994 4330 in

2077 3129 2180 3183 est,
2208 3117 2463 3186 quocirca
2503 3116 2673 3184 magis
2703 3129 2767 3169 ac
2802 3114 2974 3183 magis
3002 3113 3245 3169 veritatis
3276 3114 3502 3167 ﬁrmitas
3531 3110 3629 3165 ad-

2076 3209 2322 3264 miranda
2352 3216 2435 3262 est
2471 3248 2485 3262 .
2548 3206 2714 3276 quod,
2770 3219 2892 3259 cum
2951 3203 3029 3258 illi
3082 3203 3420 3257 extrinsecus
3467 3200 3633 3255 divisi

2077 3302 2214 3366 sint,
2266 3312 2370 3354 non
2425 3307 2605 3352 tamen
2638 3295 2770 3349 ﬁdes
2813 3294 2918 3348 illis
2947 3293 3180 3349 discreta
3204 3302 3307 3346 est.
3335 3290 3633 3358 Propterea

2080 3395 2296 3456 propter
2347 3383 2703 3451 principatum
2760 3378 3097 3453 solummodo
3166 3376 3405 3438 diderre,
3477 3374 3635 3445 longe

2082 3476 2252 3530 levius
2287 3482 2368 3529 est
2396 3487 2558 3543 quam
2589 3471 2709 3525 ﬁdei
2730 3470 2937 3523 ratione
2962 3467 3226 3536 separari.
3271 3465 3457 3522 Utrum
3490 3467 3633 3519 enim

2086 3566 2297 3620 illorum
2337 3564 2569 3632 quisque
2599 3561 2723 3619 .sibi
2761 3560 2943 3629 eligat,
3007 3559 3209 3614 nullum
3266 3559 3386 3614 ﬁdei
3442 3558 3637 3613 discri-

2088 3667 2208 3707 men
2251 3650 2498 3705 incurrit.

2506 3738 2583 3793 De
2605 3735 2885 3791 Dominicis
2918 3733 3251 3803 imaginibus.
3661 3800 3665 3809 ψ

2162 3831 2388 3898 Quidam
2408 3841 2536 3883 vero
2564 3834 2869 3881 nostrorum
2894 3822 3028 3876 adeo
3056 3821 3257 3889 perdita
3284 3828 3464 3875 mente
3492 3829 3640 3883 sunt,

2094 3918 2336 3973 utetiam
2385 3911 2680 3969 Salvatoris
2727 3908 3011 3978 imaginem
3072 3906 3276 3962 Latinis
3317 3915 3524 3961 tantum
3563 3908 3647 3960 in-

2096 4008 2349 4077 scriptam
2392 4000 2583 4057 litteris
2635 3998 2862 4053 adorare
2914 4002 3162 4051 renuant.
3222 3995 3394 4064 ipsam
3433 4008 3649 4064 quoque

2100 4097 2469 4167 adorationem
2520 4090 2671 4145 ﬂexis
2698 4086 2919 4157 genibus
2950 4086 3060 4141 Deo
3082 4084 3308 4140 reddere
3332 4085 3646 4141 haereticum

2099 4188 2411 4243 existimant
2463 4195 2683 4250 :neque
2732 4177 3074 4248 evangelista;
3119 4191 3388 4231 memores
3438 4177 3504 4230 de
3549 4173 3654 4229 Do-

2102 4280 2248 4333 mino
2276 4274 2504 4331 dicentis
2534 4290 2547 4326 :
2578 4271 2761 4339 positis
2792 4268 3004 4338 genibus
3028 4269 3233 4333 oravit;
3262 4280 3438 4336 neque
3464 4279 3653 4321 sacer-

444 4377 655 4432 diaconi
712 4373 946 4428 ordinem
984 4373 1173 4435 uenire,
1205 4369 1511 4441 hujusmodi
1550 4379 1653 4431 est,
1719 4382 1783 4421 ac
1835 4367 1879 4421 si
1922 4366 1980 4419 diu

2102 4370 2287 4425 dolum
2340 4362 2742 4419 admonentium
2774 4360 3026 4429 populum
3062 4372 3193 4412 voce
3222 4356 3401 4425 magni
3435 4354 3643 4416 Basilii,

445 4477 646 4521 catur:
711 4462 828 4517 Non
875 4462 1092 4531 expedit
1148 4470 1208 4515 ut
1258 4459 1547 4514 sacerdotii
1590 4456 1813 4528 gradum
1846 4455 1999 4510 dese-

450 4570 575 4611 rens
635 4554 907 4625 quispiam
963 4554 1031 4608 ad
1081 4550 1293 4606 diaconi
1345 4550 1688 4605 transcendat
1732 4547 1997 4603 ordinem.

2103 4471 2167 4511 ac
2201 4452 2495 4508 dicentium
2531 4465 2545 4504 :
2580 4446 2779 4502 Iterum
2824 4456 2979 4514 atque
3024 4446 3215 4499 iterum
3243 4450 3519 4505 curvantes
3569 4456 3656 4509 ge-

2105 4561 2210 4598 nua
2243 4542 2526 4596 Dominum
2552 4552 2837 4606 precemur.

1734 4661 1809 4715 De
1840 4660 2009 4715 crucis
2032 4657 2181 4727 signo
2222 4652 2359 4721 (ει).

532 4765 691 4819 Ἀλλὰ
731 4765 823 4818 καὶ
868 4763 944 4836 (1)
984 4762 1075 4818 τὸν
1130 4761 1381 4831 σταυρδν,
1418 4760 1607 4827 ὅτιπερ
1638 4754 2003 4825 ἀντιστρόφως

452 4858 678 4918 ἑαυτοὺς
725 4855 1118 4924 σχηματίζουσι
1152 4850 1555 4924 σημειούμενοι,
1598 4845 1898 4907 αἰτιῶνται,
1928 4844 2007 4895 ὥσ

453 4963 560 5015 περ
585 4944 683 4998 οὐκ
712 4946 769 4997 ἐν
797 4946 864 5015 τῇ
892 4943 1119 5011 δυνάμει
1137 4941 1228 4995 τοῦ
1250 4941 1549 5011 σχήματος,
1568 4935 1685 4991 ἀλλ’
1700 4937 1756 4987 ἐν
1775 4936 1843 5004 τῇ
1865 4931 2009 4985 θέσει

452 5038 553 5107 τῆς
585 5036 713 5105 ’περὶ⁷
734 5033 826 5087 τὸν
856 5031 1116 5097 ζωοποιδν
1147 5030 1380 5101 σταυρὸν
1415 5027 1703 5086 εὐλαϐείας
1732 5024 1829 5079 καὶ
1871 5022 2009 5075 θεω-

527 5176 638 5245 (85)
674 5173 1139 5245 Forteloquitur-
1167 5168 1357 5245 Qaleca
1398 5168 1463 5221 de
1486 5167 1776 5245 schismate
1804 5169 2007 5245 tempo-

457 5262 516 5299 re
532 5234 743 5300 concilii
766 5234 1090 5298 Basileénsis
1119 5239 1200 5293 vel
1229 5234 1681 5296 Constantiensis;
1706 5240 1835 5284 tunc
1862 5234 2003 5280 enim

456 5315 641 5383 plures
672 5312 819 5383 ruere
850 5310 1130 5383 pontiﬁces
1151 5316 1204 5361 et
1232 5305 1443 5383 quidem
1461 5302 1593 5383 duo,
1612 5312 1854 5383 tempore
1870 5310 2002 5383 con-

460 5369 570 5437 cilii
605 5369 931 5437 Basileen'sis
958 5395 975 5443 ;
1005 5393 1067 5431 ex
1100 5391 1206 5445 quo
1234 5369 1298 5428 de
1323 5380 1478 5445 aetate
1505 5369 1709 5425 Calacte
1739 5369 2007 5445 conici-tu-

462 5432 576 5505 iani
607 5432 1362 5520 cap—ere"liciusquanquam
1392 5442 1529 5494 idem
1582 5450 1740 5520 casus
1784 5432 2005 5520 accidit.

465 5506 698 5574 maxime
726 5516 943 5586 quando
964 5506 1185 5571 Urbano
1214 5510 1283 5564 Vl
1307 5509 1550 5563 Clemens
1594 5506 1685 5560 Vli
1719 5512 1803 5559 est
1838 5516 2009 5571 oppo-

529 5636 599 5698 (1)
630 5634 801 5685 Grace
823 5631 949 5692 apud
976 5629 1211 5684 Allatium
1243 5625 1311 5675 De
1331 5633 1576 5680 consensu,
1598 5633 1648 5681 p.
1680 5615 1816 5667 1560.

2178 4750 2480 4805 Causantur
2531 4748 2655 4803 item
2678 4785 2693 4810 ,
2740 4742 2865 4813 quia
2896 4743 3018 4796 dum
3051 4738 3216 4794 vitale
3244 4739 3345 4793 sibi
3375 4738 3552 4793 crucis
3581 4735 3659 4791 si-

2111 4852 2273 4908 gnum
2309 4835 2645 4904 imprimunt,
2696 4840 3001 4885 transverse
3032 4841 3061 4880 a
3116 4824 3323 4880 dextris
3362 4823 3665 4879 inchoando

2113 4937 2332 4979 crucem
2366 4922 2620 4983 formant,
2676 4916 2832 4987 quasi
2866 4928 2970 4968 non
3028 4914 3229 4968 virtute
3285 4913 3446 4982 signi,
3480 4913 3573 4968 sed
3609 4910 3667 4965 in

2116 5013 2504 5083 compositione
2545 5008 2765 5062 viviﬁcae
2792 5005 2972 5061 crucis
3006 5004 3212 5074 religio,
3244 5012 3300 5060 et
3328 5004 3663 5066 reverentia,

2112 5156 2252 5210 situs
2277 5155 2550 5221 antipapa,
2583 5164 2726 5204 anno
2749 5146 3155 5221 Christi_‘1578.
3204 5145 3357 5212 Quod
3428 5143 3672 5221 schisma

2112 5211 2697 5304 gaianas-uanae
2732 5217 3070 5304 ‘0'}.'.'"-."°c.
3119 5211 3678 5304 ιειιηέξημιςιιῑτηιειειυεξ

2114 5278 2313 5357 locum,
2344 5278 2388 5346 5i
2428 5291 2619 5347 Caleca
2660 5288 2888 5342 concilio
2918 5283 3262 5357 Lugdunensi
3317 5278 3580 5357 interfuit,
3613 5291 3689 5341 ut,

2114 5354 2308 5417 scribit
2329 5361 2630 5415 Galesinius
2664 5358 2712 5410 in
2747 5358 2865 5410 Vita
2904 5354 3078 5412 sancti
3113 5354 3525 5417 Bonaveutnraa.

2661 5409 2777 5497 lege
2799 5409 3082 5491 Πικήιῦίᾷ
3113 5422 3165 5483 1,
3196 5417 3266 5468 De
3284 5413 3342 5466 S.
3374 5409 3564 5465 Cruce.

3676 1180 3685 1197 I

3684 1202 3691 1215 \

3684 1218 3695 1247 ι

3686 1267 3693 1281 1
