4078 6258
479 329 583 390 239

1724 333 2120 394 MANUELIS
2151 333 2450 395 CALECJE

3590 329 3693 392 2.0

477 450 532 494 et
566 439 860 508 spceulatio
911 443 1191 499 consistat.
1251 445 1425 513 Atque
1469 453 1526 499 ut
1585 445 1804 515 intelligi
1841 450 1996 501 datur

2137 451 2254 520 ρεας
2290 447 2704 517 συνισταμένης.
2739 444 2846 500 Καὶ
2877 446 2951 507 ὡς
3003 443 3200 506 ἔοικεν,
3235 443 3558 507 ἀξιώσουσιν
3593 444 3694 512 ξη-

476 541 597 582 cum
635 529 782 596 prius
838 530 1203 599 inquisierint,
1239 534 1509 600 quomodo
1555 548 1618 588 ea
1649 549 1767 603 quae
1796 535 2029 596 videtur,

477 630 610 668 crux
661 620 980 687 composita,
1029 621 1111 673 vel
1139 620 1278 686 picta
1312 621 1430 682 fuit,
1489 624 1533 676 si
1567 623 1808 691 quidem,
1842 632 1900 676 ut
1929 623 2028 689 ipsi

479 708 888 776 volunt,fnerit,
917 719 1044 765 tunc
1066 711 1397 779 adorabunt;
1422 713 1503 767 sin
1535 727 1666 768 vero
1700 714 1854 768 aliter
1885 727 2032 767 com-

475 800 669 864 positio
693 801 777 856 illa
823 810 995 870 empta
1031 802 1214 867 fuerit,
1245 807 1515 860 omittent.
1554 805 1617 859 Et
1643 804 1800 859 simul
1845 820 2034 872 quem-

474 889 757 942 admodum
805 890 1092 958 quispiam,
1141 892 1302 946 alium
1345 894 1510 962 ﬁgura
1561 895 1738 947 cru-cis
1784 895 2026 962 signa-ns,

473 987 778 1043 transverso
808 994 836 1032 a
869 982 1076 1038 dextris
1105 984 1329 1043 inchoat,
1358 1000 1374 1038 :
1405 983 1533 1052 quid
1568 984 1795 1038 sceleris
1827 984 2028 1037 admit-

471 1071 561 1133 tit,
592 1071 636 1123 si
665 1075 905 1142 seipsum
940 1076 1102 1129 etiam
1151 1077 1231 1132 sic
1255 1078 1471 1145 signet?
1503 1076 1772 1142 Quocirca
1805 1085 1857 1130 et
1880 1076 2028 1130 Lati-

467 1175 658 1217 noru‘m
689 1167 900 1232 plurimi
934 1169 1199 1223 mirantur
1228 1170 1440 1239 aliquos
1474 1171 1540 1224 ad
1566 1179 1772 1222 tantum
1805 1168 2026 1222 rustici-

469 1255 595 1310 tatis
628 1259 912 1324 pervenire
937 1260 1173 1326 potuisse
1197 1260 1433 1314 utetiam
1465 1261 1607 1314 circa
1631 1270 1831 1314 sane-tte
1852 1257 2028 1311 crucis

466 1345 865 1414 formationem,
895 1367 1015 1405 cum
1055 1355 1242 1406 eadem
1291 1354 1692 1420 quomodolibet
1743 1352 2024 1417 formetur,

463 1440 844 1505 contemplatio
888 1451 937 1495 et
966 1443 1134 1495 virtus
1171 1443 1283 1510 sit;
1317 1434 1682 1498 diﬁ‘erentiam
1719 1444 1840 1498 ﬁdei
1873 1444 1916 1498 si
1946 1445 2027 1499 sic

462 1529 546 1581 vel
579 1531 658 1584 sic
690 1533 800 1594 ﬁat,
839 1532 1195 1600 arbitrentur,
1243 1535 1386 1604 quod
1434 1549 1606 1604 neque
1654 1534 1874 1589 diﬁerre
1923 1534 2024 1603 ipsi

463 1629 672 1687 putant,
722 1632 776 1674 et
824 1625 1230 1690 quomodnlibet
1277 1625 1557 1690 formetur,
1612 1624 1857 1680 ﬁdelibus
1903 1637 2026 1680 esse

460 1713 786 1781 adjutorium
821 1730 925 1770 non
981 1717 1282 1788 ambigunt.

601 1853 680 1906 De
715 1853 1022 1910 Gra'corum
1071 1857 1125 1911 in
1160 1858 1442 1912 schismate
1469 1872 1566 1911 sua
1607 1857 1922 1927 pervicacia.

531 1965 606 2019 Ita
630 1967 793 2034 igitur
822 1969 1156 2025 zizaniorum
1184 1971 1542 2026 seminatores
1564 1979 1617 2025 et
1639 1970 2017 2026 scandalorum

457 2059 697 2125 opiﬁces,
728 2060 814 2113 his
837 2070 893 2114 et
917 2061 1243 2130 ltujusmodi,
1265 2075 1492 2130 quorum
1514 2061 1617 2115 alia
1649 2061 1863 2128 quidem
1906 2059 2015 2112 odii

459 2157 512 2200 et
545 2150 906 2204 contentionis
940 2151 1195 2205 indicium
1229 2151 1457 2216 habent,
1492 2151 1596 2206 alia
1648 2149 2019 2218 simplicitatis

454 2248 506 2292 ct
538 2239 841 2306 imperitiae,
873 2242 974 2295 alia
1000 2242 1054 2294 in
1078 2241 1455 2297 criminatores
1481 2243 1683 2297 rectius
1707 2240 2014 2308 retorqueri

458 2340 675 2395 possent
705 2330 784 2386 eis
832 2332 1113 2388 erroribus
1138 2334 1384 2400 innexos,
1433 2347 1571 2402 quos
1614 2332 1733 2386 aliis
1764 2332 2014 2396 inurunt,

455 2433 742 2474 tommnne
787 2435 984 2489 corpus
1032 2419 1293 2478 Ecclesiae
1341 2422 1631 2478 dividendo
1660 2421 2012 2489 dissiparant,

453 2519 614 2576 atque
664 2509 715 2562 in
789 2519 992 2564 tantum
1046 2511 1156 2566 odii
1191 2520 1246 2566 et
1292 2513 1540 2566 amentiae
1582 2525 1645 2566 ac
1690 2510 2012 2566 temeritatis

452 2613 546 2651 eos
580 2599 669 2668 qni
704 2598 807 2653 sub
833 2615 890 2654 se
919 2611 1068 2666 sunt,
1122 2601 1492 2670 perduxerunt
1521 2610 1577 2655 ut
1612 2600 2013 2678 191918139101‘68

451 2671 2011 2779 ριιιοιιι-,μςιειὶ,ἒαιρςρηοευηι-..εηρςετβιῑιῖίῖιῖέῶωέὶιήιί

429 2775 788 2871 Egr’i‘iiﬁi,‘
823 2788 1104 2871 quamqui
1148 2787 1457 2854 Occidentis
1498 2788 2012 2858 Ecclesiarjungun-

427 2865 542 2963 Et);
574 2879 688 2948 (85)
723 2897 737 2933 :
775 2865 1327 2949 illacumqueqqpotivus
1363 2880 1659 2959 amicitiam
1685 2889 2010 2954 etcommu-

420 2955 683 3033 x-nionetn,
716 2987 875 3040 quam
930 2955 1384 3046 Occidentalium...
1417 2955 1749 3038 eligentis-et
1817 2982 1989 3034 neque

415 3049 906 3120 ‘tﬁ‘r‘is‘tianos‘eOS
948 3066 1250 3130 nominent,
1293 3062 1582 3131 pluresque
1609 3061 1770 3115 etiam
1795 3060 1864 3114 de
1900 3059 2007 3114 illis

447 3154 726 3221 ambigam
761 3169 829 3209 an
869 3154 1149 3210 nobiscum
1189 3160 1508 3208 venerentur
1548 3150 1868 3219 Evangelia;
1902 3149 2002 3204 nisi

449 3249 569 3316 quis
600 3249 952 3317 plurimorum
997 3246 1667 3320 nugacitatetransmissa,
1732 3245 2004 3300 Christia-

449 3353 546 3394 nos
574 3349 668 3394 eos
731 3340 1052 3409 simpliciter
1109 3341 1404 3396 existimet.
1459 3339 1703 3408 Cumque
1765 3337 2005 3407 quotidie

447 3435 658 3489 illormn
713 3437 956 3508 religioni
1001 3437 1216 3508 plurimi
1274 3435 1610 3507 applicentur
1641 3477 1656 3503 ,
1689 3453 1795 3491 non
1828 3435 2000 3490 solum

445 3526 568 3591 viri,
601 3528 692 3582 sed
736 3536 793 3583 et
840 3529 1088 3585 civitates
1117 3536 1170 3584 et
1213 3535 1405 3600 gentes
1435 3528 1660 3598 integrae
1691 3521 1824 3598 (86),
1865 3525 1999 3582 nihil

443 3627 695 3687 magnum
723 3620 1014 3690 contigisse
1053 3621 1408 3676 arbitrantur.

513 3733 680 3788 Porro
728 3733 898 3802 siqui
949 3732 1373 3789 Occidentalium
1427 3731 1719 3787 Ecclesiam
1766 3731 1830 3787 de
1877 3746 2002 3800 pro-

443 3825 689 3881 cessione
735 3825 907 3880 sancti
957 3824 1192 3893 Spiritus
1243 3833 1390 3878 recte
1426 3824 1628 3878 sentire
1669 3830 1998 3888 asseverant,

441 3932 630 3970 omnes
685 3930 788 3968 una
835 3915 1228 3969 consentientes
1259 3923 1475 3968 sanctos
1508 3921 1561 3967 et
1589 3911 1841 3965 Ecclesiae
1890 3925 2002 3964 ma-

440 4006 638 4076 gistros
666 4005 1026 4074 proferentes,
1050 4003 1318 4072 simulque
1352 4014 1668 4065 communes
1702 4003 2002 4070 intelligen-

442 4099 543 4152 tias
584 4108 636 4150 et
669 4095 788 4148 ﬁdei
838 4095 1104 4164 principia
1145 4108 1442 4149 consonare
1487 4093 1853 4157 ostendentes,
1903 4093 2000 4145 hos

437 4189 568 4242 Ario
615 4198 668 4244 et
718 4187 952 4242 Sabellio
992 4186 1285 4242 deteriores
1333 4195 1544 4255 putant,
1594 4183 1906 4251 nullamque
1933 4183 1999 4237 de

439 4280 546 4332 illis
580 4277 692 4346 jam
743 4272 1044 4331 habendam
1094 4276 1392 4339 rationem,
1451 4284 1509 4326 ut
1572 4273 1661 4340 qui
1705 4280 1895 4340 sponte
1943 4269 1997 4324 in

437 4369 790 4438 perditionem
825 4368 1010 4434 ierint,
1052 4367 1384 4422 existimant.
1417 4366 1492 4419 lla
1519 4364 1662 4418 enim
1685 4363 1993 4416 animarum

435 4462 830 4531 gubernatores
871 4469 1068 4514 vocant
1095 4475 1187 4513 eos
1214 4459 1306 4526 qtti
1358 4473 1426 4514 ex
1468 4456 1629 4513 Patre
1673 4469 1766 4524 per
1797 4452 1995 4507 Filium
2029 4441 2074 4496 Ῑ)

438 4555 800 4609 substantiam
837 4555 1034 4607 habere
1071 4553 1333 4620 Spiritum
1365 4560 1612 4605 sanctum
1646 4547 1994 4610 conﬁtentur,

434 4647 800 4715 omnibusque
841 4645 1069 4700 coetibus
1111 4652 1163 4710 et
1212 4643 1356 4696 omni
1400 4642 1805 4705 consuetudine,
1861 4655 2000 4693 cun-

435 4741 645 4808 ctisque
675 4737 1053 4793 communibus
1077 4735 1226 4790 illum
1256 4735 1552 4802 exagitant.
1576 4733 1643 4787 Et
1666 4732 1997 4802 nequissime

435 4830 650 4898 quidem
719 4828 1146 4884 Occidentalium
1222 4825 1516 4880 Ecclesiam
1601 4822 1992 4890 blasphemant,

436 4910 867 4990 sacriﬁcinmque
915 4928 972 4974 et
1001 4933 1162 4974 omne
1210 4913 1626 4981 sacramentum,
1671 4914 1814 4984 quod
1854 4912 1994 4982 apud

435 5012 580 5066 illam
611 5011 692 5077 ﬁt,
715 5017 1086 5064 exsecrantur.

504 5104 650 5169 Quos
672 5117 800 5158 sane
851 5101 1100 5157 miserari
1146 5099 1400 5155 convenit
1443 5111 1506 5150 ae
1531 5111 1627 5165 pro
1657 5093 1772 5164 illis.
1812 5105 1994 5154 orare,

433 5195 632 5264 quippe
655 5207 778 5247 cum
798 5191 890 5246 Del
914 5197 1046 5261 optis
1067 5191 1196 5254 sint,
1227 5191 1319 5259 qui
1356 5189 1588 5242 viviﬁcat
1607 5194 1868 5240 mortuos.
1892 5182 1996 5237 Ne-

433 5301 538 5353 que
560 5287 701 5339 enim
721 5285 787 5338 de
813 5271 1009 5351 quibus
1030 5281 1400 5349 dicuutneque
1421 5278 1691 5349 drquibus
1705 5275 1992 5338 allirmant,

433 5377 610 5428 sciunt
637 5391 650 5435 ;
679 5383 840 5442 atque
875 5371 1096 5426 omnino
1125 5372 1241 5427 sine
1264 5386 1447 5434 sensu,
1480 5380 1533 5424 et
1559 5370 1664 5433 sui,
1692 5376 1747 5422 et
1766 5367 1992 5420 aliorum

492 5487 613 5554 (85)
645 5487 832 5540 Merito
866 5485 1030 5554 igitur
1057 5485 1166 5552 jam
1228 5484 1356 5554 jugo
1400 5481 1631 5554 Tttrcico
1656 5486 1975 5554 premuntur
1997 5515 2009 5528 .

502 5548 612 5626 (86)
647 5557 754 5626 Hoc
783 5572 866 5609 ma
879 5548 1015 5626 {inte
1036 5548 1091 5607 ﬁt
1122 5548 1314 5607 nostro
1334 5551 1530 5626 smcttlo
1559 5553 1609 5602 in
1641 5548 1990 5626 ettnversiotte

433 5615 708 5678 ludorum.
739 5624 877 5692 Lege
907 5625 973 5676 de
1024 5626 1124 5678 hac
1155 5639 1212 5675 re
1260 5621 1543 5689 epistolam
1603 5619 1834 5692 primaut
1857 5615 1985 5692 Bar-

432 5694 590 5784 laami
629 5684 866 5760 episcopi
906 5693 1252 5760 Gyracensis,
1278 5684 1396 5759 qua:
1418 5684 1742 5741 exstattom.
1776 5684 1980 5740 VlAnt.

2132 540 2399 609 τουμένου
2455 539 2760 606 πρότερον,
2814 535 2932 598 πῶς
2996 537 3024 588 ὁ
3080 536 3399 602 φαινόμενος
3459 534 3690 601 σταυρὸς,

2133 631 2390 700 συνετέθη
2437 630 2468 699 ἢ
2499 629 2712 698 ἐγράφη
2737 646 2751 660 ο
2785 627 2833 679 εἰ
2865 627 2963 694 μὲν
2982 621 3055 688 ὡς
3084 625 3236 678 αὐτοὶ
3269 622 3544 693 βούλονται
3571 622 3699 700 adre:

2133 687 2480 790 npoastivl,
2523 687 2620 771 ξδ’
2650 687 2776 770 ’δι-πὸ
2807 687 2914 769 τίον
2957 687 3466 785 ἀριστερῶν-ἄλλως
3517 731 3631 774 πως
3658 687 3698 780 ἢΙ

2134 811 2400 874 σύνθεσις,
2435 807 2638 880 ἦρκται
2672 809 2950 878 παριέναι,
2979 806 3073 860 καὶ
3106 806 3218 874 ἃμα
3249 805 3436 873 ῶσῖερ
3461 821 3544 865 τις
3571 804 3690 855 ἓτε-

2132 922 2223 974 ρον
2252 904 2330 972 τῷ
2362 897 2601 972 σχήματι
2636 901 2728 953 τοῦ
2763 899 3000 969 σταυροῦ
3051 897 3444 966 σημειούμενος
3492 897 3694 964 ἐγκαρο

2132 995 2262 1054 cito;
2293 994 2399 1045 ἀπὸ
2423 993 2530 1044 τῶν
2590 990 2780 1054 δεξιῶν
2812 991 3056 1058 ἄρχεται.
3076 989 3139 1042 Τί
3165 989 3222 1040 τὸ
3247 989 3568 1056 παράνομον
3600 987 3692 1037 οὐ·

2127 1085 2261 1138 τωσὶ
2302 1085 2396 1137 καὶ
2447 1084 2638 1136 ἑαυτὸν
2676 1079 3073 1150 σημειοῦσθαις
3125 1079 3213 1129 Διὸ
3243 1080 3338 1130 καὶ
3366 1070 3546 1129 πολλοὶ
3583 1076 3693 1128 τῶν

2127 1177 2373 1230 Λατίνων
2402 1173 2796 1244 θαυμάζουσιν,
2832 1171 2946 1238 εἴτε
2985 1167 3140 1230 τινὰς
3173 1169 3252 1232 εἷς
3285 1155 3555 1234 τοσαύτην
3603 1166 3692 1229 ἐξ·

2133 1268 2329 1322 έπεσον
2350 1262 2748 1334 ἁγροικίαν.ὡς
2769 1263 2861 1314 καὶ
2889 1260 3017 1329 περὶ
3043 1259 3142 1328 τὴν
3167 1259 3258 1310 τοῦ
3293 1259 3568 1326 σχήματος
3595 1257 3692 1308 τοῦ

2128 1356 2274 1409 Θειου
2307 1354 2542 1423 σταυροῦ
2569 1351 2818 1406 σύνθεσιν
2846 1351 2944 1419 τῆς
2974 1350 3144 1418 αὐτῆς
3194 1348 3316 1402 κατ’
3346 1348 3509 1400 αὑτὸν
3548 1347 3691 1399 Θεω-

2127 1447 2250 1516 ρίας
2305 1444 2671 1513 ὑποκειμένης
2719 1441 2980 1509 διαφορὰν
3025 1439 3281 1502 πίστεως,
3323 1439 3355 1508 ἢ
3413 1435 3610 1500 οὕτως.
3656 1435 3689 1504 ἢ

2124 1537 2296 1601 οὕτως
2327 1533 2604 1605 ἡγεῖσθαι.
2636 1533 2816 1602 Ὅπερ
2871 1530 2994 1584 οὔτε
3039 1529 3319 1599 διαφέρειν
3345 1521 3491 1582 οὗτοι
3537 1526 3692 1594 νομί-

2124 1625 2336 1693 ζουσιν,
2377 1625 2468 1678 καὶ
2496 1623 2562 1678 ἂν
2613 1623 3003 1694 σχηματίζοιτο
3047 1623 3158 1684 τοῖς
3213 1619 3559 1672 πιστεύουσιν
3611 1620 3691 1680 εἰς

2128 1716 2382 1787 βοήθειαν
2414 1713 2686 1785 ἐξαρκεῖν.

3148 1818 3181 1852 ο

2047 1855 2096 1914 Β
2125 1857 2330 1909 vivunt.
2365 1853 2469 1907 Sed
2511 1853 2613 1908 etsi
2661 1853 2752 1922 qui
2800 1861 3023 1922 propter
3065 1846 3291 1919 υτοἰίιηί
3337 1846 3685 1902 dilectionem

2119 1947 2510 2002 medicamenta
2547 1946 2626 2000 eis
2661 1944 2859 1999 aﬁ‘erre
2885 1944 3192 2006 voluerunt,
3216 1956 3335 2010 quae
3363 1938 3713 1994 lnimicissi--

2119 2053 2328 2093 morum
2362 2045 2505 2102 sunt,
2532 2040 2611 2090 eis
2636 2046 2847 2089 tentare
2876 2035 2978 2089 visi
3010 2042 3156 2098 sunt,
3209 2034 3275 2086 ab
3303 2031 3408 2086 illis
3444 2029 3685 2098 undique

2115 2126 2370 2194 exagitati
2416 2135 2469 2179 et
2493 2124 2682 2192 fugati.
2739 2121 2797 2175 Id
2860 2130 3044 2177 autem
3095 2121 3430 2177 solummodo
3491 2116 3688 2171 lucrati

2114 2225 2260 2279 sunt,
2318 2215 2457 2282 quod
2506 2212 2824 2268 charitatem
2871 2211 2936 2264 ad
2966 2209 3287 2279 proximum,
3347 2207 3581 2273 bonique
3637 2215 3686 2260 ct

2115 2305 2328 2361 honesti
2357 2303 2686 2358 desiderium
2711 2311 2764 2355 et
2789 2301 3127 2356 alacritatem
3158 2301 3534 2354 ostenderunt.

2183 2393 2262 2447 De
2280 2395 2511 2461 primatu
2539 2393 2707 2446 sancti
2745 2391 2889 2446 Petri
2912 2400 2960 2444 et
2989 2389 3211 2444 Romani
3259 2390 3519 2458 pontiﬁcis
3540 2387 3684 2456 (87).

2181 2487 2257 2542 Ut
2279 2486 2444 2554 igitur
2472 2484 2538 2538 ad
2563 2484 2733 2552 prima
2758 2483 3059 2546 redeamus,
3092 2481 3348 2552 quoniam
3372 2488 3425 2534 et
3455 2495 3482 2531 a
3513 2478 3684 2532 Patre

2111 2585 2165 2630 et
2220 2575 2354 2629 Filio
2405 2575 2666 2641 Spiritum
2722 2581 2969 2628 sanctum
3025 2571 3317 2638 procedere
3370 2568 3686 2623 communis

2111 2675 2418 2720 sanctorum
2449 2663 2634 2732 opinio
2663 2661 2922 2725 declarat,
2955 2661 3065 2714 imo
3085 2669 3139 2714 et
3173 2661 3286 2730 ipsa
3331 2657 3453 2714 fidei
3473 2658 3683 2727 princi-

2112 2758 2196 2824 pia
2254 2757 2304 2810 id
2336 2770 2519 2808 verum
2565 2767 2686 2808 esse
2727 2762 3130 2815 contestantur,
3181 2767 3378 2821 easque
3433 2751 3680 2805 rationes

2110 2867 2230 2922 quae
2291 2859 2482 2906 contra
2558 2849 2697 2903 banc
2769 2847 3080 2917 opinionem
3155 2843 3481 2910 inferuntur,
3540 2845 3681 2898 nihil

2108 2943 2308 3007 valere,
2358 2956 2524 3012 supra
2568 2948 2845 2994 ostensum
2879 2945 2990 3001 est;
3023 2944 3102 3001 et,
3146 2940 3268 3004 qua:
3298 2935 3404 2990 illis
3433 2935 3672 2989 absurda

2108 3033 2466 3102 objiciuntur,
2484 3030 2577 3100 qui
2605 3045 2671 3085 ex
2699 3028 2861 3084 Patre
2887 3033 2941 3081 et
2976 3025 3113 3081 Filio
3141 3025 3400 3095 Spiritum
3423 3033 3674 3079 sanctum

1989 3122 2074 3186 :C
2106 3123 2454 3186 conﬁtentur,
2484 3119 2636 3186 nulli,
2680 3118 2784 3173 nisi
2835 3118 2942 3172 illis
2993 3125 3200 3170 tantum
3254 3114 3347 3184 qui
3375 3114 3663 3183 objiciunt,

2106 3211 2339 3266 absurda
2382 3211 2556 3265 videri
2589 3226 2604 3263 :
2643 3209 2896 3279 quodque
2919 3207 2984 3262 de
3011 3206 3284 3261 additione
3307 3203 3674 3275 objiciebatur

2105 3305 2418 3360 hesternum
2443 3317 2506 3357 ac
2531 3301 2655 3366 vile,
2698 3301 3152 3367 occasionemque
3181 3297 3352 3351 solam
3375 3299 3668 3364 primatum

2105 3393 2461 3462 quaerentium
2516 3405 2657 3455 esse,
2713 3390 3146 3444 demonstratum
3188 3396 3304 3448 est,
3352 3395 3407 3439 et
3472 3393 3664 3440 contra

2107 3482 2362 3537 Ecclesiae
2423 3480 2635 3550 regulas
2689 3479 3018 3534 contendere
3068 3473 3366 3530 volentium
3423 3491 3437 3528 :
3484 3473 3577 3528 sed
3613 3483 3670 3528 et

2103 3588 2238 3643 quas
2285 3573 2605 3626 invenerunt
2655 3582 2872 3633 causas,
2907 3575 2966 3620 ut
3016 3564 3278 3620 discessio
3308 3577 3414 3617 non
3451 3561 3672 3616 irratio-

2102 3664 2296 3720 nabilis
2346 3663 2640 3726 videretur,
2667 3660 2794 3729 ipsa:
2846 3671 3061 3728 quoque
3107 3651 3468 3710 contentionis
3507 3659 3671 3722 atque

2102 3752 2210 3808 odii
2265 3750 2656 3806 documentum
2707 3756 2873 3803 sunt:
2933 3745 3220 3816 perspicue
3273 3744 3438 3812 liquet
3461 3741 3666 3796 nullam

2105 3845 2210 3900 illis
2265 3845 2670 3899 excusationem
2736 3838 2994 3908 relinqui,
3046 3837 3139 3907 qui
3191 3837 3259 3891 de
3317 3835 3668 3903 processione

2103 3935 2276 3988 sancti
2355 3933 2592 4001 Spiritus
2657 3931 2918 3986 adversus
2991 3929 3292 3983 Romanam
3364 3925 3662 3980 Ecclesiam

2101 4024 2428 4079 contendere
2466 4023 2841 4076 instituerunt.
2893 4018 3161 4086 Quocirca
3206 4018 3436 4086 quisqute
3481 4023 3666 4070 mente

2101 4113 2407 4168 etratione
2455 4112 2732 4182 praeditus,
2788 4109 3034 4164 eamdem
3071 4124 3194 4162 cum
3233 4107 3320 4162 illa
3354 4105 3664 4176 opinionem

2100 4205 2166 4258 de
2190 4203 2362 4258 sancti
2393 4202 2626 4270 Spiritus
2663 4202 3007 4269 processione
3029 4196 3459 4273 tutissimetueri
3482 4196 3662 4250 debet.

2104 4296 2167 4347 Et
2203 4309 2364 4364 quam
2394 4293 2446 4347 in
2484 4292 2742 4365 Symbolo
2789 4305 2975 4356 unam,
3011 4293 3256 4344 sanctam
3298 4299 3352 4342 et
3403 4285 3660 4356 apostoli-

2101 4399 2218 4438 eam
2277 4384 2601 4438 conﬁtemur
2658 4380 2979 4446 Ecclesiam,
3032 4380 3171 4434 hanc
3205 4390 3325 4432 esse
3360 4375 3666 4445 iustissime

2103 4474 2515 4538 asseveraverit,
2567 4485 2798 4541 eumque
2831 4473 2922 4539 qni
2981 4469 3056 4522 ita
3114 4467 3422 4530 conﬁtetur,
3471 4466 3664 4521 catho-

2105 4565 2262 4619 licam
2306 4565 2464 4618 ﬁdem
2506 4572 2710 4627 tenere,
2749 4561 2838 4615 illa
2875 4561 3010 4616 duce
3049 4574 3156 4614 non
3189 4559 3444 4628 ambiget.

2172 4656 2250 4709 Ad
2291 4655 2406 4709 haec
2437 4662 2493 4708 et
2531 4653 2658 4706 illud
2695 4653 3032 4714 intuendum,
3072 4658 3274 4719 quanta
3304 4650 3374 4703 sit
3410 4647 3664 4702 Ecclesiae

2102 4744 2434 4815 magnitudo,
2498 4751 2696 4812 quanta
2757 4755 2934 4795 rerum
3001 4738 3188 4801 moles,
3244 4745 3407 4805 utque
3481 4736 3548 4790 ab
3600 4752 3661 4789 ea

2102 4833 2248 4888 nulla
2301 4846 2536 4901 unquam
2569 4829 2822 4885 ltmretica
2869 4829 3138 4885 sententia
3181 4827 3438 4891 manarit,
3496 4840 3659 4894 quam

2097 4918 2285 4977 beatus
2349 4922 2589 4976 fundavit
2649 4919 2862 4982 Petrus,
2920 4935 3041 4990 quae
3088 4927 3302 4986 semper
3346 4918 3412 4971 ad
3456 4929 3651 4971 omnes

2101 5009 2294 5067 ﬂuctus
2346 5009 2636 5066 immobilis
2683 5009 2950 5078 perstitit;
3001 5009 3126 5079 quia
3158 5022 3320 5077 supra
3349 5015 3574 5076 petram,
3608 5005 3658 5058 id

2103 5112 2208 5167 est,
2233 5115 2396 5170 super
2426 5101 2596 5168 ipsum
2637 5099 2922 5154 Dominum
2949 5099 3169 5154 fundata
3199 5105 3336 5162 erat,
3362 5098 3475 5152 sive
3500 5109 3660 5164 super

2102 5193 2241 5247 beati
2269 5190 2412 5246 Petri
2462 5189 2827 5246 ﬁrmissimam
2859 5191 3016 5245 ﬁdem
3049 5203 3242 5257 :quem
3269 5187 3345 5241 illi
3377 5185 3657 5247 Dominum

2101 5293 2224 5335 cum
2259 5280 2524 5350 corporali
2558 5278 2844 5348 praesentia
2878 5276 3137 5331 mundum
3181 5275 3476 5338 desereret,
3518 5288 3658 5342 pra:-

2103 5371 2252 5440 fecit,
2287 5372 2492 5427 beatum
2521 5371 2670 5426 illum
2699 5369 3006 5440 appellans,
3047 5369 3170 5438 quia
3222 5383 3324 5422 non
3359 5367 3436 5420 illi
3462 5379 3585 5419 caro
3608 5374 3660 5419 et
3688 5375 3702 5385 ‘

2095 5485 2212 5539 lect.
2239 5485 2299 5541 0.
2336 5485 2549 5540 Henrici
2586 5485 2811 5539 Canlsii.
3013 5520 3019 5525 -

2168 5555 2281 5624 (87)
2313 5555 2456 5621 Lege
2486 5554 2822 5624 Gennadiunt
2857 5565 2955 5619 pro
2977 5549 3209 5624 concilio
3237 5547 3570 5624 Flaminino,
3599 5557 3655 5624 et

2093 5616 2482 5747 gelrlar'tuinutn
2515 5623 2607 5678 lib.
2639 5622 2714 5677 De
2758 5616 2939 5688 Parin,
2986 5629 3038 5675 et
3107 5620 3268 5690 epist.
3309 5617 3345 5671 ‘2
3385 5616 3651 5672 Barlaami

2143 5709 2171 5747 γ
2205 5708 2289 5746 ac.

2141 5708 2289 5760 yrac.
