4114 6306
412 361 510 424 2ίί

404 563 530 619 lude
559 566 668 632 jam
698 567 977 634 principiis
1023 567 1378 621 ecclesiastici
1415 569 1756 636 principatus
1779 569 1968 637 jactis,

407 675 530 712 cum
587 660 929 727 interrogatis
980 659 1276 728 discipulis,
1328 674 1489 728 quem
1541 674 1663 713 esse
1724 659 1970 713 homines

410 757 671 820 putarent
734 748 928 802 Filium
985 750 1240 813 hominis,
1309 758 1535 802 creteros
1610 748 1973 817 prteveniens,

408 846 544 897 dixit
576 863 588 896 :
629 842 703 896 Tu
729 860 780 897 es
804 843 1041 897 Christus
1064 841 1233 896 Filius
1255 842 1348 894 Dei
1375 842 1493 895 vivi.
1526 841 1621 895 Cui
1652 855 1970 909 responsum

410 934 652 1003 pretiuus
692 942 773 987 est
808 951 821 987 :
856 933 931 986 Tu
981 950 1033 987 es
1073 931 1279 996 Petrus,
1325 941 1373 985 et
1406 946 1558 998 super
1597 932 1729 984 hanc
1777 939 1977 998 petram

412 1022 681 1091 w.’iﬁcabo
706 1023 1172 1077 Ecclesiammeam
1198 1032 1277 1076 :et
1300 1030 1463 1093 porta:
1485 1020 1639 1087 inferi
1660 1037 1759 1075 non
1782 1037 1980 1091 prma-

414 1115 588 1168 lebunt
612 1112 855 1167 adversus
882 1113 1067 1167 eam".
1093 1111 1526 1180 Rursumqueilli
1553 1111 1689 1165 haue
1710 1124 1977 1165 commen-

415 1206 547 1259 dans
568 1206 664 1259 dict
685 1204 805 1260 bat:
827 1205 885 1259 Si
906 1220 985 1257 me
1001 1219 1166 1264 antas,
1194 1202 1361 1266 Petra,
1376 1218 1524 1270 pasce
1540 1218 1696 1271 agnos
1711 1217 1867 1263 meos,
1888 1217 1976 1268 pa-

416 1312 500 1350 sce
524 1313 637 1349 oves
660 1312 798 1347 nicas
822 1296 891 1349 "‘.
910 1294 974 1346 Et
1004 1296 1069 1345 de
1096 1308 1200 1361 qtto
1228 1297 1335 1345 ait:
1375 1291 1482 1361 Ego
1503 1293 1675 1361 rogaui
1701 1307 1792 1360 pro
1825 1301 1892 1353 te,
1921 1299 1975 1342 ut

416 1402 517 1438 non
565 1384 795 1451 deﬁciat
827 1385 956 1450 ﬁdes
1012 1391 1100 1435 tua
1127 1397 1143 1434 :
1170 1392 1218 1435 et
1249 1392 1303 1436 tu
1348 1382 1634 1452 aliquando
1678 1395 1978 1441 conversus.

439 1475 694 1540 conﬁrma
726 1473 918 1541 fratres
954 1481 1069 1525 tuos
1098 1473 1163 1526 ’⁵.
1193 1473 1259 1527 Ει
1285 1487 1441 1541 quem
1490 1473 1671 1542 posuit
1720 1471 1979 1541 aequalem

420 1560 544 1623 sibi,
603 1560 817 1628 quando
880 1559 1196 1615 Caesarianis
1272 1561 1535 1614 tributum
1614 1558 1978 1627 exigentibus.

427 1654 682 1720 praecepit
734 1651 895 1707 Petro
939 1653 1157 1706 hamum
1215 1652 1270 1706 in
1329 1667 1477 1707 mare
1511 1652 1805 1715 dimittere,
1838 1651 1985 1704 iuve—

422 1744 784 1813 niendumque
801 1746 852 1799 in
877 1744 1049 1811 primo
1066 1744 1155 1813 qui
1182 1744 1507 1799 occurrisset
1534 1744 1705 1811 pisce,
1728 1750 1981 1794 staterem

427 1851 646 1890 aureum
678 1838 807 1890 dare
847 1836 1186 1905 exigentibus
1229 1850 1329 1904 pro
1351 1849 1409 1890 se
1437 1843 1491 1889 et
1519 1833 1682 1888 Petro
1714 1834 1784 1887 ".
1809 1833 1863 1887 id
1889 1848 1983 1883 au"
2018 1816 2058 1870 Β

432 1936 536 1977 tem
590 1935 673 1979 est
725 1926 961 1981 volentis
1004 1924 1152 1979 illum
1205 1920 1360 1994 reque
1404 1938 1467 1979 ac
1500 1937 1557 1979 se
1591 1923 1844 1977 honorari
1897 1936 1995 1991 pro

429 2016 671 2081 pmtione
716 2016 921 2077 debita,
954 2014 1215 2083 illumque
1244 2017 1466 2068 verbum
1498 2029 1651 2084 suum
1693 2011 1995 2066 continere.

434 2106 570 2169 Quia
601 2105 739 2158 enim
773 2120 802 2159 a
830 2104 1056 2160 Domino
1083 2103 1216 2158 nihil
1240 2104 1434 2159 frustra
1457 2102 1657 2157 dictum
1686 2110 1778 2155 aut
1799 2100 1997 2154 factum

435 2204 541 2261 est,
574 2208 796 2249 necesse
846 2204 947 2254 est,
972 2203 1027 2249 et
1056 2208 1176 2262 quae
1226 2191 1470 2263 apostolo
1504 2189 1686 2244 ‘Petro
1728 2190 1999 2257 prmcipue

427 2302 537 2355 prae
570 2287 779 2342 caeteris
811 2286 950 2339 dicta
974 2286 1087 2341 sive
1120 2283 1258 2339 facta
1289 2294 1435 2349 sunt,
1494 2296 1744 2350 magnum
1793 2280 1996 2348 aliquid

437 2379 658 2431 credere
689 2378 1015 2446 signiﬁcare.
1065 2376 1202 2441 Quid
1241 2385 1419 2430 autem
1453 2373 1624 2442 majus
1649 2387 1772 2428 esse
1796 2381 1995 2441 p0test,

424 2468 567 2537 quod
597 2466 896 2535 huiusmodi
922 2464 1214 2521 Ecclesiam
1232 2477 1386 2518 suam
1407 2463 1506 2516 sub
1530 2462 1630 2515 hoc
1649 2461 1784 2515 duce
1805 2460 2000 2527 guber-

428 2556 542 2611 uari
571 2558 871 2620 constituit,
907 2571 1090 2625 quam,
1111 2554 1301 2624 utipse
1324 2552 1516 2612 voluit,
1548 2551 1599 2603 in
1630 2548 1789 2604 Petro
1809 2550 2002 2604 solida—

434 2650 624 2711 vit,ut
654 2648 907 2716 adjuncta
964 2646 1126 2701 rebus
1194 2641 1358 2698 verba
1412 2642 1514 2695 ista
1580 2640 1884 2695 testantur?
1943 2639 2001 2691 Si

432 2737 580 2790 enim
628 2737 708 2790 vel
760 2736 945 2790 multis
977 2736 1029 2789 iu
1063 2732 1317 2789 humanis
1365 2729 1524 2786 rebus
1558 2730 2000 2798 principantihus,

442 2827 525 2881 vel
567 2825 736 2891 nullo,
775 2823 1200 2891 contusioneque
1230 2826 1524 2890 regnante,
1549 2817 1682 2872 nihil
1700 2819 1780 2873 vel
1810 2835 1999 2891 parum

443 2916 743 2978 censistere
767 2924 965 2983 posset.
1058 2944 1071 2955 -
1973 2903 1993 2912 “

526 3006 593 3059 Et
654 3015 798 3061 certe
847 3022 968 3063 cum
1020 3007 1074 3061 in
1128 3007 1243 3077 ipsa
1271 3008 1510 3063 omnium
1535 3016 1751 3075 natura,
1786 3002 1999 3071 singula

434 3113 533 3167 per
565 3098 806 3152 ordinem
848 3097 989 3167 quod
1047 3114 1204 3157 suum
1252 3111 1333 3154 est
1364 3108 1677 3169 operentur.
1725 3110 1831 3165 quo
1873 3094 2000 3150 sub.

443 3190 573 3255 lato,
627 3189 809 3241 lllllntii
874 3188 1038 3242 totius
1085 3188 1369 3251 harmonia
1446 3190 1744 3245 solveretur
1802 3202 1818 3242 :
1878 3185 1998 3252 Ipse

432 3281 594 3341 enim,
647 3281 841 3348 inquit,
896 3279 1126 3338 caelestia
1172 3289 1220 3334 et
1254 3290 1460 3335 terrena
1492 3282 1719 3334 continet
1753 3278 1830 3343 ";
1855 3290 1995 3347 quo-

433 3368 596 3421 modo
648 3378 793 3422 esset
845 3368 1122 3434 possibile,
1146 3381 1341 3425 cuncta
1368 3370 1741 3439 disponentem
1772 3368 1989 3434 sapien-

436 3461 592 3526 tiam,
651 3468 699 3512 et
740 3476 772 3512 a
814 3460 915 3528 ﬁne
951 3476 1108 3529 usque
1144 3462 1212 3514 ad
1249 3463 1404 3530 ﬁnem
1438 3462 1810 3530 pertingentem
1840 3458 1994 3527 {orti-

440 3560 549 3611 ter,
622 3551 947 3620 sitnviterque
995 3564 1201 3618 Icuncta
1256 3554 1612 3621 disponentem
1650 3552 1738 3615 ",
1784 3562 1998 3618 gregem

437 3655 627 3702 suum,
682 3638 978 3695 Ecclesium
1027 3655 1208 3705 suam,
1252 3656 1413 3709 quam
1461 3639 1682 3708 proprio
1738 3639 2002 3704 sanguine

439 3730 691 3797 redemit,
716 3746 812 3799 pro
836 3746 942 3800 qua
977 3731 1154 3785 omnis
1181 3731 1229 3783 ei
1250 3732 1387 3785 ratio
1412 3740 1468 3785 et
1493 3743 1655 3784 omne
1681 3726 1999 3797 mysterium

439 3830 543 3884 est,
559 3819 672 3873 sine
693 3820 1083 3889 gubernatione
1102 3820 1427 3889 relinquere,
1454 3835 1546 3887 per
1570 3818 1765 3873 multas
1784 3817 1999 3885 quidem

443 3909 762 3963 tt-ntatioues
796 3916 850 3963 et
896 3908 1216 3977 quaestiones
1257 3908 1585 3978 inpraesenti
1619 3904 2007 3962 exercitatam?

448 4001 565 4069 ipso
616 4015 738 4053 vero
791 4000 1148 4070 corporaliter
1176 4008 1233 4053 et
1258 3978 1589 4053 seusibiliter
1634 3996 1760 4051 hinc
1806 3995 2005 4065 migra-

450 4096 592 4154 turo,
611 4090 709 4141 etsi
755 4103 1027 4155 nunquam
1056 4090 1123 4144 ab
1156 4088 1389 4145 Ecclesia
1417 4088 1759 4147 invisibiliter
1786 4086 1957 4140 abfuit
1989 4102 2004 4141 :

457 4177 564 4249 Ego
613 4180 771 4245 enim,
814 4180 1007 4248 inquit,
1058 4181 1316 4242 vobiscum
1350 4197 1467 4234 sam
1510 4180 1749 4235 omnibus
1801 4178 2004 4242 diebus,

452 4284 613 4335 usque
643 4269 710 4320 ad
745 4269 1240 4323 consummationem
1271 4269 1551 4323 saeculi".
1620 4306 1628 4311 ε

1453 360 1849 423 ADVERSUS
1875 362 2188 423 GRsECOS
2234 368 2374 432 LIB.
2419 371 2513 431 iV.

403 477 633 546 sanguis,
664 476 749 530 sed
782 475 998 529 caelestis
1033 474 1190 529 Pater
1232 491 1401 529 veram
1453 480 1695 530 revetauit
1735 477 1977 543 ﬁdem".
2012 484 2052 537 Α
2085 482 2348 539 dicentem

3531 360 3636 419 242

2390 504 2402 539 :
2460 486 2779 553 Pra‘ceptor,
2830 484 2971 538 salva
3020 498 3132 541 nos,
3180 478 3410 547 perimus
3445 474 3518 537 “,
3550 473 3635 527 in-

2080 577 2312 645 crepatis
2371 578 2544 632 ventis
2590 590 2886 645 exsurgens
2928 572 3191 636 servavit;
3246 567 3389 636 quod
3443 565 3640 619 futura:

2080 672 2281 741 ubique
2378 670 2431 725 in
2520 668 2763 724 navicula
2848 665 3098 719 Ecclesiae
3186 656 3635 730 perturbationis,

2083 762 2386 817 hacresibus
2444 760 2699 813 Omnibus
2765 756 2908 808 illam
2957 766 3199 822 mergere
3242 747 3637 818 qumrentibus,

2084 860 2453 921 argumentum
2478 859 2613 904 erat.
2648 846 2814 915 Cujus
2842 843 3100 913 regimine
3120 850 3395 908 suscepto,
3442 838 3633 891 Petrus

2096 940 2491 1011 periclitantem
2567 937 2803 993 servavit
2875 949 2973 1002 per
3043 946 3100 986 se
3160 932 3330 998 ipsum
3386 928 3643 997 magistro
3698 930 3713 945 '

2083 1032 2335 1086 excitato.
2389 1027 2574 1098 Neque
2620 1029 2760 1082 enim
2809 1026 3011 1079 frustra
3044 1022 3093 1078 ei
3144 1019 3409 1074 Doiuiuus
3464 1017 3647 1072 claves

2086 1121 2237 1190 regni
2311 1119 2571 1183 credidit;
2654 1116 3173 1182 fundamentumque
3238 1124 3297 1165 se
3347 1107 3646 1177 positurum

2085 1214 2241 1280 dixit,
2301 1226 2464 1282 super
2523 1226 2627 1279 quo
2688 1208 2988 1262 Ecelcsiam
3047 1217 3199 1258 suam
3254 1200 3645 1255 azdiﬁcaturum

2087 1304 2426 1371 repromisit;
2466 1303 2711 1369 hancque
2744 1298 3013 1368 praecipue
3041 1308 3251 1361 pascere
3282 1290 3439 1344 Petro
3460 1326 3476 1352 ,
3517 1288 3560 1341 si
3589 1300 3648 1340 se

2088 1405 2331 1459 amaret,
2379 1393 2698 1462 imperavit,
2730 1389 2963 1460 atquein
2994 1386 3178 1441 tributi
3210 1384 3478 1439 solutione
3502 1379 3647 1435 hunc

2087 1502 2183 1559 pro
2212 1502 2269 1540 se
2300 1487 2415 1553 ipso
2446 1484 2769 1552 respondere
2796 1481 2983 1535 voluit.

2159 1578 2466 1640 Enimvero,
2517 1585 2569 1629 et
2618 1574 2758 1643 quod
2794 1579 2913 1640 post
2943 1565 3393 1623 resurrectionem
3442 1562 3647 1615 dictum

2090 1672 2210 1723 est:
2247 1668 2416 1722 Dicite
2450 1666 2721 1729 discipulis
2749 1666 2882 1734 ejus,
2906 1672 2952 1716 et
3001 1658 3160 1713 Petro
3198 1657 3265 1720 ",
3297 1671 3404 1725 prte
3441 1653 3649 1707 creteris

2095 1762 2242 1815 illum
2304 1758 2619 1828 appellantis
2680 1766 2839 1824 atque
2891 1736 3211 1806 honoraritis
3273 1754 3375 1801 est.
3441 1741 3547 1796 Sed
3597 1745 3650 1791 et

2096 1850 2483 1918 discipulorum
2529 1847 2738 1913 primus
2793 1843 3072 1911 ingressus
3121 1836 3291 1891 estin
3336 1844 3651 1885 monumen-

2099 1952 2231 2006 tum,
2261 1947 2317 1993 ct
2349 1938 2499 1995 vidit.
2532 1947 2586 1990 et
2621 1934 2869 1997 credidit,
2897 1941 2977 1995 ut,
3014 1928 3105 1998 qui
3131 1927 3379 1995 princeps
3398 1919 3654 1976 Ecclesiae

2096 2028 2541 2099 relinquebatur,
2623 2023 2830 2092 primus
2900 2022 2952 2075 iu
3038 2018 3404 2087 apostolorum
3489 2018 3654 2065 choro

2097 2122 2315 2191 reliquis
2362 2116 2813 2173 resurrectiouem
2860 2112 3060 2168 Christi
3108 2107 3403 2162 nuntiaret.
3446 2103 3652 2169 Nempe

2096 2217 2235 2270 enim
2294 2220 2348 2267 et
2426 2208 2870 2265 convenientibus
2946 2202 3244 2262 omnibus,
3313 2197 3519 2264 primus
3602 2192 3653 2245 iu

2096 2303 2441 2361 concionibus
2474 2311 2574 2354 est.
2607 2297 2802 2353 Paulus
2832 2296 2957 2349 item
3008 2310 3022 2347 :
3062 2290 3306 2349 Ascendi,
3338 2287 3433 2349 ait,
3472 2283 3660 2336 Hiero-

2099 2395 2352 2464 solymam
2410 2389 2579 2443 videre
2636 2386 2847 2439 Petrum
2911 2383 2981 2447 ”,
3017 2382 3162 2434 velut
3217 2379 3282 2432 ad
3327 2376 3656 2445 prmeipuum

2100 2486 2375 2554 quiddam,
2419 2480 2484 2533 ad
2517 2479 2733 2532 Petrum
2767 2475 3071 2529 intendens.
3118 2471 3228 2525 Etsi
3278 2483 3399 2523 cum
3439 2473 3659 2536 propter

2098 2571 2568 2630 circumcisionem
2617 2568 2837 2634 quidam
2904 2562 3458 2619 scandalizareuturt
3501 2564 3663 2623 atque

2102 2665 2156 2719 in
2202 2660 2474 2730 Evangelii
2515 2655 2899 2727 prtedieatione
2941 2649 3414 2705 circumcisionem
3460 2644 3664 2697 inferte

2104 2753 2463 2815 molirentur,
2548 2746 2805 2815 quoniam
2881 2741 3098 2809 quidem
3184 2736 3435 2803 apostoli,
3512 2734 3659 2785 circa

2104 2838 2507 2910 prtedicationis
2553 2834 2720 2895 initia,
2748 2831 2817 2885 ob
2867 2828 3049 2882 varias
3094 2827 3444 2878 necessitates
3491 2819 3664 2887 majo-

2107 2945 2338 3000 rumque
2366 2926 2771 2994 dispositiones,
2814 2930 2871 2975 ut
2904 2918 3099 2971 medici
3131 2928 3319 2969 curam
3355 2912 3659 2963 animarum

2108 3033 2353 3093 gerentes
2386 3038 2399 3074 :
2436 3019 2526 3074 ille
2551 3017 2794 3087 quidem,
2822 3013 2959 3083 quia,
2978 3009 3216 3081 gentium
3244 3004 3501 3071 magister
3528 3008 3666 3059 erat,

2105 3091 2217 3173 non
2267 3110 2566 3181 cogebatur
2618 3108 2829 3175 aliquos
2882 3100 3257 3159 accedentium
3290 3091 3663 3165 pra‘dicationi

2100 3201 2486 3259 circumcidere
2518 3218 2531 3253 :
2565 3198 2782 3254 Petrum
2843 3209 2973 3249 vero
3017 3207 3112 3246 eos
3146 3191 3237 3260 qui
3270 3204 3332 3242 ex
3371 3182 3660 3238 circumci-

2096 3296 2248 3349 sione
2282 3291 2626 3347 credidcrant
2652 3300 2960 3350 assumens,
3001 3292 3057 3337 ut
3083 3280 3291 3349 majora
3340 3276 3665 3333 lucraretur,

2101 3387 2313 3441 minora
2364 3385 2429 3437 ad
2458 3392 2671 3450 tempus
2718 3377 3104 3435 contemnebat
3157 3394 3171 3429 :
3210 3373 3276 3425 ab
3313 3370 3397 3422 his
3424 3368 3514 3435 qui
3552 3364 3669 3416 illo-

2102 3491 2222 3530 rum
2280 3474 2600 3530 intentionis
2652 3479 2811 3526 erant
2872 3466 3067 3530 nescii,
3118 3463 3348 3516 invicem
3382 3455 3671 3509 dissentire

2100 3572 2444 3634 putarentur,
2494 3576 2617 3616 cum
2644 3575 2711 3613 eo
2742 3560 2865 3626 ipso
2912 3555 3145 3607 maxime
3174 3555 3559 3616 congruerent.
3590 3543 3667 3596 Ne

2104 3654 2250 3709 enim
2301 3661 2355 3707 et
2390 3654 2440 3705 iu
2501 3648 2797 3718 Evangelio
2850 3643 3196 3699 circumcisio
3247 3640 3425 3692 locum
3462 3638 3666 3690 habere

2104 3743 2409 3805 videretur,
2447 3755 2511 3796 ea
2546 3752 2665 3808 (ποτε
2704 3735 2993 3805 putabatur
3026 3732 3168 3785 inter
3223 3743 3319 3786 eos
3370 3725 3671 3780 ditiereutia

2111 3831 2424 3889 necessario
2446 3836 2716 3897 assumpta
2743 3837 2843 3883 est.
2876 3822 3028 3891 Quod
3053 3822 3197 3877 enim
3229 3820 3329 3875 sibi
3358 3818 3514 3871 valde
3542 3830 3675 3869 con-

2118 3926 2312 3981 cordes
2342 3930 2546 3987 essent,
2572 3921 2698 3974 hinc
2733 3917 3078 3989 perspicuum
3105 3920 3210 3969 est.
3238 3908 3354 3966 Non
3383 3908 3554 3964 solum
3576 3906 3676 3961 Pe-

2118 4026 2233 4071 trus
2258 4014 2489 4084 aliquos,
2521 4026 2705 4066 verum
2748 4020 2801 4065 et
2831 4008 3031 4063 Paulus
3067 4004 3408 4059 Timotheum
3442 3999 3675 4053 circum-

2115 4106 2263 4171 cidit,
2303 4104 2392 4173 qui
2439 4102 2622 4158 Judtea
2660 4108 2833 4153 matre
2863 4105 3019 4151 natus
3052 4102 3190 4149 erat.
3220 4092 3312 4147 Sic
3352 4091 3496 4144 enim
3548 4098 3679 4142 tunc

2103 4196 2406 4252 necessitas
2421 4194 2689 4263 ﬂagitabat
2703 4190 2767 4244 ad
2783 4186 3178 4260 praedicationis
3196 4181 3675 4252 dispensationem.

2200 4286 2577 4341 Verumtamen
2608 4280 2805 4336 Paulus
2854 4279 3073 4333 Petrum
3110 4276 3331 4329 minime
3370 4272 3625 4339 ignorans
3660 4285 3675 4321 :

524 4360 655 4413 Nam
697 4360 795 4411 etsi
849 4368 968 4426 post
1016 4375 1300 4413 ascensum
1354 4361 1653 4423 Salvatoris
1707 4361 1773 4415 ad
1818 4358 1997 4423 caelos1

2122 4375 2369 4441 Ascendi,
2408 4373 2602 4442 inquit,
2638 4367 3055 4437 Ilierbsolymam
3079 4364 3249 4419 videre
3283 4360 3525 4421 Petrum,
3560 4357 3677 4409 vcl-

456 4447 585 4501 nihil
638 4445 944 4516 indigebant
1006 4448 1233 4515 apostoli
1286 4449 1500 4517 aliquo,
1551 4450 1641 4517 qui
1712 4451 2003 4503 secundum

359 4535 378 4550 “
455 4538 818 4605 evangelicum
867 4539 1167 4593 doctrinam
1212 4554 1274 4593 ac
1326 4541 1731 4594 conversionem
1763 4555 1827 4594 ac
1865 4541 2010 4594 circa

457 4631 763 4697 dogmatum
817 4627 1147 4696 diligentiam
1178 4642 1272 4683 eos
1305 4627 1652 4693 iniormarct;
1683 4639 1736 4683 at
1759 4628 2013 4684 Ecclesia:

457 4733 591 4789 quas
621 4718 819 4786 singuli
864 4718 1092 4788 apostoli
1144 4720 1501 4786 mdiiicavere,
1549 4729 1605 4776 et
1633 4724 1722 4791 qui
1756 4721 1862 4776 illis
1890 4736 2014 4775 suc-

456 4820 765 4873 cesserunt,
813 4810 979 4865 Petro
1029 4810 1280 4880 illiusque
1328 4812 1732 4867 successoribus
1778 4813 2014 4880 indigue-

457 4909 585 4955 runt
615 4915 848 4970 semper,
876 4908 929 4953 et
953 4900 1217 4969 indigent.
1249 4900 1415 4977 Quem
1451 4902 1660 4956 scilicet
1684 4903 1928 4957 ordinem
1961 4902 2015 4957 in

456 4993 719 5064 apostolis
787 4992 1019 5060 primum
1084 4991 1325 5045 inchoari
1396 4992 1597 5056 decuit,
1654 4992 1795 5048 sicut
1848 4993 2013 5047 etiam

458 5085 702 5155 contigit.
765 5084 967 5138 Omnes
1042 5083 1184 5136 enim
1243 5084 1377 5137 alias
1435 5083 1592 5136 aliter
1651 5085 1794 5138 circa
1862 5086 2016 5139 tidem

459 5174 861 5241 nauiragantes,
901 5181 995 5226 aut
1024 5173 1076 5225 id
1108 5172 1229 5238 pati
1247 5172 1615 5239 periclitantes
1640 5212 1653 5237 ,
1702 5173 1895 5229 Petrus
1924 5190 2019 5243 per

457 5279 805 5319 successores
851 5278 977 5318 suos
1020 5275 1278 5331 suamque
1322 5261 1613 5316 Ecclesium
1656 5266 1829 5335 erexit
1855 5274 2019 5333 atque

458 5355 721 5421 servavit;
761 5354 1210 5423 quemadmodum
1264 5352 1438 5422 ipsum
1484 5362 1641 5408 antea
1678 5354 1936 5412 Dominus
1966 5358 2019 5412 in

460 5445 583 5500 nari
648 5444 1046 5513 pdiciitantem
1123 5457 1244 5498 cum
1323 5442 1569 5509 caeteris,
1623 5459 1685 5498 ac
1739 5458 2019 5516 propterea

528 5636 574 5677 77’
611 5644 796 5697 Matth.
820 5641 823 5644 ’
847 5659 956 5701 XVI.
1019 5643 1101 5696 17.
1178 5645 1223 5676 ⁷³

459 5723 508 5753 ⁷⁷
547 5718 670 5782 Sap.
704 5730 742 5779 ι,
771 5715 825 5770 7.

1288 5645 1414 5699 ibid.
1455 5648 1633 5701 iii-i8.

908 5714 949 5743 ⁷⁸
980 5714 1104 5782 Sap.
1127 5729 1243 5780 vm,
1304 5716 1355 5768 1.
1431 5717 1473 5750 ⁷³
1513 5717 1698 5773 Matth.
1730 5735 1916 5782 xxvut.
1940 5722 2027 5777 20.

1712 5649 1754 5678 "
1788 5647 1941 5706 Joan.
1973 5669 2081 5717 χχι,
2117 5656 2293 5715 16-17,

2118 4466 2197 4521 uti
2248 4462 2464 4533 aliquod
2508 4473 2788 4516 sacrorum
2842 4456 3119 4511 monilium
3158 4449 3676 4507 excellentissimum

2121 4556 2421 4611 iutuiturus
2481 4552 2639 4620 eique
2683 4552 2949 4620 honorem
2989 4544 3319 4605 redditurus,
3365 4540 3479 4592 sive
3520 4538 3683 4589 etiam

2123 4643 2467 4712 Evangelium
2514 4655 2636 4696 cum
2675 4654 2741 4694 eo
2784 4618 3113 4695 collatitrus;
3151 4641 3209 4683 ut
3256 4629 3340 4681 vel
3377 4629 3687 4681 ﬁrmaretur

2121 4734 2265 4802 quod
2320 4742 2530 4787 rectum
2582 4740 2721 4794 erat,
2770 4729 2855 4782 vel
2903 4726 3249 4793 suppleretur
3293 4720 3435 4788 quod
3478 4719 3685 4771 deerat.

2120 4824 2254 4878 Nam
2293 4825 2392 4877 etsi
2426 4824 2602 4877 omnis
2628 4821 2847 4873 ambitio
2875 4832 2905 4871 e
2929 4818 3095 4869 choro
3124 4812 3215 4865 illo
3246 4808 3541 4879 apostolico
3570 4818 3690 4861 erat

2125 4915 2487 4969 remotissima
2543 4909 2791 4981 (perfecti
2834 4907 2978 4961 enim
3034 4912 3193 4958 erant
3244 4900 3464 4969 singuli,
3518 4912 3691 4968 neque

2128 5007 2265 5060 duce
2312 5002 2667 5073 indigebant),
2706 5010 2880 5053 tamen
2914 4995 3051 5069 apud
3084 4988 3203 5050 illos
3256 4993 3417 5067 etiam
3477 4990 3611 5045 ordo
3634 4999 3692 5041 ut

2125 5098 2330 5166 primus
2397 5094 2659 5147 bonorum
2731 5088 2968 5142 omnium
3033 5102 3061 5140 a
3136 5084 3363 5138 Domino
3418 5082 3691 5150 plautatus

2123 5188 2339 5250 fuerat;
2376 5191 2540 5252 atque
2570 5180 2636 5236 ad
2667 5182 2911 5245 Petrum,
2944 5177 3106 5232 veluti
3137 5177 3202 5231 ad
3230 5176 3373 5230 illius
3402 5182 3682 5227 successo—

2123 5290 2263 5340 rem,
2314 5275 2663 5329 intuebantur
2691 5288 2900 5329 omnes.
2946 5270 3133 5339 Neque
3162 5268 3305 5322 enim
3346 5264 3568 5318 fortuito
3601 5270 3688 5308 res

2123 5366 2261 5436 apud
2300 5367 2423 5421 illos
2453 5367 2762 5434 gerebatur,
2795 5364 2913 5428 sed,
2944 5364 3091 5419 velut
3118 5366 3381 5428 praesente
3413 5353 3573 5411 duco,
3616 5344 3685 5397 ab

2124 5456 2241 5525 ipso
2282 5457 2492 5526 signum
2522 5456 2911 5527 exspectabant
2947 5470 2962 5506 :
3001 5468 3061 5505 ac
3093 5450 3265 5518 primo
3296 5436 3686 5497 concedebant.

2949 5637 3207 5693 "Matth.
3261 5647 3395 5693 xvu,
3428 5630 3498 5684 εὖ
3532 5640 3687 5690 seqq.

2372 5657 2416 5687 ⁷⁸
2454 5654 2589 5709 Luc.
2615 5650 2853 5712 “Iulia.
2949 5650 3207 5693 "Matth.
3261 5650 3395 5693 xvu,
3428 5650 3498 5684 2.)
3532 5650 3687 5690 seqq.

2539 5723 2608 5755 οξ
2708 5720 2749 5750 ιιι
2791 5717 2953 5755 uno-
2993 5706 3174 5755 xvt.7.
3249 5704 3292 5735 "
3323 5700 3494 5755 Galat.
3533 5714 3568 5755 ι.
3608 5695 3689 5747 ts.

2104 5706 2367 5780 “Metilii.
2392 5706 2630 5782 γιίιίίξὸ.
2666 5706 2677 5708 7
2708 5706 2749 5750 δῖ
2788 5717 2953 5773 Marc.
2993 5724 3101 5764 xvt.
3124 5706 3174 5755 7-
