  <div class='ocr_page' id='page_1' title='image "/cluster/home/n/w/nwhite01/storage/ocr_20150623/152/mdp.39015078384735/129.png"; bbox 0 0 4078 6258; ppageno 0'>
   <div class='ocr_carea' id='block_1_1' title="bbox 480 360 587 426">
    <p class='ocr_par' dir='ltr' id='par_1_1' title="bbox 480 360 587 426">
     <span class='ocr_line' id='line_1_1' title="bbox 480 360 587 426; baseline 0.028 -3"><span class='ocrx_word' id='word_1_1' title='bbox 480 360 587 426; x_wconf 66' lang='lat'><strong>$43</strong></span> 
     </span>
    </p>
   </div>
   <div class='ocr_carea' id='block_1_2' title="bbox 1726 370 2454 435">
    <p class='ocr_par' dir='ltr' id='par_1_2' title="bbox 1726 370 2454 435">
     <span class='ocr_line' id='line_1_2' title="bbox 1726 370 2454 435; baseline 0.01 -7"><span class='ocrx_word' id='word_1_2' title='bbox 1726 370 2119 433; x_wconf 76' lang='lat' dir='ltr'><strong>MANUELIS</strong></span> <span class='ocrx_word' id='word_1_3' title='bbox 2149 372 2454 435; x_wconf 80' lang='lat' dir='ltr'><strong>CALEC/E</strong></span> 
     </span>
    </p>
   </div>
   <div class='ocr_carea' id='block_1_3' title="bbox 3606 368 3719 429">
    <p class='ocr_par' dir='ltr' id='par_1_3' title="bbox 3606 368 3719 429">
     <span class='ocr_line' id='line_1_3' title="bbox 3606 368 3719 429; baseline 0.018 -2"><span class='ocrx_word' id='word_1_4' title='bbox 3606 368 3719 429; x_wconf 66' lang='grc'><strong>244</strong></span> 
     </span>
    </p>
   </div>
   <div class='ocr_carea' id='block_1_4' title="bbox 481 474 3720 556">
    <p class='ocr_par' dir='ltr' id='par_1_4' title="bbox 481 474 3720 556">
     <span class='ocr_line' id='line_1_4' title="bbox 481 474 3720 556; baseline 0.002 -27"><span class='ocrx_word' id='word_1_5' title='bbox 481 491 604 529; x_wconf 86' lang='lat' dir='ltr'><strong>cum</strong></span> <span class='ocrx_word' id='word_1_6' title='bbox 648 474 756 530; x_wconf 90' lang='lat' dir='ltr'><strong>illic</strong></span> <span class='ocrx_word' id='word_1_7' title='bbox 787 474 839 530; x_wconf 90' lang='lat' dir='ltr'><strong>in</strong></span> <span class='ocrx_word' id='word_1_8' title='bbox 869 477 1143 533; x_wconf 88' lang='lat' dir='ltr'><strong>communi</strong></span> <span class='ocrx_word' id='word_1_9' title='bbox 1178 484 1321 536; x_wconf 65' lang='lat' dir='ltr'><strong>cortu</strong></span> <span class='ocrx_word' id='word_1_10' title='bbox 1352 478 1554 549; x_wconf 85' lang='lat' dir='ltr'><strong>aliquid</strong></span> <span class='ocrx_word' id='word_1_11' title='bbox 1578 480 1868 537; x_wconf 85' lang='lat' dir='ltr'><strong>dicendum</strong></span> <span class='ocrx_word' id='word_1_12' title='bbox 1902 494 2040 545; x_wconf 86' lang='lat' dir='ltr'><strong>erat,</strong></span> <span class='ocrx_word' id='word_1_13' title='bbox 2068 496 2119 553; x_wconf 71' lang='grc' dir='ltr'><strong>Α</strong></span> <span class='ocrx_word' id='word_1_14' title='bbox 2144 486 2338 556; x_wconf 70' lang='lat' dir='ltr'><strong>situque</strong></span> <span class='ocrx_word' id='word_1_15' title='bbox 2386 485 2548 553; x_wconf 79' lang='lat' dir='ltr'><strong>ipsius</strong></span> <span class='ocrx_word' id='word_1_16' title='bbox 2572 485 2936 555; x_wconf 85' lang='lat' dir='ltr'><strong>principatus;</strong></span> <span class='ocrx_word' id='word_1_17' title='bbox 2973 486 3085 539; x_wconf 88' lang='lat' dir='ltr'><strong>illic</strong></span> <span class='ocrx_word' id='word_1_18' title='bbox 3106 485 3264 539; x_wconf 86' lang='lat' dir='ltr'><strong>etiam</strong></span> <span class='ocrx_word' id='word_1_19' title='bbox 3290 485 3482 538; x_wconf 83' lang='lat' dir='ltr'><strong>terreni</strong></span> <span class='ocrx_word' id='word_1_20' title='bbox 3504 482 3720 552; x_wconf 87' lang='lat' dir='ltr'><strong>imperii</strong></span> 
     </span>
    </p>
   </div>
   <div class='ocr_carea' id='block_1_5' title="bbox 483 565 2042 638">
    <p class='ocr_par' dir='ltr' id='par_1_5' title="bbox 483 565 2042 638">
     <span class='ocr_line' id='line_1_5' title="bbox 483 565 2042 638; baseline 0.006 -22"><span class='ocrx_word' id='word_1_21' title='bbox 483 577 542 618; x_wconf 88' lang='lat' dir='ltr'><strong>ut</strong></span> <span class='ocrx_word' id='word_1_22' title='bbox 572 565 774 637; x_wconf 89' lang='lat' dir='ltr'><strong>liquido</strong></span> <span class='ocrx_word' id='word_1_23' title='bbox 812 568 863 620; x_wconf 90' lang='lat' dir='ltr'><strong>in</strong></span> <span class='ocrx_word' id='word_1_24' title='bbox 885 569 1108 623; x_wconf 79' lang='lat' dir='ltr'><strong>Actibus</strong></span> <span class='ocrx_word' id='word_1_25' title='bbox 1132 569 1447 638; x_wconf 79' lang='lat' dir='ltr'><strong>apparet”.</strong></span> <span class='ocrx_word' id='word_1_26' title='bbox 1490 570 1709 625; x_wconf 85' lang='lat' dir='ltr'><strong>Primus</strong></span> <span class='ocrx_word' id='word_1_27' title='bbox 1729 575 1870 626; x_wconf 89' lang='lat' dir='ltr'><strong>enim</strong></span> <span class='ocrx_word' id='word_1_28' title='bbox 1901 574 2042 628; x_wconf 90' lang='lat' dir='ltr'><strong>inter</strong></span> 
     </span>
    </p>
   </div>
   <div class='ocr_carea' id='block_1_6' title="bbox 481 657 2042 733">
    <p class='ocr_par' dir='ltr' id='par_1_6' title="bbox 481 657 2042 733">
     <span class='ocr_line' id='line_1_6' title="bbox 481 657 2042 733; baseline 0.006 -24"><span class='ocrx_word' id='word_1_29' title='bbox 481 670 692 720; x_wconf 87' lang='lat' dir='ltr'><strong>omnes,</strong></span> <span class='ocrx_word' id='word_1_30' title='bbox 736 657 1094 724; x_wconf 59' lang='lat' dir='ltr'><strong>praesentibus</strong></span> <span class='ocrx_word' id='word_1_31' title='bbox 1129 658 1272 724; x_wconf 89' lang='lat' dir='ltr'><strong>aliis,</strong></span> <span class='ocrx_word' id='word_1_32' title='bbox 1302 669 1363 712; x_wconf 87' lang='grc' dir='ltr'><strong>ιιι</strong></span> <span class='ocrx_word' id='word_1_33' title='bbox 1399 660 1569 729; x_wconf 85' lang='lat' dir='ltr'><strong>ipsius</strong></span> <span class='ocrx_word' id='word_1_34' title='bbox 1609 663 1761 717; x_wconf 89' lang='lat' dir='ltr'><strong>ebori</strong></span> <span class='ocrx_word' id='word_1_35' title='bbox 1792 664 2042 733; x_wconf 72' lang='lat' dir='ltr'><strong>princeps</strong></span> 
     </span>
    </p>
   </div>
   <div class='ocr_carea' id='block_1_7' title="bbox 484 746 2037 818">
    <p class='ocr_par' dir='ltr' id='par_1_7' title="bbox 484 746 2037 818">
     <span class='ocr_line' id='line_1_7' title="bbox 484 746 2037 818; baseline 0.005 -20"><span class='ocrx_word' id='word_1_36' title='bbox 484 746 789 800; x_wconf 77' lang='lat' dir='ltr'><strong>eoneinnari</strong></span> <span class='ocrx_word' id='word_1_37' title='bbox 824 746 1259 813; x_wconf 87' lang='lat' dir='ltr'><strong>deprehenditur,</strong></span> <span class='ocrx_word' id='word_1_38' title='bbox 1294 749 1672 818; x_wconf 86' lang='lat' dir='ltr'><strong>nunc‘quidem</strong></span> <span class='ocrx_word' id='word_1_39' title='bbox 1703 751 1769 803; x_wconf 85' lang='lat' dir='ltr'><strong>ad</strong></span> <span class='ocrx_word' id='word_1_40' title='bbox 1797 749 2037 814; x_wconf 75' lang='lat' dir='ltr'><strong>.lndzeos,</strong></span> 
     </span>
    </p>
   </div>
   <div class='ocr_carea' id='block_1_8' title="bbox 487 835 2047 902">
    <p class='ocr_par' dir='ltr' id='par_1_8' title="bbox 487 835 2047 902">
     <span class='ocr_line' id='line_1_8' title="bbox 487 835 2047 902; baseline 0.004 -14"><span class='ocrx_word' id='word_1_41' title='bbox 487 851 631 891; x_wconf 91' lang='lat' dir='ltr'><strong>nunc</strong></span> <span class='ocrx_word' id='word_1_42' title='bbox 662 847 840 890; x_wconf 90' lang='lat' dir='ltr'><strong>autem</strong></span> <span class='ocrx_word' id='word_1_43' title='bbox 874 835 938 889; x_wconf 84' lang='lat' dir='ltr'><strong>ad</strong></span> <span class='ocrx_word' id='word_1_44' title='bbox 966 838 1199 902; x_wconf 78' lang='lat' dir='ltr'><strong>sodales,</strong></span> <span class='ocrx_word' id='word_1_45' title='bbox 1234 853 1359 894; x_wconf 90' lang='lat' dir='ltr'><strong>eum</strong></span> <span class='ocrx_word' id='word_1_46' title='bbox 1391 853 1571 895; x_wconf 85' lang='lat' dir='ltr'><strong>sermo</strong></span> <span class='ocrx_word' id='word_1_47' title='bbox 1596 849 1744 894; x_wconf 88' lang='lat' dir='ltr'><strong>esset</strong></span> <span class='ocrx_word' id='word_1_48' title='bbox 1771 840 1837 895; x_wconf 91' lang='lat' dir='ltr'><strong>de</strong></span> <span class='ocrx_word' id='word_1_49' title='bbox 1865 856 2047 895; x_wconf 86' lang='lat' dir='ltr'><strong>surro-</strong></span> 
     </span>
    </p>
   </div>
   <div class='ocr_carea' id='block_1_9' title="bbox 379 928 2039 1001">
    <p class='ocr_par' dir='ltr' id='par_1_9' title="bbox 379 928 2039 1001">
     <span class='ocr_line' id='line_1_9' title="bbox 379 928 2039 1001; baseline 0.006 -24"><span class='ocrx_word' id='word_1_50' title='bbox 379 971 399 1001; x_wconf 72' lang='lat'><strong>_.</strong></span> <span class='ocrx_word' id='word_1_51' title='bbox 487 929 661 998; x_wconf 85' lang='lat' dir='ltr'><strong>gando</strong></span> <span class='ocrx_word' id='word_1_52' title='bbox 689 928 950 996; x_wconf 79' lang='lat' dir='ltr'><strong>proditori</strong></span> <span class='ocrx_word' id='word_1_53' title='bbox 985 944 1300 984; x_wconf 86' lang='lat' dir='ltr'><strong>successore</strong></span> <span class='ocrx_word' id='word_1_54' title='bbox 1356 938 1410 984; x_wconf 90' lang='lat' dir='ltr'><strong>et</strong></span> <span class='ocrx_word' id='word_1_55' title='bbox 1441 932 1711 1001; x_wconf 89' lang='lat' dir='ltr'><strong>eligendo.</strong></span> <span class='ocrx_word' id='word_1_56' title='bbox 1739 931 2039 1001; x_wconf 89' lang='lat' dir='ltr'><strong>Oportebat</strong></span> 
     </span>
    </p>
   </div>
   <div class='ocr_carea' id='block_1_10' title="bbox 394 1018 2050 1094">
    <p class='ocr_par' dir='ltr' id='par_1_10' title="bbox 394 1018 2050 1094">
     <span class='ocr_line' id='line_1_10' title="bbox 394 1018 2050 1094; baseline 0.004 -21"><span class='ocrx_word' id='word_1_57' title='bbox 394 1040 403 1084; x_wconf 63' lang='grc' dir='ltr'>ξ</span> <span class='ocrx_word' id='word_1_58' title='bbox 488 1020 633 1073; x_wconf 90' lang='lat' dir='ltr'><strong>enim</strong></span> <span class='ocrx_word' id='word_1_59' title='bbox 684 1027 741 1072; x_wconf 90' lang='lat' dir='ltr'><strong>ut</strong></span> <span class='ocrx_word' id='word_1_60' title='bbox 787 1018 1024 1073; x_wconf 90' lang='lat' dir='ltr'><strong>futurum</strong></span> <span class='ocrx_word' id='word_1_61' title='bbox 1068 1022 1120 1075; x_wconf 91' lang='lat' dir='ltr'><strong>in</strong></span> <span class='ocrx_word' id='word_1_62' title='bbox 1150 1022 1388 1077; x_wconf 75' lang='lat' dir='ltr'><strong>Ecclesia</strong></span> <span class='ocrx_word' id='word_1_63' title='bbox 1439 1023 1642 1078; x_wconf 76' lang='lat' dir='ltr'><strong>Christi</strong></span> <span class='ocrx_word' id='word_1_64' title='bbox 1674 1025 1916 1078; x_wconf 90' lang='lat' dir='ltr'><strong>ordinem</strong></span> <span class='ocrx_word' id='word_1_65' title='bbox 1950 1024 2050 1094; x_wconf 89' lang='lat' dir='ltr'><strong>ipsi</strong></span> 
     </span>
    </p>
   </div>
   <div class='ocr_carea' id='block_1_11' title="bbox 387 1103 915 1179">
    <p class='ocr_par' dir='ltr' id='par_1_11' title="bbox 387 1103 915 1179">
     <span class='ocr_line' id='line_1_11' title="bbox 387 1103 915 1179; baseline -0.002 -16"><span class='ocrx_word' id='word_1_66' title='bbox 487 1110 915 1179; x_wconf 68' lang='lat' dir='ltr'><strong>prmfigurarent,</strong></span> 
     </span>
    </p>
   </div>
   <div class='ocr_carea' id='block_1_12' title="bbox 990 1113 2051 1184">
    <p class='ocr_par' dir='ltr' id='par_1_12' title="bbox 990 1113 2051 1184">
     <span class='ocr_line' id='line_1_12' title="bbox 990 1113 2051 1184; baseline 0.005 -21"><span class='ocrx_word' id='word_1_67' title='bbox 990 1119 1047 1164; x_wconf 91' lang='lat' dir='ltr'><strong>ut</strong></span> <span class='ocrx_word' id='word_1_68' title='bbox 1106 1113 1558 1184; x_wconf 75' lang='lat' dir='ltr'><strong>quemadmgdum</strong></span> <span class='ocrx_word' id='word_1_69' title='bbox 1623 1115 1832 1169; x_wconf 76' lang='lat' dir='ltr'><strong>ca-teris</strong></span> <span class='ocrx_word' id='word_1_70' title='bbox 1889 1116 2051 1168; x_wconf 88' lang='lat' dir='ltr'><strong>duces</strong></span> 
     </span>
    </p>
   </div>
   <div class='ocr_carea' id='block_1_13' title="bbox 488 1200 2051 1266">
    <p class='ocr_par' dir='ltr' id='par_1_13' title="bbox 488 1200 2051 1266">
     <span class='ocr_line' id='line_1_13' title="bbox 488 1200 2051 1266; baseline 0.005 -17"><span class='ocrx_word' id='word_1_71' title='bbox 488 1201 753 1254; x_wconf 90' lang='lat' dir='ltr'><strong>bonorum</strong></span> <span class='ocrx_word' id='word_1_72' title='bbox 829 1201 1067 1255; x_wconf 88' lang='lat' dir='ltr'><strong>omnium</strong></span> <span class='ocrx_word' id='word_1_73' title='bbox 1160 1200 1345 1266; x_wconf 76' lang='lat' dir='ltr'><strong>fuere,</strong></span> <span class='ocrx_word' id='word_1_74' title='bbox 1427 1202 1507 1256; x_wconf 87' lang='lat' dir='ltr'><strong>sic</strong></span> <span class='ocrx_word' id='word_1_75' title='bbox 1595 1204 1760 1256; x_wconf 86' lang='lat' dir='ltr'><strong>etiam</strong></span> <span class='ocrx_word' id='word_1_76' title='bbox 1844 1203 2051 1257; x_wconf 84' lang='lat' dir='ltr'><strong>ordinis</strong></span> 
     </span>
    </p>
   </div>
   <div class='ocr_carea' id='block_1_14' title="bbox 488 1301 693 1346">
    <p class='ocr_par' dir='ltr' id='par_1_14' title="bbox 488 1301 693 1346">
     <span class='ocr_line' id='line_1_14' title="bbox 488 1301 693 1346; baseline 0 -2"><span class='ocrx_word' id='word_1_77' title='bbox 488 1301 693 1346; x_wconf 67' lang='grc' dir='ltr'><strong>οεςεηι.</strong></span> 
     </span>
    </p>
   </div>
   <div class='ocr_carea' id='block_1_15' title="bbox 560 1381 2052 1452">
    <p class='ocr_par' dir='ltr' id='par_1_15' title="bbox 560 1381 2052 1452">
     <span class='ocr_line' id='line_1_15' title="bbox 560 1381 2052 1452; baseline 0.002 -18"><span class='ocrx_word' id='word_1_78' title='bbox 560 1381 719 1449; x_wconf 88' lang='lat' dir='ltr'><strong>Atqui</strong></span> <span class='ocrx_word' id='word_1_79' title='bbox 752 1381 796 1434; x_wconf 88' lang='lat' dir='ltr'><strong>si</strong></span> <span class='ocrx_word' id='word_1_80' title='bbox 830 1381 925 1443; x_wconf 93' lang='lat' dir='ltr'><strong>illi,</strong></span> <span class='ocrx_word' id='word_1_81' title='bbox 964 1395 1086 1435; x_wconf 90' lang='lat' dir='ltr'><strong>cum</strong></span> <span class='ocrx_word' id='word_1_82' title='bbox 1131 1381 1355 1452; x_wconf 89' lang='lat' dir='ltr'><strong>perfecti</strong></span> <span class='ocrx_word' id='word_1_83' title='bbox 1386 1393 1593 1445; x_wconf 88' lang='lat' dir='ltr'><strong>essent,</strong></span> <span class='ocrx_word' id='word_1_84' title='bbox 1632 1383 1837 1437; x_wconf 89' lang='lat' dir='ltr'><strong>ordinis</strong></span> <span class='ocrx_word' id='word_1_85' title='bbox 1874 1391 2052 1437; x_wconf 84' lang='lat' dir='ltr'><strong>tamen</strong></span> 
     </span>
    </p>
   </div>
   <div class='ocr_carea' id='block_1_16' title="bbox 494 1471 2058 1540">
    <p class='ocr_par' dir='ltr' id='par_1_16' title="bbox 494 1471 2058 1540">
     <span class='ocr_line' id='line_1_16' title="bbox 494 1471 2058 1540; baseline 0.003 -19"><span class='ocrx_word' id='word_1_86' title='bbox 494 1485 676 1523; x_wconf 84' lang='lat' dir='ltr'><strong>curam</strong></span> <span class='ocrx_word' id='word_1_87' title='bbox 710 1471 997 1524; x_wconf 80' lang='lat' dir='ltr'><strong>maximam</strong></span> <span class='ocrx_word' id='word_1_88' title='bbox 1024 1473 1406 1537; x_wconf 89' lang='lat' dir='ltr'><strong>adhibuerunt,</strong></span> <span class='ocrx_word' id='word_1_89' title='bbox 1444 1487 1617 1540; x_wconf 88' lang='lat' dir='ltr'><strong>neque</strong></span> <span class='ocrx_word' id='word_1_90' title='bbox 1665 1482 1897 1526; x_wconf 88' lang='lat' dir='ltr'><strong>statutos</strong></span> <span class='ocrx_word' id='word_1_91' title='bbox 1946 1480 2058 1526; x_wconf 50' lang='lat' dir='ltr'><strong>tera</strong></span> 
     </span>
    </p>
   </div>
   <div class='ocr_carea' id='block_1_17' title="bbox 497 1549 2055 1630">
    <p class='ocr_par' dir='ltr' id='par_1_17' title="bbox 497 1549 2055 1630">
     <span class='ocr_line' id='line_1_17' title="bbox 497 1549 2055 1630; baseline 0.003 -19"><span class='ocrx_word' id='word_1_92' title='bbox 497 1560 671 1614; x_wconf 87' lang='lat' dir='ltr'><strong>minos</strong></span> <span class='ocrx_word' id='word_1_93' title='bbox 733 1561 1057 1630; x_wconf 81' lang='lat' dir='ltr'><strong>transgressi</strong></span> <span class='ocrx_word' id='word_1_94' title='bbox 1104 1570 1251 1625; x_wconf 90' lang='lat' dir='ltr'><strong>sunt,</strong></span> <span class='ocrx_word' id='word_1_95' title='bbox 1302 1563 1573 1630; x_wconf 91' lang='lat' dir='ltr'><strong>quomodo</strong></span> <span class='ocrx_word' id='word_1_96' title='bbox 1616 1578 1720 1617; x_wconf 92' lang='lat' dir='ltr'><strong>non</strong></span> <span class='ocrx_word' id='word_1_97' title='bbox 1769 1576 1859 1617; x_wconf 88' lang='lat' dir='ltr'><strong>eos</strong></span> <span class='ocrx_word' id='word_1_98' title='bbox 1908 1549 2055 1617; x_wconf 52' lang='lat' dir='ltr'><strong>arbii</strong></span> 
     </span>
    </p>
   </div>
   <div class='ocr_carea' id='block_1_18' title="bbox 498 1654 2047 1723">
    <p class='ocr_par' dir='ltr' id='par_1_18' title="bbox 498 1654 2047 1723">
     <span class='ocr_line' id='line_1_18' title="bbox 498 1654 2047 1723; baseline 0.005 -22"><span class='ocrx_word' id='word_1_99' title='bbox 498 1660 703 1705; x_wconf 83' lang='lat' dir='ltr'><strong>tremur</strong></span> <span class='ocrx_word' id='word_1_100' title='bbox 755 1667 849 1721; x_wconf 91' lang='lat' dir='ltr'><strong>per</strong></span> <span class='ocrx_word' id='word_1_101' title='bbox 897 1666 959 1706; x_wconf 90' lang='lat' dir='ltr'><strong>ea</strong></span> <span class='ocrx_word' id='word_1_102' title='bbox 1011 1667 1129 1722; x_wconf 82' lang='lat' dir='ltr'><strong>qua:</strong></span> <span class='ocrx_word' id='word_1_103' title='bbox 1184 1667 1420 1723; x_wconf 77' lang='lat' dir='ltr'><strong>gessere,</strong></span> <span class='ocrx_word' id='word_1_104' title='bbox 1457 1654 1691 1723; x_wconf 81' lang='lat' dir='ltr'><strong>posteris</strong></span> <span class='ocrx_word' id='word_1_105' title='bbox 1740 1654 1851 1707; x_wconf 85' lang='lat' dir='ltr'><strong>suis</strong></span> <span class='ocrx_word' id='word_1_106' title='bbox 1904 1654 2047 1708; x_wconf 89' lang='lat' dir='ltr'><strong>hunc</strong></span> 
     </span>
    </p>
   </div>
   <div class='ocr_carea' id='block_1_19' title="bbox 2144 576 3724 646">
    <p class='ocr_par' dir='ltr' id='par_1_19' title="bbox 2144 576 3724 646">
     <span class='ocr_line' id='line_1_19' title="bbox 2144 576 3724 646; baseline -0.003 -14"><span class='ocrx_word' id='word_1_107' title='bbox 2144 582 2317 632; x_wconf 80' lang='lat' dir='ltr'><strong>sedem</strong></span> <span class='ocrx_word' id='word_1_108' title='bbox 2350 576 2535 643; x_wconf 85' lang='lat' dir='ltr'><strong>statui,</strong></span> <span class='ocrx_word' id='word_1_109' title='bbox 2560 577 2647 630; x_wconf 86' lang='lat' dir='ltr'><strong>sed</strong></span> <span class='ocrx_word' id='word_1_110' title='bbox 2679 578 2810 629; x_wconf 84' lang='lat' dir='ltr'><strong>hanc</strong></span> <span class='ocrx_word' id='word_1_111' title='bbox 2831 577 3036 646; x_wconf 78' lang='lat' dir='ltr'><strong>quidem</strong></span> <span class='ocrx_word' id='word_1_112' title='bbox 3064 587 3242 629; x_wconf 86' lang='lat' dir='ltr'><strong>sancto</strong></span> <span class='ocrx_word' id='word_1_113' title='bbox 3292 576 3444 629; x_wconf 80' lang='lat' dir='ltr'><strong>Petro</strong></span> <span class='ocrx_word' id='word_1_114' title='bbox 3498 577 3724 645; x_wconf 82' lang='lat' dir='ltr'><strong>ejusque</strong></span> 
     </span>
    </p>
   </div>
   <div class='ocr_carea' id='block_1_20' title="bbox 2148 666 3723 736">
    <p class='ocr_par' dir='ltr' id='par_1_20' title="bbox 2148 666 3723 736">
     <span class='ocr_line' id='line_1_20' title="bbox 2148 666 3723 736; baseline -0.003 -15"><span class='ocrx_word' id='word_1_115' title='bbox 2148 668 2532 721; x_wconf 75' lang='lat' dir='ltr'><strong>successoribus</strong></span> <span class='ocrx_word' id='word_1_116' title='bbox 2555 668 2897 736; x_wconf 73' lang='lat' dir='ltr'><strong>deputamus;</strong></span> <span class='ocrx_word' id='word_1_117' title='bbox 2929 684 3018 720; x_wconf 85' lang='lat' dir='ltr'><strong>nos</strong></span> <span class='ocrx_word' id='word_1_118' title='bbox 3046 678 3216 720; x_wconf 86' lang='lat' dir='ltr'><strong>autem</strong></span> <span class='ocrx_word' id='word_1_119' title='bbox 3246 682 3535 734; x_wconf 71' lang='lat' dir='ltr'><strong>qua&#39;remus</strong></span> <span class='ocrx_word' id='word_1_120' title='bbox 3570 666 3723 732; x_wconf 84' lang='lat' dir='ltr'><strong>regni</strong></span> 
     </span>
    </p>
   </div>
   <div class='ocr_carea' id='block_1_21' title="bbox 2150 755 3724 822">
    <p class='ocr_par' dir='ltr' id='par_1_21' title="bbox 2150 755 3724 822">
     <span class='ocr_line' id='line_1_21' title="bbox 2150 755 3724 822; baseline -0.006 -10"><span class='ocrx_word' id='word_1_121' title='bbox 2150 760 2319 812; x_wconf 88' lang='lat' dir='ltr'><strong>sedem</strong></span> <span class='ocrx_word' id='word_1_122' title='bbox 2343 758 2446 810; x_wconf 84' lang='lat' dir='ltr'><strong>alio</strong></span> <span class='ocrx_word' id='word_1_123' title='bbox 2469 759 2676 821; x_wconf 86' lang='lat' dir='ltr'><strong>inloco,</strong></span> <span class='ocrx_word' id='word_1_124' title='bbox 2694 756 2935 820; x_wconf 75' lang='lat' dir='ltr'><strong>Byzantii</strong></span> <span class='ocrx_word' id='word_1_125' title='bbox 2966 757 3187 820; x_wconf 89' lang='lat' dir='ltr'><strong>scilicet,</strong></span> <span class='ocrx_word' id='word_1_126' title='bbox 3206 756 3484 822; x_wconf 72' lang='lat' dir='ltr'><strong>(udi/icore.</strong></span> <span class='ocrx_word' id='word_1_127' title='bbox 3510 755 3572 808; x_wconf 79' lang='lat' dir='ltr'><strong>Et</strong></span> <span class='ocrx_word' id='word_1_128' title='bbox 3600 769 3724 819; x_wconf 69' lang='lat' dir='ltr'><strong>qum.</strong></span> 
     </span>
    </p>
   </div>
   <div class='ocr_carea' id='block_1_22' title="bbox 2152 848 3726 913">
    <p class='ocr_par' dir='ltr' id='par_1_22' title="bbox 2152 848 3726 913">
     <span class='ocr_line' id='line_1_22' title="bbox 2152 848 3726 913; baseline -0.001 -14"><span class='ocrx_word' id='word_1_129' title='bbox 2152 848 2254 901; x_wconf 86' lang='lat' dir='ltr'><strong>alia</strong></span> <span class='ocrx_word' id='word_1_130' title='bbox 2302 848 2519 913; x_wconf 78' lang='lat' dir='ltr'><strong>adjecit,</strong></span> <span class='ocrx_word' id='word_1_131' title='bbox 2554 858 2605 901; x_wconf 86' lang='lat' dir='ltr'><strong>et</strong></span> <span class='ocrx_word' id='word_1_132' title='bbox 2653 850 2717 901; x_wconf 90' lang='lat' dir='ltr'><strong>de</strong></span> <span class='ocrx_word' id='word_1_133' title='bbox 2754 849 3106 902; x_wconf 78' lang='lat' dir='ltr'><strong>conversione</strong></span> <span class='ocrx_word' id='word_1_134' title='bbox 3154 863 3247 907; x_wconf 80' lang='lat' dir='ltr'><strong>sua</strong></span> <span class='ocrx_word' id='word_1_135' title='bbox 3278 863 3525 908; x_wconf 82' lang='lat' dir='ltr'><strong>narrans,</strong></span> <span class='ocrx_word' id='word_1_136' title='bbox 3564 857 3616 899; x_wconf 91' lang='lat' dir='ltr'><strong>et</strong></span> <span class='ocrx_word' id='word_1_137' title='bbox 3660 848 3726 897; x_wconf 87' lang='lat' dir='ltr'><strong>de</strong></span> 
     </span>
    </p>
   </div>
   <div class='ocr_carea' id='block_1_23' title="bbox 2153 939 3724 1006">
    <p class='ocr_par' dir='ltr' id='par_1_23' title="bbox 2153 939 3724 1006">
     <span class='ocr_line' id='line_1_23' title="bbox 2153 939 3724 1006; baseline -0.002 -16"><span class='ocrx_word' id='word_1_138' title='bbox 2153 940 2407 1006; x_wconf 87' lang='lat' dir='ltr'><strong>dignitate</strong></span> <span class='ocrx_word' id='word_1_139' title='bbox 2436 954 2803 993; x_wconf 85' lang='lat' dir='ltr'><strong>successorum</strong></span> <span class='ocrx_word' id='word_1_140' title='bbox 2838 940 2975 992; x_wconf 91' lang='lat' dir='ltr'><strong>beati</strong></span> <span class='ocrx_word' id='word_1_141' title='bbox 3001 939 3143 993; x_wconf 87' lang='lat' dir='ltr'><strong>Petri</strong></span> <span class='ocrx_word' id='word_1_142' title='bbox 3172 940 3347 993; x_wconf 90' lang='lat' dir='ltr'><strong>edicta</strong></span> <span class='ocrx_word' id='word_1_143' title='bbox 3385 952 3724 1005; x_wconf 76' lang='lat' dir='ltr'><strong>proponens,</strong></span> 
     </span>
    </p>
   </div>
   <div class='ocr_carea' id='block_1_24' title="bbox 2153 1027 3731 1098">
    <p class='ocr_par' dir='ltr' id='par_1_24' title="bbox 2153 1027 3731 1098">
     <span class='ocr_line' id='line_1_24' title="bbox 2153 1027 3731 1098; baseline -0.006 -16"><span class='ocrx_word' id='word_1_144' title='bbox 2153 1031 2525 1098; x_wconf 78' lang='lat' dir='ltr'><strong>servandaque</strong></span> <span class='ocrx_word' id='word_1_145' title='bbox 2554 1031 2779 1096; x_wconf 80' lang='lat' dir='ltr'><strong>posteris</strong></span> <span class='ocrx_word' id='word_1_146' title='bbox 2813 1032 3051 1094; x_wconf 89' lang='lat' dir='ltr'><strong>tradens,</strong></span> <span class='ocrx_word' id='word_1_147' title='bbox 3080 1045 3203 1098; x_wconf 81' lang='lat' dir='ltr'><strong>erga</strong></span> <span class='ocrx_word' id='word_1_148' title='bbox 3253 1044 3414 1097; x_wconf 85' lang='lat' dir='ltr'><strong>qnam</strong></span> <span class='ocrx_word' id='word_1_149' title='bbox 3456 1027 3558 1079; x_wconf 87' lang='lat' dir='ltr'><strong>nisi</strong></span> <span class='ocrx_word' id='word_1_150' title='bbox 3597 1040 3731 1080; x_wconf 81' lang='lat' dir='ltr'><strong>sue-</strong></span> 
     </span>
    </p>
   </div>
   <div class='ocr_carea' id='block_1_25' title="bbox 2153 1119 3731 1188">
    <p class='ocr_par' dir='ltr' id='par_1_25' title="bbox 2153 1119 3731 1188">
     <span class='ocr_line' id='line_1_25' title="bbox 2153 1119 3731 1188; baseline -0.001 -16"><span class='ocrx_word' id='word_1_151' title='bbox 2153 1132 2394 1173; x_wconf 86' lang='lat' dir='ltr'><strong>cessores</strong></span> <span class='ocrx_word' id='word_1_152' title='bbox 2441 1119 2652 1188; x_wconf 88' lang='lat' dir='ltr'><strong>imperii</strong></span> <span class='ocrx_word' id='word_1_153' title='bbox 2687 1134 2867 1187; x_wconf 88' lang='lat' dir='ltr'><strong>parem</strong></span> <span class='ocrx_word' id='word_1_154' title='bbox 2917 1121 3267 1175; x_wconf 78' lang='lat' dir='ltr'><strong>reverentiam</strong></span> <span class='ocrx_word' id='word_1_155' title='bbox 3323 1126 3563 1183; x_wconf 78' lang='lat' dir='ltr'><strong>servent,</strong></span> <span class='ocrx_word' id='word_1_156' title='bbox 3610 1127 3731 1170; x_wconf 78' lang='lat' dir='ltr'><strong>sta-</strong></span> 
     </span>
    </p>
   </div>
   <div class='ocr_carea' id='block_1_26' title="bbox 2156 1205 3730 1278">
    <p class='ocr_par' dir='ltr' id='par_1_26' title="bbox 2156 1205 3730 1278">
     <span class='ocr_line' id='line_1_26' title="bbox 2156 1205 3730 1278; baseline -0.003 -17"><span class='ocrx_word' id='word_1_157' title='bbox 2156 1210 2372 1263; x_wconf 80' lang='lat' dir='ltr'><strong>tuendus</strong></span> <span class='ocrx_word' id='word_1_158' title='bbox 2448 1226 2563 1262; x_wconf 84' lang='lat' dir='ltr'><strong>cum</strong></span> <span class='ocrx_word' id='word_1_159' title='bbox 2628 1210 3030 1278; x_wconf 74' lang='lat' dir='ltr'><strong>cruciﬁxoribus</strong></span> <span class='ocrx_word' id='word_1_160' title='bbox 3102 1209 3537 1275; x_wconf 62' lang='lat' dir='ltr'><strong>DOrttittl\itoslrl</strong></span> <span class='ocrx_word' id='word_1_161' title='bbox 3598 1205 3730 1258; x_wconf 84' lang='lat' dir='ltr'><strong>Jesu</strong></span> 
     </span>
    </p>
   </div>
   <div class='ocr_carea' id='block_1_27' title="bbox 2156 1299 3733 1375">
    <p class='ocr_par' dir='ltr' id='par_1_27' title="bbox 2156 1299 3733 1375">
     <span class='ocr_line' id='line_1_27' title="bbox 2156 1299 3733 1375; baseline -0.003 -18"><span class='ocrx_word' id='word_1_162' title='bbox 2156 1305 2382 1365; x_wconf 78' lang='lat' dir='ltr'><strong>Christi,</strong></span> <span class='ocrx_word' id='word_1_163' title='bbox 2440 1305 2805 1375; x_wconf 86' lang='lat' dir='ltr'><strong>beatorumque</strong></span> <span class='ocrx_word' id='word_1_164' title='bbox 2854 1304 3207 1370; x_wconf 75' lang='lat' dir='ltr'><strong>apostolorum</strong></span> <span class='ocrx_word' id='word_1_165' title='bbox 3264 1301 3409 1372; x_wconf 65' lang='lat' dir='ltr'><strong>Pgtri</strong></span> <span class='ocrx_word' id='word_1_166' title='bbox 3466 1312 3514 1355; x_wconf 87' lang='lat' dir='ltr'><strong>et</strong></span> <span class='ocrx_word' id='word_1_167' title='bbox 3567 1299 3733 1353; x_wconf 84' lang='lat' dir='ltr'><strong>Pauli</strong></span> 
     </span>
    </p>
   </div>
   <div class='ocr_carea' id='block_1_28' title="bbox 2157 1395 3159 1465">
    <p class='ocr_par' dir='ltr' id='par_1_28' title="bbox 2157 1395 3159 1465">
     <span class='ocr_line' id='line_1_28' title="bbox 2157 1395 3159 1465; baseline 0 -18"><span class='ocrx_word' id='word_1_168' title='bbox 2157 1395 2461 1448; x_wconf 81' lang='lat' dir='ltr'><strong>incursuros</strong></span> <span class='ocrx_word' id='word_1_169' title='bbox 2491 1396 2898 1465; x_wconf 82' lang='lat' dir='ltr'><strong>indignationem</strong></span> <span class='ocrx_word' id='word_1_170' title='bbox 2939 1396 3159 1449; x_wconf 85' lang='lat' dir='ltr'><strong>indicat.</strong></span> 
     </span>
    </p>
   </div>
   <div class='ocr_carea' id='block_1_29' title="bbox 2229 1482 3733 1540">
    <p class='ocr_par' dir='ltr' id='par_1_29' title="bbox 2229 1482 3733 1540">
     <span class='ocr_line' id='line_1_29' title="bbox 2229 1482 3733 1540; baseline -0.005 -1"><span class='ocrx_word' id='word_1_171' title='bbox 2229 1485 2429 1539; x_wconf 70' lang='lat' dir='ltr'><strong>Prmtcr</strong></span> <span class='ocrx_word' id='word_1_172' title='bbox 2462 1496 2651 1539; x_wconf 75' lang='lat' dir='ltr'><strong>rmtera</strong></span> <span class='ocrx_word' id='word_1_173' title='bbox 2685 1487 2827 1539; x_wconf 89' lang='lat' dir='ltr'><strong>enim</strong></span> <span class='ocrx_word' id='word_1_174' title='bbox 2865 1501 3049 1540; x_wconf 88' lang='lat' dir='ltr'><strong>rursus</strong></span> <span class='ocrx_word' id='word_1_175' title='bbox 3096 1494 3148 1538; x_wconf 89' lang='lat' dir='ltr'><strong>et</strong></span> <span class='ocrx_word' id='word_1_176' title='bbox 3182 1485 3283 1539; x_wconf 93' lang='lat' dir='ltr'><strong>hoc</strong></span> <span class='ocrx_word' id='word_1_177' title='bbox 3314 1484 3387 1537; x_wconf 86' lang='lat' dir='ltr'><strong>ait</strong></span> <span class='ocrx_word' id='word_1_178' title='bbox 3421 1500 3435 1537; x_wconf 90' lang='lat'>:</span> <span class='ocrx_word' id='word_1_179' title='bbox 3473 1482 3733 1536; x_wconf 81' lang='lat' dir='ltr'><strong>Ordinem</strong></span> 
     </span>
    </p>
   </div>
   <div class='ocr_carea' id='block_1_30' title="bbox 2159 1574 3740 1645">
    <p class='ocr_par' dir='ltr' id='par_1_30' title="bbox 2159 1574 3740 1645">
     <span class='ocr_line' id='line_1_30' title="bbox 2159 1574 3740 1645; baseline -0.004 -14"><span class='ocrx_word' id='word_1_180' title='bbox 2159 1577 2405 1631; x_wconf 76' lang='lat' dir='ltr'><strong>stratoris</strong></span> <span class='ocrx_word' id='word_1_181' title='bbox 2453 1592 2543 1629; x_wconf 88' lang='lat' dir='ltr'><strong>nos</strong></span> <span class='ocrx_word' id='word_1_182' title='bbox 2573 1576 2720 1628; x_wconf 85' lang='lat' dir='ltr'><strong>beato</strong></span> <span class='ocrx_word' id='word_1_183' title='bbox 2765 1574 3028 1645; x_wconf 81' lang='lat' dir='ltr'><strong>Sylvestro</strong></span> <span class='ocrx_word' id='word_1_184' title='bbox 3093 1590 3244 1644; x_wconf 61' lang='lat' dir='ltr'><strong>papa!</strong></span> <span class='ocrx_word' id='word_1_185' title='bbox 3300 1575 3595 1631; x_wconf 78' lang='lat' dir='ltr'><strong>successori</strong></span> <span class='ocrx_word' id='word_1_186' title='bbox 3616 1575 3740 1625; x_wconf 81' lang='lat' dir='ltr'><strong>bea—</strong></span> 
     </span>
    </p>
   </div>
   <div class='ocr_carea' id='block_1_31' title="bbox 2161 1665 3739 1736">
    <p class='ocr_par' dir='ltr' id='par_1_31' title="bbox 2161 1665 3739 1736">
     <span class='ocr_line' id='line_1_31' title="bbox 2161 1665 3739 1736; baseline -0.002 -17"><span class='ocrx_word' id='word_1_187' title='bbox 2161 1667 2346 1719; x_wconf 80' lang='lat' dir='ltr'><strong>tissimi</strong></span> <span class='ocrx_word' id='word_1_188' title='bbox 2401 1669 2500 1719; x_wconf 86' lang='lat' dir='ltr'><strong>mei</strong></span> <span class='ocrx_word' id='word_1_189' title='bbox 2546 1666 2687 1719; x_wconf 89' lang='lat' dir='ltr'><strong>Petri</strong></span> <span class='ocrx_word' id='word_1_190' title='bbox 2738 1668 2963 1736; x_wconf 86' lang='lat' dir='ltr'><strong>apostoli</strong></span> <span class='ocrx_word' id='word_1_191' title='bbox 3009 1666 3190 1720; x_wconf 76' lang='lat' dir='ltr'><strong>vicarii</strong></span> <span class='ocrx_word' id='word_1_192' title='bbox 3232 1665 3425 1720; x_wconf 85' lang='lat' dir='ltr'><strong>Christi</strong></span> <span class='ocrx_word' id='word_1_193' title='bbox 3483 1665 3739 1733; x_wconf 78' lang='lat' dir='ltr'><strong>implevi-</strong></span> 
     </span>
    </p>
   </div>
   <div class='ocr_carea' id='block_1_32' title="bbox 499 1740 2306 1835">
    <p class='ocr_par' dir='ltr' id='par_1_32' title="bbox 499 1740 2306 1835">
     <span class='ocr_line' id='line_1_32' title="bbox 499 1740 2306 1835; baseline 0.004 -42"><span class='ocrx_word' id='word_1_194' title='bbox 499 1743 671 1797; x_wconf 87' lang='lat' dir='ltr'><strong>modis</strong></span> <span class='ocrx_word' id='word_1_195' title='bbox 750 1744 1001 1798; x_wconf 91' lang='lat' dir='ltr'><strong>omnibus</strong></span> <span class='ocrx_word' id='word_1_196' title='bbox 1088 1746 1405 1799; x_wconf 86' lang='lat' dir='ltr'><strong>servandum</strong></span> <span class='ocrx_word' id='word_1_197' title='bbox 1487 1740 1820 1800; x_wconf 80' lang='lat' dir='ltr'><strong>tradidisse?</strong></span> <span class='ocrx_word' id='word_1_198' title='bbox 1878 1746 2058 1813; x_wconf 82' lang='lat' dir='ltr'><strong>Atque</strong></span> <span class='ocrx_word' id='word_1_199' title='bbox 2097 1772 2306 1835; x_wconf 68' lang='lat' dir='ltr'><strong>8mm,</strong></span> 
     </span>
    </p>
   </div>
   <div class='ocr_carea' id='block_1_33' title="bbox 500 1834 2064 1905">
    <p class='ocr_par' dir='ltr' id='par_1_33' title="bbox 500 1834 2064 1905">
     <span class='ocr_line' id='line_1_33' title="bbox 500 1834 2064 1905; baseline 0.002 -20"><span class='ocrx_word' id='word_1_200' title='bbox 500 1836 839 1903; x_wconf 82' lang='lat' dir='ltr'><strong>apponebant</strong></span> <span class='ocrx_word' id='word_1_201' title='bbox 868 1834 942 1889; x_wconf 86' lang='lat' dir='ltr'><strong>illi</strong></span> <span class='ocrx_word' id='word_1_202' title='bbox 978 1834 1217 1905; x_wconf 87' lang='lat' dir='ltr'><strong>quidem,</strong></span> <span class='ocrx_word' id='word_1_203' title='bbox 1258 1836 1349 1902; x_wconf 88' lang='lat' dir='ltr'><strong>qui</strong></span> <span class='ocrx_word' id='word_1_204' title='bbox 1393 1835 1759 1899; x_wconf 80' lang='lat' dir='ltr'><strong>crediderant,</strong></span> <span class='ocrx_word' id='word_1_205' title='bbox 1807 1836 2064 1904; x_wconf 87' lang='lat' dir='ltr'><strong>pecunias</strong></span> 
     </span>
    </p>
   </div>
   <div class='ocr_carea' id='block_1_34' title="bbox 501 1923 2052 1995">
    <p class='ocr_par' dir='ltr' id='par_1_34' title="bbox 501 1923 2052 1995">
     <span class='ocr_line' id='line_1_34' title="bbox 501 1923 2052 1995; baseline 0.003 -20"><span class='ocrx_word' id='word_1_206' title='bbox 501 1923 569 1977; x_wconf 90' lang='lat' dir='ltr'><strong>ad</strong></span> <span class='ocrx_word' id='word_1_207' title='bbox 611 1924 772 1991; x_wconf 87' lang='lat' dir='ltr'><strong>pedes</strong></span> <span class='ocrx_word' id='word_1_208' title='bbox 801 1925 1164 1989; x_wconf 88' lang='lat' dir='ltr'><strong>apostolorum</strong></span> <span class='ocrx_word' id='word_1_209' title='bbox 1198 1942 1213 1989; x_wconf 90' lang='lat'><strong>;</strong></span> <span class='ocrx_word' id='word_1_210' title='bbox 1251 1924 1442 1980; x_wconf 86' lang='lat' dir='ltr'><strong>Petrus</strong></span> <span class='ocrx_word' id='word_1_211' title='bbox 1477 1936 1654 1981; x_wconf 89' lang='lat' dir='ltr'><strong>autem</strong></span> <span class='ocrx_word' id='word_1_212' title='bbox 1685 1942 1780 1981; x_wconf 89' lang='lat' dir='ltr'><strong>eos</strong></span> <span class='ocrx_word' id='word_1_213' title='bbox 1810 1926 1899 1995; x_wconf 87' lang='lat' dir='ltr'><strong>qui</strong></span> <span class='ocrx_word' id='word_1_214' title='bbox 1941 1926 2052 1981; x_wconf 87' lang='lat' dir='ltr'><strong>Deo</strong></span> 
     </span>
    </p>
   </div>
   <div class='ocr_carea' id='block_1_35' title="bbox 503 2013 2069 2086">
    <p class='ocr_par' dir='ltr' id='par_1_35' title="bbox 503 2013 2069 2086">
     <span class='ocr_line' id='line_1_35' title="bbox 503 2013 2069 2086; baseline 0.001 -17"><span class='ocrx_word' id='word_1_215' title='bbox 503 2016 713 2069; x_wconf 88' lang='lat' dir='ltr'><strong>mentiti</strong></span> <span class='ocrx_word' id='word_1_216' title='bbox 765 2013 1021 2081; x_wconf 82' lang='lat' dir='ltr'><strong>fuerant,</strong></span> <span class='ocrx_word' id='word_1_217' title='bbox 1084 2015 1347 2070; x_wconf 80' lang='lat' dir='ltr'><strong>Anauiam</strong></span> <span class='ocrx_word' id='word_1_218' title='bbox 1404 2027 1459 2072; x_wconf 88' lang='lat' dir='ltr'><strong>et</strong></span> <span class='ocrx_word' id='word_1_219' title='bbox 1518 2016 1859 2086; x_wconf 84' lang='lat' dir='ltr'><strong>Sapphiram,</strong></span> <span class='ocrx_word' id='word_1_220' title='bbox 1908 2016 2069 2073; x_wconf 86' lang='lat' dir='ltr'><strong>simul</strong></span> 
     </span>
    </p>
   </div>
   <div class='ocr_carea' id='block_1_36' title="bbox 505 2108 2073 2180">
    <p class='ocr_par' dir='ltr' id='par_1_36' title="bbox 505 2108 2073 2180">
     <span class='ocr_line' id='line_1_36' title="bbox 505 2108 2073 2180; baseline 0.002 -20"><span class='ocrx_word' id='word_1_221' title='bbox 505 2108 742 2178; x_wconf 89' lang='lat' dir='ltr'><strong>reliquos</strong></span> <span class='ocrx_word' id='word_1_222' title='bbox 787 2108 1083 2162; x_wconf 87' lang='lat' dir='ltr'><strong>admonens</strong></span> <span class='ocrx_word' id='word_1_223' title='bbox 1117 2123 1197 2179; x_wconf 31' lang='lat' dir='ltr'><strong>ac.</strong></span> <span class='ocrx_word' id='word_1_224' title='bbox 1226 2108 1505 2180; x_wconf 77' lang='lat' dir='ltr'><strong>malignari</strong></span> <span class='ocrx_word' id='word_1_225' title='bbox 1537 2111 1846 2178; x_wconf 89' lang='lat' dir='ltr'><strong>prohibens,</strong></span> <span class='ocrx_word' id='word_1_226' title='bbox 1878 2111 1985 2165; x_wconf 81' lang='lat' dir='ltr'><strong>dux</strong></span> <span class='ocrx_word' id='word_1_227' title='bbox 2017 2119 2073 2163; x_wconf 90' lang='lat' dir='ltr'><strong>et</strong></span> 
     </span>
    </p>
   </div>
   <div class='ocr_carea' id='block_1_37' title="bbox 504 2192 2071 2259">
    <p class='ocr_par' dir='ltr' id='par_1_37' title="bbox 504 2192 2071 2259">
     <span class='ocr_line' id='line_1_37' title="bbox 504 2192 2071 2259; baseline 0.004 -14"><span class='ocrx_word' id='word_1_228' title='bbox 504 2192 666 2259; x_wconf 83' lang='lat' dir='ltr'><strong>judex</strong></span> <span class='ocrx_word' id='word_1_229' title='bbox 736 2195 981 2251; x_wconf 81' lang='lat' dir='ltr'><strong>veritatis</strong></span> <span class='ocrx_word' id='word_1_230' title='bbox 1057 2204 1284 2259; x_wconf 86' lang='lat' dir='ltr'><strong>astans,</strong></span> <span class='ocrx_word' id='word_1_231' title='bbox 1355 2197 1545 2251; x_wconf 88' lang='lat' dir='ltr'><strong>mortis</strong></span> <span class='ocrx_word' id='word_1_232' title='bbox 1609 2198 1873 2253; x_wconf 91' lang='lat' dir='ltr'><strong>sententia</strong></span> <span class='ocrx_word' id='word_1_233' title='bbox 1932 2198 2071 2253; x_wconf 84' lang='lat' dir='ltr'><strong>mul-</strong></span> 
     </span>
    </p>
   </div>
   <div class='ocr_carea' id='block_1_38' title="bbox 508 2283 663 2339">
    <p class='ocr_par' dir='ltr' id='par_1_38' title="bbox 508 2283 663 2339">
     <span class='ocr_line' id='line_1_38' title="bbox 508 2283 663 2339; baseline 0.019 -3"><span class='ocrx_word' id='word_1_234' title='bbox 508 2283 663 2339; x_wconf 82' lang='lat' dir='ltr'><strong>tavit.</strong></span> 
     </span>
    </p>
   </div>
   <div class='ocr_carea' id='block_1_39' title="bbox 580 2395 2071 2467">
    <p class='ocr_par' dir='ltr' id='par_1_39' title="bbox 580 2395 2071 2467">
     <span class='ocr_line' id='line_1_39' title="bbox 580 2395 2071 2467; baseline 0.006 -18"><span class='ocrx_word' id='word_1_235' title='bbox 580 2395 854 2465; x_wconf 87' lang='lat' dir='ltr'><strong>Scriptum</strong></span> <span class='ocrx_word' id='word_1_236' title='bbox 904 2406 989 2453; x_wconf 88' lang='lat' dir='ltr'><strong>est</strong></span> <span class='ocrx_word' id='word_1_237' title='bbox 1037 2408 1213 2453; x_wconf 88' lang='lat' dir='ltr'><strong>autem</strong></span> <span class='ocrx_word' id='word_1_238' title='bbox 1263 2408 1317 2455; x_wconf 89' lang='lat' dir='ltr'><strong>et</strong></span> <span class='ocrx_word' id='word_1_239' title='bbox 1366 2399 1418 2454; x_wconf 93' lang='lat' dir='ltr'><strong>in</strong></span> <span class='ocrx_word' id='word_1_240' title='bbox 1449 2400 1672 2455; x_wconf 83' lang='lat' dir='ltr'><strong>historia</strong></span> <span class='ocrx_word' id='word_1_241' title='bbox 1730 2401 2021 2457; x_wconf 82' lang='lat' dir='ltr'><strong>Clementis</strong></span> <span class='ocrx_word' id='word_1_242' title='bbox 2054 2441 2071 2467; x_wconf 88' lang='lat'><strong>,</strong></span> 
     </span>
    </p>
   </div>
   <div class='ocr_carea' id='block_1_40' title="bbox 511 2483 2073 2557">
    <p class='ocr_par' dir='ltr' id='par_1_40' title="bbox 511 2483 2073 2557">
     <span class='ocr_line' id='line_1_40' title="bbox 511 2483 2073 2557; baseline 0.007 -23"><span class='ocrx_word' id='word_1_243' title='bbox 511 2483 604 2550; x_wconf 89' lang='lat' dir='ltr'><strong>qui</strong></span> <span class='ocrx_word' id='word_1_244' title='bbox 644 2492 763 2551; x_wconf 91' lang='lat' dir='ltr'><strong>post</strong></span> <span class='ocrx_word' id='word_1_245' title='bbox 790 2483 1012 2539; x_wconf 91' lang='lat' dir='ltr'><strong>Petrum</strong></span> <span class='ocrx_word' id='word_1_246' title='bbox 1057 2501 1341 2541; x_wconf 88' lang='lat' dir='ltr'><strong>successor</strong></span> <span class='ocrx_word' id='word_1_247' title='bbox 1369 2486 1484 2553; x_wconf 88' lang='lat' dir='ltr'><strong>ejus</strong></span> <span class='ocrx_word' id='word_1_248' title='bbox 1527 2487 1646 2552; x_wconf 91' lang='lat' dir='ltr'><strong>fuit,</strong></span> <span class='ocrx_word' id='word_1_249' title='bbox 1679 2490 1817 2557; x_wconf 89' lang='lat' dir='ltr'><strong>quod</strong></span> <span class='ocrx_word' id='word_1_250' title='bbox 1854 2506 1974 2545; x_wconf 92' lang='lat' dir='ltr'><strong>cum</strong></span> <span class='ocrx_word' id='word_1_251' title='bbox 2005 2506 2073 2545; x_wconf 82' lang='lat' dir='ltr'><strong>ex</strong></span> 
     </span>
    </p>
   </div>
   <div class='ocr_carea' id='block_1_41' title="bbox 510 2576 2073 2649">
    <p class='ocr_par' dir='ltr' id='par_1_41' title="bbox 510 2576 2073 2649">
     <span class='ocr_line' id='line_1_41' title="bbox 510 2576 2073 2649; baseline 0.006 -22"><span class='ocrx_word' id='word_1_252' title='bbox 510 2578 616 2629; x_wconf 90' lang='lat' dir='ltr'><strong>hac</strong></span> <span class='ocrx_word' id='word_1_253' title='bbox 644 2576 748 2629; x_wconf 84' lang='lat' dir='ltr'><strong>vita</strong></span> <span class='ocrx_word' id='word_1_254' title='bbox 793 2576 981 2631; x_wconf 89' lang='lat' dir='ltr'><strong>Petrus</strong></span> <span class='ocrx_word' id='word_1_255' title='bbox 1034 2577 1378 2635; x_wconf 83' lang='lat' dir='ltr'><strong>beatissimus</strong></span> <span class='ocrx_word' id='word_1_256' title='bbox 1434 2581 1759 2649; x_wconf 81' lang='lat' dir='ltr'><strong>migraturus</strong></span> <span class='ocrx_word' id='word_1_257' title='bbox 1807 2591 1954 2638; x_wconf 86' lang='lat' dir='ltr'><strong>esset</strong></span> <span class='ocrx_word' id='word_1_258' title='bbox 2006 2585 2073 2636; x_wconf 88' lang='lat' dir='ltr'><strong>ad</strong></span> 
     </span>
    </p>
   </div>
   <div class='ocr_carea' id='block_1_42' title="bbox 511 2666 2074 2743">
    <p class='ocr_par' dir='ltr' id='par_1_42' title="bbox 511 2666 2074 2743">
     <span class='ocr_line' id='line_1_42' title="bbox 511 2666 2074 2743; baseline 0.007 -24"><span class='ocrx_word' id='word_1_259' title='bbox 511 2666 827 2733; x_wconf 90' lang='lat' dir='ltr'><strong>Dominum,</strong></span> <span class='ocrx_word' id='word_1_260' title='bbox 875 2668 1202 2725; x_wconf 87' lang='lat' dir='ltr'><strong>Clementem</strong></span> <span class='ocrx_word' id='word_1_261' title='bbox 1280 2673 1596 2738; x_wconf 82' lang='lat' dir='ltr'><strong>advocatis,</strong></span> <span class='ocrx_word' id='word_1_262' title='bbox 1655 2674 1752 2743; x_wconf 87' lang='lat' dir='ltr'><strong>ipsi</strong></span> <span class='ocrx_word' id='word_1_263' title='bbox 1813 2676 2074 2742; x_wconf 84' lang='lat' dir='ltr'><strong>tradidit,</strong></span> 
     </span>
    </p>
   </div>
   <div class='ocr_carea' id='block_1_43' title="bbox 512 2760 2073 2834">
    <p class='ocr_par' dir='ltr' id='par_1_43' title="bbox 512 2760 2073 2834">
     <span class='ocr_line' id='line_1_43' title="bbox 512 2760 2073 2834; baseline 0.008 -27"><span class='ocrx_word' id='word_1_264' title='bbox 512 2771 672 2823; x_wconf 84' lang='lat' dir='ltr'><strong>quem</strong></span> <span class='ocrx_word' id='word_1_265' title='bbox 724 2769 1003 2827; x_wconf 87' lang='lat' dir='ltr'><strong>acceperat</strong></span> <span class='ocrx_word' id='word_1_266' title='bbox 1032 2776 1062 2815; x_wconf 89' lang='lat' dir='ltr'><strong>a</strong></span> <span class='ocrx_word' id='word_1_267' title='bbox 1106 2760 1350 2826; x_wconf 89' lang='lat' dir='ltr'><strong>Domino,</strong></span> <span class='ocrx_word' id='word_1_268' title='bbox 1412 2763 1662 2818; x_wconf 70' lang='lat' dir='ltr'><strong>Ecclesia:</strong></span> <span class='ocrx_word' id='word_1_269' title='bbox 1697 2765 2073 2834; x_wconf 87' lang='lat' dir='ltr'><strong>principatum,</strong></span> 
     </span>
    </p>
   </div>
   <div class='ocr_carea' id='block_1_44' title="bbox 512 2847 2078 2920">
    <p class='ocr_par' dir='ltr' id='par_1_44' title="bbox 512 2847 2078 2920">
     <span class='ocr_line' id='line_1_44' title="bbox 512 2847 2078 2920; baseline 0.007 -19"><span class='ocrx_word' id='word_1_270' title='bbox 512 2847 803 2919; x_wconf 81' lang='lat' dir='ltr'><strong>ﬁdelesque</strong></span> <span class='ocrx_word' id='word_1_271' title='bbox 859 2851 1154 2920; x_wconf 66' lang='lat' dir='ltr'><strong>aequaliter,</strong></span> <span class='ocrx_word' id='word_1_272' title='bbox 1204 2862 1262 2905; x_wconf 91' lang='lat' dir='ltr'><strong>ut</strong></span> <span class='ocrx_word' id='word_1_273' title='bbox 1297 2853 1398 2909; x_wconf 87' lang='lat' dir='ltr'><strong>sibi</strong></span> <span class='ocrx_word' id='word_1_274' title='bbox 1429 2855 1646 2916; x_wconf 86' lang='lat' dir='ltr'><strong>viventi,</strong></span> <span class='ocrx_word' id='word_1_275' title='bbox 1680 2855 1841 2910; x_wconf 89' lang='lat' dir='ltr'><strong>veluti</strong></span> <span class='ocrx_word' id='word_1_276' title='bbox 1892 2856 2078 2912; x_wconf 88' lang='lat' dir='ltr'><strong>Eccle-</strong></span> 
     </span>
    </p>
   </div>
   <div class='ocr_carea' id='block_1_45' title="bbox 513 2936 2078 3008">
    <p class='ocr_par' dir='ltr' id='par_1_45' title="bbox 513 2936 2078 3008">
     <span class='ocr_line' id='line_1_45' title="bbox 513 2936 2078 3008; baseline 0.004 -15"><span class='ocrx_word' id='word_1_277' title='bbox 513 2941 611 2993; x_wconf 71' lang='lat' dir='ltr'><strong>sia:</strong></span> <span class='ocrx_word' id='word_1_278' title='bbox 640 2940 869 3008; x_wconf 89' lang='lat' dir='ltr'><strong>principi</strong></span> <span class='ocrx_word' id='word_1_279' title='bbox 906 2936 1136 2997; x_wconf 83' lang='lat' dir='ltr'><strong>eatenus</strong></span> <span class='ocrx_word' id='word_1_280' title='bbox 1172 2944 1535 3007; x_wconf 87' lang='lat' dir='ltr'><strong>intenderant,</strong></span> <span class='ocrx_word' id='word_1_281' title='bbox 1573 2945 1644 2999; x_wconf 91' lang='lat' dir='ltr'><strong>ita</strong></span> <span class='ocrx_word' id='word_1_282' title='bbox 1689 2955 1742 2999; x_wconf 92' lang='lat' dir='ltr'><strong>et</strong></span> <span class='ocrx_word' id='word_1_283' title='bbox 1783 2946 1847 3000; x_wconf 88' lang='lat' dir='ltr'><strong>ad</strong></span> <span class='ocrx_word' id='word_1_284' title='bbox 1909 2947 2078 3008; x_wconf 87' lang='lat' dir='ltr'><strong>illum.</strong></span> 
     </span>
    </p>
   </div>
   <div class='ocr_carea' id='block_1_46' title="bbox 517 3026 2075 3107">
    <p class='ocr_par' dir='ltr' id='par_1_46' title="bbox 517 3026 2075 3107">
     <span class='ocr_line' id='line_1_46' title="bbox 517 3026 2075 3107; baseline 0.008 -27"><span class='ocrx_word' id='word_1_285' title='bbox 517 3040 577 3084; x_wconf 89' lang='lat' dir='ltr'><strong>nt</strong></span> <span class='ocrx_word' id='word_1_286' title='bbox 621 3047 799 3095; x_wconf 90' lang='lat' dir='ltr'><strong>suum,</strong></span> <span class='ocrx_word' id='word_1_287' title='bbox 840 3046 904 3086; x_wconf 90' lang='lat' dir='ltr'><strong>ae</strong></span> <span class='ocrx_word' id='word_1_288' title='bbox 946 3034 1222 3102; x_wconf 81' lang='lat' dir='ltr'><strong>dignitatis</strong></span> <span class='ocrx_word' id='word_1_289' title='bbox 1259 3026 1372 3089; x_wconf 63' lang='lat' dir='ltr'><strong>suae</strong></span> <span class='ocrx_word' id='word_1_290' title='bbox 1415 3050 1782 3091; x_wconf 85' lang='lat' dir='ltr'><strong>successorem</strong></span> <span class='ocrx_word' id='word_1_291' title='bbox 1830 3038 2075 3107; x_wconf 82' lang='lat' dir='ltr'><strong>aspicere</strong></span> 
     </span>
    </p>
   </div>
   <div class='ocr_carea' id='block_1_47' title="bbox 2239 1846 3741 1916">
    <p class='ocr_par' dir='ltr' id='par_1_47' title="bbox 2239 1846 3741 1916">
     <span class='ocr_line' id='line_1_47' title="bbox 2239 1846 3741 1916; baseline 0 -17"><span class='ocrx_word' id='word_1_292' title='bbox 2239 1846 2364 1902; x_wconf 59' lang='lat' dir='ltr'><strong>[late</strong></span> <span class='ocrx_word' id='word_1_293' title='bbox 2401 1856 2455 1902; x_wconf 90' lang='lat' dir='ltr'><strong>et</strong></span> <span class='ocrx_word' id='word_1_294' title='bbox 2487 1848 2540 1902; x_wconf 91' lang='lat' dir='ltr'><strong>hi</strong></span> <span class='ocrx_word' id='word_1_295' title='bbox 2586 1849 2675 1916; x_wconf 89' lang='lat' dir='ltr'><strong>qui</strong></span> <span class='ocrx_word' id='word_1_296' title='bbox 2722 1857 2905 1916; x_wconf 88' lang='lat' dir='ltr'><strong>postea</strong></span> <span class='ocrx_word' id='word_1_297' title='bbox 2937 1847 3084 1902; x_wconf 90' lang='lat' dir='ltr'><strong>fuere</strong></span> <span class='ocrx_word' id='word_1_298' title='bbox 3116 1847 3541 1902; x_wconf 78' lang='lat' dir='ltr'><strong>Christianorum</strong></span> <span class='ocrx_word' id='word_1_299' title='bbox 3581 1862 3741 1915; x_wconf 74' lang='lat' dir='ltr'><strong>reges</strong></span> 
     </span>
    </p>
   </div>
   <div class='ocr_carea' id='block_1_48' title="bbox 2169 1938 3738 2007">
    <p class='ocr_par' dir='ltr' id='par_1_48' title="bbox 2169 1938 3738 2007">
     <span class='ocr_line' id='line_1_48' title="bbox 2169 1938 3738 2007; baseline -0.003 -17"><span class='ocrx_word' id='word_1_300' title='bbox 2169 1948 2540 2005; x_wconf 82' lang='lat' dir='ltr'><strong>agnoscentes,</strong></span> <span class='ocrx_word' id='word_1_301' title='bbox 2573 1948 2731 2007; x_wconf 86' lang='lat' dir='ltr'><strong>atque</strong></span> <span class='ocrx_word' id='word_1_302' title='bbox 2762 1938 2813 1991; x_wconf 92' lang='lat' dir='ltr'><strong>in</strong></span> <span class='ocrx_word' id='word_1_303' title='bbox 2846 1939 2928 1992; x_wconf 90' lang='lat' dir='ltr'><strong>bis</strong></span> <span class='ocrx_word' id='word_1_304' title='bbox 2960 1952 3177 1992; x_wconf 89' lang='lat' dir='ltr'><strong>manere</strong></span> <span class='ocrx_word' id='word_1_305' title='bbox 3209 1940 3401 1999; x_wconf 79' lang='lat' dir='ltr'><strong>coacti,</strong></span> <span class='ocrx_word' id='word_1_306' title='bbox 3461 1939 3738 2005; x_wconf 76' lang='lat' dir='ltr'><strong>siquidem</strong></span> 
     </span>
    </p>
   </div>
   <div class='ocr_carea' id='block_1_49' title="bbox 2170 2027 3741 2097">
    <p class='ocr_par' dir='ltr' id='par_1_49' title="bbox 2170 2027 3741 2097">
     <span class='ocr_line' id='line_1_49' title="bbox 2170 2027 3741 2097; baseline -0.001 -17"><span class='ocrx_word' id='word_1_307' title='bbox 2170 2027 2411 2082; x_wconf 67' lang='lat' dir='ltr'><strong>haeretici</strong></span> <span class='ocrx_word' id='word_1_308' title='bbox 2460 2028 2708 2095; x_wconf 77' lang='lat' dir='ltr'><strong>fuissent,</strong></span> <span class='ocrx_word' id='word_1_309' title='bbox 2748 2027 2976 2081; x_wconf 83' lang='lat' dir='ltr'><strong>Romani</strong></span> <span class='ocrx_word' id='word_1_310' title='bbox 3023 2028 3257 2097; x_wconf 88' lang='lat' dir='ltr'><strong>episcopi</strong></span> <span class='ocrx_word' id='word_1_311' title='bbox 3294 2030 3643 2090; x_wconf 83' lang='lat' dir='ltr'><strong>sententiam,</strong></span> <span class='ocrx_word' id='word_1_312' title='bbox 3690 2029 3741 2078; x_wconf 91' lang='lat' dir='ltr'><strong>in</strong></span> 
     </span>
    </p>
   </div>
   <div class='ocr_carea' id='block_1_50' title="bbox 2171 2118 3744 2188">
    <p class='ocr_par' dir='ltr' id='par_1_50' title="bbox 2171 2118 3744 2188">
     <span class='ocr_line' id='line_1_50' title="bbox 2171 2118 3744 2188; baseline -0.001 -16"><span class='ocrx_word' id='word_1_313' title='bbox 2171 2118 2369 2186; x_wconf 87' lang='lat' dir='ltr'><strong>quibus</strong></span> <span class='ocrx_word' id='word_1_314' title='bbox 2430 2126 2697 2188; x_wconf 90' lang='lat' dir='ltr'><strong>poterant,</strong></span> <span class='ocrx_word' id='word_1_315' title='bbox 2757 2132 2938 2172; x_wconf 87' lang='lat' dir='ltr'><strong>secum</strong></span> <span class='ocrx_word' id='word_1_316' title='bbox 2989 2118 3189 2173; x_wconf 86' lang='lat' dir='ltr'><strong>habere</strong></span> <span class='ocrx_word' id='word_1_317' title='bbox 3246 2119 3421 2172; x_wconf 89' lang='lat' dir='ltr'><strong>modis</strong></span> <span class='ocrx_word' id='word_1_318' title='bbox 3482 2119 3744 2171; x_wconf 86' lang='lat' dir='ltr'><strong>omnibus</strong></span> 
     </span>
    </p>
   </div>
   <div class='ocr_carea' id='block_1_51' title="bbox 2173 2206 3746 2276">
    <p class='ocr_par' dir='ltr' id='par_1_51' title="bbox 2173 2206 3746 2276">
     <span class='ocr_line' id='line_1_51' title="bbox 2173 2206 3746 2276; baseline -0.003 -15"><span class='ocrx_word' id='word_1_319' title='bbox 2173 2207 2558 2269; x_wconf 87' lang='lat' dir='ltr'><strong>moliebantur,</strong></span> <span class='ocrx_word' id='word_1_320' title='bbox 2598 2206 2912 2275; x_wconf 87' lang='lat' dir='ltr'><strong>dignitatem</strong></span> <span class='ocrx_word' id='word_1_321' title='bbox 2942 2206 3059 2276; x_wconf 86' lang='lat' dir='ltr'><strong>ejus</strong></span> <span class='ocrx_word' id='word_1_322' title='bbox 3092 2206 3254 2274; x_wconf 89' lang='lat' dir='ltr'><strong>probe</strong></span> <span class='ocrx_word' id='word_1_323' title='bbox 3286 2206 3537 2267; x_wconf 83' lang='lat' dir='ltr'><strong>scientes,</strong></span> <span class='ocrx_word' id='word_1_324' title='bbox 3570 2214 3746 2269; x_wconf 81' lang='lat' dir='ltr'><strong>utque</strong></span> 
     </span>
    </p>
   </div>
   <div class='ocr_carea' id='block_1_52' title="bbox 2174 2296 3744 2365">
    <p class='ocr_par' dir='ltr' id='par_1_52' title="bbox 2174 2296 3744 2365">
     <span class='ocr_line' id='line_1_52' title="bbox 2174 2296 3744 2365; baseline -0.002 -13"><span class='ocrx_word' id='word_1_325' title='bbox 2174 2297 2445 2352; x_wconf 79' lang='lat' dir='ltr'><strong>sulliceret</strong></span> <span class='ocrx_word' id='word_1_326' title='bbox 2493 2296 2559 2350; x_wconf 88' lang='lat' dir='ltr'><strong>ad</strong></span> <span class='ocrx_word' id='word_1_327' title='bbox 2607 2296 2786 2351; x_wconf 91' lang='lat' dir='ltr'><strong>omnia</strong></span> <span class='ocrx_word' id='word_1_328' title='bbox 2845 2299 3111 2351; x_wconf 81' lang='lat' dir='ltr'><strong>sententia</strong></span> <span class='ocrx_word' id='word_1_329' title='bbox 3161 2297 3337 2362; x_wconf 87' lang='lat' dir='ltr'><strong>illius;</strong></span> <span class='ocrx_word' id='word_1_330' title='bbox 3394 2308 3548 2365; x_wconf 88' lang='lat' dir='ltr'><strong>turpe</strong></span> <span class='ocrx_word' id='word_1_331' title='bbox 3596 2299 3744 2350; x_wconf 88' lang='lat' dir='ltr'><strong>enim</strong></span> 
     </span>
    </p>
   </div>
   <div class='ocr_carea' id='block_1_53' title="bbox 2173 2387 3748 2458">
    <p class='ocr_par' dir='ltr' id='par_1_53' title="bbox 2173 2387 3748 2458">
     <span class='ocr_line' id='line_1_53' title="bbox 2173 2387 3748 2458; baseline 0 -16"><span class='ocrx_word' id='word_1_332' title='bbox 2173 2388 2335 2443; x_wconf 83' lang='lat' dir='ltr'><strong>simul</strong></span> <span class='ocrx_word' id='word_1_333' title='bbox 2360 2396 2524 2458; x_wconf 88' lang='lat' dir='ltr'><strong>atque</strong></span> <span class='ocrx_word' id='word_1_334' title='bbox 2542 2387 2718 2442; x_wconf 80' lang='lat' dir='ltr'><strong>audax</strong></span> <span class='ocrx_word' id='word_1_335' title='bbox 2736 2387 3034 2452; x_wconf 79' lang='lat' dir='ltr'><strong>videbatur,</strong></span> <span class='ocrx_word' id='word_1_336' title='bbox 3053 2388 3256 2443; x_wconf 73' lang='lat' dir='ltr'><strong>Christi</strong></span> <span class='ocrx_word' id='word_1_337' title='bbox 3279 2405 3398 2443; x_wconf 90' lang='lat' dir='ltr'><strong>eum</strong></span> <span class='ocrx_word' id='word_1_338' title='bbox 3424 2398 3626 2451; x_wconf 85' lang='lat' dir='ltr'><strong>essent,</strong></span> <span class='ocrx_word' id='word_1_339' title='bbox 3648 2390 3748 2442; x_wconf 88' lang='lat' dir='ltr'><strong>im-</strong></span> 
     </span>
    </p>
   </div>
   <div class='ocr_carea' id='block_1_54' title="bbox 2178 2479 3746 2549">
    <p class='ocr_par' dir='ltr' id='par_1_54' title="bbox 2178 2479 3746 2549">
     <span class='ocr_line' id='line_1_54' title="bbox 2178 2479 3746 2549; baseline 0.002 -17"><span class='ocrx_word' id='word_1_340' title='bbox 2178 2482 2473 2548; x_wconf 88' lang='lat' dir='ltr'><strong>prudenter</strong></span> <span class='ocrx_word' id='word_1_341' title='bbox 2501 2493 2680 2549; x_wconf 84' lang='lat' dir='ltr'><strong>agere,</strong></span> <span class='ocrx_word' id='word_1_342' title='bbox 2718 2479 2818 2534; x_wconf 90' lang='lat' dir='ltr'><strong>nisi</strong></span> <span class='ocrx_word' id='word_1_343' title='bbox 2857 2480 2977 2548; x_wconf 87' lang='lat' dir='ltr'><strong>quis</strong></span> <span class='ocrx_word' id='word_1_344' title='bbox 2998 2481 3245 2535; x_wconf 80' lang='lat' dir='ltr'><strong>fortassis</strong></span> <span class='ocrx_word' id='word_1_345' title='bbox 3273 2484 3337 2535; x_wconf 91' lang='lat' dir='ltr'><strong>ad</strong></span> <span class='ocrx_word' id='word_1_346' title='bbox 3368 2496 3556 2535; x_wconf 90' lang='lat' dir='ltr'><strong>omnes</strong></span> <span class='ocrx_word' id='word_1_347' title='bbox 3593 2481 3746 2548; x_wconf 77' lang='lat' dir='ltr'><strong>leges</strong></span> 
     </span>
    </p>
   </div>
   <div class='ocr_carea' id='block_1_55' title="bbox 2175 2560 3748 2639">
    <p class='ocr_par' dir='ltr' id='par_1_55' title="bbox 2175 2560 3748 2639">
     <span class='ocr_line' id='line_1_55' title="bbox 2175 2560 3748 2639; baseline -0.002 -14"><span class='ocrx_word' id='word_1_348' title='bbox 2175 2560 2438 2625; x_wconf 83' lang='lat' dir='ltr'><strong>rebellare</strong></span> <span class='ocrx_word' id='word_1_349' title='bbox 2458 2570 2795 2624; x_wconf 87' lang='lat' dir='ltr'><strong>instituisset.</strong></span> <span class='ocrx_word' id='word_1_350' title='bbox 2831 2570 2924 2625; x_wconf 89' lang='lat' dir='ltr'><strong>Sin</strong></span> <span class='ocrx_word' id='word_1_351' title='bbox 2957 2585 3082 2624; x_wconf 88' lang='lat' dir='ltr'><strong>vero</strong></span> <span class='ocrx_word' id='word_1_352' title='bbox 3105 2572 3175 2639; x_wconf 91' lang='lat' dir='ltr'><strong>pii</strong></span> <span class='ocrx_word' id='word_1_353' title='bbox 3202 2586 3265 2624; x_wconf 84' lang='lat' dir='ltr'><strong>ac</strong></span> <span class='ocrx_word' id='word_1_354' title='bbox 3286 2571 3512 2639; x_wconf 79' lang='lat' dir='ltr'><strong>religiosi</strong></span> <span class='ocrx_word' id='word_1_355' title='bbox 3537 2580 3748 2633; x_wconf 82' lang='lat' dir='ltr'><strong>essent,</strong></span> 
     </span>
    </p>
   </div>
   <div class='ocr_carea' id='block_1_56' title="bbox 2179 2660 3751 2731">
    <p class='ocr_par' dir='ltr' id='par_1_56' title="bbox 2179 2660 3751 2731">
     <span class='ocr_line' id='line_1_56' title="bbox 2179 2660 3751 2731; baseline -0.001 -15"><span class='ocrx_word' id='word_1_356' title='bbox 2179 2663 2242 2716; x_wconf 91' lang='lat' dir='ltr'><strong>de</strong></span> <span class='ocrx_word' id='word_1_357' title='bbox 2264 2661 2345 2716; x_wconf 89' lang='lat' dir='ltr'><strong>bis</strong></span> <span class='ocrx_word' id='word_1_358' title='bbox 2369 2675 2486 2730; x_wconf 76' lang='lat' dir='ltr'><strong>qua:</strong></span> <span class='ocrx_word' id='word_1_359' title='bbox 2507 2660 2904 2729; x_wconf 90' lang='lat' dir='ltr'><strong>quomodolibet</strong></span> <span class='ocrx_word' id='word_1_360' title='bbox 2931 2671 3108 2715; x_wconf 88' lang='lat' dir='ltr'><strong>essent</strong></span> <span class='ocrx_word' id='word_1_361' title='bbox 3126 2662 3391 2730; x_wconf 84' lang='lat' dir='ltr'><strong>ambigua,</strong></span> <span class='ocrx_word' id='word_1_362' title='bbox 3413 2661 3531 2731; x_wconf 73' lang='lat' dir='ltr'><strong>eius</strong></span> <span class='ocrx_word' id='word_1_363' title='bbox 3548 2676 3751 2729; x_wconf 79' lang='lat' dir='ltr'><strong>exspe-</strong></span> 
     </span>
    </p>
   </div>
   <div class='ocr_carea' id='block_1_57' title="bbox 2178 2745 3744 2819">
    <p class='ocr_par' dir='ltr' id='par_1_57' title="bbox 2178 2745 3744 2819">
     <span class='ocr_line' id='line_1_57' title="bbox 2178 2745 3744 2819; baseline -0.002 -16"><span class='ocrx_word' id='word_1_364' title='bbox 2178 2749 2394 2803; x_wconf 89' lang='lat' dir='ltr'><strong>ctabant</strong></span> <span class='ocrx_word' id='word_1_365' title='bbox 2437 2748 2719 2819; x_wconf 86' lang='lat' dir='ltr'><strong>judicium,</strong></span> <span class='ocrx_word' id='word_1_366' title='bbox 2760 2756 2817 2802; x_wconf 89' lang='lat' dir='ltr'><strong>ut</strong></span> <span class='ocrx_word' id='word_1_367' title='bbox 2848 2762 2969 2802; x_wconf 90' lang='lat' dir='ltr'><strong>cum</strong></span> <span class='ocrx_word' id='word_1_368' title='bbox 2999 2748 3127 2803; x_wconf 89' lang='lat' dir='ltr'><strong>illud</strong></span> <span class='ocrx_word' id='word_1_369' title='bbox 3152 2748 3456 2811; x_wconf 89' lang='lat' dir='ltr'><strong>haberetur,</strong></span> <span class='ocrx_word' id='word_1_370' title='bbox 3481 2748 3601 2801; x_wconf 89' lang='lat' dir='ltr'><strong>aliis</strong></span> <span class='ocrx_word' id='word_1_371' title='bbox 3630 2745 3744 2801; x_wconf 88' lang='lat' dir='ltr'><strong>alia</strong></span> 
     </span>
    </p>
   </div>
   <div class='ocr_carea' id='block_1_58' title="bbox 2180 2840 3749 2910">
    <p class='ocr_par' dir='ltr' id='par_1_58' title="bbox 2180 2840 3749 2910">
     <span class='ocr_line' id='line_1_58' title="bbox 2180 2840 3749 2910; baseline -0.002 -14"><span class='ocrx_word' id='word_1_372' title='bbox 2180 2840 2506 2903; x_wconf 88' lang='lat' dir='ltr'><strong>dicentibus,</strong></span> <span class='ocrx_word' id='word_1_373' title='bbox 2552 2840 2728 2894; x_wconf 91' lang='lat' dir='ltr'><strong>nullus</strong></span> <span class='ocrx_word' id='word_1_374' title='bbox 2761 2840 2900 2894; x_wconf 92' lang='lat' dir='ltr'><strong>ultra</strong></span> <span class='ocrx_word' id='word_1_375' title='bbox 2937 2841 3165 2910; x_wconf 88' lang='lat' dir='ltr'><strong>amplius</strong></span> <span class='ocrx_word' id='word_1_376' title='bbox 3207 2840 3482 2909; x_wconf 89' lang='lat' dir='ltr'><strong>inquirere</strong></span> <span class='ocrx_word' id='word_1_377' title='bbox 3514 2841 3749 2909; x_wconf 74' lang='lat' dir='ltr'><strong>permit-</strong></span> 
     </span>
    </p>
   </div>
   <div class='ocr_carea' id='block_1_59' title="bbox 2184 2940 3415 2986">
    <p class='ocr_par' dir='ltr' id='par_1_59' title="bbox 2184 2940 3415 2986">
     <span class='ocr_line' id='line_1_59' title="bbox 2184 2940 3415 2986; baseline -0.006 0"><span class='ocrx_word' id='word_1_378' title='bbox 2184 2940 2409 2986; x_wconf 88' lang='lat' dir='ltr'><strong>teretur.</strong></span> <span class='ocrx_word' id='word_1_379' title='bbox 3410 2940 3415 2945; x_wconf 73' lang='grc'><em>“</em></span> 
     </span>
    </p>
   </div>
   <div class='ocr_carea' id='block_1_60' title="bbox 2254 3019 3751 3089">
    <p class='ocr_par' dir='ltr' id='par_1_60' title="bbox 2254 3019 3751 3089">
     <span class='ocr_line' id='line_1_60' title="bbox 2254 3019 3751 3089; baseline 0.001 -15"><span class='ocrx_word' id='word_1_380' title='bbox 2254 3020 2308 3074; x_wconf 90' lang='lat' dir='ltr'><strong>In</strong></span> <span class='ocrx_word' id='word_1_381' title='bbox 2362 3019 2584 3089; x_wconf 81' lang='lat' dir='ltr'><strong>synodis</strong></span> <span class='ocrx_word' id='word_1_382' title='bbox 2636 3034 2765 3075; x_wconf 86' lang='lat' dir='ltr'><strong>vero</strong></span> <span class='ocrx_word' id='word_1_383' title='bbox 2813 3020 2927 3089; x_wconf 90' lang='lat' dir='ltr'><strong>ipse</strong></span> <span class='ocrx_word' id='word_1_384' title='bbox 2954 3020 3194 3076; x_wconf 91' lang='lat' dir='ltr'><strong>omnium</strong></span> <span class='ocrx_word' id='word_1_385' title='bbox 3258 3020 3507 3089; x_wconf 89' lang='lat' dir='ltr'><strong>princeps</strong></span> <span class='ocrx_word' id='word_1_386' title='bbox 3560 3022 3751 3089; x_wconf 61' lang='lat' dir='ltr'><strong>praesi-</strong></span> 
     </span>
    </p>
   </div>
   <div class='ocr_carea' id='block_1_61' title="bbox 516 3102 2074 3196">
    <p class='ocr_par' dir='ltr' id='par_1_61' title="bbox 516 3102 2072 3196">
     <span class='ocr_line' id='line_1_61' title="bbox 516 3102 2072 3196; baseline 0.006 -22"><span class='ocrx_word' id='word_1_387' title='bbox 516 3123 791 3189; x_wconf 73' lang='lat' dir='ltr'><strong>praecepit.</strong></span> <span class='ocrx_word' id='word_1_388' title='bbox 830 3122 985 3176; x_wconf 83' lang='lat' dir='ltr'><strong>Hunc</strong></span> <span class='ocrx_word' id='word_1_389' title='bbox 1035 3126 1195 3188; x_wconf 86' lang='lat' dir='ltr'><strong>enim,</strong></span> <span class='ocrx_word' id='word_1_390' title='bbox 1255 3127 1449 3196; x_wconf 85' lang='lat' dir='ltr'><strong>inquit,</strong></span> <span class='ocrx_word' id='word_1_391' title='bbox 1487 3128 1626 3179; x_wconf 74' lang='lat' dir='ltr'><strong>vobis</strong></span> <span class='ocrx_word' id='word_1_392' title='bbox 1661 3144 1755 3194; x_wconf 87' lang='lat' dir='ltr'><strong>pro</strong></span> <span class='ocrx_word' id='word_1_393' title='bbox 1784 3145 1863 3184; x_wconf 87' lang='lat' dir='ltr'><strong>me</strong></span> <span class='ocrx_word' id='word_1_394' title='bbox 1896 3102 2072 3192; x_wconf 63' lang='lat' dir='ltr'><strong>relin-</strong></span> 
     </span>
    </p>
   </div>
   <div class='ocr_carea' id='block_1_62' title="bbox 2179 3102 3746 3196">
    <p class='ocr_par' dir='ltr' id='par_1_62' title="bbox 2181 3102 3746 3181">
     <span class='ocr_line' id='line_1_62' title="bbox 2181 3102 3746 3181; baseline 0.001 -18"><span class='ocrx_word' id='word_1_395' title='bbox 2181 3111 2342 3166; x_wconf 86' lang='lat' dir='ltr'><strong>debat</strong></span> <span class='ocrx_word' id='word_1_396' title='bbox 2376 3127 2392 3176; x_wconf 92' lang='lat'><strong>;</strong></span> <span class='ocrx_word' id='word_1_397' title='bbox 2427 3118 2483 3165; x_wconf 87' lang='lat' dir='ltr'><strong>et</strong></span> <span class='ocrx_word' id='word_1_398' title='bbox 2511 3110 2595 3164; x_wconf 88' lang='lat' dir='ltr'><strong>vel</strong></span> <span class='ocrx_word' id='word_1_399' title='bbox 2631 3125 2725 3179; x_wconf 92' lang='lat' dir='ltr'><strong>per</strong></span> <span class='ocrx_word' id='word_1_400' title='bbox 2754 3126 2897 3175; x_wconf 88' lang='lat' dir='ltr'><strong>eum,</strong></span> <span class='ocrx_word' id='word_1_401' title='bbox 2949 3111 3033 3166; x_wconf 88' lang='lat' dir='ltr'><strong>vel</strong></span> <span class='ocrx_word' id='word_1_402' title='bbox 3061 3102 3155 3180; x_wconf 82' lang='lat' dir='ltr'><strong>per</strong></span> <span class='ocrx_word' id='word_1_403' title='bbox 3179 3110 3336 3177; x_wconf 89' lang='lat' dir='ltr'><strong>alios,</strong></span> <span class='ocrx_word' id='word_1_404' title='bbox 3358 3112 3461 3181; x_wconf 77' lang='lat' dir='ltr'><strong>&#39;qui</strong></span> <span class='ocrx_word' id='word_1_405' title='bbox 3495 3113 3610 3167; x_wconf 86' lang='lat' dir='ltr'><strong>vice</strong></span> <span class='ocrx_word' id='word_1_406' title='bbox 3642 3126 3746 3165; x_wconf 89' lang='lat' dir='ltr'><strong>sua</strong></span> 
     </span>
    </p>
   </div>
   <div class='ocr_carea' id='block_1_63' title="bbox 515 3209 2079 3285">
    <p class='ocr_par' dir='ltr' id='par_1_63' title="bbox 515 3209 2079 3285">
     <span class='ocr_line' id='line_1_63' title="bbox 515 3209 2079 3285; baseline 0.008 -23"><span class='ocrx_word' id='word_1_407' title='bbox 515 3226 639 3275; x_wconf 85' lang='lat' dir='ltr'><strong>quo.</strong></span> <span class='ocrx_word' id='word_1_408' title='bbox 693 3209 895 3280; x_wconf 88' lang='lat' dir='ltr'><strong>Nempe</strong></span> <span class='ocrx_word' id='word_1_409' title='bbox 923 3221 976 3267; x_wconf 91' lang='lat' dir='ltr'><strong>et</strong></span> <span class='ocrx_word' id='word_1_410' title='bbox 1013 3215 1337 3269; x_wconf 87' lang='lat' dir='ltr'><strong>sanctissimi</strong></span> <span class='ocrx_word' id='word_1_411' title='bbox 1383 3218 1725 3285; x_wconf 68' lang='lat' dir='ltr'><strong>evangelista)</strong></span> <span class='ocrx_word' id='word_1_412' title='bbox 1756 3219 1809 3272; x_wconf 93' lang='lat' dir='ltr'><strong>in</strong></span> <span class='ocrx_word' id='word_1_413' title='bbox 1857 3234 2079 3275; x_wconf 84' lang='lat' dir='ltr'><strong>enume-</strong></span> 
     </span>
    </p>
   </div>
   <div class='ocr_carea' id='block_1_64' title="bbox 520 3302 2079 3378">
    <p class='ocr_par' dir='ltr' id='par_1_64' title="bbox 520 3302 2079 3378">
     <span class='ocr_line' id='line_1_64' title="bbox 520 3302 2079 3378; baseline 0.007 -25"><span class='ocrx_word' id='word_1_414' title='bbox 520 3302 732 3356; x_wconf 86' lang='lat' dir='ltr'><strong>ratione</strong></span> <span class='ocrx_word' id='word_1_415' title='bbox 791 3304 1176 3370; x_wconf 87' lang='lat' dir='ltr'><strong>apostolorum,</strong></span> <span class='ocrx_word' id='word_1_416' title='bbox 1229 3314 1286 3358; x_wconf 91' lang='lat' dir='ltr'><strong>ut</strong></span> <span class='ocrx_word' id='word_1_417' title='bbox 1342 3306 1492 3360; x_wconf 88' lang='lat' dir='ltr'><strong>chori</strong></span> <span class='ocrx_word' id='word_1_418' title='bbox 1567 3308 1728 3362; x_wconf 86' lang='lat' dir='ltr'><strong>totius</strong></span> <span class='ocrx_word' id='word_1_419' title='bbox 1785 3310 2079 3378; x_wconf 89' lang='lat' dir='ltr'><strong>principem</strong></span> 
     </span>
    </p>
   </div>
   <div class='ocr_carea' id='block_1_65' title="bbox 522 3394 2084 3470">
    <p class='ocr_par' dir='ltr' id='par_1_65' title="bbox 522 3394 2084 3470">
     <span class='ocr_line' id='line_1_65' title="bbox 522 3394 2084 3470; baseline 0.008 -26"><span class='ocrx_word' id='word_1_420' title='bbox 522 3394 733 3447; x_wconf 84' lang='lat' dir='ltr'><strong>Petrum</strong></span> <span class='ocrx_word' id='word_1_421' title='bbox 799 3408 1012 3462; x_wconf 84' lang='lat' dir='ltr'><strong>semper</strong></span> <span class='ocrx_word' id='word_1_422' title='bbox 1069 3406 1405 3465; x_wconf 71' lang='lat' dir='ltr'><strong>prazponunt,</strong></span> <span class='ocrx_word' id='word_1_423' title='bbox 1472 3398 1536 3452; x_wconf 87' lang='lat' dir='ltr'><strong>Et</strong></span> <span class='ocrx_word' id='word_1_424' title='bbox 1592 3399 1828 3456; x_wconf 85' lang='lat' dir='ltr'><strong>Ecclesia</strong></span> <span class='ocrx_word' id='word_1_425' title='bbox 1884 3402 2084 3470; x_wconf 89' lang='lat' dir='ltr'><strong>ubique</strong></span> 
     </span>
    </p>
   </div>
   <div class='ocr_carea' id='block_1_66' title="bbox 468 3484 2081 3561">
    <p class='ocr_par' dir='ltr' id='par_1_66' title="bbox 468 3484 2081 3561">
     <span class='ocr_line' id='line_1_66' title="bbox 468 3484 2081 3561; baseline 0.008 -26"><span class='ocrx_word' id='word_1_426' title='bbox 468 3514 471 3521; x_wconf 65' lang='grc' dir='ltr'><strong><em>ι</em></strong></span> <span class='ocrx_word' id='word_1_427' title='bbox 519 3484 819 3553; x_wconf 87' lang='lat' dir='ltr'><strong>principem</strong></span> <span class='ocrx_word' id='word_1_428' title='bbox 880 3487 1248 3556; x_wconf 85' lang='lat' dir='ltr'><strong>apostolorum</strong></span> <span class='ocrx_word' id='word_1_429' title='bbox 1312 3490 1602 3558; x_wconf 83' lang='lat' dir='ltr'><strong>appellat;</strong></span> <span class='ocrx_word' id='word_1_430' title='bbox 1656 3492 1850 3561; x_wconf 90' lang='lat' dir='ltr'><strong>quippe</strong></span> <span class='ocrx_word' id='word_1_431' title='bbox 1907 3503 1962 3549; x_wconf 88' lang='lat' dir='ltr'><strong>et</strong></span> <span class='ocrx_word' id='word_1_432' title='bbox 2029 3494 2081 3548; x_wconf 93' lang='lat' dir='ltr'><strong>in</strong></span> 
     </span>
    </p>
   </div>
   <div class='ocr_carea' id='block_1_67' title="bbox 521 3576 2086 3643">
    <p class='ocr_par' dir='ltr' id='par_1_67' title="bbox 521 3576 2086 3643">
     <span class='ocr_line' id='line_1_67' title="bbox 521 3576 2086 3643; baseline 0.009 -18"><span class='ocrx_word' id='word_1_433' title='bbox 521 3576 734 3643; x_wconf 87' lang='lat' dir='ltr'><strong>hymnis</strong></span> <span class='ocrx_word' id='word_1_434' title='bbox 776 3577 887 3631; x_wconf 86' lang='lat' dir='ltr'><strong>suis</strong></span> <span class='ocrx_word' id='word_1_435' title='bbox 938 3579 1306 3635; x_wconf 87' lang='lat' dir='ltr'><strong>Damasceuus</strong></span> <span class='ocrx_word' id='word_1_436' title='bbox 1352 3580 1573 3636; x_wconf 88' lang='lat' dir='ltr'><strong>Petrum</strong></span> <span class='ocrx_word' id='word_1_437' title='bbox 1613 3592 1665 3637; x_wconf 89' lang='lat' dir='ltr'><strong>et</strong></span> <span class='ocrx_word' id='word_1_438' title='bbox 1704 3585 1924 3638; x_wconf 86' lang='lat' dir='ltr'><strong>Paulum</strong></span> <span class='ocrx_word' id='word_1_439' title='bbox 1972 3584 2086 3639; x_wconf 88' lang='lat' dir='ltr'><strong>lau-</strong></span> 
     </span>
    </p>
   </div>
   <div class='ocr_carea' id='block_1_68' title="bbox 522 3666 2088 3744">
    <p class='ocr_par' dir='ltr' id='par_1_68' title="bbox 522 3666 2088 3744">
     <span class='ocr_line' id='line_1_68' title="bbox 522 3666 2088 3744; baseline 0.011 -28"><span class='ocrx_word' id='word_1_440' title='bbox 522 3666 654 3721; x_wconf 87' lang='lat' dir='ltr'><strong>dare</strong></span> <span class='ocrx_word' id='word_1_441' title='bbox 716 3668 920 3734; x_wconf 88' lang='lat' dir='ltr'><strong>volens,</strong></span> <span class='ocrx_word' id='word_1_442' title='bbox 984 3670 1146 3727; x_wconf 88' lang='lat' dir='ltr'><strong>alium</strong></span> <span class='ocrx_word' id='word_1_443' title='bbox 1198 3672 1411 3742; x_wconf 82' lang='lat' dir='ltr'><strong>quidem</strong></span> <span class='ocrx_word' id='word_1_444' title='bbox 1461 3683 1519 3727; x_wconf 90' lang='lat' dir='ltr'><strong>ut</strong></span> <span class='ocrx_word' id='word_1_445' title='bbox 1583 3675 1822 3729; x_wconf 88' lang='lat' dir='ltr'><strong>omnium</strong></span> <span class='ocrx_word' id='word_1_446' title='bbox 1876 3684 2088 3744; x_wconf 77' lang='lat' dir='ltr'><strong>aposto-</strong></span> 
     </span>
    </p>
   </div>
   <div class='ocr_carea' id='block_1_69' title="bbox 520 3755 2086 3835">
    <p class='ocr_par' dir='ltr' id='par_1_69' title="bbox 520 3755 2086 3835">
     <span class='ocr_line' id='line_1_69' title="bbox 520 3755 2086 3835; baseline 0.01 -27"><span class='ocrx_word' id='word_1_447' title='bbox 520 3755 697 3810; x_wconf 90' lang='lat' dir='ltr'><strong>lorum</strong></span> <span class='ocrx_word' id='word_1_448' title='bbox 733 3760 1052 3831; x_wconf 87' lang='lat' dir='ltr'><strong>principem,</strong></span> <span class='ocrx_word' id='word_1_449' title='bbox 1087 3762 1255 3817; x_wconf 89' lang='lat' dir='ltr'><strong>alium</strong></span> <span class='ocrx_word' id='word_1_450' title='bbox 1287 3777 1415 3818; x_wconf 87' lang='lat' dir='ltr'><strong>vero</strong></span> <span class='ocrx_word' id='word_1_451' title='bbox 1452 3772 1511 3818; x_wconf 90' lang='lat' dir='ltr'><strong>ut</strong></span> <span class='ocrx_word' id='word_1_452' title='bbox 1540 3766 1631 3835; x_wconf 92' lang='lat' dir='ltr'><strong>qui</strong></span> <span class='ocrx_word' id='word_1_453' title='bbox 1683 3766 1821 3820; x_wconf 90' lang='lat' dir='ltr'><strong>ultra</strong></span> <span class='ocrx_word' id='word_1_454' title='bbox 1860 3776 2086 3823; x_wconf 82' lang='lat' dir='ltr'><strong>caeteros</strong></span> 
     </span>
    </p>
   </div>
   <div class='ocr_carea' id='block_1_70' title="bbox 521 3847 2085 3927">
    <p class='ocr_par' dir='ltr' id='par_1_70' title="bbox 521 3847 2085 3927">
     <span class='ocr_line' id='line_1_70' title="bbox 521 3847 2085 3927; baseline 0.01 -28"><span class='ocrx_word' id='word_1_455' title='bbox 521 3847 799 3916; x_wconf 77' lang='lat' dir='ltr'><strong>laborarit,</strong></span> <span class='ocrx_word' id='word_1_456' title='bbox 854 3851 1058 3907; x_wconf 89' lang='lat' dir='ltr'><strong>laudat.</strong></span> <span class='ocrx_word' id='word_1_457' title='bbox 1110 3853 1410 3919; x_wconf 77' lang='lat' dir='ltr'><strong>Attestatur</strong></span> <span class='ocrx_word' id='word_1_458' title='bbox 1449 3864 1506 3911; x_wconf 85' lang='lat' dir='ltr'><strong>et</strong></span> <span class='ocrx_word' id='word_1_459' title='bbox 1553 3857 1710 3912; x_wconf 88' lang='lat' dir='ltr'><strong>divus</strong></span> <span class='ocrx_word' id='word_1_460' title='bbox 1760 3856 2085 3927; x_wconf 81' lang='lat' dir='ltr'><strong>Cbrysosto-</strong></span> 
     </span>
    </p>
   </div>
   <div class='ocr_carea' id='block_1_71' title="bbox 522 3942 1221 4010">
    <p class='ocr_par' dir='ltr' id='par_1_71' title="bbox 522 3942 1221 4010">
     <span class='ocr_line' id='line_1_71' title="bbox 522 3942 1221 4010; baseline 0.006 -17"><span class='ocrx_word' id='word_1_461' title='bbox 522 3955 645 3997; x_wconf 88' lang='lat' dir='ltr'><strong>mus</strong></span> <span class='ocrx_word' id='word_1_462' title='bbox 687 3957 850 4010; x_wconf 89' lang='lat' dir='ltr'><strong>super</strong></span> <span class='ocrx_word' id='word_1_463' title='bbox 893 3942 1221 4000; x_wconf 68' lang='lat' dir='ltr'><strong>Matthazum.</strong></span> 
     </span>
    </p>
   </div>
   <div class='ocr_carea' id='block_1_72' title="bbox 851 4077 1785 4151">
    <p class='ocr_par' dir='ltr' id='par_1_72' title="bbox 851 4077 1785 4151">
     <span class='ocr_line' id='line_1_72' title="bbox 851 4077 1785 4151; baseline 0.006 -20"><span class='ocrx_word' id='word_1_464' title='bbox 851 4077 927 4132; x_wconf 88' lang='lat' dir='ltr'><strong>De</strong></span> <span class='ocrx_word' id='word_1_465' title='bbox 985 4077 1333 4134; x_wconf 85' lang='lat' dir='ltr'><strong>Constantino</strong></span> <span class='ocrx_word' id='word_1_466' title='bbox 1387 4089 1439 4135; x_wconf 88' lang='lat' dir='ltr'><strong>et</strong></span> <span class='ocrx_word' id='word_1_467' title='bbox 1494 4080 1785 4151; x_wconf 82' lang='lat' dir='ltr'><strong>Syluestro.</strong></span> 
     </span>
    </p>
   </div>
   <div class='ocr_carea' id='block_1_73' title="bbox 593 4190 2094 4266">
    <p class='ocr_par' dir='ltr' id='par_1_73' title="bbox 593 4190 2094 4266">
     <span class='ocr_line' id='line_1_73' title="bbox 593 4190 2094 4266; baseline 0.007 -22"><span class='ocrx_word' id='word_1_468' title='bbox 593 4190 698 4244; x_wconf 87' lang='lat' dir='ltr'><strong>Ista</strong></span> <span class='ocrx_word' id='word_1_469' title='bbox 726 4205 899 4259; x_wconf 89' lang='lat' dir='ltr'><strong>neque</strong></span> <span class='ocrx_word' id='word_1_470' title='bbox 927 4190 1357 4247; x_wconf 87' lang='lat' dir='ltr'><strong>Christianorum</strong></span> <span class='ocrx_word' id='word_1_471' title='bbox 1406 4208 1562 4264; x_wconf 85' lang='lat' dir='ltr'><strong>reges</strong></span> <span class='ocrx_word' id='word_1_472' title='bbox 1603 4196 1927 4265; x_wconf 74' lang='lat' dir='ltr'><strong>ignorantes,</strong></span> <span class='ocrx_word' id='word_1_473' title='bbox 1959 4212 2094 4266; x_wconf 89' lang='lat' dir='ltr'><strong>quo-</strong></span> 
     </span>
    </p>
   </div>
   <div class='ocr_carea' id='block_1_74' title="bbox 521 4282 2088 4359">
    <p class='ocr_par' dir='ltr' id='par_1_74' title="bbox 521 4282 2088 4359">
     <span class='ocr_line' id='line_1_74' title="bbox 521 4282 2088 4359; baseline 0.005 -23"><span class='ocrx_word' id='word_1_474' title='bbox 521 4298 640 4337; x_wconf 89' lang='lat' dir='ltr'><strong>rum</strong></span> <span class='ocrx_word' id='word_1_475' title='bbox 677 4284 883 4351; x_wconf 88' lang='lat' dir='ltr'><strong>primus</strong></span> <span class='ocrx_word' id='word_1_476' title='bbox 918 4282 1019 4337; x_wconf 88' lang='lat' dir='ltr'><strong>fuit</strong></span> <span class='ocrx_word' id='word_1_477' title='bbox 1053 4282 1243 4338; x_wconf 90' lang='lat' dir='ltr'><strong>beatus</strong></span> <span class='ocrx_word' id='word_1_478' title='bbox 1293 4284 1702 4355; x_wconf 87' lang='lat' dir='ltr'><strong>Constantinus,</strong></span> <span class='ocrx_word' id='word_1_479' title='bbox 1754 4287 2088 4359; x_wconf 84' lang='lat' dir='ltr'><strong>Sytvestrum</strong></span> 
     </span>
    </p>
   </div>
   <div class='ocr_carea' id='block_1_75' title="bbox 525 4372 2091 4451">
    <p class='ocr_par' dir='ltr' id='par_1_75' title="bbox 525 4372 2091 4451">
     <span class='ocr_line' id='line_1_75' title="bbox 525 4372 2091 4451; baseline 0.008 -27"><span class='ocrx_word' id='word_1_480' title='bbox 525 4384 651 4427; x_wconf 91' lang='lat' dir='ltr'><strong>tunc</strong></span> <span class='ocrx_word' id='word_1_481' title='bbox 681 4372 932 4427; x_wconf 78' lang='lat' dir='ltr'><strong>Romanae</strong></span> <span class='ocrx_word' id='word_1_482' title='bbox 957 4373 1211 4430; x_wconf 77' lang='lat' dir='ltr'><strong>Ecclesia:</strong></span> <span class='ocrx_word' id='word_1_483' title='bbox 1241 4376 1597 4445; x_wconf 85' lang='lat' dir='ltr'><strong>gubernacula</strong></span> <span class='ocrx_word' id='word_1_484' title='bbox 1636 4388 1929 4451; x_wconf 86' lang='lat' dir='ltr'><strong>regentem,</strong></span> <span class='ocrx_word' id='word_1_485' title='bbox 1947 4398 2091 4437; x_wconf 89' lang='lat' dir='ltr'><strong>eom-</strong></span> 
     </span>
    </p>
   </div>
   <div class='ocr_carea' id='block_1_76' title="bbox 525 4465 2087 4544">
    <p class='ocr_par' dir='ltr' id='par_1_76' title="bbox 525 4465 2087 4544">
     <span class='ocr_line' id='line_1_76' title="bbox 525 4465 2087 4544; baseline 0.008 -26"><span class='ocrx_word' id='word_1_486' title='bbox 525 4465 676 4518; x_wconf 88' lang='lat' dir='ltr'><strong>muni</strong></span> <span class='ocrx_word' id='word_1_487' title='bbox 717 4466 937 4520; x_wconf 86' lang='lat' dir='ltr'><strong>decreto</strong></span> <span class='ocrx_word' id='word_1_488' title='bbox 971 4466 1085 4533; x_wconf 85' lang='lat'><strong>(88)</strong></span> <span class='ocrx_word' id='word_1_489' title='bbox 1121 4468 1321 4537; x_wconf 88' lang='lat' dir='ltr'><strong>ubique</strong></span> <span class='ocrx_word' id='word_1_490' title='bbox 1350 4484 1446 4538; x_wconf 88' lang='lat' dir='ltr'><strong>per</strong></span> <span class='ocrx_word' id='word_1_491' title='bbox 1496 4470 1683 4526; x_wconf 87' lang='lat' dir='ltr'><strong>orbem</strong></span> <span class='ocrx_word' id='word_1_492' title='bbox 1727 4474 2087 4544; x_wconf 80' lang='lat' dir='ltr'><strong>promulgato,</strong></span> 
     </span>
    </p>
   </div>
   <div class='ocr_carea' id='block_1_77' title="bbox 527 4552 2089 4632">
    <p class='ocr_par' dir='ltr' id='par_1_77' title="bbox 527 4552 2089 4632">
     <span class='ocr_line' id='line_1_77' title="bbox 527 4552 2089 4632; baseline 0.008 -27"><span class='ocrx_word' id='word_1_493' title='bbox 527 4554 674 4607; x_wconf 79' lang='lat' dir='ltr'><strong>Petri</strong></span> <span class='ocrx_word' id='word_1_494' title='bbox 704 4564 751 4608; x_wconf 85' lang='lat' dir='ltr'><strong>et</strong></span> <span class='ocrx_word' id='word_1_495' title='bbox 786 4552 981 4610; x_wconf 81' lang='lat' dir='ltr'><strong>Christi</strong></span> <span class='ocrx_word' id='word_1_496' title='bbox 1019 4573 1360 4611; x_wconf 78' lang='lat' dir='ltr'><strong>successorem</strong></span> <span class='ocrx_word' id='word_1_497' title='bbox 1420 4560 1671 4629; x_wconf 87' lang='lat' dir='ltr'><strong>appellat,</strong></span> <span class='ocrx_word' id='word_1_498' title='bbox 1730 4574 2089 4632; x_wconf 81' lang='lat' dir='ltr'><strong>pastoremque</strong></span> 
     </span>
    </p>
   </div>
   <div class='ocr_carea' id='block_1_78' title="bbox 526 4643 2090 4721">
    <p class='ocr_par' dir='ltr' id='par_1_78' title="bbox 526 4643 2090 4721">
     <span class='ocr_line' id='line_1_78' title="bbox 526 4643 2090 4721; baseline 0.006 -24"><span class='ocrx_word' id='word_1_499' title='bbox 526 4643 758 4713; x_wconf 78' lang='lat' dir='ltr'><strong>primum</strong></span> <span class='ocrx_word' id='word_1_500' title='bbox 782 4655 830 4699; x_wconf 87' lang='lat' dir='ltr'><strong>ct</strong></span> <span class='ocrx_word' id='word_1_501' title='bbox 865 4648 1174 4714; x_wconf 81' lang='lat' dir='ltr'><strong>magistrum</strong></span> <span class='ocrx_word' id='word_1_502' title='bbox 1208 4648 1460 4703; x_wconf 80' lang='lat' dir='ltr'><strong>Ecclesite</strong></span> <span class='ocrx_word' id='word_1_503' title='bbox 1497 4651 1660 4705; x_wconf 89' lang='lat' dir='ltr'><strong>totius</strong></span> <span class='ocrx_word' id='word_1_504' title='bbox 1695 4662 1851 4706; x_wconf 91' lang='lat' dir='ltr'><strong>vocat</strong></span> <span class='ocrx_word' id='word_1_505' title='bbox 1882 4671 1896 4707; x_wconf 87' lang='lat'><strong>:</strong></span> <span class='ocrx_word' id='word_1_506' title='bbox 1930 4652 2090 4721; x_wconf 85' lang='lat' dir='ltr'><strong>liqui-</strong></span> 
     </span>
    </p>
   </div>
   <div class='ocr_carea' id='block_1_79' title="bbox 528 4738 2093 4810">
    <p class='ocr_par' dir='ltr' id='par_1_79' title="bbox 528 4738 2093 4810">
     <span class='ocr_line' id='line_1_79' title="bbox 528 4738 2093 4810; baseline 0.006 -20"><span class='ocrx_word' id='word_1_507' title='bbox 528 4738 707 4806; x_wconf 88' lang='lat' dir='ltr'><strong>doque</strong></span> <span class='ocrx_word' id='word_1_508' title='bbox 742 4743 1077 4807; x_wconf 88' lang='lat' dir='ltr'><strong>comprobat,</strong></span> <span class='ocrx_word' id='word_1_509' title='bbox 1108 4754 1168 4795; x_wconf 90' lang='lat' dir='ltr'><strong>se</strong></span> <span class='ocrx_word' id='word_1_510' title='bbox 1202 4755 1361 4810; x_wconf 90' lang='lat' dir='ltr'><strong>quam</strong></span> <span class='ocrx_word' id='word_1_511' title='bbox 1398 4742 1539 4796; x_wconf 88' lang='lat' dir='ltr'><strong>inter</strong></span> <span class='ocrx_word' id='word_1_512' title='bbox 1570 4742 1911 4798; x_wconf 89' lang='lat' dir='ltr'><strong>Christianos</strong></span> <span class='ocrx_word' id='word_1_513' title='bbox 1942 4745 2093 4800; x_wconf 85' lang='lat' dir='ltr'><strong>inve-</strong></span> 
     </span>
    </p>
   </div>
   <div class='ocr_carea' id='block_1_80' title="bbox 529 4830 2094 4906">
    <p class='ocr_par' dir='ltr' id='par_1_80' title="bbox 529 4830 2094 4906">
     <span class='ocr_line' id='line_1_80' title="bbox 529 4830 2094 4906; baseline 0.008 -27"><span class='ocrx_word' id='word_1_514' title='bbox 529 4836 686 4882; x_wconf 90' lang='lat' dir='ltr'><strong>nerat</strong></span> <span class='ocrx_word' id='word_1_515' title='bbox 715 4830 1158 4885; x_wconf 85' lang='lat' dir='ltr'><strong>consuetudinem</strong></span> <span class='ocrx_word' id='word_1_516' title='bbox 1195 4833 1297 4886; x_wconf 90' lang='lat' dir='ltr'><strong>hoc</strong></span> <span class='ocrx_word' id='word_1_517' title='bbox 1327 4833 1542 4888; x_wconf 88' lang='lat' dir='ltr'><strong>decreto</strong></span> <span class='ocrx_word' id='word_1_518' title='bbox 1574 4836 1877 4891; x_wconf 89' lang='lat' dir='ltr'><strong>roborasse.</strong></span> <span class='ocrx_word' id='word_1_519' title='bbox 1910 4836 2094 4906; x_wconf 82' lang='lat' dir='ltr'><strong>Neque</strong></span> 
     </span>
    </p>
   </div>
   <div class='ocr_carea' id='block_1_81' title="bbox 526 4915 2094 4993">
    <p class='ocr_par' dir='ltr' id='par_1_81' title="bbox 526 4915 2094 4993">
     <span class='ocr_line' id='line_1_81' title="bbox 526 4915 2094 4993; baseline 0.01 -29"><span class='ocrx_word' id='word_1_520' title='bbox 526 4915 672 4993; x_wconf 73' lang='lat' dir='ltr'><strong>ertitu</strong></span> <span class='ocrx_word' id='word_1_521' title='bbox 724 4932 894 4984; x_wconf 90' lang='lat' dir='ltr'><strong>nuper</strong></span> <span class='ocrx_word' id='word_1_522' title='bbox 949 4933 1015 4972; x_wconf 82' lang='lat' dir='ltr'><strong>ex</strong></span> <span class='ocrx_word' id='word_1_523' title='bbox 1073 4920 1352 4988; x_wconf 84' lang='lat' dir='ltr'><strong>gentilium</strong></span> <span class='ocrx_word' id='word_1_524' title='bbox 1421 4936 1610 4976; x_wconf 86' lang='lat' dir='ltr'><strong>errore</strong></span> <span class='ocrx_word' id='word_1_525' title='bbox 1672 4939 1968 4980; x_wconf 89' lang='lat' dir='ltr'><strong>conversus</strong></span> <span class='ocrx_word' id='word_1_526' title='bbox 2028 4926 2094 4979; x_wconf 88' lang='lat' dir='ltr'><strong>ad</strong></span> 
     </span>
    </p>
   </div>
   <div class='ocr_carea' id='block_1_82' title="bbox 528 5004 2097 5080">
    <p class='ocr_par' dir='ltr' id='par_1_82' title="bbox 528 5004 2097 5080">
     <span class='ocr_line' id='line_1_82' title="bbox 528 5004 2097 5080; baseline 0.01 -23"><span class='ocrx_word' id='word_1_527' title='bbox 528 5004 833 5071; x_wconf 90' lang='lat' dir='ltr'><strong>Christum,</strong></span> <span class='ocrx_word' id='word_1_528' title='bbox 872 5010 993 5063; x_wconf 86' lang='lat' dir='ltr'><strong>novi</strong></span> <span class='ocrx_word' id='word_1_529' title='bbox 1029 5010 1231 5080; x_wconf 90' lang='lat' dir='ltr'><strong>aliquid</strong></span> <span class='ocrx_word' id='word_1_530' title='bbox 1282 5012 1334 5065; x_wconf 90' lang='lat' dir='ltr'><strong>iu</strong></span> <span class='ocrx_word' id='word_1_531' title='bbox 1381 5012 1623 5068; x_wconf 88' lang='lat' dir='ltr'><strong>Ecclesia</strong></span> <span class='ocrx_word' id='word_1_532' title='bbox 1655 5017 1831 5069; x_wconf 88' lang='lat' dir='ltr'><strong>moliri</strong></span> <span class='ocrx_word' id='word_1_533' title='bbox 1866 5017 2097 5073; x_wconf 87' lang='lat' dir='ltr'><strong>voluisse</strong></span> 
     </span>
    </p>
   </div>
   <div class='ocr_carea' id='block_1_83' title="bbox 529 5095 2097 5168">
    <p class='ocr_par' dir='ltr' id='par_1_83' title="bbox 529 5095 2097 5168">
     <span class='ocr_line' id='line_1_83' title="bbox 529 5095 2097 5168; baseline 0.011 -24"><span class='ocrx_word' id='word_1_534' title='bbox 529 5095 801 5162; x_wconf 87' lang='lat' dir='ltr'><strong>putandus</strong></span> <span class='ocrx_word' id='word_1_535' title='bbox 851 5107 955 5162; x_wconf 87' lang='lat' dir='ltr'><strong>est,</strong></span> <span class='ocrx_word' id='word_1_536' title='bbox 1003 5100 1160 5168; x_wconf 89' lang='lat' dir='ltr'><strong>eique</strong></span> <span class='ocrx_word' id='word_1_537' title='bbox 1210 5101 1430 5156; x_wconf 80' lang='lat' dir='ltr'><strong>Romam</strong></span> <span class='ocrx_word' id='word_1_538' title='bbox 1494 5106 1562 5157; x_wconf 94' lang='lat' dir='ltr'><strong>ob</strong></span> <span class='ocrx_word' id='word_1_539' title='bbox 1613 5108 1924 5162; x_wconf 88' lang='lat' dir='ltr'><strong>cathedram</strong></span> <span class='ocrx_word' id='word_1_540' title='bbox 1956 5110 2097 5163; x_wconf 86' lang='lat' dir='ltr'><strong>beati</strong></span> 
     </span>
    </p>
   </div>
   <div class='ocr_carea' id='block_1_84' title="bbox 531 5185 2095 5268">
    <p class='ocr_par' dir='ltr' id='par_1_84' title="bbox 531 5185 2095 5268">
     <span class='ocr_line' id='line_1_84' title="bbox 531 5185 2095 5268; baseline 0.009 -29"><span class='ocrx_word' id='word_1_541' title='bbox 531 5185 676 5240; x_wconf 87' lang='lat' dir='ltr'><strong>Petri</strong></span> <span class='ocrx_word' id='word_1_542' title='bbox 712 5186 1004 5255; x_wconf 87' lang='lat' dir='ltr'><strong>dereliquit</strong></span> <span class='ocrx_word' id='word_1_543' title='bbox 1035 5208 1049 5245; x_wconf 90' lang='lat'><strong>:</strong></span> <span class='ocrx_word' id='word_1_544' title='bbox 1082 5190 1363 5259; x_wconf 87' lang='lat' dir='ltr'><strong>indignum</strong></span> <span class='ocrx_word' id='word_1_545' title='bbox 1395 5195 1731 5258; x_wconf 81' lang='lat' dir='ltr'><strong>existimans,</strong></span> <span class='ocrx_word' id='word_1_546' title='bbox 1765 5206 1821 5251; x_wconf 90' lang='lat' dir='ltr'><strong>ut</strong></span> <span class='ocrx_word' id='word_1_547' title='bbox 1853 5200 1927 5251; x_wconf 87' lang='lat' dir='ltr'><strong>ait</strong></span> <span class='ocrx_word' id='word_1_548' title='bbox 1964 5201 2095 5268; x_wconf 91' lang='lat' dir='ltr'><strong>ipse,</strong></span> 
     </span>
    </p>
   </div>
   <div class='ocr_carea' id='block_1_85' title="bbox 533 5279 2100 5351">
    <p class='ocr_par' dir='ltr' id='par_1_85' title="bbox 533 5279 2100 5351">
     <span class='ocr_line' id='line_1_85' title="bbox 533 5279 2100 5351; baseline 0.007 -20"><span class='ocrx_word' id='word_1_549' title='bbox 533 5279 622 5331; x_wconf 86' lang='lat' dir='ltr'><strong>ubi</strong></span> <span class='ocrx_word' id='word_1_550' title='bbox 654 5279 800 5341; x_wconf 81' lang='lat' dir='ltr'><strong>sedes</strong></span> <span class='ocrx_word' id='word_1_551' title='bbox 828 5281 1150 5335; x_wconf 82' lang='lat' dir='ltr'><strong>sanctissimi</strong></span> <span class='ocrx_word' id='word_1_552' title='bbox 1175 5283 1273 5335; x_wconf 88' lang='lat' dir='ltr'><strong>mei</strong></span> <span class='ocrx_word' id='word_1_553' title='bbox 1310 5282 1456 5338; x_wconf 87' lang='lat' dir='ltr'><strong>Petri</strong></span> <span class='ocrx_word' id='word_1_554' title='bbox 1499 5288 1746 5351; x_wconf 87' lang='lat' dir='ltr'><strong>apostoli,</strong></span> <span class='ocrx_word' id='word_1_555' title='bbox 1785 5289 1963 5341; x_wconf 83' lang='lat' dir='ltr'><strong>vicarii</strong></span> <span class='ocrx_word' id='word_1_556' title='bbox 1995 5290 2100 5342; x_wconf 89' lang='lat' dir='ltr'><strong>Do-</strong></span> 
     </span>
    </p>
   </div>
   <div class='ocr_carea' id='block_1_86' title="bbox 533 5371 2098 5457">
    <p class='ocr_par' dir='ltr' id='par_1_86' title="bbox 533 5371 2098 5457">
     <span class='ocr_line' id='line_1_86' title="bbox 533 5371 2098 5457; baseline 0.008 -35"><span class='ocrx_word' id='word_1_557' title='bbox 533 5371 685 5435; x_wconf 85' lang='lat' dir='ltr'><strong>mini,</strong></span> <span class='ocrx_word' id='word_1_558' title='bbox 709 5380 761 5425; x_wconf 68' lang='grc' dir='ltr'><strong>ει</strong></span> <span class='ocrx_word' id='word_1_559' title='bbox 790 5375 925 5441; x_wconf 81' lang='lat' dir='ltr'><strong>regis</strong></span> <span class='ocrx_word' id='word_1_560' title='bbox 960 5377 1127 5429; x_wconf 85' lang='lat' dir='ltr'><strong>nostri</strong></span> <span class='ocrx_word' id='word_1_561' title='bbox 1146 5374 1273 5429; x_wconf 73' lang='lat' dir='ltr'><strong>Iesu</strong></span> <span class='ocrx_word' id='word_1_562' title='bbox 1312 5374 1506 5433; x_wconf 85' lang='lat' dir='ltr'><strong>Christi</strong></span> <span class='ocrx_word' id='word_1_563' title='bbox 1533 5380 1759 5447; x_wconf 81' lang='lat' dir='ltr'><strong>fundata</strong></span> <span class='ocrx_word' id='word_1_564' title='bbox 1784 5390 1880 5446; x_wconf 83' lang='lat' dir='ltr'><strong>est,</strong></span> <span class='ocrx_word' id='word_1_565' title='bbox 1912 5380 2098 5457; x_wconf 82' lang='lat' dir='ltr'><strong>Eccle-</strong></span> 
     </span>
    </p>
   </div>
   <div class='ocr_carea' id='block_1_87' title="bbox 608 5539 1123 5613">
    <p class='ocr_par' dir='ltr' id='par_1_87' title="bbox 608 5539 1123 5613">
     <span class='ocr_line' id='line_1_87' title="bbox 608 5539 1123 5613; baseline 0.004 -21"><span class='ocrx_word' id='word_1_566' title='bbox 608 5539 654 5570; x_wconf 79' lang='grc'><strong>⁸³</strong></span> <span class='ocrx_word' id='word_1_567' title='bbox 680 5539 803 5594; x_wconf 86' lang='lat' dir='ltr'><strong>Act.</strong></span> <span class='ocrx_word' id='word_1_568' title='bbox 838 5557 875 5605; x_wconf 89' lang='lat' dir='ltr'><strong>t,</strong></span> <span class='ocrx_word' id='word_1_569' title='bbox 906 5541 925 5595; x_wconf 84' lang='lat' dir='ltr'><strong>l</strong></span> <span class='ocrx_word' id='word_1_570' title='bbox 968 5553 1123 5613; x_wconf 89' lang='lat' dir='ltr'><strong>seqq.</strong></span> 
     </span>
    </p>
   </div>
   <div class='ocr_carea' id='block_1_88' title="bbox 2182 3200 3750 3271">
    <p class='ocr_par' dir='ltr' id='par_1_88' title="bbox 2182 3200 3750 3271">
     <span class='ocr_line' id='line_1_88' title="bbox 2182 3200 3750 3271; baseline -0.003 -15"><span class='ocrx_word' id='word_1_571' title='bbox 2182 3200 2560 3271; x_wconf 81' lang='lat' dir='ltr'><strong>fungerentur,</strong></span> <span class='ocrx_word' id='word_1_572' title='bbox 2592 3210 2737 3255; x_wconf 90' lang='lat' dir='ltr'><strong>recta</strong></span> <span class='ocrx_word' id='word_1_573' title='bbox 2771 3201 2903 3255; x_wconf 84' lang='lat' dir='ltr'><strong>fides</strong></span> <span class='ocrx_word' id='word_1_574' title='bbox 2945 3201 3319 3266; x_wconf 85' lang='lat' dir='ltr'><strong>roborabatur,</strong></span> <span class='ocrx_word' id='word_1_575' title='bbox 3351 3202 3467 3255; x_wconf 90' lang='lat' dir='ltr'><strong>sine</strong></span> <span class='ocrx_word' id='word_1_576' title='bbox 3512 3216 3617 3269; x_wconf 92' lang='lat' dir='ltr'><strong>quo</strong></span> <span class='ocrx_word' id='word_1_577' title='bbox 3650 3202 3750 3253; x_wconf 89' lang='lat' dir='ltr'><strong>ad-</strong></span> 
     </span>
    </p>
   </div>
   <div class='ocr_carea' id='block_1_89' title="bbox 2180 3292 3750 3361">
    <p class='ocr_par' dir='ltr' id='par_1_89' title="bbox 2180 3292 3750 3361">
     <span class='ocr_line' id='line_1_89' title="bbox 2180 3292 3750 3361; baseline -0.004 -13"><span class='ocrx_word' id='word_1_578' title='bbox 2180 3307 2372 3348; x_wconf 87' lang='lat' dir='ltr'><strong>versus</strong></span> <span class='ocrx_word' id='word_1_579' title='bbox 2424 3292 2711 3347; x_wconf 62' lang='lat' dir='ltr'><strong>haereticos</strong></span> <span class='ocrx_word' id='word_1_580' title='bbox 2777 3292 2965 3347; x_wconf 88' lang='lat' dir='ltr'><strong>obsisti</strong></span> <span class='ocrx_word' id='word_1_581' title='bbox 3029 3293 3284 3361; x_wconf 90' lang='lat' dir='ltr'><strong>nequibat</strong></span> <span class='ocrx_word' id='word_1_582' title='bbox 3339 3309 3355 3350; x_wconf 71' lang='grc' dir='ltr'>ξ</span> <span class='ocrx_word' id='word_1_583' title='bbox 3424 3303 3582 3361; x_wconf 86' lang='lat' dir='ltr'><strong>atque</strong></span> <span class='ocrx_word' id='word_1_584' title='bbox 3642 3305 3750 3344; x_wconf 90' lang='lat' dir='ltr'><strong>non</strong></span> 
     </span>
    </p>
   </div>
   <div class='ocr_carea' id='block_1_90' title="bbox 2183 3366 3754 3451">
    <p class='ocr_par' dir='ltr' id='par_1_90' title="bbox 2183 3366 3754 3451">
     <span class='ocr_line' id='line_1_90' title="bbox 2183 3366 3754 3451; baseline -0.004 -14"><span class='ocrx_word' id='word_1_585' title='bbox 2183 3382 2354 3437; x_wconf 88' lang='lat' dir='ltr'><strong>solum</strong></span> <span class='ocrx_word' id='word_1_586' title='bbox 2415 3395 2743 3451; x_wconf 85' lang='lat' dir='ltr'><strong>congregare</strong></span> <span class='ocrx_word' id='word_1_587' title='bbox 2803 3379 3110 3450; x_wconf 85' lang='lat' dir='ltr'><strong>synodum,</strong></span> <span class='ocrx_word' id='word_1_588' title='bbox 3167 3381 3262 3433; x_wconf 86' lang='lat' dir='ltr'><strong>sed</strong></span> <span class='ocrx_word' id='word_1_589' title='bbox 3314 3394 3486 3447; x_wconf 86' lang='lat' dir='ltr'><strong>neque.</strong></span> <span class='ocrx_word' id='word_1_590' title='bbox 3560 3366 3754 3433; x_wconf 86' lang='lat' dir='ltr'><strong>contra</strong></span> 
     </span>
    </p>
   </div>
   <div class='ocr_carea' id='block_1_91' title="bbox 2184 3469 3757 3538">
    <p class='ocr_par' dir='ltr' id='par_1_91' title="bbox 2184 3469 3757 3538">
     <span class='ocr_line' id='line_1_91' title="bbox 2184 3469 3757 3538; baseline -0.003 -13"><span class='ocrx_word' id='word_1_591' title='bbox 2184 3473 2525 3527; x_wconf 87' lang='lat' dir='ltr'><strong>adversarios</strong></span> <span class='ocrx_word' id='word_1_592' title='bbox 2581 3471 2889 3526; x_wconf 85' lang='lat' dir='ltr'><strong>dimicando</strong></span> <span class='ocrx_word' id='word_1_593' title='bbox 2934 3470 3247 3538; x_wconf 64' lang='lat' dir='ltr'><strong>praevalere,</strong></span> <span class='ocrx_word' id='word_1_594' title='bbox 3282 3470 3402 3524; x_wconf 88' lang='lat' dir='ltr'><strong>sine</strong></span> <span class='ocrx_word' id='word_1_595' title='bbox 3459 3469 3602 3526; x_wconf 89' lang='lat' dir='ltr'><strong>illius</strong></span> <span class='ocrx_word' id='word_1_596' title='bbox 3656 3484 3757 3521; x_wconf 89' lang='lat' dir='ltr'><strong>au-</strong></span> 
     </span>
    </p>
   </div>
   <div class='ocr_carea' id='block_1_92' title="bbox 2185 3557 3747 3630">
    <p class='ocr_par' dir='ltr' id='par_1_92' title="bbox 2185 3557 3747 3630">
     <span class='ocr_line' id='line_1_92' title="bbox 2185 3557 3747 3630; baseline -0.004 -13"><span class='ocrx_word' id='word_1_597' title='bbox 2185 3562 2431 3617; x_wconf 89' lang='lat' dir='ltr'><strong>ctoritate</strong></span> <span class='ocrx_word' id='word_1_598' title='bbox 2479 3561 2747 3630; x_wconf 78' lang='lat' dir='ltr'><strong>quispiam</strong></span> <span class='ocrx_word' id='word_1_599' title='bbox 2791 3568 3024 3629; x_wconf 87' lang='lat' dir='ltr'><strong>poterat.</strong></span> <span class='ocrx_word' id='word_1_600' title='bbox 3072 3559 3414 3613; x_wconf 84' lang='lat' dir='ltr'><strong>Attestantur</strong></span> <span class='ocrx_word' id='word_1_601' title='bbox 3441 3558 3522 3611; x_wconf 90' lang='lat' dir='ltr'><strong>his</strong></span> <span class='ocrx_word' id='word_1_602' title='bbox 3550 3557 3747 3625; x_wconf 87' lang='lat' dir='ltr'><strong>partim</strong></span> 
     </span>
    </p>
   </div>
   <div class='ocr_carea' id='block_1_93' title="bbox 2186 3648 3754 3721">
    <p class='ocr_par' dir='ltr' id='par_1_93' title="bbox 2186 3648 3754 3721">
     <span class='ocr_line' id='line_1_93' title="bbox 2186 3648 3754 3721; baseline -0.004 -16"><span class='ocrx_word' id='word_1_603' title='bbox 2186 3651 2241 3705; x_wconf 90' lang='lat' dir='ltr'><strong>hi</strong></span> <span class='ocrx_word' id='word_1_604' title='bbox 2272 3653 2364 3720; x_wconf 90' lang='lat' dir='ltr'><strong>qui</strong></span> <span class='ocrx_word' id='word_1_605' title='bbox 2394 3665 2491 3721; x_wconf 89' lang='lat' dir='ltr'><strong>per</strong></span> <span class='ocrx_word' id='word_1_606' title='bbox 2521 3650 2572 3705; x_wconf 91' lang='lat' dir='ltr'><strong>id</strong></span> <span class='ocrx_word' id='word_1_607' title='bbox 2606 3649 2863 3717; x_wconf 83' lang='lat' dir='ltr'><strong>temporis</strong></span> <span class='ocrx_word' id='word_1_608' title='bbox 2912 3648 3318 3708; x_wconf 88' lang='lat' dir='ltr'><strong>delitescebant,</strong></span> <span class='ocrx_word' id='word_1_609' title='bbox 3355 3662 3527 3717; x_wconf 89' lang='lat' dir='ltr'><strong>neque</strong></span> <span class='ocrx_word' id='word_1_610' title='bbox 3564 3661 3754 3701; x_wconf 86' lang='lat' dir='ltr'><strong>vocem</strong></span> 
     </span>
    </p>
   </div>
   <div class='ocr_carea' id='block_1_94' title="bbox 2187 3737 3756 3811">
    <p class='ocr_par' dir='ltr' id='par_1_94' title="bbox 2187 3737 3756 3811">
     <span class='ocr_line' id='line_1_94' title="bbox 2187 3737 3756 3811; baseline -0.004 -15"><span class='ocrx_word' id='word_1_611' title='bbox 2187 3742 2410 3798; x_wconf 75' lang='lat' dir='ltr'><strong>liberam</strong></span> <span class='ocrx_word' id='word_1_612' title='bbox 2465 3755 2562 3811; x_wconf 91' lang='lat' dir='ltr'><strong>pro</strong></span> <span class='ocrx_word' id='word_1_613' title='bbox 2626 3740 2727 3795; x_wconf 80' lang='lat' dir='ltr'><strong>fide</strong></span> <span class='ocrx_word' id='word_1_614' title='bbox 2815 3739 3067 3795; x_wconf 88' lang='lat' dir='ltr'><strong>emittere</strong></span> <span class='ocrx_word' id='word_1_615' title='bbox 3128 3740 3429 3802; x_wconf 87' lang='lat' dir='ltr'><strong>audebant,</strong></span> <span class='ocrx_word' id='word_1_616' title='bbox 3481 3738 3583 3791; x_wconf 88' lang='lat' dir='ltr'><strong>etsi</strong></span> <span class='ocrx_word' id='word_1_617' title='bbox 3656 3737 3756 3806; x_wconf 89' lang='lat' dir='ltr'><strong>ipsi</strong></span> 
     </span>
    </p>
   </div>
   <div class='ocr_carea' id='block_1_95' title="bbox 2187 3828 3757 3900">
    <p class='ocr_par' dir='ltr' id='par_1_95' title="bbox 2187 3828 3757 3900">
     <span class='ocr_line' id='line_1_95' title="bbox 2187 3828 3757 3900; baseline -0.004 -14"><span class='ocrx_word' id='word_1_618' title='bbox 2187 3832 2387 3900; x_wconf 88' lang='lat' dir='ltr'><strong>Optime</strong></span> <span class='ocrx_word' id='word_1_619' title='bbox 2423 3832 2689 3887; x_wconf 88' lang='lat' dir='ltr'><strong>sentirent</strong></span> <span class='ocrx_word' id='word_1_620' title='bbox 2719 3847 2733 3884; x_wconf 89' lang='lat'><strong>:</strong></span> <span class='ocrx_word' id='word_1_621' title='bbox 2777 3829 2971 3898; x_wconf 88' lang='lat' dir='ltr'><strong>partim</strong></span> <span class='ocrx_word' id='word_1_622' title='bbox 3000 3838 3056 3884; x_wconf 86' lang='lat' dir='ltr'><strong>et.</strong></span> <span class='ocrx_word' id='word_1_623' title='bbox 3086 3845 3335 3895; x_wconf 81' lang='lat' dir='ltr'><strong>magnus</strong></span> <span class='ocrx_word' id='word_1_624' title='bbox 3374 3828 3607 3882; x_wconf 89' lang='lat' dir='ltr'><strong>Basilius</strong></span> <span class='ocrx_word' id='word_1_625' title='bbox 3641 3828 3757 3896; x_wconf 85' lang='lat' dir='ltr'><strong>cpi-</strong></span> 
     </span>
    </p>
   </div>
   <div class='ocr_carea' id='block_1_96' title="bbox 2188 3919 3759 3988">
    <p class='ocr_par' dir='ltr' id='par_1_96' title="bbox 2188 3919 3759 3988">
     <span class='ocr_line' id='line_1_96' title="bbox 2188 3919 3759 3988; baseline -0.004 -10"><span class='ocrx_word' id='word_1_626' title='bbox 2188 3924 2343 3978; x_wconf 85' lang='lat' dir='ltr'><strong>stolis</strong></span> <span class='ocrx_word' id='word_1_627' title='bbox 2366 3923 2477 3977; x_wconf 90' lang='lat' dir='ltr'><strong>suis</strong></span> <span class='ocrx_word' id='word_1_628' title='bbox 2507 3921 2881 3977; x_wconf 89' lang='lat' dir='ltr'><strong>Occidentales</strong></span> <span class='ocrx_word' id='word_1_629' title='bbox 2911 3921 3349 3988; x_wconf 85' lang='lat' dir='ltr'><strong>excitans,atque</strong></span> <span class='ocrx_word' id='word_1_630' title='bbox 3377 3919 3499 3974; x_wconf 81' lang='lat' dir='ltr'><strong>fidei</strong></span> <span class='ocrx_word' id='word_1_631' title='bbox 3530 3920 3759 3973; x_wconf 84' lang='lat' dir='ltr'><strong>veritate</strong></span> 
     </span>
    </p>
   </div>
   <div class='ocr_carea' id='block_1_97' title="bbox 2190 4010 3761 4082">
    <p class='ocr_par' dir='ltr' id='par_1_97' title="bbox 2190 4010 3761 4082">
     <span class='ocr_line' id='line_1_97' title="bbox 2190 4010 3761 4082; baseline -0.004 -14"><span class='ocrx_word' id='word_1_632' title='bbox 2190 4013 2549 4082; x_wconf 85' lang='lat' dir='ltr'><strong>periclitante,</strong></span> <span class='ocrx_word' id='word_1_633' title='bbox 2583 4022 2639 4067; x_wconf 91' lang='lat' dir='ltr'><strong>ut</strong></span> <span class='ocrx_word' id='word_1_634' title='bbox 2674 4026 2828 4081; x_wconf 90' lang='lat' dir='ltr'><strong>opem</strong></span> <span class='ocrx_word' id='word_1_635' title='bbox 2862 4010 3058 4075; x_wconf 90' lang='lat' dir='ltr'><strong>ferant,</strong></span> <span class='ocrx_word' id='word_1_636' title='bbox 3096 4011 3408 4073; x_wconf 88' lang='lat' dir='ltr'><strong>obsecrans,</strong></span> <span class='ocrx_word' id='word_1_637' title='bbox 3440 4010 3538 4063; x_wconf 86' lang='lat' dir='ltr'><strong>nisi</strong></span> <span class='ocrx_word' id='word_1_638' title='bbox 3580 4010 3761 4077; x_wconf 84' lang='lat' dir='ltr'><strong>provi-</strong></span> 
     </span>
    </p>
   </div>
   <div class='ocr_carea' id='block_1_98' title="bbox 2190 4099 3762 4174">
    <p class='ocr_par' dir='ltr' id='par_1_98' title="bbox 2190 4099 3762 4174">
     <span class='ocr_line' id='line_1_98' title="bbox 2190 4099 3762 4174; baseline -0.004 -14"><span class='ocrx_word' id='word_1_639' title='bbox 2190 4104 2370 4171; x_wconf 84' lang='lat' dir='ltr'><strong>deant,</strong></span> <span class='ocrx_word' id='word_1_640' title='bbox 2405 4105 2454 4159; x_wconf 90' lang='lat' dir='ltr'><strong>id</strong></span> <span class='ocrx_word' id='word_1_641' title='bbox 2485 4119 2761 4174; x_wconf 88' lang='lat' dir='ltr'><strong>passuram</strong></span> <span class='ocrx_word' id='word_1_642' title='bbox 2791 4116 3128 4167; x_wconf 88' lang='lat' dir='ltr'><strong>asseverans,</strong></span> <span class='ocrx_word' id='word_1_643' title='bbox 3164 4102 3317 4170; x_wconf 85' lang='lat' dir='ltr'><strong>quasi</strong></span> <span class='ocrx_word' id='word_1_644' title='bbox 3351 4116 3455 4155; x_wconf 91' lang='lat' dir='ltr'><strong>non</strong></span> <span class='ocrx_word' id='word_1_645' title='bbox 3493 4099 3762 4154; x_wconf 85' lang='lat' dir='ltr'><strong>sufficien-</strong></span> 
     </span>
    </p>
   </div>
   <div class='ocr_carea' id='block_1_99' title="bbox 2190 4191 3759 4264">
    <p class='ocr_par' dir='ltr' id='par_1_99' title="bbox 2190 4191 3759 4264">
     <span class='ocr_line' id='line_1_99' title="bbox 2190 4191 3759 4264; baseline -0.003 -17"><span class='ocrx_word' id='word_1_646' title='bbox 2190 4195 2353 4262; x_wconf 88' lang='lat' dir='ltr'><strong>tibus,</strong></span> <span class='ocrx_word' id='word_1_647' title='bbox 2374 4195 2464 4264; x_wconf 88' lang='lat' dir='ltr'><strong>qui</strong></span> <span class='ocrx_word' id='word_1_648' title='bbox 2488 4195 2627 4263; x_wconf 89' lang='lat' dir='ltr'><strong>apud</strong></span> <span class='ocrx_word' id='word_1_649' title='bbox 2653 4193 2955 4250; x_wconf 86' lang='lat' dir='ltr'><strong>Orientales</strong></span> <span class='ocrx_word' id='word_1_650' title='bbox 2984 4191 3176 4260; x_wconf 88' lang='lat' dir='ltr'><strong>reliqui</strong></span> <span class='ocrx_word' id='word_1_651' title='bbox 3203 4200 3382 4256; x_wconf 87' lang='lat' dir='ltr'><strong>erant,</strong></span> <span class='ocrx_word' id='word_1_652' title='bbox 3411 4191 3759 4245; x_wconf 76' lang='lat' dir='ltr'><strong>orthodosis:</strong></span> 
     </span>
    </p>
   </div>
   <div class='ocr_carea' id='block_1_100' title="bbox 2194 4282 3764 4341">
    <p class='ocr_par' dir='ltr' id='par_1_100' title="bbox 2194 4282 3764 4341">
     <span class='ocr_line' id='line_1_100' title="bbox 2194 4282 3764 4341; baseline -0.003 -2"><span class='ocrx_word' id='word_1_653' title='bbox 2194 4296 2289 4341; x_wconf 86' lang='lat' dir='ltr'><strong>aut</strong></span> <span class='ocrx_word' id='word_1_654' title='bbox 2328 4301 2433 4340; x_wconf 93' lang='lat' dir='ltr'><strong>non</strong></span> <span class='ocrx_word' id='word_1_655' title='bbox 2466 4285 2789 4339; x_wconf 85' lang='lat' dir='ltr'><strong>audentibus</strong></span> <span class='ocrx_word' id='word_1_656' title='bbox 2833 4283 3029 4338; x_wconf 90' lang='lat' dir='ltr'><strong>bellum</strong></span> <span class='ocrx_word' id='word_1_657' title='bbox 3063 4284 3129 4336; x_wconf 87' lang='lat' dir='ltr'><strong>ad</strong></span> <span class='ocrx_word' id='word_1_658' title='bbox 3159 4282 3581 4337; x_wconf 84' lang='lat' dir='ltr'><strong>destructionem</strong></span> <span class='ocrx_word' id='word_1_659' title='bbox 3624 4282 3764 4335; x_wconf 73' lang='lat' dir='ltr'><strong>blas-</strong></span> 
     </span>
    </p>
   </div>
   <div class='ocr_carea' id='block_1_101' title="bbox 2193 4376 2855 4447">
    <p class='ocr_par' dir='ltr' id='par_1_101' title="bbox 2193 4376 2855 4447">
     <span class='ocr_line' id='line_1_101' title="bbox 2193 4376 2855 4447; baseline -0.011 -16"><span class='ocrx_word' id='word_1_660' title='bbox 2193 4376 2559 4447; x_wconf 89' lang='lat' dir='ltr'><strong>phemantium</strong></span> <span class='ocrx_word' id='word_1_661' title='bbox 2593 4376 2855 4444; x_wconf 87' lang='lat' dir='ltr'><strong>arripere.</strong></span> 
     </span>
    </p>
   </div>
   <div class='ocr_carea' id='block_1_102' title="bbox 2265 4464 3757 4536">
    <p class='ocr_par' dir='ltr' id='par_1_102' title="bbox 2265 4464 3757 4536">
     <span class='ocr_line' id='line_1_102' title="bbox 2265 4464 3757 4536; baseline -0.003 -16"><span class='ocrx_word' id='word_1_662' title='bbox 2265 4466 2369 4521; x_wconf 86' lang='lat' dir='ltr'><strong>Sed</strong></span> <span class='ocrx_word' id='word_1_663' title='bbox 2398 4477 2453 4521; x_wconf 88' lang='lat' dir='ltr'><strong>et</strong></span> <span class='ocrx_word' id='word_1_664' title='bbox 2483 4467 2762 4536; x_wconf 90' lang='lat' dir='ltr'><strong>theologus</strong></span> <span class='ocrx_word' id='word_1_665' title='bbox 2786 4464 3097 4533; x_wconf 83' lang='lat' dir='ltr'><strong>Gregorius,</strong></span> <span class='ocrx_word' id='word_1_666' title='bbox 3128 4465 3179 4518; x_wconf 88' lang='lat' dir='ltr'><strong>in</strong></span> <span class='ocrx_word' id='word_1_667' title='bbox 3208 4464 3483 4533; x_wconf 85' lang='lat' dir='ltr'><strong>cpitapbio</strong></span> <span class='ocrx_word' id='word_1_668' title='bbox 3505 4474 3757 4517; x_wconf 77' lang='lat' dir='ltr'><strong>sermoire</strong></span> 
     </span>
    </p>
   </div>
   <div class='ocr_carea' id='block_1_103' title="bbox 2195 4554 3761 4627">
    <p class='ocr_par' dir='ltr' id='par_1_103' title="bbox 2195 4554 3761 4627">
     <span class='ocr_line' id='line_1_103' title="bbox 2195 4554 3761 4627; baseline -0.004 -16"><span class='ocrx_word' id='word_1_669' title='bbox 2195 4572 2358 4627; x_wconf 89' lang='lat' dir='ltr'><strong>quem</strong></span> <span class='ocrx_word' id='word_1_670' title='bbox 2391 4557 2442 4609; x_wconf 93' lang='lat' dir='ltr'><strong>in</strong></span> <span class='ocrx_word' id='word_1_671' title='bbox 2483 4571 2605 4609; x_wconf 91' lang='lat' dir='ltr'><strong>eum</strong></span> <span class='ocrx_word' id='word_1_672' title='bbox 2632 4555 2871 4622; x_wconf 75' lang='lat' dir='ltr'><strong>scripsit,</strong></span> <span class='ocrx_word' id='word_1_673' title='bbox 2900 4554 3003 4609; x_wconf 92' lang='lat' dir='ltr'><strong>hoc</strong></span> <span class='ocrx_word' id='word_1_674' title='bbox 3040 4555 3210 4620; x_wconf 89' lang='lat' dir='ltr'><strong>ipsum</strong></span> <span class='ocrx_word' id='word_1_675' title='bbox 3246 4562 3497 4614; x_wconf 89' lang='lat' dir='ltr'><strong>testatur,</strong></span> <span class='ocrx_word' id='word_1_676' title='bbox 3534 4554 3761 4605; x_wconf 89' lang='lat' dir='ltr'><strong>dicens:</strong></span> 
     </span>
    </p>
   </div>
   <div class='ocr_carea' id='block_1_104' title="bbox 2195 4643 3764 4713">
    <p class='ocr_par' dir='ltr' id='par_1_104' title="bbox 2195 4643 3764 4713">
     <span class='ocr_line' id='line_1_104' title="bbox 2195 4643 3764 4713; baseline -0.007 -9"><span class='ocrx_word' id='word_1_677' title='bbox 2195 4649 2428 4704; x_wconf 74' lang='lat' dir='ltr'><strong>Aderant</strong></span> <span class='ocrx_word' id='word_1_678' title='bbox 2456 4656 2504 4699; x_wconf 83' lang='lat' dir='ltr'><strong>et</strong></span> <span class='ocrx_word' id='word_1_679' title='bbox 2538 4645 2951 4699; x_wconf 82' lang='lat' dir='ltr'><strong>Occidentalium</strong></span> <span class='ocrx_word' id='word_1_680' title='bbox 2978 4646 3338 4713; x_wconf 87' lang='lat' dir='ltr'><strong>episcoporum</strong></span> <span class='ocrx_word' id='word_1_681' title='bbox 3397 4643 3566 4711; x_wconf 86' lang='lat' dir='ltr'><strong>aliqui</strong></span> <span class='ocrx_word' id='word_1_682' title='bbox 3596 4644 3665 4694; x_wconf 86' lang='lat' dir='ltr'><strong>ad</strong></span> <span class='ocrx_word' id='word_1_683' title='bbox 3710 4657 3764 4693; x_wconf 86' lang='lat' dir='ltr'><strong>se</strong></span> 
     </span>
    </p>
   </div>
   <div class='ocr_carea' id='block_1_105' title="bbox 2199 4734 3770 4800">
    <p class='ocr_par' dir='ltr' id='par_1_105' title="bbox 2199 4734 3770 4800">
     <span class='ocr_line' id='line_1_105' title="bbox 2199 4734 3770 4800; baseline -0.007 -6"><span class='ocrx_word' id='word_1_684' title='bbox 2199 4740 2531 4794; x_wconf 86' lang='lat' dir='ltr'><strong>attrahentes</strong></span> <span class='ocrx_word' id='word_1_685' title='bbox 2576 4739 2891 4790; x_wconf 75' lang='lat' dir='ltr'><strong>orthodoxos</strong></span> <span class='ocrx_word' id='word_1_686' title='bbox 2936 4752 3133 4789; x_wconf 87' lang='lat' dir='ltr'><strong>omnes.</strong></span> <span class='ocrx_word' id='word_1_687' title='bbox 3187 4734 3301 4790; x_wconf 86' lang='lat' dir='ltr'><strong>Etsi</strong></span> <span class='ocrx_word' id='word_1_688' title='bbox 3358 4734 3501 4787; x_wconf 82' lang='lat' dir='ltr'><strong>enim</strong></span> <span class='ocrx_word' id='word_1_689' title='bbox 3558 4747 3770 4800; x_wconf 90' lang='lat' dir='ltr'><strong>semper</strong></span> 
     </span>
    </p>
   </div>
   <div class='ocr_carea' id='block_1_106' title="bbox 2200 4824 3760 4897">
    <p class='ocr_par' dir='ltr' id='par_1_106' title="bbox 2200 4824 3760 4897">
     <span class='ocr_line' id='line_1_106' title="bbox 2200 4824 3760 4897; baseline -0.007 -11"><span class='ocrx_word' id='word_1_690' title='bbox 2200 4834 2340 4887; x_wconf 90' lang='lat' dir='ltr'><strong>inter</strong></span> <span class='ocrx_word' id='word_1_691' title='bbox 2370 4834 2602 4886; x_wconf 75' lang='lat' dir='ltr'><strong>luereses</strong></span> <span class='ocrx_word' id='word_1_692' title='bbox 2638 4830 2802 4897; x_wconf 88' lang='lat' dir='ltr'><strong>aliqui</strong></span> <span class='ocrx_word' id='word_1_693' title='bbox 2850 4842 2975 4881; x_wconf 89' lang='lat' dir='ltr'><strong>vera</strong></span> <span class='ocrx_word' id='word_1_694' title='bbox 3026 4828 3090 4882; x_wconf 90' lang='lat' dir='ltr'><strong>de</strong></span> <span class='ocrx_word' id='word_1_695' title='bbox 3131 4827 3234 4880; x_wconf 88' lang='lat' dir='ltr'><strong>fide</strong></span> <span class='ocrx_word' id='word_1_696' title='bbox 3280 4827 3597 4888; x_wconf 87' lang='lat' dir='ltr'><strong>sentientes,</strong></span> <span class='ocrx_word' id='word_1_697' title='bbox 3629 4824 3760 4877; x_wconf 86' lang='lat' dir='ltr'><strong>reli-</strong></span> 
     </span>
    </p>
   </div>
   <div class='ocr_carea' id='block_1_107' title="bbox 2204 4916 3765 4993">
    <p class='ocr_par' dir='ltr' id='par_1_107' title="bbox 2204 4916 3765 4993">
     <span class='ocr_line' id='line_1_107' title="bbox 2204 4916 3765 4993; baseline -0.008 -17"><span class='ocrx_word' id='word_1_698' title='bbox 2204 4926 2292 4993; x_wconf 91' lang='lat' dir='ltr'><strong>qui</strong></span> <span class='ocrx_word' id='word_1_699' title='bbox 2324 4932 2499 4983; x_wconf 86' lang='lat' dir='ltr'><strong>eraut,</strong></span> <span class='ocrx_word' id='word_1_700' title='bbox 2529 4920 2691 4975; x_wconf 84' lang='lat' dir='ltr'><strong>veluti</strong></span> <span class='ocrx_word' id='word_1_701' title='bbox 2721 4919 2960 4987; x_wconf 56' lang='lat' dir='ltr'><strong>quaedam</strong></span> <span class='ocrx_word' id='word_1_702' title='bbox 2989 4917 3220 4972; x_wconf 90' lang='lat' dir='ltr'><strong>scintilla</strong></span> <span class='ocrx_word' id='word_1_703' title='bbox 3251 4916 3528 4969; x_wconf 85' lang='lat' dir='ltr'><strong>veritatis:</strong></span> <span class='ocrx_word' id='word_1_704' title='bbox 3558 4929 3765 4976; x_wconf 85' lang='lat' dir='ltr'><strong>verum,</strong></span> 
     </span>
    </p>
   </div>
   <div class='ocr_carea' id='block_1_108' title="bbox 2205 5008 3767 5076">
    <p class='ocr_par' dir='ltr' id='par_1_108' title="bbox 2205 5008 3767 5076">
     <span class='ocr_line' id='line_1_108' title="bbox 2205 5008 3767 5076; baseline -0.009 -6"><span class='ocrx_word' id='word_1_705' title='bbox 2205 5033 2309 5070; x_wconf 90' lang='lat' dir='ltr'><strong>non</strong></span> <span class='ocrx_word' id='word_1_706' title='bbox 2371 5025 2573 5070; x_wconf 88' lang='lat' dir='ltr'><strong>tantum</strong></span> <span class='ocrx_word' id='word_1_707' title='bbox 2631 5014 2899 5067; x_wconf 90' lang='lat' dir='ltr'><strong>habebant</strong></span> <span class='ocrx_word' id='word_1_708' title='bbox 2965 5010 3197 5072; x_wconf 89' lang='lat' dir='ltr'><strong>roboris,</strong></span> <span class='ocrx_word' id='word_1_709' title='bbox 3254 5018 3312 5061; x_wconf 90' lang='lat' dir='ltr'><strong>ut</strong></span> <span class='ocrx_word' id='word_1_710' title='bbox 3354 5009 3435 5062; x_wconf 89' lang='lat' dir='ltr'><strong>vel</strong></span> <span class='ocrx_word' id='word_1_711' title='bbox 3505 5008 3767 5076; x_wconf 79' lang='lat' dir='ltr'><strong>synodum</strong></span> 
     </span>
    </p>
   </div>
   <div class='ocr_carea' id='block_1_109' title="bbox 2205 5096 3773 5175">
    <p class='ocr_par' dir='ltr' id='par_1_109' title="bbox 2205 5096 3773 5175">
     <span class='ocr_line' id='line_1_109' title="bbox 2205 5096 3773 5175; baseline -0.008 -16"><span class='ocrx_word' id='word_1_712' title='bbox 2205 5121 2418 5175; x_wconf 85' lang='lat' dir='ltr'><strong>cogere,</strong></span> <span class='ocrx_word' id='word_1_713' title='bbox 2455 5106 2696 5172; x_wconf 86' lang='lat' dir='ltr'><strong>aliasque</strong></span> <span class='ocrx_word' id='word_1_714' title='bbox 2739 5104 3004 5157; x_wconf 87' lang='lat' dir='ltr'><strong>obsistere</strong></span> <span class='ocrx_word' id='word_1_715' title='bbox 3050 5101 3330 5159; x_wconf 89' lang='lat' dir='ltr'><strong>auderent,</strong></span> <span class='ocrx_word' id='word_1_716' title='bbox 3357 5114 3479 5152; x_wconf 90' lang='lat' dir='ltr'><strong>cum</strong></span> <span class='ocrx_word' id='word_1_717' title='bbox 3529 5098 3626 5165; x_wconf 90' lang='lat' dir='ltr'><strong>ipsi</strong></span> <span class='ocrx_word' id='word_1_718' title='bbox 3674 5096 3773 5148; x_wconf 89' lang='lat' dir='ltr'><strong>mi-</strong></span> 
     </span>
    </p>
   </div>
   <div class='ocr_carea' id='block_1_110' title="bbox 2207 5187 3773 5265">
    <p class='ocr_par' dir='ltr' id='par_1_110' title="bbox 2207 5187 3773 5265">
     <span class='ocr_line' id='line_1_110' title="bbox 2207 5187 3773 5265; baseline -0.009 -12"><span class='ocrx_word' id='word_1_719' title='bbox 2207 5200 2353 5254; x_wconf 89' lang='lat' dir='ltr'><strong>nima</strong></span> <span class='ocrx_word' id='word_1_720' title='bbox 2400 5212 2524 5265; x_wconf 90' lang='lat' dir='ltr'><strong>pars</strong></span> <span class='ocrx_word' id='word_1_721' title='bbox 2572 5205 2773 5255; x_wconf 83' lang='lat' dir='ltr'><strong>essent,</strong></span> <span class='ocrx_word' id='word_1_722' title='bbox 2823 5208 2885 5247; x_wconf 86' lang='lat' dir='ltr'><strong>ac</strong></span> <span class='ocrx_word' id='word_1_723' title='bbox 2914 5193 3108 5259; x_wconf 85' lang='lat' dir='ltr'><strong>saepius</strong></span> <span class='ocrx_word' id='word_1_724' title='bbox 3153 5192 3550 5245; x_wconf 88' lang='lat' dir='ltr'><strong>occulerentnr.</strong></span> <span class='ocrx_word' id='word_1_725' title='bbox 3586 5193 3689 5241; x_wconf 83' lang='lat' dir='ltr'><strong>Aut</strong></span> <span class='ocrx_word' id='word_1_726' title='bbox 3730 5187 3773 5239; x_wconf 84' lang='lat' dir='ltr'><strong>si</strong></span> 
     </span>
    </p>
   </div>
   <div class='ocr_carea' id='block_1_111' title="bbox 2209 5279 3774 5357">
    <p class='ocr_par' dir='ltr' id='par_1_111' title="bbox 2209 5279 3774 5357">
     <span class='ocr_line' id='line_1_111' title="bbox 2209 5279 3774 5357; baseline -0.008 -15"><span class='ocrx_word' id='word_1_727' title='bbox 2209 5287 2530 5357; x_wconf 86' lang='lat' dir='ltr'><strong>coegissent,</strong></span> <span class='ocrx_word' id='word_1_728' title='bbox 2569 5286 2732 5339; x_wconf 89' lang='lat' dir='ltr'><strong>robur</strong></span> <span class='ocrx_word' id='word_1_729' title='bbox 2765 5300 2824 5337; x_wconf 90' lang='lat' dir='ltr'><strong>ea</strong></span> <span class='ocrx_word' id='word_1_730' title='bbox 2858 5284 3096 5354; x_wconf 84' lang='lat' dir='ltr'><strong>synodus</strong></span> <span class='ocrx_word' id='word_1_731' title='bbox 3140 5297 3243 5336; x_wconf 90' lang='lat' dir='ltr'><strong>non</strong></span> <span class='ocrx_word' id='word_1_732' title='bbox 3298 5282 3596 5336; x_wconf 85' lang='lat' dir='ltr'><strong>habuisset.</strong></span> <span class='ocrx_word' id='word_1_733' title='bbox 3625 5279 3774 5332; x_wconf 83' lang='lat' dir='ltr'><strong>Nulla</strong></span> 
     </span>
    </p>
   </div>
   <div class='ocr_carea' id='block_1_112' title="bbox 2209 5372 3775 5447">
    <p class='ocr_par' dir='ltr' id='par_1_112' title="bbox 2209 5372 3775 5447">
     <span class='ocr_line' id='line_1_112' title="bbox 2209 5372 3775 5447; baseline -0.007 -13"><span class='ocrx_word' id='word_1_734' title='bbox 2209 5380 2353 5434; x_wconf 90' lang='lat' dir='ltr'><strong>enim</strong></span> <span class='ocrx_word' id='word_1_735' title='bbox 2398 5377 2640 5447; x_wconf 81' lang='lat' dir='ltr'><strong>synodus</strong></span> <span class='ocrx_word' id='word_1_736' title='bbox 2680 5391 2789 5429; x_wconf 90' lang='lat' dir='ltr'><strong>non</strong></span> <span class='ocrx_word' id='word_1_737' title='bbox 2833 5385 3118 5443; x_wconf 73' lang='lat' dir='ltr'><strong>prtescnte,</strong></span> <span class='ocrx_word' id='word_1_738' title='bbox 3148 5373 3230 5427; x_wconf 86' lang='lat' dir='ltr'><strong>vel</strong></span> <span class='ocrx_word' id='word_1_739' title='bbox 3262 5387 3366 5426; x_wconf 89' lang='lat' dir='ltr'><strong>non</strong></span> <span class='ocrx_word' id='word_1_740' title='bbox 3402 5372 3775 5427; x_wconf 81' lang='lat' dir='ltr'><strong>consentiente</strong></span> 
     </span>
    </p>
   </div>
   <div class='ocr_carea' id='block_1_113' title="bbox 614 5690 3778 5767">
    <p class='ocr_par' dir='ltr' id='par_1_113' title="bbox 614 5690 3778 5767">
     <span class='ocr_line' id='line_1_113' title="bbox 614 5690 3778 5767; baseline -0.005 -12"><span class='ocrx_word' id='word_1_741' title='bbox 614 5698 735 5767; x_wconf 18' lang='lat'><strong>(88),</strong></span> <span class='ocrx_word' id='word_1_742' title='bbox 757 5697 945 5753; x_wconf 78' lang='lat' dir='ltr'><strong>Exstat</strong></span> <span class='ocrx_word' id='word_1_743' title='bbox 972 5698 1077 5753; x_wconf 89' lang='lat' dir='ltr'><strong>hoc</strong></span> <span class='ocrx_word' id='word_1_744' title='bbox 1100 5699 1375 5767; x_wconf 82' lang='lat' dir='ltr'><strong>decretum</strong></span> <span class='ocrx_word' id='word_1_745' title='bbox 1410 5696 1548 5766; x_wconf 84' lang='lat' dir='ltr'><strong>apud</strong></span> <span class='ocrx_word' id='word_1_746' title='bbox 1577 5695 1894 5749; x_wconf 86' lang='lat' dir='ltr'><strong>Gratianum</strong></span> <span class='ocrx_word' id='word_1_747' title='bbox 1925 5695 1977 5750; x_wconf 89' lang='lat' dir='ltr'><strong>d.</strong></span> <span class='ocrx_word' id='word_1_748' title='bbox 2012 5693 2103 5760; x_wconf 83' lang='lat'><strong>96,</strong></span> <span class='ocrx_word' id='word_1_749' title='bbox 2143 5705 2317 5762; x_wconf 88' lang='lat' dir='ltr'><strong>neque</strong></span> <span class='ocrx_word' id='word_1_750' title='bbox 2351 5692 2558 5749; x_wconf 72' lang='lat' dir='ltr'><strong>Crtecis</strong></span> <span class='ocrx_word' id='word_1_751' title='bbox 2594 5698 2677 5746; x_wconf 86' lang='lat' dir='ltr'><strong>cst</strong></span> <span class='ocrx_word' id='word_1_752' title='bbox 2708 5690 3037 5758; x_wconf 79' lang='lat' dir='ltr'><strong>ignoratum,</strong></span> <span class='ocrx_word' id='word_1_753' title='bbox 3071 5693 3131 5739; x_wconf 90' lang='lat' dir='ltr'><strong>ut</strong></span> <span class='ocrx_word' id='word_1_754' title='bbox 3178 5693 3325 5754; x_wconf 86' lang='lat' dir='ltr'><strong>patet</strong></span> <span class='ocrx_word' id='word_1_755' title='bbox 3381 5700 3446 5740; x_wconf 79' lang='lat' dir='ltr'><strong>ex</strong></span> <span class='ocrx_word' id='word_1_756' title='bbox 3507 5701 3778 5743; x_wconf 85' lang='lat' dir='ltr'><strong>commen-</strong></span> 
     </span>
    </p>
   </div>
   <div class='ocr_carea' id='block_1_114' title="bbox 546 5765 1422 5822">
    <p class='ocr_par' dir='ltr' id='par_1_114' title="bbox 546 5765 1422 5822">
     <span class='ocr_line' id='line_1_114' title="bbox 546 5765 1422 5822; baseline -0.006 0"><span class='ocrx_word' id='word_1_757' title='bbox 546 5765 703 5822; x_wconf 85' lang='lat' dir='ltr'><strong>tariis</strong></span> <span class='ocrx_word' id='word_1_758' title='bbox 721 5766 1057 5821; x_wconf 85' lang='lat' dir='ltr'><strong>Balsamonis</strong></span> <span class='ocrx_word' id='word_1_759' title='bbox 1087 5768 1139 5821; x_wconf 91' lang='lat' dir='ltr'><strong>in</strong></span> <span class='ocrx_word' id='word_1_760' title='bbox 1173 5765 1422 5822; x_wconf 88' lang='lat' dir='ltr'><strong>concilia.</strong></span> 
     </span>
    </p>
   </div>
  </div>
