4114 6306
464 293 572 358 245

1508 297 1904 363 ADVERSUS
1939 303 2252 368 GRrECOS
2281 309 2422 370 LIB.
2462 313 2555 375 IV.

3584 321 3696 386 246

465 383 708 441 Romano
749 388 1025 457 episcopo,
1061 387 1143 442 vel
1178 389 1338 444 robur
1367 388 1616 453 habebat,
1644 393 1727 447 vel
1755 393 2025 447 catholica
2057 404 2098 460 Α
2129 401 2292 468 aliqui
2324 412 2380 456 ut
2406 403 2733 470 haereticum,
2766 405 3064 463 Romanum
3107 418 3284 465 tamen
3331 383 3650 482 episcopum

463 477 824 532 credebatur.
889 479 955 532 Ut
1019 482 1160 534 enim
1224 482 1411 536 beatus
1489 481 1795 552 Stephanus
1846 484 2026 551 junior

464 566 782 633 insinuavit,
813 570 928 624 sine
957 586 1022 624 eo
1067 586 1155 626 res
1202 571 1568 627 ecclesiastica
1617 576 1835 628 tractari
1888 575 2026 628 diri-

463 656 625 724 gique
672 672 774 710 non
819 668 1060 724 putarat:
1105 657 1690 728 lconomachormuque
1738 661 2024 729 synodum,

465 743 711 800 Romano
778 750 1028 816 pontiﬁce
1095 766 1199 806 non
1265 751 1648 820 approbante.
1701 751 2027 806 catholicam

465 837 732 904 appellare
779 840 978 893 renuit.

534 926 656 980 llaec
726 939 904 982 autem
980 945 1086 984 non
1157 929 1416 984 Romanae
1485 929 1867 995 urbis.gratia
1945 929 2020 984 illi

461 1019 691 1086 dignitas
740 1022 1008 1090 contigit,
1077 1022 1169 1074 sed
1233 1022 1359 1090 quia
1418 1035 1700 1084 successor
1744 1021 1883 1074 beati
1933 1020 2027 1074 Pe-

464 1109 528 1160 tri
588 1107 710 1160 fuit.
780 1109 910 1162 Eum
981 1125 1112 1164 vero
1170 1108 1426 1164 Dominus
1497 1124 1596 1178 pro
1645 1124 1703 1164 se
1777 1111 2028 1165 Ecclesia:

459 1195 718 1263 prefecit,
776 1205 936 1270 atque
975 1210 1196 1267 propter
1245 1199 1513 1267 eximiamj
1544 1201 1882 1269 praﬁcientis
1915 1202 2026 1271 glo-

464 1281 917 1345 riam,suecessor
944 1283 1083 1352 ejus,
1119 1295 1173 1338 et
1194 1296 1254 1336 ea
1284 1298 1442 1353 quam
1481 1301 1574 1353 per
1625 1287 2039 1341 successionem-

461 1373 622 1439 cepit,
663 1370 928 1437 Ecclesia,
986 1373 1291 1444 ubicunque
1349 1385 1614 1430 terrarum
1676 1379 1759 1433 vel
1810 1378 2023 1432 urbium

462 1470 610 1515 esset
657 1461 940 1528 aediﬁcata,
991 1463 1130 1534 idem
1170 1465 1409 1534 profecto
1456 1466 1659 1522 valeret
1681 1468 1734 1522 in
1775 1469 2026 1525 omnibus

462 1551 714 1606 Ecclesiae
745 1553 1006 1622 negotiis;
1032 1553 1112 1608 sin
1142 1569 1271 1609 vero
1291 1571 1432 1619 eam,
1453 1572 1557 1626 qua
1591 1559 1690 1612 sub
1722 1559 1859 1614 cmlo
1880 1560 2024 1614 nulla

461 1653 605 1695 esset
636 1643 828 1710 major,
855 1644 1127 1698 civitatem
1163 1649 1403 1715 oportuit
1427 1649 1696 1718 prmcipue
1739 1651 1804 1705 ad
1838 1651 2021 1706 sedem

461 1731 582 1799 eligi
605 1731 954 1800 magnitudini
988 1733 1244 1789 Ecclesiae
1266 1735 1467 1792 Christi
1493 1746 1879 1814 congruentem
1906 1759 1919 1792 :
1965 1749 2023 1795 ut
2051 1725 2098 1784 B

456 1823 592 1876 sicut
618 1823 969 1878 humanarum
1005 1824 1114 1880 illic
1136 1840 1313 1880 rerum
1333 1829 1572 1882 omnium
1596 1830 1876 1898 imperium
1899 1830 2018 1898 fuit,

455 1912 528 1965 ita
562 1912 670 1976 illic
692 1914 857 1969 etiam
881 1924 1041 1982 caput
1069 1915 1321 1971 Ecclesia:
1342 1917 1567 1983 Christi,
1585 1921 1704 1974 ﬁdei
1733 1935 1828 1989 per
1850 1933 2022 1976 telum

459 2003 646 2057 orbem
667 2003 849 2058 edicta
903 2005 1289 2074 promulgaret,
1323 2017 1481 2076 atque
1524 2009 1666 2064 unde
1710 2010 2022 2066 idololatriae

456 2103 724 2163 praecepta
759 2090 1134 2157 manaverant,
1155 2096 1279 2150 inde
1309 2098 1662 2153 ecclesiastici
1689 2100 2022 2170 principatus

455 2183 660 2252 ubique
707 2193 969 2238 terrarum
1041 2186 1212 2239 edicta
1261 2187 1786 2244 innotescerentmc
1814 2191 2022 2247 facilius

455 2275 615 2326 unico
670 2277 770 2329 sub
825 2275 1151 2344 principatu,
1215 2277 1412 2346 ubique
1459 2281 1769 2346 praedicatio
1821 2281 2021 2336 dill'un-

451 2363 691 2430 deretur,
740 2365 938 2419 idcirco
995 2366 1159 2420 etiam
1221 2365 1444 2419 Romam
1520 2369 1570 2420 in
1643 2378 1850 2422 tantum
1902 2385 2018 2425 cre-

452 2456 616 2518 visse,
666 2465 924 2523 quantum
973 2456 1025 2510 in
1083 2457 1332 2512 humanis
1374 2458 1534 2511 rebus
1572 2458 1678 2514 dici
1718 2463 1916 2528 potuit,
1955 2469 2018 2515 ut

453 2561 630 2598 rerqu
697 2546 940 2616 dignitati
991 2560 1140 2616 aequa
1188 2556 1330 2601 esset
1387 2551 1700 2616 proportio,
1752 2561 1805 2604 et
1863 2552 2019 2604 undi-

454 2651 560 2704 que
611 2637 894 2699 nobilitas,
946 2645 1001 2690 et
1059 2639 1456 2705 magnilicentia
1522 2641 1640 2693 ﬁdei
1693 2641 2018 2696 Christianis

453 2725 836 2792 colligeretur:
874 2726 925 2777 id
968 2740 1180 2795 quoque
1211 2726 1329 2794 ejus
1363 2737 1467 2790 est,
1513 2729 1604 2797 qui
1649 2734 1918 2786 contraria
1947 2748 2014 2788 ex

456 2816 749 2870 contrariis
812 2816 1034 2869 virtutis
1090 2817 1459 2882 magnitudine
1511 2821 1750 2886 conﬁcit,
1795 2837 1848 2876 et
1891 2824 2025 2876 [una

460 2904 714 2958 damenta
763 2907 892 2974 jacit
926 2944 941 2972 ,
994 2915 1154 2976 atque
1205 2907 1309 2975 his,
1353 2895 1474 2978 qua:
1525 2912 1794 2980 proposita
1843 2923 1967 2968 sunt
1999 2955 2014 2982 ,

456 2997 658 3063 optime
705 2998 948 3068 quadrat.

524 3086 786 3144 Praedicta
854 3107 981 3149 vero
1027 3096 1188 3151 etiam
1252 3098 1414 3153 rebus
1469 3097 1814 3152 roborantur.
1879 3097 2083 3186 Namc

450 3187 633 3244 portas
677 3181 834 3249 inferi
874 3187 1047 3239 sancti
1095 3201 1216 3243 esse
1253 3189 1533 3243 haereticos
1560 3190 1764 3254 dicunt,
1807 3200 1859 3243 et
1891 3205 2010 3242 om-

448 3285 548 3324 nes
584 3275 805 3326 omnino
853 3276 942 3342 qui
996 3277 1068 3332 illi
1136 3281 1530 3344 adversantur;
1571 3295 1706 3347 quos
1745 3279 2012 3334 .Ecrlesite

383 3395 388 3398 -
449 3377 553 3414 non
586 3365 960 3430 praevalituras
994 3369 1046 3421 in
1105 3367 1245 3424 Petri
1285 3379 1432 3438 petra
1470 3371 1725 3436 lundatm,
1768 3372 2013 3439 przedixit

447 3450 730 3509 Dominus.
788 3458 1009 3514 Constat
1050 3468 1228 3515 autem
1306 3465 1448 3529 quod
1499 3463 1617 3515 aliis
1650 3463 1866 3531 quidem
1908 3463 2013 3515 Ec-

429 3544 654 3612 -clesiis,
687 3559 820 3615 quas
850 3549 1082 3618 apostoli
1113 3551 1536 3613 mdiﬁcaveruut,
1571 3551 1625 3603 hi
1687 3552 1780 3619 qui
1837 3552 2013 3605 varias

447 3645 502 3688 et
529 3635 650 3690 aliis
681 3641 1015 3707 temporibus
1063 3641 1199 3696 alias
1239 3642 1487 3695 invexere
1515 3642 1768 3704 haereses,
1805 3653 2014 3706 praeva-

445 3725 681 3782 luerunt.
742 3727 851 3783 Etsi
928 3730 1073 3784 enim
1149 3745 1256 3784 non
1337 3745 1728 3802 usquequaque
1812 3731 2011 3784 malitia

444 3817 697 3884 obtinuit,
735 3823 790 3872 in
841 3827 1099 3889 quantum
1146 3829 1322 3874 tamen
1396 3822 1652 3888 obtinuit,
1712 3822 2008 3892 prtevaluit.

447 3903 701 3961 Romana:
733 3919 914 3963 autem
946 3909 1223 3977 Ecclesiae,
1265 3927 1424 3982 quam
1475 3913 1668 3966 Petrus
1717 3913 2010 3978 solidavit,

446 3997 628 4052 nullus
660 3999 882 4054 omnino
917 4015 1150 4069 unquam
1181 4003 1479 4067 prrevaluit.
1513 4002 1696 4071 Neque
1730 4004 1872 4056 enim
1911 4005 2011 4059 hoc

445 4090 723 4156 quaeritur,
777 4105 844 4143 an
881 4091 1072 4160 aliquis
1116 4095 1162 4146 ei
1194 4092 1490 4163 pra-fuerit,
1538 4096 1626 4163 qui
1679 4097 2008 4150 contrarium

443 4179 644 4247 aliquid
701 4180 978 4234 catholica:
1027 4181 1147 4235 ﬁdei
1196 4184 1662 4251 prouuutiaverit:
1701 4199 2008 4253 quanquam

444 4278 499 4321 ct
529 4270 573 4320 si
611 4268 737 4337 quid
780 4269 1092 4338 contigisset
1139 4271 1428 4340 ejusmodi,
1460 4274 1702 4342 protinus
1751 4272 2010 4344 Ecclesiae

445 4362 707 4413 sententia
765 4359 1024 4428 dejectus,
1072 4359 1217 4415 Petti
1266 4363 1392 4416 sedc
1433 4362 1593 4416 simul
1649 4373 1703 4417 et
1750 4363 2010 4433 dignitate

2129 491 2509 555 causabantur,
2547 505 2776 565 purgat:
2811 511 2932 551 cum
2959 499 3246 555 hzereticns
3280 501 3515 572 Pyrrhus
3545 507 3679 561 Cou-

2129 585 2666 654 slautinopolitauam
2732 598 2858 641 tunc
2919 589 3213 646 Ecclesiam
3279 605 3506 662 regeret.
3535 607 3587 650 et
3621 601 3683 650 ad

2129 675 2402 730 munimen
2451 679 2654 731 erroris
2691 679 2775 732 sui
2804 677 3098 736 llonorium
3153 686 3436 753 proferret.
3478 688 3538 742 Et
3563 705 3682 745 verr

2129 767 2229 819 iste
2274 769 2551 835 respondit
2575 785 2595 823 :
2630 768 2920 825 Honorium
2957 775 3201 842 pietatem
3260 776 3452 842 colere,
3495 781 3682 848 sitiqm

2127 857 2245 922 ipsi,
2280 857 2336 910 in
2382 859 2462 909 liis
2495 874 2611 927 qua:
2642 861 2798 935 dixit,
2844 863 2990 916 illius
3045 881 3258 919 sensum
3303 883 3583 938 congruere
3613 873 3682 923 si-

2127 949 2335 1015 mulque
2357 949 2482 1017 ipsi,
2510 959 2564 1004 et
2583 950 2730 1005 illius
2758 954 2922 1008 verba
2952 952 3161 1025 Pyrrho
3192 959 3496 1026 proposuit,
3527 975 3616 1026 qui
3635 973 3684 1014 s-

2128 1038 2257 1092 dam
2293 1054 2550 1096 asserens
2597 1043 2743 1098 illius
2783 1060 3003 1100 sensum
3037 1049 3350 1116 ignorantes
3381 1048 3498 1103 sive
3525 1050 3688 1104 etiam

2127 1130 2542 1196 calumniantes,
2567 1134 2756 1190 falsam
2789 1136 2856 1191 de
2879 1137 2974 1192 illo
3012 1139 3401 1195 disseminasse
3428 1140 3650 1194 famam.

2200 1227 2392 1282 Veram
2430 1238 2608 1282 autem
2656 1229 2822 1282 fuisse
2869 1232 3299 1297 excusationem,
3335 1233 3462 1286 hinc
3498 1233 3688 1302 liquet.

2127 1317 2326 1371 Praeter
2355 1318 2594 1380 idenim,
2635 1319 2778 1389 quod
2813 1321 2991 1377 nullus
3045 1321 3205 1377 facile
3247 1325 3508 1388 crederm,
3555 1340 3684 1379 sau-

2124 1417 2272 1464 ctum
2313 1408 2604 1464 Maximum
2660 1413 2874 1467 mentiri
2913 1429 3093 1483 posse,
3131 1415 3292 1484 idque
3340 1431 3463 1470 cum
3520 1418 3690 1486 pluric

2125 1513 2270 1554 mum
2302 1503 2556 1570 temporis
2589 1503 2775 1558 Romae
2803 1513 2927 1560 tunc
2957 1505 3139 1572 fuerit,
3175 1521 3276 1576 pro
3301 1509 3687 1563 ecclesiasticis

2127 1594 2376 1662 negotiis,
2419 1603 2473 1648 et
2503 1609 2678 1664 neque
2723 1595 2885 1666 impie
2925 1596 3190 1651 sentiente
3240 1595 3498 1661 llonorio,
3541 1610 3687 1653 recte

2126 1684 2384 1740 sensisset
2414 1685 2652 1740 Ecclesia
2684 1703 2700 1753 ;
2733 1687 2823 1741 sed
2859 1687 2940 1741 vel
2974 1701 3095 1741 cum
3125 1688 3218 1742 illo
3252 1689 3364 1757 ipsa
3410 1689 3564 1749 falsa,
3602 1691 3686 1742 vel

2127 1793 2251 1832 cum
2301 1777 2417 1846 ipsa
2468 1778 2558 1832 ille
2613 1793 2736 1833 vera
2794 1781 3051 1842 sentiret,
3106 1780 3156 1832 id
3198 1780 3440 1848 profecto
3499 1796 3683 1836 verum

2123 1884 2243 1923 esse
2282 1871 2552 1934 cernitur,
2603 1878 2657 1922 et
2691 1883 2753 1924 ex
2785 1871 2867 1924 his
2904 1885 3024 1940 qua:
3057 1871 3210 1926 divus
3240 1871 3503 1925 Maximus
3535 1873 3683 1925 illum

2123 1975 2387 2015 excusans
2446 1957 2598 2027 dixit,
2659 1974 2781 2016 cum
2833 1975 2936 2028 qua
2982 1970 3032 2013 et
3073 1962 3184 2030 ipse
3223 1977 3372 2016 stans
3427 1965 3687 2017 adrcrsus

2123 2051 2388 2123 Pyrrhum
2439 2051 3200 2123 Constantinopolitanamque
3231 2056 3538 2109 Eeclesiam
3592 2071 3688 2122 pro

2122 2144 2320 2213 pietate
2363 2143 2658 2213 pugnabat.
2701 2144 2769 2198 Et
2805 2159 2870 2198 ex
2926 2159 2990 2198 eo
3017 2145 3198 2209 etiam,
3248 2148 3390 2214 quod
3451 2147 3523 2198 nil
3582 2148 3688 2200 tale

2121 2235 2492 2304 blasphemum
2513 2235 2577 2290 de
2597 2236 2684 2289 illa
2717 2249 2812 2304 per
2843 2236 2893 2288 id
2923 2239 3178 2306 temporis
3200 2237 3416 2292 historia
3446 2238 3618 2292 tradid
3642 2249 3684 2296 t.

2190 2325 2306 2379 Non
2339 2340 2467 2396 ergo
2515 2326 2644 2380 illud
2679 2327 2988 2395 inquiritur,
3027 2343 3096 2381 an
3148 2330 3343 2398 aliquis
3384 2332 3510 2397 iisis
3543 2347 3682 2399 pra:-

2122 2414 2295 2470 l'ectus
2341 2425 2527 2470 contra
2590 2417 2909 2472 catholicam
2964 2406 3121 2473 ﬁdem
3186 2436 3420 2490 unquam
3479 2423 3679 2492 aliquid

2121 2509 2453 2578 protulerit;
2489 2511 2685 2577 quippe
2738 2511 2782 2564 si
2817 2511 2937 2578 quis
3000 2513 3123 2566 talis
3183 2524 3345 2579 esset,
3408 2513 3682 2569 Romanus

2119 2603 2400 2671 episcopus
2433 2616 2538 2655 non
2569 2610 2740 2668 esset;
2799 2601 3046 2670 hujusmo
3068 2606 3099 2657 li
3131 2607 3272 2658 enim
3315 2621 3524 2674 semper
3557 2623 3681 2662 vera

2120 2697 2373 2765 prosequi
2418 2697 2656 2761 fnecesse
2709 2705 2812 2761 est,
2866 2697 3156 2766 sedemque
3207 2698 3348 2751 illam
3405 2714 3678 2767 nunquam

2122 2794 2272 2856 patre
2318 2786 2538 2854 privari,
2591 2787 2682 2855 qui
2718 2786 2846 2842 inde
2893 2787 2962 2841 de
3017 2789 3358 2854 dogmatibus
3405 2803 3527 2843 vera
3590 2791 3683 2842 de-

2121 2888 2325 2942 cernat,
2369 2879 2614 2946 quamvis
2665 2892 2730 2932 ne
2759 2879 2837 2932 sic
2880 2879 3096 2948 quidem
3154 2878 3256 2932 tale
3311 2878 3508 2948 aliquid
3555 2898 3684 2935 eou-

2120 2968 2258 3035 tigit.
2291 2968 2396 3022 Sed
2425 2983 2490 3022 an
2531 2969 2732 3038 aliquid
2780 2985 3016 3038 unquam
3047 2971 3112 3025 ab
3148 2970 3386 3025 Eet-Iesia
3441 2970 3679 3026 R‘onmua

2121 3060 2223 3113 tale
2271 3060 2536 3128 prolatum
2580 3063 2693 3123 sit,
2753 3071 2804 3115 et
2854 3061 2936 3116 vel
2991 3062 3058 3116 ad
3112 3064 3381 3118 modicum
3436 3065 3485 3118 ei
3547 3081 3682 3133 pric-

2113 3150 2364 3215 valuerit,
2399 3151 2544 3219 quod
2604 3167 2743 3206 nunc
2790 3153 3121 3208 anathemati
3162 3156 3524 3206 couuuuniter
3553 3159 3680 3208 sub-

2110 3242 2308 3312 jectum
2359 3242 2451 3306 sit,
2507 3243 2648 3297 sicut
2702 3257 2842 3312 stt-pe
2875 3243 2928 3297 in
2973 3244 3095 3298 aliis
3151 3244 3410 3300 Ecclesiis
3468 3246 3679 3299 coutin-

2111 3336 2206 3400 git.
2235 3335 2514 3402 qtlzcrilnr.
2546 3334 2657 3390 [loc
2685 3345 2864 3390 autem
2917 3351 3074 3392 nemo
3121 3335 3230 3389 ulla
3289 3337 3496 3391 ratione
3529 3353 3680 3392 mon-

2113 3436 2284 3479 strare
2313 3434 2508 3495 potest.

2187 3518 2242 3588 Si
2296 3537 2458 3604 igitur
2503 3536 2623 3590 aliis
2687 3535 2904 3606 quidem
2976 3537 3234 3592 Ecclesiis
3284 3550 3450 3606 porta:
3520 3539 3676 3594 inferi

2115 3627 2510 3695 praevaluerunt
2540 3629 2656 3682 sive
2707 3642 2915 3696 parum,
2958 3630 3071 3684 sive
3111 3630 3362 3698 amplius,
3409 3631 3539 3685 nihil
3593 3647 3675 3686 rc-

2113 3720 2238 3772 fert.
2289 3718 2352 3771 Et
2380 3727 2524 3773 certe
2554 3733 2675 3774 cum
2714 3720 3068 3790 quarumdam
3102 3723 3310 3775 ruinam
3357 3725 3492 3776 ultra
3521 3726 3679 3789 quin-

2112 3809 2372 3878 quaginta
2420 3825 2590 3870 anuos
2630 3811 2858 3864 durasse
2909 3809 3119 3865 ostendi
3163 3813 3355 3879 possit,
3399 3811 3448 3865 id
3499 3812 3671 3866 solum

2111 3898 2328 3965 sullicit,
2367 3901 2575 3955 illarum
2603 3902 2896 3955 sententias
2923 3902 2989 3956 ab
3022 3903 3164 3956 oumi
3195 3902 3430 3956 Ecclesia
3452 3903 3672 3956 anathe-

2113 3993 2241 4058 mati
2285 3994 2510 4047 traditas
2541 3993 2705 4048 fuisse
2735 4017 2748 4048 ι
2784 4003 2966 4048 contra
3013 4010 3147 4065 quas
3173 3997 3480 4049 sententias
3511 3995 3674 4050 etiam

2113 4092 2408 4150 martyrum
2445 4081 2598 4136 fusus
2625 4092 2708 4136 cst
2753 4083 2992 4152 sanguis.
3035 4083 3288 4137 Romana:
3339 4099 3466 4137 vero
3494 4083 3677 4137 Eccle-

2114 4173 2206 4227 size
2239 4172 2371 4226 nihil
2424 4189 2657 4242 unquam
2719 4174 2823 4226 tale
2865 4175 3138 4243 prtevaluit
3169 4190 3183 4239 ;
3216 4184 3449 4236 constat,
3485 4173 3679 4226 Salva-

2114 4265 2243 4318 toris
2293 4267 2614 4319 sententiam
2658 4265 2710 4319 in
2766 4269 2879 4335 ipsa
2939 4277 3142 4321 tantum
3183 4283 3362 4320 veram
3423 4283 3580 4330 esse,
3620 4276 3675 4319 et

2111 4354 2252 4409 hanc
2311 4353 2608 4410 Ecclesiam
2665 4372 2816 4420 esse,
2871 4359 2934 4411 de
2991 4375 3094 4425 qua
3157 4358 3414 4410 Dominus
3472 4357 3667 4409 dixit:

443 4449 754 4503 excidisset.
789 4449 975 4518 Neque
1026 4451 1168 4504 enim
1207 4451 1341 4504 ultra
1390 4463 1532 4506 esset
1579 4453 1850 4508 Romanus
1893 4456 2002 4523 cpi.
2032 4459 2082 4519 ι)
2108 4447 2406 4515 λΕιΙὶΙὶι-αὑυ
2434 4447 2721 4501 Ecctcsiam
2758 4465 2944 4512 meum,
2991 4457 3046 4502 et
3079 4465 3238 4517 quam
3283 4449 3417 4501 alias
3463 4464 3677 4501 convcr-

439 4553 656 4609 scopus,
709 4555 879 4610 neque
933 4541 1133 4596 Christi
1177 4541 1430 4612 Petrique
1485 4545 1739 4610 vicarius,
1766 4546 2008 4617 aliusque

440 4628 634 4698 dignus
667 4632 974 4700 apostolica:
1028 4633 1142 4688 sedi
1171 4635 1498 4706 subrogatus
1524 4645 1691 4702 esset,
1723 4635 2006 4693 Ecclesia:-

439 4736 543 4789 que
571 4729 747 4776 status
798 4724 938 4778 idem
971 4736 1391 4793 perseverasset,
1441 4731 1653 4782 nemine
1692 4729 1766 4782 illi
1797 4744 2004 4799 prazva-

439 4813 585 4867 lente
614 4829 628 4866 :
672 4829 847 4883 neque
887 4817 970 4870 vel
1001 4832 1186 4886 parum
1220 4826 1372 4887 patro
1405 4818 1602 4880 illa,vel
1637 4830 1850 4890 pastore
1911 4822 2004 4875 de-

437 4907 621 4959 stituta
651 4906 858 4976 (esset.)
883 4907 950 4962 Ut
982 4909 1102 4961 inde
1121 4924 1334 4978 quoque
1359 4926 1481 4965 vera
1513 4912 1721 4966 Domini
1739 4913 2002 4967 sententia

438 5001 737 5065 probetur:
777 4997 888 5069 Ego
949 4999 1211 5053 vobiscum
1245 5018 1383 5069 sum,
1437 5004 1706 5072 inquiens,
1763 5005 2000 5059 omnibus

432 5087 633 5154 diebus,
649 5105 809 5158 usque
826 5091 894 5142 ad
913 5092 1402 5144 consummationem
1418 5093 1622 5156 siccati,
1641 5109 1760 5148 cum
1781 5109 2002 5150 necesse

429 5180 522 5244 sit,
564 5195 629 5233 ne
659 5196 803 5234 nunc
829 5182 1044 5249 quidem
1094 5181 1390 5234 inﬁdelium
1423 5186 1728 5250 praedictam
1777 5195 1997 5238 senten-

431 5271 559 5324 tiam
593 5273 874 5339 excedere,
897 5285 955 5326 ut
980 5283 1032 5330 et
1067 5275 1168 5327 alia
1201 5273 1357 5328 simul
1384 5290 1504 5328 vera
1541 5290 1658 5329 esse
1684 5275 1992 5342 credantur,

427 5375 482 5414 et
509 5379 738 5418 consona
783 5381 878 5434 per
910 5367 1089 5420 omnia
1136 5366 1235 5420 sibi
1278 5367 1503 5420 invicem
1568 5375 1619 5420 et
1671 5367 1994 5422 cohaerentia

428 5439 742 5524 appareant.
773 5457 975 5527 Nempe
1005 5461 1148 5514 enim
1179 5469 1232 5514 et
1261 5459 1449 5514 beatus
1487 5459 1769 5528 Maximus,
1798 5461 1849 5514 in
1884 5461 1992 5515 dis-

426 5547 794 5615 putationibus
845 5550 1104 5607 adversus
1155 5549 1442 5620 Pyrrhum,
1483 5540 1796 5618 Honorium,
1831 5567 1989 5621 quem

499 5661 541 5691 ⁸³
585 5659 738 5718 Joan.
794 5676 880 5725 xv,
935 5662 987 5715 5.

2109 4557 2224 4596 sum
2261 4541 2475 4594 Petrum
2502 4541 2823 4594 conﬁrmare
2853 4542 3128 4610 pI‘LL‘CCpil.
3163 4543 3310 4595 Alias
3345 4557 3468 4594 vero
3508 4557 3673 4609 super

2110 4633 2248 4686 hanc
2301 4631 2553 4685 fittidatas
2607 4647 2744 4694 esse,
2786 4641 2839 4684 et
2897 4633 3196 4685 consistere
3249 4631 3668 4694 confessionem,

2107 4733 2160 4776 et
2202 4731 2490 4790 sequentes
2530 4722 2848 4790 quidem,nt
2896 4731 3078 4788 partes
3129 4730 3183 4774 et
3224 4723 3463 4773 membra
3521 4721 3670 4773 saltt—

2107 4813 2358 4866 britatem
2417 4812 2576 4864 simul
2641 4811 3064 4879 haberelatquc
3116 4809 3301 4877 robur,
3350 4813 3566 4879 quando
3617 4823 3670 4864 et

2107 4903 2372 4974 plurimas
2435 4917 2594 4954 unam
2668 4900 2980 4956 existimare
3056 4904 3357 4971 convenit;
3397 4906 3672 4957 devinmes

2104 5005 2286 5050 autem
2321 5012 2350 5049 a
2388 4995 2566 5063 capite
2608 5006 2660 5050 et
2711 5009 2940 5066 corpore
2987 4996 3226 5064 praecidi,
3257 5005 3310 5049 et
3341 5009 3512 5067 ncipie
3549 4997 3670 5049 aliis

2101 5103 2218 5141 esse
2247 5089 2358 5155 jam
2388 5086 2567 5140 utiles.

2175 5180 2328 5234 Unde
2371 5189 2424 5234 ct
2486 5178 2743 5234 Dominus
2813 5180 3028 5234 monuit
3078 5181 3133 5235 in
3188 5183 3286 5234 vite
3338 5181 3661 5247 persistere,

2100 5274 2337 5340 seipsum
2389 5273 2539 5326 vitem
2571 5273 2758 5327 dicens
2783 5281 2836 5326 et
2866 5288 2959 5340 per
3013 5275 3166 5327 vitem
3196 5271 3488 5325 Ecclesium
3522 5265 3664 5317 desi-

2099 5379 2310 5433 gnatis:
2350 5367 2589 5432 palmites
2629 5380 2756 5420 vero
2800 5366 2982 5420 ﬁdeles
3017 5365 3298 5418 nominans
3330 5360 3394 5420 ⁸⁸⁵,
3428 5359 3516 5423 qui
3567 5369 3662 5419 1³οΓ

2102 5459 2495 5517 confessionem
2532 5463 2675 5518 illius
2721 5465 2774 5512 ct
2807 5458 3003 5511 bonam
3055 5450 3520 5509 com'crsatiouem
3553 5446 3664 5496 l'ru-

2100 5562 2244 5607 clum
2278 5552 2495 5614 ferrent.
2531 5555 2736 5625 Quibus
2767 5549 3002 5618 proiecto
3030 5543 3207 5596 verbis
3235 5552 3440 5588 summa
3478 5537 3661 5613 lit-cle-
