4078 6258
523 363 632 426 247

1787 358 2186 421 MANUELIS
2223 356 2528 418 CALECIE

3667 359 3778 422 248

522 485 617 535 sire
662 481 791 536 unio
840 480 1166 544 insinuatur,
1206 487 1263 532 ut
1312 476 1545 531 fructum
1579 474 1631 528 in
1663 474 1771 529 vite
1819 482 2097 527 manentes
2125 472 2406 534 Adebeat,
2440 485 2574 541 quos
2617 470 2798 525 multis
2850 471 3023 525 modis
3069 471 3182 541 ipse
3234 487 3329 541 per
3378 487 3436 528 se
3482 474 3670 543 ipsum
3715 476 3782 529 de

526 573 724 635 ferant,
763 582 817 625 et
863 586 1123 639 nusquam
1184 569 1426 637 corporis
1482 566 1789 634 integritate
1844 564 2091 618 deviante

525 680 553 717 a
604 664 797 731 capite,
863 661 1101 715 membra
1160 660 1340 712 omnia
1398 657 1761 718 viviilecntur,
1824 658 2091 723 virumque

521 756 809 824 perfectum
847 756 898 804 in
930 768 1223 805 mensuram
1257 750 1429 804 a'tatis
1470 750 1809 818 plenitudinis
1834 748 1882 780 "
1936 748 2092 802 Citri-

523 847 594 901 sti
628 845 864 899 Eet-lesia
918 851 1244 910 coaugeatur
1275 858 1289 894 :
1323 855 1431 893 non
1461 854 1491 893 e
1548 839 1843 897 contrario.
1874 839 1957 892 vel
1996 840 2083 890 ab-

523 938 715 997 scissa,
771 946 982 987 mortua
1032 933 1180 996 (iant,
1241 932 1323 985 vel
1376 947 1441 985 ex
1495 933 1603 986 vite
1664 922 1927 1000 proiecta,
1977 931 2088 1000 igni

522 1026 951 1094 inexstinguibili
1002 1001 1365 1079 cdnsumenda
1418 1023 1755 1076 damnentur.

594 1117 769 1185 Atque
826 1117 1007 1169 unitas
1056 1116 1274 1183 quidem
1333 1113 1929 1168 Ecclesias‘Psalmista
1972 1114 2089 1177 ait,

518 1206 819 1262 benedicere
849 1205 1127 1259 Dominum
1149 1205 1195 1235 ⁸⁸
1232 1220 1247 1268 ;
1278 1218 1382 1256 non
1414 1203 1557 1257 enim
1584 1204 1649 1256 de
1670 1202 1894 1271 singulis
1920 1202 2092 1271 magis

521 1312 686 1366 quam
746 1295 813 1349 de
866 1293 1120 1351 Ecclesiis
1177 1292 1485 1355 dicendum,
1541 1305 1660 1359 quae
1722 1306 1787 1345 es
1841 1290 2089 1357 partibus

517 1384 764 1441 collectae
834 1392 1003 1446 sunt;
1057 1382 1318 1435 discissas
1363 1394 1511 1442 vero,
1576 1390 1631 1435 et
1688 1380 1741 1433 in
1809 1379 2090 1448 opiniones

518 1476 831 1533 contrarias
879 1474 1102 1535 divisas,
1158 1472 1271 1525 sive
1332 1472 1589 1525 adversus
1649 1469 1965 1533 Et-clesiam,
2002 1470 2087 1524 cui

518 1580 682 1619 nemo
724 1564 1039 1632 praevaluit,
1079 1562 1436 1624 reluctantes,
1471 1571 1528 1615 ut
1574 1563 1843 1631 prioribus
1888 1571 2091 1630 tempo-

520 1656 673 1712 ribus
734 1657 929 1722 smpius
982 1653 1249 1721 contigit,
1331 1654 1496 1708 scissa
1552 1653 1805 1709 Ecclesia:
1857 1653 2089 1706 membra

518 1760 747 1815 magnus
784 1743 1015 1821 Basilius
1067 1752 1243 1807 vocat,
1292 1742 1492 1797 Psalmi
1544 1742 1747 1797 dictum
1791 1758 2087 1810 exponens,

519 1837 793 1905 falsasque
834 1849 1135 1906 synagogas
1180 1849 1274 1891 eas
1342 1833 1601 1902 appellat,
1652 1848 1965 1903 quanquam
2034 1845 2089 1886 et

518 1929 912 1995 consequentia
965 1942 1177 1989 summa
1236 1941 1331 1994 per
1386 1926 1566 1980 omnia
1634 1925 1892 1981 Ecclesia:
1946 1924 2089 1980 Petri

518 2016 695 2070 adest.
741 2016 829 2071 Ait
866 2014 1009 2070 enim
1058 2015 1127 2067 ad
1174 2014 1325 2069 illum
1372 2013 1676 2069 Doarinus:
1723 2012 1888 2069 Pasce
1927 2031 2088 2083 agnos

516 2123 677 2170 meos,
729 2122 882 2174 pasce
914 2123 1028 2160 oves

521 2202 757 2269 reliquas
787 2203 961 2256 facere
987 2202 1221 2270 perstitit
1252 2241 1267 2267 ,
1301 2199 1528 2268 aliisque
1560 2201 1610 2253 in
1644 2200 1930 2269 Opinioues
1956 2215 2091 2255 con-

518 2292 719 2346 trarias
764 2301 818 2346 et
868 2290 1211 2353 solitudines,
1258 2301 1313 2343 ct
1366 2302 1655 2358 praerupta,
1696 2299 1751 2345 et
1791 2290 2089 2358 praecipitia

527 2384 927 2447 oberrantibus,
976 2383 1101 2451 ipsa
1177 2397 1272 2437 eas
1326 2381 1394 2437 ad
1467 2397 1634 2436 unum
1691 2391 1984 2451 pastorem,
2038 2390 2092 2433 et

518 2491 686 2530 unum
737 2475 879 2529 ovile
918 2474 1133 2529 reduxit
1161 2490 1175 2527 :
1201 2473 1380 2528 noxiis
1421 2473 1637 2542 quidem
1692 2471 2093 2538 mortiferisque

518 2568 856 2641 graminibus
901 2580 1120 2630 eruens,
1162 2564 1398 2619 salubria
1455 2578 1582 2619 vero
1652 2572 1707 2617 et
1760 2564 1881 2617 laeta
1938 2562 2090 2628 inge-

519 2676 668 2723 rens,
702 2661 810 2712 imo
838 2665 894 2713 et
921 2658 1179 2715 adversus
1223 2657 1508 2712 stevientes
1550 2657 1725 2722 lupos,
1772 2670 2092 2710 mammonae

518 2752 752 2811 scilicet.
799 2765 861 2804 ac
910 2749 1164 2813 Caesaris.
1214 2764 1451 2820 ovesque
1492 2756 1706 2802 vastare
1761 2747 2043 2800 molientes
2074 2788 2088 2811 ,

518 2857 618 2911 pro
667 2841 909 2904 Christo,
959 2855 1163 2910 proque
1201 2840 1320 2908 ejus
1361 2838 1462 2894 fide
1510 2848 1636 2893 ante
1688 2851 1906 2905 gregem
1939 2846 2089 2890 stans

520 2935 777 3003 pugnavit
810 2950 824 2988 :
863 2944 1021 3000 atque
1054 2918 1198 2985 omni
1231 2932 1455 2986 omnino
1488 2929 1782 2997 inquirenti
1830 2929 2090 2983 rationem

519 3036 733 3089 semper
773 3020 1009 3073 reddidit
1064 3020 1131 3074 de
1177 3034 1237 3072 ea
1295 3033 1416 3088 qua:
1462 3020 1511 3071 in
1559 3016 1709 3072 nobis
1750 3026 1834 3071 est
1877 3031 2008 3085 spe,
2037 3026 2095 3068 ut

521 3111 637 3176 ipse
706 3109 896 3161 beatus
950 3107 1145 3165 Petrus
1188 3106 1465 3161 admonuit
1503 3106 1568 3161 ⁸⁷.
1612 3106 1695 3166 Ει,
1746 3107 1884 3175 quod
1913 3106 2094 3157 Domi-

519 3214 624 3252 nus
688 3199 983 3253 secundum
1047 3197 1322 3253 hominem
1384 3197 1559 3251 oravit
1608 3197 2045 3251 dicens:Simon
2075 3235 2091 3257 ,

519 3290 699 3359 rogari
740 3305 833 3357 pro
890 3297 959 3353 te,
996 3298 1053 3342 ut
1096 3304 1198 3342 non
1249 3287 1463 3353 deﬁciat
1506 3286 1635 3353 ﬁdes
1687 3299 1814 3352 tua;
1878 3298 1932 3341 et
1994 3288 2093 3341 hoc

519 3384 572 3435 in
624 3381 767 3435 Petri
820 3380 1235 3436 successoribus
1283 3388 1556 3433 servatum
1608 3390 1717 3445 est,
1774 3378 1926 3443 cujus
1966 3379 2095 3432 fides

519 3474 573 3525 in
631 3472 763 3541 ipsis
807 3487 1085 3541 nunquam
1128 3470 1347 3525 defecit.
1378 3469 1670 3539 Oportebat
1716 3470 1859 3523 enim
1891 3470 2096 3523 oratio~

520 3578 639 3618 nem
684 3562 829 3616 illam
887 3564 1021 3630 ipsis
1059 3563 1220 3617 rebus
1271 3577 1377 3614 non
1424 3576 1581 3630 posse
1622 3560 1877 3615 decidere
1914 3579 1925 3612 :
1956 3560 2094 3627 'Ego

516 3654 678 3713 enim,
727 3651 925 3719 inquit,
978 3651 1242 3714 sciebam,
1295 3653 1419 3721 quia
1451 3665 1650 3716 semper
1696 3666 1775 3704 me
1818 3651 1971 3703 audis
1997 3650 2043 3680 ⁸⁸
2078 3688 2094 3714 ,

518 3753 574 3798 et
618 3743 830 3814 aliquos
862 3757 1077 3811 semper
1130 3742 1182 3795 in
1235 3751 1376 3796 terra
1443 3741 1494 3813 in
1524 3742 1665 3795 illius
1715 3742 1943 3795 veritate
1976 3755 2095 3793 scr-

517 3837 660 3900 vari,
723 3848 820 3903 pro
870 3833 1065 3903 quibus
1134 3834 1312 3887 oratio
1368 3832 1455 3884 illa
1495 3831 1612 3886 fusa
1645 3854 1656 3886 :
1692 3832 1848 3884 Serra
1912 3847 1997 3883 eos
2044 3832 2097 3883 in

518 3929 761 3992 veritate,
815 3925 978 3979 Pater
1022 3934 1219 3988 sancte,
1261 3934 1317 3977 ut
1346 3924 1450 3978 sint
1492 3939 1673 3985 unum,
1722 3934 1775 3976 et
1819 3937 1939 3988 qua:
1990 3923 2099 3975 illic

519 4019 699 4072 addita
730 4064 733 4069 ,
761 4025 893 4069 sunt
923 4016 1015 4080 3°;
1078 4015 1316 4082 undique
1344 4050 1360 4077 ,
1425 4020 1479 4065 et
1542 4012 1715 4065 ventis
1789 4012 1906 4064 aliis
1965 4012 2097 4063 alias

519 4118 713 4163 contra
747 4104 1046 4159 Salvatoris
1079 4102 1368 4182 aedificium
1409 4116 1467 4155 se
1499 4100 1850 4169 erigentibus,
1893 4100 2099 4153 electos

520 4199 641 4253 illos
682 4196 941 4251 infractos
970 4195 1236 4263 prtecipuc
1276 4194 1327 4246 in
1360 4203 1509 4261 petra
1540 4201 1687 4246 stare
1718 4208 1732 4255 ;
1765 4200 1818 4245 et
1840 4193 1928 4259 qui
1962 4191 2099 4244 alios

523 4289 793 4344 servaturi
850 4297 1040 4348 erant,
1104 4293 1421 4353 tempestate
1485 4284 1750 4351 nudisque
1810 4283 2040 4352 jactatos
2082 4321 2098 4347 ,

521 4383 882 4450 infirmosque
938 4378 1217 4443 curaturi,
1275 4377 1419 4444 ipsos
1474 4375 1589 4429 illos
1634 4377 1860 4445 primum
1890 4374 1941 4426 in
1988 4384 2098 4427 tuta

525 4472 805 4543 crepidine
855 4470 1097 4535 solidari,
1134 4476 1453 4538 semperque
1483 4481 1644 4522 ranos
1709 4474 1763 4522 et
1819 4465 2101 4519 inviolatos

522 4580 664 4618 esse.
1908 4554 1915 4561 ’

607 4654 762 4719 Quod
817 4655 869 4708 in
903 4652 1085 4717 Petro,
1138 4652 1361 4720 ejusque
1407 4650 1833 4713 successeribus,
1881 4650 2103 4717 ejusque

522 4747 749 4800 omnino
806 4744 1048 4799 Ecclesia
1096 4744 1393 4797 concurrit.
1456 4741 1588 4794 Nam
1671 4755 1792 4793 cum
1850 4741 2104 4807 apostoli-

521 4852 711 4892 corum
748 4850 1138 4891 successorum
1201 4848 1358 4888 nemo
1401 4833 1583 4895 fuerit,
1655 4848 1813 4900 quem
1868 4831 2097 4884 Satanas

524 4942 634 4980 non
688 4925 944 4980 cribrarit
990 4937 1049 4978 ut
1100 4923 1362 4986 triticum,
1404 4924 1613 4977 zizania
1665 4937 1761 4977 sua
1819 4919 2091 4975 subsemi-

524 5031 689 5078 nans,
740 5014 934 5069 Petrus
979 5030 1252 5084 nunquam
1302 5015 1353 5067 in
1385 5015 1499 5068 suis
1555 5013 1958 5067 successoribus
2003 5012 2099 5065 de-

527 5110 652 5171 fuit,
702 5111 793 5164 sed
831 5110 995 5163 etiam
1048 5124 1146 5177 per
1196 5111 1316 5175 bos,
1354 5111 1663 5164 deticieutcs
1696 5120 1909 5177 quoque
1950 5105 2103 5167 alios,

529 5200 683 5267 juxta
741 5198 977 5252 edictum
1026 5199 1395 5251 coatirmavit.

564 5276 567 5281 ’
604 5291 790 5361 Neque
820 5290 964 5343 cnim
997 5289 1173 5344 solum
1225 5290 1290 5343 de
1344 5289 1746 5342 resurrectione
1780 5286 2101 5349 Salvatoris,

525 5387 571 5439 si
612 5386 731 5453 quis
766 5384 829 5435 ad
862 5384 960 5435 hoc
1010 5382 1061 5433 id
1095 5383 1317 5434 verbum
1375 5381 1555 5433 trahat
1582 5422 1595 5443 ,
1647 5381 1850 5434 dictum
1912 5389 2102 5447 putare

532 5479 812 5545 debemus,
843 5473 984 5545 quod
1016 5471 1209 5527 Petrus
1235 5486 1530 5526 conversus
1553 5470 1747 5525 fratres
1779 5472 2104 5524 conﬁrmare

1090 2122 1252 2161 meas.
1297 2104 1409 2160 lloc
1457 2105 1695 2161 Ecclesia
1752 2104 1991 2161 Romana
2024 2107 2125 2159 ad;

2194 561 2285 614 illa
2316 562 2588 615 roboravit
2626 578 2639 612 :
2678 563 2769 614 sed
2798 562 2962 615 etiam
2992 564 3057 617 de
3087 563 3247 617 Petro
3294 578 3389 632 per
3418 577 3783 620 successores

2193 670 2321 710 suos
2353 656 2582 709 aliorum
2618 658 2917 725 corrigente
2950 657 3340 711 infirmitatem.

2267 747 2447 815 Neque
2480 749 2668 819 magis,
2708 764 2774 801 ne
2819 764 2913 818 per
2941 748 3282 818 negationem
3316 748 3461 804 Petri
3507 749 3781 804 deficeret

2191 839 2343 904 fides,
2366 841 2664 894 orationem
2691 839 2830 893 illam
2848 839 3018 895 fusam
3039 856 3160 897 esse
3185 840 3474 910 putandum
3498 851 3607 903 eSt,
3629 856 3720 909 qui
3746 840 3781 894 d

2190 943 2244 987 et
2269 933 2440 1001 ipsum
2468 942 2779 996 verum’est,
2805 949 2985 1000 quam,
3009 950 3075 989 ne
3097 949 3330 1004 unquam
3358 934 3618 987 Ecclesia:
3644 947 3784 987 con-

2194 1021 2380 1086 fessio,
2416 1036 2532 1088 quae
2561 1022 2662 1076 sibi
2703 1023 2915 1077 ccelitus
2957 1024 3189 1079 revelata
3222 1034 3303 1078 est
3337 1061 3353 1085 ,
3406 1023 3459 1076 in
3496 1023 3614 1076 suis
3647 1037 3799 1110 suc-ﬁ

2192 1113 2505 1168 cessoribus
2562 1112 2969 1180 infirmaretur,
3020 1129 3197 1183 neque
3254 1115 3489 1183 unquam
3542 1116 3799 1203 nutaret;

2192 1205 2629 1260 fundamentum.
2664 1204 2975 1260 Orationem
3010 1207 3154 1259 enim
3196 1206 3365 1268 illam,
3411 1206 3462 1258 in
3509 1218 3577 1257 eo
3627 1204 3798 1273 quod

2194 1311 2463 1365 nunquam
2517 1296 2659 1350 Petri
2720 1295 2999 1351 defectura
3051 1307 3195 1352 esset
3242 1297 3408 1358 fides,
3461 1298 3526 1350 ad
3574 1282 3799 1367 omnesf

2193 1403 2408 1457 quoque
2436 1388 2578 1443 illius
2608 1404 2960 1444 successores
2983 1389 3219 1445 efficacia
3245 1391 3461 1445 virtutis
3484 1407 3542 1445 se
3572 1372 3797 1457 estcn-f

2198 1435 2405 1457 μνη..-
2608 1435 2960 1444 “Han.”
2985 1435 3219 1445 -...-..ν.-.
3485 1435 3542 1445 ,ν
3574 1435 3743 1445 νη-..

2192 1477 2336 1533 disse
2368 1480 2809 1534 constantissime
2828 1481 3121 1549 putandum
3143 1488 3225 1535 est
3251 1495 3265 1533 :
3290 1495 3446 1549 quem
3478 1435 3797 1541 Dominus,‘

2192 1581 2251 1626 ut
2280 1570 2468 1635 voluit,
2498 1572 2619 1625 aliis
2652 1572 2967 1640 prteferens,
2996 1584 3091 1639 per
3118 1571 3292 1638 ipsum
3322 1554 3625 1632 roboravit,
3651 1585 3776 1623 erc-

2191 1661 2424 1730 pidinem
2456 1676 2567 1716 suze
2593 1660 2849 1716 Ecclesia:
2880 1660 3195 1730 subjicieus,
3229 1672 3580 1729 praesensque
3617 1658 3795 1712 invi-'

2193 1748 2423 1804 sibiliter
2475 1750 2525 1801 in
2576 1750 2813 1803 veritate
2849 1762 3065 1819 semper
3119 1750 3500 1813 conservavit,
3555 1749 3669 1801 imo
3719 1755 3775 1801 ct

2121 1860 2164 1919 Β
2194 1853 2360 1907 usque
2387 1839 2439 1892 in
2473 1838 2629 1893 finem
2657 1838 2855 1909 juvans
2884 1838 3253 1894 conservabit.
3280 1838 3448 1893 Filius
3490 1839 3640 1893 enim
3676 1837 3780 1891 bo-

2194 1928 2353 1982 minis
2407 1928 2459 1982 iu
2511 1937 2709 1983 terram
2762 1931 3006 1990 veniens,
3061 1929 3298 1984 inveniet
3361 1918 3540 1981 fidem.
3596 1926 3775 1981 Aliter

2192 2020 2388 2090 quippe
2420 2020 2597 2074 inanis
2628 2028 2774 2076 esset
2808 2020 3073 2086 Ecclesia,
3102 2034 3260 2090 quam
3299 2021 3353 2073 in
3406 2030 3548 2075 terra
3583 2019 3775 2073 Domi-

2194 2126 2294 2166 nns
2325 2112 2533 2174 statuit,
2562 2111 2664 2166 nisi
2706 2126 2876 2181 usque
2924 2112 2989 2166 ad
3028 2110 3552 2167 consummationem
3587 2109 3773 2163 saaculi

2192 2204 2455 2257 servanda
2480 2216 2545 2256 ex
2571 2202 2823 2257 omnibus
2849 2210 3013 2268 esset,
3044 2201 3109 2256 de
3139 2216 3265 2270 qua,
3288 2209 3348 2255 ut
3370 2198 3774 2265 conservanda,

2192 2295 2439 2363 praedixit
2478 2310 2491 2346 :
2523 2292 2677 2361 Ecce,
2711 2312 2805 2363 ego
2834 2295 3097 2348 vobiscum
3126 2311 3267 2358 sum,
3294 2293 3535 2347 omnibus
3557 2291 3772 2357 diebus,

2193 2399 2354 2450 usque
2388 2385 2458 2437 ad
2488 2387 2991 2438 consummationem
3020 2384 3203 2439 saeculi
3223 2385 3291 2437 9°.
3317 2384 3486 2450 Quam
3520 2384 3775 2452 profecto

2195 2475 2316 2528 ideo
2349 2477 2561 2531 creteris
2593 2491 2823 2545 praeesse
2860 2476 3065 2540 voluit,
3096 2484 3157 2549 ut
3184 2476 3327 2541 aliis,
3358 2476 3519 2531 veluti
3549 2477 3618 2529 de
3654 2491 3785 2551 spe;

2194 2566 2337 2629 cula,
2368 2567 2489 2635 jura
2518 2566 2748 2621 dictaret
2778 2582 2791 2618 :
2823 2581 2885 2621 ac
2916 2568 2982 2621 de
3033 2567 3189 2635 longe
3219 2581 3408 2622 omnes
3442 2567 3494 2620 in
3531 2581 3658 2621 eam
3692 2567 3777 2618 iu-

2195 2648 2430 2720 tuentes,
2464 2656 2667 2725 absque
2698 2658 3054 2724 ambiguitate
3086 2658 3227 2712 illius
3259 2658 3475 2711 decreta
3519 2658 3777 2724 suscipe-

2194 2758 2314 2799 rent
2347 2762 2360 2799 :
2390 2761 2637 2816 quaenam
2670 2747 2740 2801 sit
2769 2746 3007 2801 Ecclesia
3040 2747 3328 2803 manifeste
3356 2748 3612 2811 scientes,
3644 2746 3769 2813 per-

2196 2854 2531 2904 suasumqtte
2574 2837 2837 2895 habentes
2873 2853 2992 2895 eam
3040 2854 3255 2910 semper
3285 2838 3409 2896 vera
3452 2838 3773 2917 necessario

2193 2927 2479 2999 prosequi.

2264 3067 2467 3134 Nempe
2497 3065 2662 3129 enim,
2697 3073 2754 3118 ut
2805 3064 3007 3118 dictum
3056 3072 3159 3127 est,
3185 3063 3306 3116 aliis
3363 3062 3617 3125 Ecciesiis
3678 3077 3768 3116 ca-

2201 3159 2411 3213 tholicae
2442 3157 2564 3210 fidei
2598 3156 2872 3215 contraria
2908 3170 3051 3224 saepe
3081 3153 3512 3223 praeferentibus,
3541 3156 3683 3206 adeo
3712 3161 3769 3205 ut

2198 3267 2325 3306 vera
2352 3251 2673 3312 sentientes,
2708 3250 3014 3304 maledictis
3051 3249 3336 3318 pomisque
3371 3248 3709 3315 subiicerent
3752 3261 3766 3297 :

2194 3356 2249 3397 et
2275 3342 2539 3396 mendacii
2578 3342 2815 3404 litteras,
2847 3352 3037 3395 contra
3061 3340 3364 3404 veritatem,
3393 3340 3529 3393 alios
3550 3339 3769 3406 quidem

2195 3431 2461 3494 confiteri,
2491 3431 2628 3485 alios
2687 3445 2815 3483 vero
2854 3431 3020 3482 etiam
3074 3430 3314 3483 scribere
3360 3428 3767 3496 compellerent.

2197 3524 2340 3577 Petri
2373 3538 2504 3575 vero
2534 3522 2775 3575 Ecclesia
2805 3559 2821 3583 ,
2857 3519 3097 3574 Romana
3124 3520 3364 3583 scilicet,
3406 3534 3683 3587 nunquam
3718 3519 3768 3571 in

2199 3610 2417 3678 aliquod
2450 3608 2757 3677 bujttsmodi
2792 3608 3057 3663 lubricum
3087 3608 3373 3677 prolapsa;
3409 3609 3460 3660 in
3506 3607 3611 3659 illis
3643 3607 3770 3675 qui-

2199 3699 2321 3754 dem
2352 3697 2653 3753 Salvatoris
2676 3698 2945 3753 sententia
2971 3697 3189 3764 impleta
3222 3714 3326 3751 non
3351 3710 3463 3751 est:
3495 3696 3772 3750 Vobiscum

2200 3810 2339 3856 sum,
2374 3791 2623 3852 dicentis,
2661 3790 2898 3844 omnibus
2925 3790 3127 3851 diebus,
3158 3804 3319 3856 usque
3342 3788 3409 3839 ad
3439 3803 3772 3840 consumma-

2199 3886 2390 3938 tionem
2423 3883 2624 3937 swculi.
2650 3881 2817 3948 ltnpie
2841 3881 2982 3933 enim
3007 3878 3365 3935 sentientibus
3388 3892 3657 3944 nunquam
3685 3878 3770 3930 ille

2200 3977 2386 4039 adest;
2422 3973 2878 4043 quemadmodum
2921 3987 3042 4029 cum
3086 3971 3200 4024 suis
3223 3980 3308 4024 est
3335 3970 3535 4039 jugiter
3577 3968 3629 4020 in
3670 3968 3768 4029 eis,

2201 4070 2394 4136 hisque
2421 4067 2566 4120 velut
2594 4066 2971 4120 instrumentis
2998 4073 3177 4128 utens,
3205 4072 3260 4117 et
3287 4062 3440 4131 quasi
3476 4061 3768 4128 inspirans,

2200 4174 2264 4213 ac
2300 4174 2394 4227 per
2425 4156 2708 4211 veritatem
2753 4156 2875 4210 fidei
2909 4170 2937 4210 a
2964 4154 3080 4209 suis
3111 4153 3485 4214 sacramentis,
3524 4160 3578 4205 et
3609 4150 3770 4218 spiri-

2203 4252 2295 4305 tali
2345 4252 2454 4306 vita
2502 4248 2571 4303 ad
2620 4248 2889 4303 co-lestem
2924 4246 3151 4317 patriam
3191 4244 3548 4308 transferens,
3599 4240 3773 4295 utubi

2202 4342 2318 4412 ipse
2355 4351 2438 4396 est
2472 4349 2525 4395 et
2555 4340 2655 4409 ipsi
2688 4340 2817 4394 sint.

2273 4453 2329 4507 In
2364 4455 2465 4508 hac
2496 4468 2647 4516 vero,
2677 4450 2931 4521 quoniam
2982 4464 3255 4518 nunquam
3292 4462 3321 4503 a
3354 4446 3585 4502 veritate
3613 4447 3770 4501 abero

2131 4523 2174 4579 θ
2208 4546 2369 4608 ravlt,
2400 4545 2668 4598 sententia
2718 4543 2819 4597 ista
2854 4552 2908 4595 et
2950 4542 3240 4609 promissio
3307 4540 3541 4592 maxime
3575 4552 3775 4591 convc-

2209 4635 2313 4700 nit,
2344 4645 2400 4687 ut
2432 4635 2558 4688 hinc
2587 4633 2749 4686 etiam
2784 4632 3129 4701 perspicuum
3163 4632 3252 4693 sit,
3285 4631 3424 4683 banc
3450 4643 3578 4683 esse
3604 4627 3781 4681 Eccle-

2208 4728 2367 4791 siam,
2407 4742 2567 4795 quam
2603 4726 2656 4779 in
2693 4723 2854 4779 Petro
2894 4724 3284 4778 aedificaturum
3318 4723 3578 4776 Dominus
3607 4737 3664 4775 se
3694 4735 3776 4774 re-

2210 4820 2489 4889 promisit.

2270 4930 2546 4982 Prreterea
2576 4929 2713 4996 quod
2752 4928 2818 4980 ab
2851 4941 2915 4979 eo
2944 4926 3145 4979 dictum
3175 4936 3278 4992 est,
3320 4924 3461 4994 quod
3496 4924 3639 4978 inter
3671 4924 3778 4977 fra-

2202 5030 2315 5076 tres
2379 5021 2679 5075 diﬂ'erentia
2741 5022 2918 5090 aliqua
2980 5026 3206 5080 exorta,
3266 5019 3496 5084 printum
3552 5017 3767 5086 quidem

2206 5112 2385 5177 ipsmn
2428 5109 2517 5175 qui
2552 5108 2711 5161 lresus
2745 5107 2836 5169 sit,
2870 5106 2932 5158 ad
2974 5120 3097 5158 eum
3131 5107 3221 5173 qui
3274 5120 3331 5158 sc
3369 5105 3592 5163 lmserit,
3625 5117 3778 5156 acce-

2208 5199 2337 5251 dere
2370 5205 2422 5250 et
2447 5212 2659 5263 rogare,
2693 5178 2811 5263 (ιἰιευ
2841 5196 2905 5250 ad
2940 5211 3125 5263 pacem
3160 5204 3308 5259 sunt,
3333 5196 3564 5257 debere;
3592 5195 3781 5246 deinde

2209 5292 2253 5344 si
2298 5290 2446 5344 illutn
2491 5289 2847 5345 reconciliare
2899 5303 3003 5341 non
3056 5288 3251 5357 possit,
3285 5296 3338 5340 et
3398 5287 3559 5340 alium
3598 5300 3776 5338 secum

2210 5393 2524 5443 assumere;
2564 5380 2647 5432 sin
2701 5390 2879 5431 autem
2911 5394 3011 5432 nec
3036 5378 3115 5431 sic
3143 5379 3359 5447 quidem
3405 5376 3783 5431 reconciliare-

2208 5479 2316 5534 tur,
2372 5468 2627 5523 Ecclesia:
2662 5469 2875 5522 tandem
2930 5468 3214 5533 nuntiare;
3261 5470 3369 5531 cui,
3408 5467 3513 5521 nisi
3551 5466 3784 5529 obcdiat,

601 5678 649 5710 ³⁸
680 5678 872 5745 prcs.
904 5691 976 5737 tv,
1015 5676 1096 5729 l5.
1174 5672 1218 5703 ⁸⁸
1257 5670 1397 5745 Psal.
1444 5683 1611 5745 ιςςνιε,
1664 5668 1713 5720 i.
1745 5667 1811 5720 In
1847 5667 2091 5745 Εεειλίνξὶἱδ
2141 5634 2424 5745 beircdirite
2471 5666 2577 5745 D_co
2614 5662 2926 5745 Dontino‘fie
2965 5667 3193 5732 fontibus
3230 5666 3421 5722 Israel.
3501 5668 3544 5699 ⁸⁷
3588 5670 3606 5723 i
3646 5669 3782 5724 Petr.

536 5749 665 5813 ttt,i
704 5742 854 5815 seqq.
933 5748 976 5777 ⁸⁸
1000 5746 1159 5799 Joan.
1194 5759 1271 5804 XL,
1299 5742 1388 5796 4'2.

1466 5740 1510 5770 ⁸³
1569 5736 1723 5791 Joatt.
1779 5754 1923 5803 xvtt,
1961 5741 2022 5793 t7
2058 5755 2210 5807 seqq.

2289 5739 2335 5769 9°
2370 5737 2554 5790 Matth.
2584 5748 2777 5796 XXVIII,
2814 5735 2903 5789 ‘20.
