  <div class='ocr_page' id='page_1' title='image "/cluster/home/n/w/nwhite01/storage/ocr_20150623/152/mdp.39015078384735/132.png"; bbox 0 0 4078 6258; ppageno 0'>
   <div class='ocr_carea' id='block_1_1' title="bbox 379 384 487 450">
    <p class='ocr_par' dir='ltr' id='par_1_1' title="bbox 379 384 487 450">
     <span class='ocr_line' id='line_1_1' title="bbox 379 384 487 450; baseline -0.037 -1"><span class='ocrx_word' id='word_1_1' title='bbox 379 384 487 450; x_wconf 69' lang='grc'><strong>249</strong></span> 
     </span>
    </p>
   </div>
   <div class='ocr_carea' id='block_1_2' title="bbox 1428 361 2489 457">
    <p class='ocr_par' dir='ltr' id='par_1_2' title="bbox 1428 361 2489 457">
     <span class='ocr_line' id='line_1_2' title="bbox 1428 361 2489 457; baseline 0.013 -14"><span class='ocrx_word' id='word_1_2' title='bbox 1428 361 1830 448; x_wconf 82' lang='lat' dir='ltr'><strong>ADVERSUS</strong></span> <span class='ocrx_word' id='word_1_3' title='bbox 1862 389 2179 454; x_wconf 60' lang='lat' dir='ltr'><strong>caucos</strong></span> <span class='ocrx_word' id='word_1_4' title='bbox 2203 391 2347 454; x_wconf 78' lang='lat' dir='ltr'><strong>LIB.</strong></span> <span class='ocrx_word' id='word_1_5' title='bbox 2391 393 2489 457; x_wconf 88' lang='lat' dir='ltr'><strong>IV.</strong></span> 
     </span>
    </p>
   </div>
   <div class='ocr_carea' id='block_1_3' title="bbox 3499 402 3605 470">
    <p class='ocr_par' dir='ltr' id='par_1_3' title="bbox 3499 402 3605 470">
     <span class='ocr_line' id='line_1_3' title="bbox 3499 402 3605 470; baseline 0.038 -4"><span class='ocrx_word' id='word_1_6' title='bbox 3499 402 3605 470; x_wconf 77' lang='lat'><strong>250</strong></span> 
     </span>
    </p>
   </div>
   <div class='ocr_carea' id='block_1_4' title="bbox 379 482 3607 580">
    <p class='ocr_par' dir='ltr' id='par_1_4' title="bbox 379 482 3607 580">
     <span class='ocr_line' id='line_1_4' title="bbox 379 482 3607 580; baseline 0.009 -33"><span class='ocrx_word' id='word_1_7' title='bbox 379 505 434 548; x_wconf 92' lang='lat' dir='ltr'><strong>nt</strong></span> <span class='ocrx_word' id='word_1_8' title='bbox 466 497 744 551; x_wconf 87' lang='lat' dir='ltr'><strong>etlmicum</strong></span> <span class='ocrx_word' id='word_1_9' title='bbox 780 505 832 552; x_wconf 89' lang='lat' dir='ltr'><strong>et</strong></span> <span class='ocrx_word' id='word_1_10' title='bbox 860 497 1205 571; x_wconf 69' lang='lat' dir='ltr'><strong>publicanum</strong></span> <span class='ocrx_word' id='word_1_11' title='bbox 1239 495 1350 568; x_wconf 81' lang='lat' dir='ltr'><strong>jam</strong></span> <span class='ocrx_word' id='word_1_12' title='bbox 1387 509 1508 554; x_wconf 89' lang='lat' dir='ltr'><strong>esse</strong></span> <span class='ocrx_word' id='word_1_13' title='bbox 1548 496 1936 566; x_wconf 84' lang='lat' dir='ltr'><strong>iudicandum;</strong></span> <span class='ocrx_word' id='word_1_14' title='bbox 1964 501 2013 562; x_wconf 78' lang='grc' dir='ltr'>Α</span> <span class='ocrx_word' id='word_1_15' title='bbox 2039 502 2322 572; x_wconf 89' lang='lat' dir='ltr'><strong>dictantes,</strong></span> <span class='ocrx_word' id='word_1_16' title='bbox 2361 485 2663 576; x_wconf 75' lang='lat' dir='ltr'><strong>cuiusmodi</strong></span> <span class='ocrx_word' id='word_1_17' title='bbox 2716 482 2938 564; x_wconf 81' lang='lat' dir='ltr'><strong>sanctus</strong></span> <span class='ocrx_word' id='word_1_18' title='bbox 2982 507 3251 566; x_wconf 77' lang='lat' dir='ltr'><strong>Maximus</strong></span> <span class='ocrx_word' id='word_1_19' title='bbox 3304 513 3423 580; x_wconf 90' lang='lat' dir='ltr'><strong>fuit,</strong></span> <span class='ocrx_word' id='word_1_20' title='bbox 3459 527 3514 571; x_wconf 88' lang='lat' dir='ltr'><strong>et</strong></span> <span class='ocrx_word' id='word_1_21' title='bbox 3555 518 3607 576; x_wconf 80' lang='lat' dir='ltr'><strong>si</strong></span> 
     </span>
    </p>
   </div>
   <div class='ocr_carea' id='block_1_5' title="bbox 377 587 1943 662">
    <p class='ocr_par' dir='ltr' id='par_1_5' title="bbox 377 587 1943 662">
     <span class='ocr_line' id='line_1_5' title="bbox 377 587 1943 662; baseline 0.003 -23"><span class='ocrx_word' id='word_1_22' title='bbox 377 587 477 641; x_wconf 88' lang='lat' dir='ltr'><strong>hoc</strong></span> <span class='ocrx_word' id='word_1_23' title='bbox 513 596 600 641; x_wconf 90' lang='lat' dir='ltr'><strong>est</strong></span> <span class='ocrx_word' id='word_1_24' title='bbox 628 587 916 642; x_wconf 85' lang='lat' dir='ltr'><strong>inﬁdelem</strong></span> <span class='ocrx_word' id='word_1_25' title='bbox 938 597 994 642; x_wconf 93' lang='lat' dir='ltr'><strong>et</strong></span> <span class='ocrx_word' id='word_1_26' title='bbox 1023 588 1090 641; x_wconf 92' lang='lat' dir='ltr'><strong>ab</strong></span> <span class='ocrx_word' id='word_1_27' title='bbox 1115 587 1355 644; x_wconf 82' lang='lat' dir='ltr'><strong>Ecclesia</strong></span> <span class='ocrx_word' id='word_1_28' title='bbox 1383 587 1695 657; x_wconf 65' lang='lat' dir='ltr'><strong>praecisum.</strong></span> <span class='ocrx_word' id='word_1_29' title='bbox 1734 602 1797 644; x_wconf 90' lang='lat' dir='ltr'><strong>ea</strong></span> <span class='ocrx_word' id='word_1_30' title='bbox 1825 603 1943 662; x_wconf 73' lang='lat' dir='ltr'><strong>quae</strong></span> 
     </span>
    </p>
   </div>
   <div class='ocr_carea' id='block_1_6' title="bbox 374 677 1938 748">
    <p class='ocr_par' dir='ltr' id='par_1_6' title="bbox 374 677 1938 748">
     <span class='ocr_line' id='line_1_6' title="bbox 374 677 1938 748; baseline 0.001 -16"><span class='ocrx_word' id='word_1_31' title='bbox 374 677 750 745; x_wconf 66' lang='lat' dir='ltr'><strong>praediximus,</strong></span> <span class='ocrx_word' id='word_1_32' title='bbox 791 680 1029 734; x_wconf 78' lang='lat' dir='ltr'><strong>roborat.</strong></span> <span class='ocrx_word' id='word_1_33' title='bbox 1062 677 1443 748; x_wconf 70' lang='lat' dir='ltr'><strong>Praesupponit</strong></span> <span class='ocrx_word' id='word_1_34' title='bbox 1485 678 1628 734; x_wconf 89' lang='lat' dir='ltr'><strong>enim</strong></span> <span class='ocrx_word' id='word_1_35' title='bbox 1657 678 1938 746; x_wconf 84' lang='lat' dir='ltr'><strong>Dominus,</strong></span> 
     </span>
    </p>
   </div>
   <div class='ocr_carea' id='block_1_7' title="bbox 373 765 1940 837">
    <p class='ocr_par' dir='ltr' id='par_1_7' title="bbox 373 765 1940 837">
     <span class='ocr_line' id='line_1_7' title="bbox 373 765 1940 837; baseline 0.003 -18"><span class='ocrx_word' id='word_1_36' title='bbox 373 765 672 821; x_wconf 89' lang='lat' dir='ltr'><strong>Ecclesiam</strong></span> <span class='ocrx_word' id='word_1_37' title='bbox 721 768 996 823; x_wconf 90' lang='lat' dir='ltr'><strong>deﬁnitam</strong></span> <span class='ocrx_word' id='word_1_38' title='bbox 1058 784 1179 824; x_wconf 87' lang='lat' dir='ltr'><strong>esse</strong></span> <span class='ocrx_word' id='word_1_39' title='bbox 1216 769 1452 837; x_wconf 84' lang='lat' dir='ltr'><strong>aliquam</strong></span> <span class='ocrx_word' id='word_1_40' title='bbox 1508 783 1644 834; x_wconf 90' lang='lat' dir='ltr'><strong>rem,</strong></span> <span class='ocrx_word' id='word_1_41' title='bbox 1700 777 1754 823; x_wconf 90' lang='lat' dir='ltr'><strong>et</strong></span> <span class='ocrx_word' id='word_1_42' title='bbox 1802 768 1940 824; x_wconf 89' lang='lat' dir='ltr'><strong>hanc</strong></span> 
     </span>
    </p>
   </div>
   <div class='ocr_carea' id='block_1_8' title="bbox 373 859 1939 930">
    <p class='ocr_par' dir='ltr' id='par_1_8' title="bbox 373 859 1939 930">
     <span class='ocr_line' id='line_1_8' title="bbox 373 859 1939 930; baseline 0.001 -19"><span class='ocrx_word' id='word_1_43' title='bbox 373 872 588 925; x_wconf 84' lang='lat' dir='ltr'><strong>semper</strong></span> <span class='ocrx_word' id='word_1_44' title='bbox 612 873 880 922; x_wconf 86' lang='lat' dir='ltr'><strong>veracem,</strong></span> <span class='ocrx_word' id='word_1_45' title='bbox 911 859 1030 914; x_wconf 88' lang='lat' dir='ltr'><strong>aliis</strong></span> <span class='ocrx_word' id='word_1_46' title='bbox 1061 875 1182 930; x_wconf 69' lang='lat' dir='ltr'><strong>qua:</strong></span> <span class='ocrx_word' id='word_1_47' title='bbox 1210 869 1334 915; x_wconf 90' lang='lat' dir='ltr'><strong>sunt</strong></span> <span class='ocrx_word' id='word_1_48' title='bbox 1368 859 1522 915; x_wconf 78' lang='lat' dir='ltr'><strong>utilia</strong></span> <span class='ocrx_word' id='word_1_49' title='bbox 1555 868 1608 914; x_wconf 87' lang='lat' dir='ltr'><strong>et</strong></span> <span class='ocrx_word' id='word_1_50' title='bbox 1631 859 1939 916; x_wconf 85' lang='lat' dir='ltr'><strong>necessaria</strong></span> 
     </span>
    </p>
   </div>
   <div class='ocr_carea' id='block_1_9' title="bbox 374 949 1941 1020">
    <p class='ocr_par' dir='ltr' id='par_1_9' title="bbox 374 949 1941 1020">
     <span class='ocr_line' id='line_1_9' title="bbox 374 949 1941 1020; baseline 0.004 -20"><span class='ocrx_word' id='word_1_51' title='bbox 374 949 725 1014; x_wconf 85' lang='lat' dir='ltr'><strong>annuntiare,</strong></span> <span class='ocrx_word' id='word_1_52' title='bbox 765 959 926 1020; x_wconf 90' lang='lat' dir='ltr'><strong>atque</strong></span> <span class='ocrx_word' id='word_1_53' title='bbox 971 965 1154 1020; x_wconf 76' lang='lat' dir='ltr'><strong>agere.</strong></span> <span class='ocrx_word' id='word_1_54' title='bbox 1192 949 1379 1020; x_wconf 86' lang='lat' dir='ltr'><strong>Neque</strong></span> <span class='ocrx_word' id='word_1_55' title='bbox 1412 950 1555 1006; x_wconf 88' lang='lat' dir='ltr'><strong>enim</strong></span> <span class='ocrx_word' id='word_1_56' title='bbox 1584 949 1691 1005; x_wconf 87' lang='lat' dir='ltr'><strong>nisi</strong></span> <span class='ocrx_word' id='word_1_57' title='bbox 1726 965 1941 1018; x_wconf 82' lang='lat' dir='ltr'><strong>semper</strong></span> 
     </span>
    </p>
   </div>
   <div class='ocr_carea' id='block_1_10' title="bbox 371 1039 1939 1111">
    <p class='ocr_par' dir='ltr' id='par_1_10' title="bbox 371 1039 1939 1111">
     <span class='ocr_line' id='line_1_10' title="bbox 371 1039 1939 1111; baseline 0.006 -25"><span class='ocrx_word' id='word_1_58' title='bbox 371 1054 538 1092; x_wconf 66' lang='lat' dir='ltr'><strong>vcrax</strong></span> <span class='ocrx_word' id='word_1_59' title='bbox 565 1051 711 1095; x_wconf 85' lang='lat' dir='ltr'><strong>esset</strong></span> <span class='ocrx_word' id='word_1_60' title='bbox 754 1039 952 1107; x_wconf 85' lang='lat' dir='ltr'><strong>futura,</strong></span> <span class='ocrx_word' id='word_1_61' title='bbox 997 1040 1306 1096; x_wconf 81' lang='lat' dir='ltr'><strong>iudeﬁniter</strong></span> <span class='ocrx_word' id='word_1_62' title='bbox 1331 1057 1426 1111; x_wconf 92' lang='lat' dir='ltr'><strong>per</strong></span> <span class='ocrx_word' id='word_1_63' title='bbox 1447 1055 1608 1096; x_wconf 90' lang='lat' dir='ltr'><strong>omne</strong></span> <span class='ocrx_word' id='word_1_64' title='bbox 1637 1050 1846 1110; x_wconf 90' lang='lat' dir='ltr'><strong>tempus</strong></span> <span class='ocrx_word' id='word_1_65' title='bbox 1872 1041 1939 1095; x_wconf 89' lang='lat' dir='ltr'><strong>ad</strong></span> 
     </span>
    </p>
   </div>
   <div class='ocr_carea' id='block_1_11' title="bbox 370 1130 1940 1201">
    <p class='ocr_par' dir='ltr' id='par_1_11' title="bbox 370 1130 1940 1201">
     <span class='ocr_line' id='line_1_11' title="bbox 370 1130 1940 1201; baseline 0.003 -19"><span class='ocrx_word' id='word_1_66' title='bbox 370 1130 513 1184; x_wconf 87' lang='lat' dir='ltr'><strong>hanc</strong></span> <span class='ocrx_word' id='word_1_67' title='bbox 551 1131 733 1186; x_wconf 91' lang='lat' dir='ltr'><strong>ﬁdeles</strong></span> <span class='ocrx_word' id='word_1_68' title='bbox 770 1132 1030 1195; x_wconf 88' lang='lat' dir='ltr'><strong>mitteret,</strong></span> <span class='ocrx_word' id='word_1_69' title='bbox 1063 1133 1130 1188; x_wconf 90' lang='lat' dir='ltr'><strong>de</strong></span> <span class='ocrx_word' id='word_1_70' title='bbox 1159 1133 1320 1186; x_wconf 79' lang='lat' dir='ltr'><strong>rebus</strong></span> <span class='ocrx_word' id='word_1_71' title='bbox 1343 1133 1610 1201; x_wconf 75' lang='lat' dir='ltr'><strong>ambiguis</strong></span> <span class='ocrx_word' id='word_1_72' title='bbox 1642 1133 1940 1187; x_wconf 87' lang='lat' dir='ltr'><strong>decernen-</strong></span> 
     </span>
    </p>
   </div>
   <div class='ocr_carea' id='block_1_12' title="bbox 370 1221 1940 1293">
    <p class='ocr_par' dir='ltr' id='par_1_12' title="bbox 370 1221 1940 1293">
     <span class='ocr_line' id='line_1_12' title="bbox 370 1221 1940 1293; baseline 0.004 -22"><span class='ocrx_word' id='word_1_73' title='bbox 370 1227 484 1273; x_wconf 90' lang='lat' dir='ltr'><strong>tem</strong></span> <span class='ocrx_word' id='word_1_74' title='bbox 532 1223 836 1277; x_wconf 77' lang='lat' dir='ltr'><strong>audituros.</strong></span> <span class='ocrx_word' id='word_1_75' title='bbox 889 1221 1076 1293; x_wconf 85' lang='lat' dir='ltr'><strong>Neque</strong></span> <span class='ocrx_word' id='word_1_76' title='bbox 1128 1223 1173 1278; x_wconf 89' lang='lat' dir='ltr'><strong>si</strong></span> <span class='ocrx_word' id='word_1_77' title='bbox 1229 1223 1565 1279; x_wconf 89' lang='lat' dir='ltr'><strong>indeﬁnitum</strong></span> <span class='ocrx_word' id='word_1_78' title='bbox 1620 1223 1757 1291; x_wconf 85' lang='lat' dir='ltr'><strong>ejus,</strong></span> <span class='ocrx_word' id='word_1_79' title='bbox 1797 1223 1940 1292; x_wconf 87' lang='lat' dir='ltr'><strong>apud</strong></span> 
     </span>
    </p>
   </div>
   <div class='ocr_carea' id='block_1_13' title="bbox 367 1308 1938 1384">
    <p class='ocr_par' dir='ltr' id='par_1_13' title="bbox 367 1308 1938 1384">
     <span class='ocr_line' id='line_1_13' title="bbox 367 1308 1938 1384; baseline 0.005 -23"><span class='ocrx_word' id='word_1_80' title='bbox 367 1308 558 1364; x_wconf 80' lang='lat' dir='ltr'><strong>ﬁdeles</strong></span> <span class='ocrx_word' id='word_1_81' title='bbox 582 1313 858 1366; x_wconf 91' lang='lat' dir='ltr'><strong>deﬁnitum</strong></span> <span class='ocrx_word' id='word_1_82' title='bbox 885 1324 1049 1378; x_wconf 88' lang='lat' dir='ltr'><strong>esset,</strong></span> <span class='ocrx_word' id='word_1_83' title='bbox 1075 1313 1215 1368; x_wconf 91' lang='lat' dir='ltr'><strong>scire</strong></span> <span class='ocrx_word' id='word_1_84' title='bbox 1238 1323 1456 1382; x_wconf 81' lang='lat' dir='ltr'><strong>possent</strong></span> <span class='ocrx_word' id='word_1_85' title='bbox 1479 1327 1670 1384; x_wconf 83' lang='lat' dir='ltr'><strong>quose</strong></span> <span class='ocrx_word' id='word_1_86' title='bbox 1690 1313 1938 1369; x_wconf 88' lang='lat' dir='ltr'><strong>conferre</strong></span> 
     </span>
    </p>
   </div>
   <div class='ocr_carea' id='block_1_14' title="bbox 362 1399 1938 1470">
    <p class='ocr_par' dir='ltr' id='par_1_14' title="bbox 362 1399 1938 1470">
     <span class='ocr_line' id='line_1_14' title="bbox 362 1399 1938 1470; baseline 0.004 -20"><span class='ocrx_word' id='word_1_87' title='bbox 362 1399 652 1462; x_wconf 81' lang='lat' dir='ltr'><strong>deberent,</strong></span> <span class='ocrx_word' id='word_1_88' title='bbox 689 1402 770 1455; x_wconf 90' lang='lat' dir='ltr'><strong>vel</strong></span> <span class='ocrx_word' id='word_1_89' title='bbox 807 1418 903 1457; x_wconf 90' lang='lat' dir='ltr'><strong>sua</strong></span> <span class='ocrx_word' id='word_1_90' title='bbox 932 1404 1112 1457; x_wconf 87' lang='lat' dir='ltr'><strong>omnia</strong></span> <span class='ocrx_word' id='word_1_91' title='bbox 1148 1405 1376 1468; x_wconf 76' lang='lat' dir='ltr'><strong>referre,</strong></span> <span class='ocrx_word' id='word_1_92' title='bbox 1411 1411 1468 1456; x_wconf 91' lang='lat' dir='ltr'><strong>ut</strong></span> <span class='ocrx_word' id='word_1_93' title='bbox 1501 1402 1938 1470; x_wconf 78' lang='lat' dir='ltr'><strong>obtemperantes</strong></span> 
     </span>
    </p>
   </div>
   <div class='ocr_carea' id='block_1_15' title="bbox 362 1489 1941 1566">
    <p class='ocr_par' dir='ltr' id='par_1_15' title="bbox 362 1489 1941 1566">
     <span class='ocr_line' id='line_1_15' title="bbox 362 1489 1941 1566; baseline 0.005 -28"><span class='ocrx_word' id='word_1_94' title='bbox 362 1489 586 1557; x_wconf 86' lang='lat' dir='ltr'><strong>quidem</strong></span> <span class='ocrx_word' id='word_1_95' title='bbox 633 1493 811 1546; x_wconf 89' lang='lat' dir='ltr'><strong>securi</strong></span> <span class='ocrx_word' id='word_1_96' title='bbox 856 1492 968 1559; x_wconf 87' lang='lat' dir='ltr'><strong>jam</strong></span> <span class='ocrx_word' id='word_1_97' title='bbox 1001 1501 1055 1546; x_wconf 93' lang='lat' dir='ltr'><strong>et</strong></span> <span class='ocrx_word' id='word_1_98' title='bbox 1084 1494 1180 1559; x_wconf 90' lang='lat' dir='ltr'><strong>tu_ti</strong></span> <span class='ocrx_word' id='word_1_99' title='bbox 1211 1501 1586 1566; x_wconf 85' lang='lat' dir='ltr'><strong>essepossent</strong></span> <span class='ocrx_word' id='word_1_100' title='bbox 1629 1508 1643 1547; x_wconf 90' lang='lat'><strong>:</strong></span> <span class='ocrx_word' id='word_1_101' title='bbox 1696 1507 1801 1546; x_wconf 91' lang='lat' dir='ltr'><strong>non</strong></span> <span class='ocrx_word' id='word_1_102' title='bbox 1846 1491 1941 1546; x_wconf 81' lang='lat' dir='ltr'><strong>ob-</strong></span> 
     </span>
    </p>
   </div>
   <div class='ocr_carea' id='block_1_16' title="bbox 304 1581 1938 1648">
    <p class='ocr_par' dir='ltr' id='par_1_16' title="bbox 304 1581 1938 1648">
     <span class='ocr_line' id='line_1_16' title="bbox 304 1581 1938 1648; baseline 0.003 -17"><span class='ocrx_word' id='word_1_103' title='bbox 304 1605 310 1611; x_wconf 83' lang='lat'><strong><em>~</em></strong></span> <span class='ocrx_word' id='word_1_104' title='bbox 341 1589 735 1648; x_wconf 84' lang='lat' dir='ltr'><strong>.temperantes</strong></span> <span class='ocrx_word' id='word_1_105' title='bbox 763 1592 964 1647; x_wconf 87' lang='lat' dir='ltr'><strong>autem,</strong></span> <span class='ocrx_word' id='word_1_106' title='bbox 997 1597 1114 1636; x_wconf 90' lang='lat' dir='ltr'><strong>cum</strong></span> <span class='ocrx_word' id='word_1_107' title='bbox 1149 1582 1388 1640; x_wconf 77' lang='lat' dir='ltr'><strong>ethnicis</strong></span> <span class='ocrx_word' id='word_1_108' title='bbox 1420 1598 1480 1638; x_wconf 88' lang='lat' dir='ltr'><strong>se</strong></span> <span class='ocrx_word' id='word_1_109' title='bbox 1541 1591 1595 1637; x_wconf 88' lang='lat' dir='ltr'><strong>et</strong></span> <span class='ocrx_word' id='word_1_110' title='bbox 1633 1581 1938 1637; x_wconf 90' lang='lat' dir='ltr'><strong>inﬁdelibus</strong></span> 
     </span>
    </p>
   </div>
   <div class='ocr_carea' id='block_1_17' title="bbox 286 1669 953 1747">
    <p class='ocr_par' dir='ltr' id='par_1_17' title="bbox 286 1669 953 1747">
     <span class='ocr_line' id='line_1_17' title="bbox 286 1669 953 1747; baseline 0.009 -28"><span class='ocrx_word' id='word_1_111' title='bbox 286 1733 292 1747; x_wconf 45' lang='grc' dir='ltr'><strong>Ι</strong></span> <span class='ocrx_word' id='word_1_112' title='bbox 359 1669 684 1722; x_wconf 79' lang='lat' dir='ltr'><strong>statuendus</strong></span> <span class='ocrx_word' id='word_1_113' title='bbox 730 1671 953 1725; x_wconf 88' lang='lat' dir='ltr'><strong>scirent.</strong></span> 
     </span>
    </p>
   </div>
   <div class='ocr_carea' id='block_1_18' title="bbox 433 1752 1934 1854">
    <p class='ocr_par' dir='ltr' id='par_1_18' title="bbox 433 1752 1934 1854">
     <span class='ocr_line' id='line_1_18' title="bbox 433 1752 1934 1854; baseline 0.006 -23"><span class='ocrx_word' id='word_1_114' title='bbox 433 1777 542 1832; x_wconf 85' lang='lat' dir='ltr'><strong>Sed</strong></span> <span class='ocrx_word' id='word_1_115' title='bbox 586 1795 761 1848; x_wconf 90' lang='lat' dir='ltr'><strong>neque</strong></span> <span class='ocrx_word' id='word_1_116' title='bbox 795 1752 972 1838; x_wconf 56' lang='lat' dir='ltr'><strong>tanien</strong></span> <span class='ocrx_word' id='word_1_117' title='bbox 1002 1783 1106 1839; x_wconf 91' lang='lat' dir='ltr'><strong>nisi</strong></span> <span class='ocrx_word' id='word_1_118' title='bbox 1148 1797 1235 1850; x_wconf 90' lang='lat' dir='ltr'><strong>ea,</strong></span> <span class='ocrx_word' id='word_1_119' title='bbox 1262 1784 1329 1839; x_wconf 89' lang='lat' dir='ltr'><strong>ad</strong></span> <span class='ocrx_word' id='word_1_120' title='bbox 1361 1800 1524 1854; x_wconf 88' lang='lat' dir='ltr'><strong>quam</strong></span> <span class='ocrx_word' id='word_1_121' title='bbox 1565 1777 1934 1852; x_wconf 83' lang='lat' dir='ltr'><strong>mitterentur,</strong></span> 
     </span>
    </p>
   </div>
   <div class='ocr_carea' id='block_1_19' title="bbox 2046 592 3606 669">
    <p class='ocr_par' dir='ltr' id='par_1_19' title="bbox 2046 592 3606 669">
     <span class='ocr_line' id='line_1_19' title="bbox 2046 592 3606 669; baseline 0.014 -26"><span class='ocrx_word' id='word_1_122' title='bbox 2046 592 2170 661; x_wconf 82' lang='lat' dir='ltr'><strong>quis</strong></span> <span class='ocrx_word' id='word_1_123' title='bbox 2220 594 2295 648; x_wconf 92' lang='lat' dir='ltr'><strong>illi</strong></span> <span class='ocrx_word' id='word_1_124' title='bbox 2347 595 2540 651; x_wconf 85' lang='lat' dir='ltr'><strong>similis</strong></span> <span class='ocrx_word' id='word_1_125' title='bbox 2569 606 2655 652; x_wconf 89' lang='lat' dir='ltr'><strong>est</strong></span> <span class='ocrx_word' id='word_1_126' title='bbox 2699 614 2714 652; x_wconf 91' lang='lat'><strong>:</strong></span> <span class='ocrx_word' id='word_1_127' title='bbox 2757 612 2864 654; x_wconf 88' lang='lat' dir='ltr'><strong>non</strong></span> <span class='ocrx_word' id='word_1_128' title='bbox 2917 607 3098 658; x_wconf 87' lang='lat' dir='ltr'><strong>tamen</strong></span> <span class='ocrx_word' id='word_1_129' title='bbox 3147 603 3240 669; x_wconf 89' lang='lat' dir='ltr'><strong>ita,</strong></span> <span class='ocrx_word' id='word_1_130' title='bbox 3273 615 3333 660; x_wconf 92' lang='lat' dir='ltr'><strong>ut</strong></span> <span class='ocrx_word' id='word_1_131' title='bbox 3383 608 3606 666; x_wconf 89' lang='lat' dir='ltr'><strong>inﬁnitis</strong></span> 
     </span>
    </p>
   </div>
   <div class='ocr_carea' id='block_1_20' title="bbox 2047 683 3608 765">
    <p class='ocr_par' dir='ltr' id='par_1_20' title="bbox 2047 683 3608 765">
     <span class='ocr_line' id='line_1_20' title="bbox 2047 683 3608 765; baseline 0.015 -30"><span class='ocrx_word' id='word_1_132' title='bbox 2047 683 2353 751; x_wconf 74' lang='lat' dir='ltr'><strong>agminibus</strong></span> <span class='ocrx_word' id='word_1_133' title='bbox 2388 686 2844 756; x_wconf 84' lang='lat' dir='ltr'><strong>Christianorum,</strong></span> <span class='ocrx_word' id='word_1_134' title='bbox 2883 706 2982 762; x_wconf 92' lang='lat' dir='ltr'><strong>pro</strong></span> <span class='ocrx_word' id='word_1_135' title='bbox 3015 696 3386 765; x_wconf 76' lang='lat' dir='ltr'><strong>magnitudine</strong></span> <span class='ocrx_word' id='word_1_136' title='bbox 3422 701 3608 758; x_wconf 83' lang='lat' dir='ltr'><strong>Eccle-</strong></span> 
     </span>
    </p>
   </div>
   <div class='ocr_carea' id='block_1_21' title="bbox 2047 773 3603 858">
    <p class='ocr_par' dir='ltr' id='par_1_21' title="bbox 2047 773 3603 858">
     <span class='ocr_line' id='line_1_21' title="bbox 2047 773 3603 858; baseline 0.012 -30"><span class='ocrx_word' id='word_1_137' title='bbox 2047 773 2141 828; x_wconf 75' lang='lat' dir='ltr'><strong>siae</strong></span> <span class='ocrx_word' id='word_1_138' title='bbox 2187 785 2241 830; x_wconf 91' lang='lat' dir='ltr'><strong>et</strong></span> <span class='ocrx_word' id='word_1_139' title='bbox 2279 777 2563 848; x_wconf 75' lang='lat' dir='ltr'><strong>dignitate,</strong></span> <span class='ocrx_word' id='word_1_140' title='bbox 2602 782 2738 837; x_wconf 80' lang='lat' dir='ltr'><strong>satis</strong></span> <span class='ocrx_word' id='word_1_141' title='bbox 2783 797 2905 838; x_wconf 86' lang='lat' dir='ltr'><strong>esse</strong></span> <span class='ocrx_word' id='word_1_142' title='bbox 2943 797 3162 853; x_wconf 80' lang='lat' dir='ltr'><strong>possent</strong></span> <span class='ocrx_word' id='word_1_143' title='bbox 3207 804 3224 840; x_wconf 86' lang='lat'><strong>:</strong></span> <span class='ocrx_word' id='word_1_144' title='bbox 3260 792 3508 858; x_wconf 85' lang='lat' dir='ltr'><strong>quodque</strong></span> <span class='ocrx_word' id='word_1_145' title='bbox 3551 793 3603 848; x_wconf 93' lang='lat' dir='ltr'><strong>in</strong></span> 
     </span>
    </p>
   </div>
   <div class='ocr_carea' id='block_1_22' title="bbox 2047 867 3605 952">
    <p class='ocr_par' dir='ltr' id='par_1_22' title="bbox 2047 867 3605 952">
     <span class='ocr_line' id='line_1_22' title="bbox 2047 867 3605 952; baseline 0.01 -28"><span class='ocrx_word' id='word_1_146' title='bbox 2047 867 2150 934; x_wconf 90' lang='lat' dir='ltr'><strong>eis,</strong></span> <span class='ocrx_word' id='word_1_147' title='bbox 2189 871 2340 940; x_wconf 87' lang='lat' dir='ltr'><strong>quasi</strong></span> <span class='ocrx_word' id='word_1_148' title='bbox 2393 871 2446 925; x_wconf 89' lang='lat' dir='ltr'><strong>in</strong></span> <span class='ocrx_word' id='word_1_149' title='bbox 2491 873 2727 928; x_wconf 90' lang='lat' dir='ltr'><strong>obscuro</strong></span> <span class='ocrx_word' id='word_1_150' title='bbox 2759 884 2900 941; x_wconf 87' lang='lat' dir='ltr'><strong>erat,</strong></span> <span class='ocrx_word' id='word_1_151' title='bbox 2938 877 3005 930; x_wconf 85' lang='lat' dir='ltr'><strong>ad</strong></span> <span class='ocrx_word' id='word_1_152' title='bbox 3055 876 3212 932; x_wconf 89' lang='lat' dir='ltr'><strong>ﬁdem</strong></span> <span class='ocrx_word' id='word_1_153' title='bbox 3251 895 3605 952; x_wconf 62' lang='lat' dir='ltr'><strong>eorumque</strong></span> 
     </span>
    </p>
   </div>
   <div class='ocr_carea' id='block_1_23' title="bbox 2047 962 3604 1042">
    <p class='ocr_par' dir='ltr' id='par_1_23' title="bbox 2047 962 3604 1042">
     <span class='ocr_line' id='line_1_23' title="bbox 2047 962 3604 1042; baseline 0.01 -27"><span class='ocrx_word' id='word_1_154' title='bbox 2047 962 2394 1028; x_wconf 88' lang='lat' dir='ltr'><strong>dicerentur,</strong></span> <span class='ocrx_word' id='word_1_155' title='bbox 2443 967 2698 1020; x_wconf 89' lang='lat' dir='ltr'><strong>omnibus</strong></span> <span class='ocrx_word' id='word_1_156' title='bbox 2751 966 3021 1022; x_wconf 79' lang='lat' dir='ltr'><strong>sufﬁceret</strong></span> <span class='ocrx_word' id='word_1_157' title='bbox 3068 986 3082 1024; x_wconf 91' lang='lat'><strong>:</strong></span> <span class='ocrx_word' id='word_1_158' title='bbox 3126 972 3283 1040; x_wconf 89' lang='lat' dir='ltr'><strong>quasi</strong></span> <span class='ocrx_word' id='word_1_159' title='bbox 3341 974 3438 1042; x_wconf 87' lang='lat' dir='ltr'><strong>ipsi</strong></span> <span class='ocrx_word' id='word_1_160' title='bbox 3499 976 3604 1032; x_wconf 86' lang='lat' dir='ltr'><strong>Ee-</strong></span> 
     </span>
    </p>
   </div>
   <div class='ocr_carea' id='block_1_24' title="bbox 2047 1054 3606 1129">
    <p class='ocr_par' dir='ltr' id='par_1_24' title="bbox 2047 1054 3606 1129">
     <span class='ocr_line' id='line_1_24' title="bbox 2047 1054 3606 1129; baseline 0.009 -22"><span class='ocrx_word' id='word_1_161' title='bbox 2047 1054 2224 1108; x_wconf 61' lang='lat' dir='ltr'><strong>elesia</strong></span> <span class='ocrx_word' id='word_1_162' title='bbox 2264 1063 2425 1123; x_wconf 87' lang='lat' dir='ltr'><strong>caput</strong></span> <span class='ocrx_word' id='word_1_163' title='bbox 2458 1065 2643 1111; x_wconf 78' lang='lat' dir='ltr'><strong>essent</strong></span> <span class='ocrx_word' id='word_1_164' title='bbox 2677 1057 2816 1126; x_wconf 73' lang='lat' dir='ltr'><strong>eius,</strong></span> <span class='ocrx_word' id='word_1_165' title='bbox 2863 1058 2931 1111; x_wconf 86' lang='lat' dir='ltr'><strong>ad</strong></span> <span class='ocrx_word' id='word_1_166' title='bbox 2973 1073 3135 1129; x_wconf 87' lang='lat' dir='ltr'><strong>quam</strong></span> <span class='ocrx_word' id='word_1_167' title='bbox 3172 1063 3437 1117; x_wconf 85' lang='lat' dir='ltr'><strong>mittimur</strong></span> <span class='ocrx_word' id='word_1_168' title='bbox 3470 1085 3484 1120; x_wconf 91' lang='lat'><strong>:</strong></span> <span class='ocrx_word' id='word_1_169' title='bbox 3515 1084 3606 1120; x_wconf 82' lang='lat' dir='ltr'><strong>eu-</strong></span> 
     </span>
    </p>
   </div>
   <div class='ocr_carea' id='block_1_25' title="bbox 2043 1143 3605 1214">
    <p class='ocr_par' dir='ltr' id='par_1_25' title="bbox 2043 1143 3605 1214">
     <span class='ocr_line' id='line_1_25' title="bbox 2043 1143 3605 1214; baseline 0.01 -16"><span class='ocrx_word' id='word_1_170' title='bbox 2043 1143 2241 1213; x_wconf 85' lang='lat' dir='ltr'><strong>jusque</strong></span> <span class='ocrx_word' id='word_1_171' title='bbox 2297 1147 2697 1213; x_wconf 85' lang='lat' dir='ltr'><strong>processionem</strong></span> <span class='ocrx_word' id='word_1_172' title='bbox 2757 1148 2894 1205; x_wconf 86' lang='lat' dir='ltr'><strong>ﬁnes</strong></span> <span class='ocrx_word' id='word_1_173' title='bbox 2951 1158 3109 1206; x_wconf 68' lang='lat' dir='ltr'><strong>terra:</strong></span> <span class='ocrx_word' id='word_1_174' title='bbox 3143 1167 3264 1209; x_wconf 89' lang='lat' dir='ltr'><strong>esse</strong></span> <span class='ocrx_word' id='word_1_175' title='bbox 3321 1153 3605 1214; x_wconf 84' lang='lat' dir='ltr'><strong>Psalmista</strong></span> 
     </span>
    </p>
   </div>
   <div class='ocr_carea' id='block_1_26' title="bbox 2045 1235 2380 1292">
    <p class='ocr_par' dir='ltr' id='par_1_26' title="bbox 2045 1235 2380 1292">
     <span class='ocr_line' id='line_1_26' title="bbox 2045 1235 2380 1292; baseline 0.009 -3"><span class='ocrx_word' id='word_1_176' title='bbox 2045 1235 2288 1290; x_wconf 89' lang='lat' dir='ltr'><strong>deﬁnivit</strong></span> <span class='ocrx_word' id='word_1_177' title='bbox 2313 1239 2380 1292; x_wconf 80' lang='grc'><strong>⁹¹.</strong></span> 
     </span>
    </p>
   </div>
   <div class='ocr_carea' id='block_1_27' title="bbox 2121 1325 3605 1408">
    <p class='ocr_par' dir='ltr' id='par_1_27' title="bbox 2121 1325 3605 1408">
     <span class='ocr_line' id='line_1_27' title="bbox 2121 1325 3605 1408; baseline 0.013 -30"><span class='ocrx_word' id='word_1_178' title='bbox 2121 1325 2247 1381; x_wconf 84' lang='lat' dir='ltr'><strong>Haec</strong></span> <span class='ocrx_word' id='word_1_179' title='bbox 2281 1343 2404 1384; x_wconf 90' lang='lat' dir='ltr'><strong>cum</strong></span> <span class='ocrx_word' id='word_1_180' title='bbox 2433 1330 2505 1386; x_wconf 84' lang='lat' dir='ltr'><strong>ita</strong></span> <span class='ocrx_word' id='word_1_181' title='bbox 2539 1346 2659 1387; x_wconf 82' lang='lat' dir='ltr'><strong>esse</strong></span> <span class='ocrx_word' id='word_1_182' title='bbox 2686 1334 2993 1389; x_wconf 83' lang='lat' dir='ltr'><strong>necessario</strong></span> <span class='ocrx_word' id='word_1_183' title='bbox 3024 1350 3335 1393; x_wconf 88' lang='lat' dir='ltr'><strong>concessum</strong></span> <span class='ocrx_word' id='word_1_184' title='bbox 3366 1340 3456 1408; x_wconf 90' lang='lat' dir='ltr'><strong>sit,</strong></span> <span class='ocrx_word' id='word_1_185' title='bbox 3486 1343 3605 1397; x_wconf 76' lang='lat' dir='ltr'><strong>alia:</strong></span> 
     </span>
    </p>
   </div>
   <div class='ocr_carea' id='block_1_28' title="bbox 2045 1416 3606 1500">
    <p class='ocr_par' dir='ltr' id='par_1_28' title="bbox 2045 1416 3606 1500">
     <span class='ocr_line' id='line_1_28' title="bbox 2045 1416 3606 1500; baseline 0.013 -31"><span class='ocrx_word' id='word_1_186' title='bbox 2045 1416 2266 1485; x_wconf 88' lang='lat' dir='ltr'><strong>quidem</strong></span> <span class='ocrx_word' id='word_1_187' title='bbox 2311 1420 2587 1488; x_wconf 66' lang='lat' dir='ltr'><strong>Ecclesiae,</strong></span> <span class='ocrx_word' id='word_1_188' title='bbox 2620 1433 2679 1476; x_wconf 90' lang='lat' dir='ltr'><strong>ut</strong></span> <span class='ocrx_word' id='word_1_189' title='bbox 2710 1425 2910 1479; x_wconf 91' lang='lat' dir='ltr'><strong>dictum</strong></span> <span class='ocrx_word' id='word_1_190' title='bbox 2951 1438 3052 1491; x_wconf 84' lang='lat' dir='ltr'><strong>est,</strong></span> <span class='ocrx_word' id='word_1_191' title='bbox 3085 1443 3117 1488; x_wconf 72' lang='grc' dir='ltr'>τι</span> <span class='ocrx_word' id='word_1_192' title='bbox 3153 1431 3376 1484; x_wconf 87' lang='lat' dir='ltr'><strong>veritate</strong></span> <span class='ocrx_word' id='word_1_193' title='bbox 3409 1434 3606 1500; x_wconf 70' lang='lat' dir='ltr'><strong>saepius</strong></span> 
     </span>
    </p>
   </div>
   <div class='ocr_carea' id='block_1_29' title="bbox 2043 1508 3604 1583">
    <p class='ocr_par' dir='ltr' id='par_1_29' title="bbox 2043 1508 3604 1583">
     <span class='ocr_line' id='line_1_29' title="bbox 2043 1508 3604 1583; baseline 0.011 -22"><span class='ocrx_word' id='word_1_194' title='bbox 2043 1508 2204 1564; x_wconf 82' lang='lat' dir='ltr'><strong>aliter</strong></span> <span class='ocrx_word' id='word_1_195' title='bbox 2234 1511 2368 1565; x_wconf 86' lang='lat' dir='ltr'><strong>alias</strong></span> <span class='ocrx_word' id='word_1_196' title='bbox 2408 1512 2794 1570; x_wconf 87' lang='lat' dir='ltr'><strong>aberraverunt</strong></span> <span class='ocrx_word' id='word_1_197' title='bbox 2823 1532 2839 1572; x_wconf 91' lang='lat'><strong>:</strong></span> <span class='ocrx_word' id='word_1_198' title='bbox 2878 1519 3094 1583; x_wconf 81' lang='lat' dir='ltr'><strong>quando</strong></span> <span class='ocrx_word' id='word_1_199' title='bbox 3123 1520 3186 1574; x_wconf 91' lang='lat' dir='ltr'><strong>de</strong></span> <span class='ocrx_word' id='word_1_200' title='bbox 3222 1520 3343 1575; x_wconf 88' lang='lat' dir='ltr'><strong>lidei</strong></span> <span class='ocrx_word' id='word_1_201' title='bbox 3379 1526 3604 1579; x_wconf 88' lang='lat' dir='ltr'><strong>veritate</strong></span> 
     </span>
    </p>
   </div>
   <div class='ocr_carea' id='block_1_30' title="bbox 2043 1594 3606 1669">
    <p class='ocr_par' dir='ltr' id='par_1_30' title="bbox 2043 1594 3606 1669">
     <span class='ocr_line' id='line_1_30' title="bbox 2043 1594 3606 1669; baseline 0.012 -22"><span class='ocrx_word' id='word_1_202' title='bbox 2043 1594 2176 1649; x_wconf 88' lang='lat' dir='ltr'><strong>orbe</strong></span> <span class='ocrx_word' id='word_1_203' title='bbox 2216 1603 2328 1650; x_wconf 90' lang='lat' dir='ltr'><strong>toto</strong></span> <span class='ocrx_word' id='word_1_204' title='bbox 2378 1597 2519 1653; x_wconf 91' lang='lat' dir='ltr'><strong>inter</strong></span> <span class='ocrx_word' id='word_1_205' title='bbox 2568 1613 2628 1653; x_wconf 91' lang='lat' dir='ltr'><strong>se</strong></span> <span class='ocrx_word' id='word_1_206' title='bbox 2666 1615 2774 1654; x_wconf 89' lang='lat' dir='ltr'><strong>non</strong></span> <span class='ocrx_word' id='word_1_207' title='bbox 2804 1604 3181 1669; x_wconf 77' lang='lat' dir='ltr'><strong>conveniente,</strong></span> <span class='ocrx_word' id='word_1_208' title='bbox 3232 1607 3337 1659; x_wconf 65' lang='lat' dir='ltr'><strong>illa:</strong></span> <span class='ocrx_word' id='word_1_209' title='bbox 3375 1606 3509 1662; x_wconf 81' lang='lat' dir='ltr'><strong>falsa</strong></span> <span class='ocrx_word' id='word_1_210' title='bbox 3551 1619 3606 1666; x_wconf 85' lang='lat' dir='ltr'><strong>et</strong></span> 
     </span>
    </p>
   </div>
   <div class='ocr_carea' id='block_1_31' title="bbox 2027 1684 3600 1769">
    <p class='ocr_par' dir='ltr' id='par_1_31' title="bbox 2027 1684 3600 1769">
     <span class='ocr_line' id='line_1_31' title="bbox 2027 1684 3600 1769; baseline 0.01 -31"><span class='ocrx_word' id='word_1_211' title='bbox 2027 1684 2362 1751; x_wconf 74' lang='lat' dir='ltr'><strong>sentiebant,</strong></span> <span class='ocrx_word' id='word_1_212' title='bbox 2420 1696 2476 1742; x_wconf 92' lang='lat' dir='ltr'><strong>et</strong></span> <span class='ocrx_word' id='word_1_213' title='bbox 2511 1689 2635 1745; x_wconf 90' lang='lat' dir='ltr'><strong>aliis</strong></span> <span class='ocrx_word' id='word_1_214' title='bbox 2683 1692 2964 1747; x_wconf 88' lang='lat' dir='ltr'><strong>sentienda</strong></span> <span class='ocrx_word' id='word_1_215' title='bbox 3000 1696 3390 1764; x_wconf 79' lang='lat' dir='ltr'><strong>preporebant,</strong></span> <span class='ocrx_word' id='word_1_216' title='bbox 3436 1715 3600 1769; x_wconf 85' lang='lat' dir='ltr'><strong>quos-</strong></span> 
     </span>
    </p>
   </div>
   <div class='ocr_carea' id='block_1_32' title="bbox 2045 1772 3637 1854">
    <p class='ocr_par' dir='ltr' id='par_1_32' title="bbox 2045 1772 3637 1854">
     <span class='ocr_line' id='line_1_32' title="bbox 2045 1772 3637 1854; baseline 0.013 -29"><span class='ocrx_word' id='word_1_217' title='bbox 2045 1772 2169 1826; x_wconf 88' lang='lat' dir='ltr'><strong>dam</strong></span> <span class='ocrx_word' id='word_1_218' title='bbox 2211 1789 2344 1829; x_wconf 91' lang='lat' dir='ltr'><strong>vero</strong></span> <span class='ocrx_word' id='word_1_219' title='bbox 2384 1777 2546 1831; x_wconf 88' lang='lat' dir='ltr'><strong>etiam</strong></span> <span class='ocrx_word' id='word_1_220' title='bbox 2583 1779 2781 1837; x_wconf 87' lang='lat' dir='ltr'><strong>invitos</strong></span> <span class='ocrx_word' id='word_1_221' title='bbox 2821 1783 2978 1837; x_wconf 82' lang='lat' dir='ltr'><strong>fateri</strong></span> <span class='ocrx_word' id='word_1_222' title='bbox 3014 1786 3424 1854; x_wconf 70' lang='lat' dir='ltr'><strong>compellebat”,</strong></span> <span class='ocrx_word' id='word_1_223' title='bbox 3458 1775 3637 1846; x_wconf 77' lang='lat' dir='ltr'><strong>milia~</strong></span> 
     </span>
    </p>
   </div>
   <div class='ocr_carea' id='block_1_33' title="bbox 306 1851 1932 1944">
    <p class='ocr_par' dir='ltr' id='par_1_33' title="bbox 306 1851 1932 1944">
     <span class='ocr_line' id='line_1_33' title="bbox 306 1851 1932 1944; baseline 0.004 -22"><span class='ocrx_word' id='word_1_224' title='bbox 306 1914 314 1942; x_wconf 47' lang='grc' dir='ltr'><em>τ</em></span> <span class='ocrx_word' id='word_1_225' title='bbox 354 1867 629 1934; x_wconf 84' lang='lat' dir='ltr'><strong>Ecclesia,</strong></span> <span class='ocrx_word' id='word_1_226' title='bbox 664 1885 792 1924; x_wconf 89' lang='lat' dir='ltr'><strong>vera</strong></span> <span class='ocrx_word' id='word_1_227' title='bbox 836 1887 1050 1942; x_wconf 89' lang='lat' dir='ltr'><strong>semper</strong></span> <span class='ocrx_word' id='word_1_228' title='bbox 1089 1873 1157 1928; x_wconf 88' lang='lat' dir='ltr'><strong>de</strong></span> <span class='ocrx_word' id='word_1_229' title='bbox 1187 1851 1438 1930; x_wconf 84' lang='lat' dir='ltr'><strong>omnibus</strong></span> <span class='ocrx_word' id='word_1_230' title='bbox 1460 1875 1668 1930; x_wconf 89' lang='lat' dir='ltr'><strong>dictare</strong></span> <span class='ocrx_word' id='word_1_231' title='bbox 1693 1889 1932 1944; x_wconf 75' lang='lat' dir='ltr'><strong>przesup-</strong></span> 
     </span>
    </p>
   </div>
   <div class='ocr_carea' id='block_1_34' title="bbox 2031 1851 3604 1944">
    <p class='ocr_par' dir='ltr' id='par_1_34' title="bbox 2039 1851 3604 1941">
     <span class='ocr_line' id='line_1_34' title="bbox 2039 1851 3604 1941; baseline 0.012 -24"><span class='ocrx_word' id='word_1_232' title='bbox 2039 1877 2224 1917; x_wconf 87' lang='lat' dir='ltr'><strong>earum</strong></span> <span class='ocrx_word' id='word_1_233' title='bbox 2253 1875 2396 1925; x_wconf 78' lang='lat' dir='ltr'><strong>esset</strong></span> <span class='ocrx_word' id='word_1_234' title='bbox 2435 1866 2697 1936; x_wconf 88' lang='lat' dir='ltr'><strong>profecto,</strong></span> <span class='ocrx_word' id='word_1_235' title='bbox 2739 1873 2806 1926; x_wconf 89' lang='lat' dir='ltr'><strong>ad</strong></span> <span class='ocrx_word' id='word_1_236' title='bbox 2846 1888 3008 1941; x_wconf 87' lang='lat' dir='ltr'><strong>quam</strong></span> <span class='ocrx_word' id='word_1_237' title='bbox 3053 1851 3332 1930; x_wconf 83' lang='lat' dir='ltr'><strong>indeﬁnite</strong></span> <span class='ocrx_word' id='word_1_238' title='bbox 3364 1851 3604 1937; x_wconf 66' lang='lat' dir='ltr'><strong>mittere-</strong></span> 
     </span>
    </p>
   </div>
   <div class='ocr_carea' id='block_1_35' title="bbox 297 1959 1936 2032">
    <p class='ocr_par' dir='ltr' id='par_1_35' title="bbox 297 1959 1936 2032">
     <span class='ocr_line' id='line_1_35' title="bbox 297 1959 1936 2032; baseline 0.007 -23"><span class='ocrx_word' id='word_1_239' title='bbox 297 1960 319 2010; x_wconf 70' lang='lat'><strong><em>3</em></strong></span> <span class='ocrx_word' id='word_1_240' title='bbox 352 1970 662 2027; x_wconf 81' lang='lat' dir='ltr'><strong>poneretur</strong></span> <span class='ocrx_word' id='word_1_241' title='bbox 684 1998 700 2022; x_wconf 93' lang='lat'><strong>,</strong></span> <span class='ocrx_word' id='word_1_242' title='bbox 732 1959 871 2014; x_wconf 91' lang='lat' dir='ltr'><strong>scire</strong></span> <span class='ocrx_word' id='word_1_243' title='bbox 905 1971 1147 2031; x_wconf 91' lang='lat' dir='ltr'><strong>possent,</strong></span> <span class='ocrx_word' id='word_1_244' title='bbox 1167 1963 1395 2032; x_wconf 75' lang='lat' dir='ltr'><strong>quando</strong></span> <span class='ocrx_word' id='word_1_245' title='bbox 1425 1978 1675 2028; x_wconf 90' lang='lat' dir='ltr'><strong>renuere,</strong></span> <span class='ocrx_word' id='word_1_246' title='bbox 1715 1962 1936 2032; x_wconf 89' lang='lat' dir='ltr'><strong>quando</strong></span> 
     </span>
    </p>
   </div>
   <div class='ocr_carea' id='block_1_36' title="bbox 349 2049 1938 2122">
    <p class='ocr_par' dir='ltr' id='par_1_36' title="bbox 349 2049 1938 2122">
     <span class='ocr_line' id='line_1_36' title="bbox 349 2049 1938 2122; baseline 0.004 -20"><span class='ocrx_word' id='word_1_247' title='bbox 349 2049 743 2119; x_wconf 87' lang='lat' dir='ltr'><strong>obtemperare</strong></span> <span class='ocrx_word' id='word_1_248' title='bbox 782 2049 1064 2116; x_wconf 85' lang='lat' dir='ltr'><strong>deberent,</strong></span> <span class='ocrx_word' id='word_1_249' title='bbox 1094 2068 1214 2107; x_wconf 89' lang='lat' dir='ltr'><strong>cum</strong></span> <span class='ocrx_word' id='word_1_250' title='bbox 1259 2053 1350 2122; x_wconf 92' lang='lat' dir='ltr'><strong>qui</strong></span> <span class='ocrx_word' id='word_1_251' title='bbox 1378 2053 1446 2107; x_wconf 85' lang='lat' dir='ltr'><strong>ab</strong></span> <span class='ocrx_word' id='word_1_252' title='bbox 1477 2054 1715 2108; x_wconf 79' lang='lat' dir='ltr'><strong>invicem‘</strong></span> <span class='ocrx_word' id='word_1_253' title='bbox 1752 2053 1938 2108; x_wconf 87' lang='lat' dir='ltr'><strong>diﬁ&#39;er-</strong></span> 
     </span>
    </p>
   </div>
   <div class='ocr_carea' id='block_1_37' title="bbox 352 2141 1934 2212">
    <p class='ocr_par' dir='ltr' id='par_1_37' title="bbox 352 2141 1934 2212">
     <span class='ocr_line' id='line_1_37' title="bbox 352 2141 1934 2212; baseline 0.006 -21"><span class='ocrx_word' id='word_1_254' title='bbox 352 2147 504 2203; x_wconf 88' lang='lat' dir='ltr'><strong>rent,</strong></span> <span class='ocrx_word' id='word_1_255' title='bbox 555 2155 714 2194; x_wconf 78' lang='lat' dir='ltr'><strong>veras</strong></span> <span class='ocrx_word' id='word_1_256' title='bbox 757 2141 918 2194; x_wconf 87' lang='lat' dir='ltr'><strong>ambo</strong></span> <span class='ocrx_word' id='word_1_257' title='bbox 967 2142 1212 2198; x_wconf 75' lang='lat' dir='ltr'><strong>rationes</strong></span> <span class='ocrx_word' id='word_1_258' title='bbox 1263 2142 1512 2212; x_wconf 89' lang='lat' dir='ltr'><strong>proferre</strong></span> <span class='ocrx_word' id='word_1_259' title='bbox 1547 2144 1866 2200; x_wconf 84' lang='lat' dir='ltr'><strong>viderentur</strong></span> <span class='ocrx_word' id='word_1_260' title='bbox 1918 2161 1934 2199; x_wconf 87' lang='lat'><strong>:</strong></span> 
     </span>
    </p>
   </div>
   <div class='ocr_carea' id='block_1_38' title="bbox 351 2230 1938 2298">
    <p class='ocr_par' dir='ltr' id='par_1_38' title="bbox 351 2230 1938 2298">
     <span class='ocr_line' id='line_1_38' title="bbox 351 2230 1938 2298; baseline 0.005 -16"><span class='ocrx_word' id='word_1_261' title='bbox 351 2230 676 2285; x_wconf 81' lang='lat' dir='ltr'><strong>communis</strong></span> <span class='ocrx_word' id='word_1_262' title='bbox 729 2244 862 2284; x_wconf 88' lang='lat' dir='ltr'><strong>vero</strong></span> <span class='ocrx_word' id='word_1_263' title='bbox 898 2230 1337 2291; x_wconf 84' lang='lat' dir='ltr'><strong>Christianorum</strong></span> <span class='ocrx_word' id='word_1_264' title='bbox 1395 2233 1708 2298; x_wconf 89' lang='lat' dir='ltr'><strong>multitudo,</strong></span> <span class='ocrx_word' id='word_1_265' title='bbox 1747 2235 1938 2290; x_wconf 87' lang='lat' dir='ltr'><strong>simul-</strong></span> 
     </span>
    </p>
   </div>
   <div class='ocr_carea' id='block_1_39' title="bbox 351 2321 1933 2395">
    <p class='ocr_par' dir='ltr' id='par_1_39' title="bbox 351 2321 1933 2395">
     <span class='ocr_line' id='line_1_39' title="bbox 351 2321 1933 2395; baseline 0.003 -24"><span class='ocrx_word' id='word_1_266' title='bbox 351 2335 464 2388; x_wconf 88' lang='lat' dir='ltr'><strong>que</strong></span> <span class='ocrx_word' id='word_1_267' title='bbox 527 2321 824 2375; x_wconf 83' lang='lat' dir='ltr'><strong>inﬁrmitas</strong></span> <span class='ocrx_word' id='word_1_268' title='bbox 876 2321 1110 2375; x_wconf 88' lang='lat' dir='ltr'><strong>humana</strong></span> <span class='ocrx_word' id='word_1_269' title='bbox 1161 2323 1472 2376; x_wconf 89' lang='lat' dir='ltr'><strong>discernere</strong></span> <span class='ocrx_word' id='word_1_270' title='bbox 1531 2338 1636 2376; x_wconf 91' lang='lat' dir='ltr'><strong>non</strong></span> <span class='ocrx_word' id='word_1_271' title='bbox 1687 2333 1933 2395; x_wconf 80' lang='lat' dir='ltr'><strong>possent,</strong></span> 
     </span>
    </p>
   </div>
   <div class='ocr_carea' id='block_1_40' title="bbox 351 2410 1936 2483">
    <p class='ocr_par' dir='ltr' id='par_1_40' title="bbox 351 2410 1936 2483">
     <span class='ocr_line' id='line_1_40' title="bbox 351 2410 1936 2483; baseline 0 -18"><span class='ocrx_word' id='word_1_272' title='bbox 351 2410 720 2479; x_wconf 80' lang='lat' dir='ltr'><strong>confusioque</strong></span> <span class='ocrx_word' id='word_1_273' title='bbox 758 2425 822 2464; x_wconf 87' lang='lat' dir='ltr'><strong>ac</strong></span> <span class='ocrx_word' id='word_1_274' title='bbox 860 2425 1038 2480; x_wconf 76' lang='lat' dir='ltr'><strong>pugna</strong></span> <span class='ocrx_word' id='word_1_275' title='bbox 1096 2410 1506 2467; x_wconf 39' lang='lat' dir='ltr'><strong>ecclesiasticis.</strong></span> <span class='ocrx_word' id='word_1_276' title='bbox 1533 2413 1588 2466; x_wconf 87' lang='lat' dir='ltr'><strong>in</strong></span> <span class='ocrx_word' id='word_1_277' title='bbox 1618 2413 1778 2468; x_wconf 84' lang='lat' dir='ltr'><strong>rebus</strong></span> <span class='ocrx_word' id='word_1_278' title='bbox 1812 2419 1936 2483; x_wconf 88' lang='lat' dir='ltr'><strong>pul-</strong></span> 
     </span>
    </p>
   </div>
   <div class='ocr_carea' id='block_1_41' title="bbox 351 2503 1935 2574">
    <p class='ocr_par' dir='ltr' id='par_1_41' title="bbox 351 2503 1935 2574">
     <span class='ocr_line' id='line_1_41' title="bbox 351 2503 1935 2574; baseline 0.003 -18"><span class='ocrx_word' id='word_1_279' title='bbox 351 2503 594 2557; x_wconf 85' lang='lat' dir='ltr'><strong>lulatura</strong></span> <span class='ocrx_word' id='word_1_280' title='bbox 635 2503 914 2556; x_wconf 78' lang='lat' dir='ltr'><strong>videretur</strong></span> <span class='ocrx_word' id='word_1_281' title='bbox 949 2520 962 2556; x_wconf 92' lang='lat'>:</span> <span class='ocrx_word' id='word_1_282' title='bbox 1011 2503 1112 2558; x_wconf 86' lang='lat' dir='ltr'><strong>nisi</strong></span> <span class='ocrx_word' id='word_1_283' title='bbox 1141 2504 1379 2574; x_wconf 87' lang='lat' dir='ltr'><strong>subjecta</strong></span> <span class='ocrx_word' id='word_1_284' title='bbox 1411 2503 1674 2573; x_wconf 86' lang='lat' dir='ltr'><strong>Ecclesia,</strong></span> <span class='ocrx_word' id='word_1_285' title='bbox 1710 2508 1935 2561; x_wconf 88' lang='lat' dir='ltr'><strong>deﬁnite</strong></span> 
     </span>
    </p>
   </div>
   <div class='ocr_carea' id='block_1_42' title="bbox 349 2593 1936 2665">
    <p class='ocr_par' dir='ltr' id='par_1_42' title="bbox 349 2593 1936 2665">
     <span class='ocr_line' id='line_1_42' title="bbox 349 2593 1936 2665; baseline 0.004 -18"><span class='ocrx_word' id='word_1_286' title='bbox 349 2593 572 2661; x_wconf 78' lang='lat' dir='ltr'><strong>singula</strong></span> <span class='ocrx_word' id='word_1_287' title='bbox 603 2593 940 2647; x_wconf 86' lang='lat' dir='ltr'><strong>decerneret.</strong></span> <span class='ocrx_word' id='word_1_288' title='bbox 989 2593 1095 2648; x_wconf 86' lang='lat' dir='ltr'><strong>Sed</strong></span> <span class='ocrx_word' id='word_1_289' title='bbox 1135 2602 1190 2648; x_wconf 92' lang='lat' dir='ltr'><strong>et</strong></span> <span class='ocrx_word' id='word_1_290' title='bbox 1237 2595 1354 2650; x_wconf 88' lang='lat' dir='ltr'><strong>sine</strong></span> <span class='ocrx_word' id='word_1_291' title='bbox 1391 2596 1548 2665; x_wconf 91' lang='lat' dir='ltr'><strong>culpa</strong></span> <span class='ocrx_word' id='word_1_292' title='bbox 1580 2597 1802 2652; x_wconf 91' lang='lat' dir='ltr'><strong>omnino</strong></span> <span class='ocrx_word' id='word_1_293' title='bbox 1847 2612 1936 2654; x_wconf 89' lang='lat' dir='ltr'><strong>es-</strong></span> 
     </span>
    </p>
   </div>
   <div class='ocr_carea' id='block_1_43' title="bbox 349 2682 1936 2756">
    <p class='ocr_par' dir='ltr' id='par_1_43' title="bbox 349 2682 1936 2756">
     <span class='ocr_line' id='line_1_43' title="bbox 349 2682 1936 2756; baseline 0.003 -19"><span class='ocrx_word' id='word_1_294' title='bbox 349 2694 498 2744; x_wconf 87' lang='lat' dir='ltr'><strong>sent,</strong></span> <span class='ocrx_word' id='word_1_295' title='bbox 553 2683 700 2735; x_wconf 91' lang='lat' dir='ltr'><strong>omni</strong></span> <span class='ocrx_word' id='word_1_296' title='bbox 736 2682 947 2751; x_wconf 83' lang='lat' dir='ltr'><strong>spiritui</strong></span> <span class='ocrx_word' id='word_1_297' title='bbox 984 2699 1042 2738; x_wconf 90' lang='lat' dir='ltr'><strong>se</strong></span> <span class='ocrx_word' id='word_1_298' title='bbox 1074 2685 1473 2752; x_wconf 87' lang='lat' dir='ltr'><strong>permittentes,</strong></span> <span class='ocrx_word' id='word_1_299' title='bbox 1518 2687 1622 2742; x_wconf 90' lang='lat' dir='ltr'><strong>nisi</strong></span> <span class='ocrx_word' id='word_1_300' title='bbox 1669 2696 1853 2756; x_wconf 88' lang='lat' dir='ltr'><strong>aperta</strong></span> <span class='ocrx_word' id='word_1_301' title='bbox 1881 2697 1936 2744; x_wconf 91' lang='lat' dir='ltr'><strong>et</strong></span> 
     </span>
    </p>
   </div>
   <div class='ocr_carea' id='block_1_44' title="bbox 351 2773 1970 2835">
    <p class='ocr_par' dir='ltr' id='par_1_44' title="bbox 351 2773 1970 2835">
     <span class='ocr_line' id='line_1_44' title="bbox 351 2773 1970 2835; baseline 0.004 -7"><span class='ocrx_word' id='word_1_302' title='bbox 351 2773 650 2828; x_wconf 84' lang='lat' dir='ltr'><strong>manifesta</strong></span> <span class='ocrx_word' id='word_1_303' title='bbox 695 2774 940 2828; x_wconf 89' lang='lat' dir='ltr'><strong>ﬁdelibus</strong></span> <span class='ocrx_word' id='word_1_304' title='bbox 982 2790 1128 2829; x_wconf 81' lang='lat' dir='ltr'><strong>esset</strong></span> <span class='ocrx_word' id='word_1_305' title='bbox 1160 2776 1532 2832; x_wconf 86' lang='lat' dir='ltr'><strong>ecclesiastica</strong></span> <span class='ocrx_word' id='word_1_306' title='bbox 1577 2781 1878 2834; x_wconf 83' lang='lat' dir='ltr'><strong>auctoritas</strong></span> <span class='ocrx_word' id='word_1_307' title='bbox 1910 2799 1926 2835; x_wconf 87' lang='lat'><strong>:</strong></span> <span class='ocrx_word' id='word_1_308' title='bbox 1959 2803 1970 2808; x_wconf 82' lang='grc'><strong>·</strong></span> 
     </span>
    </p>
   </div>
   <div class='ocr_carea' id='block_1_45' title="bbox 353 2866 1934 2938">
    <p class='ocr_par' dir='ltr' id='par_1_45' title="bbox 353 2866 1934 2938">
     <span class='ocr_line' id='line_1_45' title="bbox 353 2866 1934 2938; baseline 0.004 -17"><span class='ocrx_word' id='word_1_309' title='bbox 353 2867 467 2921; x_wconf 87' lang='lat' dir='ltr'><strong>Deo</strong></span> <span class='ocrx_word' id='word_1_310' title='bbox 489 2867 707 2935; x_wconf 90' lang='lat' dir='ltr'><strong>quidem</strong></span> <span class='ocrx_word' id='word_1_311' title='bbox 746 2866 1025 2935; x_wconf 80' lang='lat' dir='ltr'><strong>possibilia</strong></span> <span class='ocrx_word' id='word_1_312' title='bbox 1069 2882 1098 2918; x_wconf 70' lang='grc' dir='ltr'>ει</span> <span class='ocrx_word' id='word_1_313' title='bbox 1126 2868 1340 2922; x_wconf 88' lang='lat' dir='ltr'><strong>cunctis</strong></span> <span class='ocrx_word' id='word_1_314' title='bbox 1371 2869 1642 2938; x_wconf 81' lang='lat' dir='ltr'><strong>exigente,</strong></span> <span class='ocrx_word' id='word_1_315' title='bbox 1679 2870 1785 2925; x_wconf 87' lang='lat' dir='ltr'><strong>illis</strong></span> <span class='ocrx_word' id='word_1_316' title='bbox 1803 2885 1934 2928; x_wconf 89' lang='lat' dir='ltr'><strong>vero</strong></span> 
     </span>
    </p>
   </div>
   <div class='ocr_carea' id='block_1_46' title="bbox 350 2957 1933 3028">
    <p class='ocr_par' dir='ltr' id='par_1_46' title="bbox 350 2957 1933 3028">
     <span class='ocr_line' id='line_1_46' title="bbox 350 2957 1933 3028; baseline 0.005 -18"><span class='ocrx_word' id='word_1_317' title='bbox 350 2957 590 3011; x_wconf 83' lang='lat' dir='ltr'><strong>obscura</strong></span> <span class='ocrx_word' id='word_1_318' title='bbox 645 2973 749 3010; x_wconf 85' lang='lat' dir='ltr'><strong>non</strong></span> <span class='ocrx_word' id='word_1_319' title='bbox 809 2959 1115 3013; x_wconf 87' lang='lat' dir='ltr'><strong>valentibus</strong></span> <span class='ocrx_word' id='word_1_320' title='bbox 1155 2959 1477 3028; x_wconf 81' lang='lat' dir='ltr'><strong>dignoscere</strong></span> <span class='ocrx_word' id='word_1_321' title='bbox 1521 2975 1536 3012; x_wconf 89' lang='lat'><strong>:</strong></span> <span class='ocrx_word' id='word_1_322' title='bbox 1593 2961 1708 3015; x_wconf 80' lang='lat' dir='ltr'><strong>sive</strong></span> <span class='ocrx_word' id='word_1_323' title='bbox 1745 2977 1933 3018; x_wconf 89' lang='lat' dir='ltr'><strong>omnes</strong></span> 
     </span>
    </p>
   </div>
   <div class='ocr_carea' id='block_1_47' title="bbox 349 3048 1930 3120">
    <p class='ocr_par' dir='ltr' id='par_1_47' title="bbox 349 3048 1930 3120">
     <span class='ocr_line' id='line_1_47' title="bbox 349 3048 1930 3120; baseline 0.003 -19"><span class='ocrx_word' id='word_1_324' title='bbox 349 3048 580 3101; x_wconf 89' lang='lat' dir='ltr'><strong>omnino</strong></span> <span class='ocrx_word' id='word_1_325' title='bbox 621 3051 912 3116; x_wconf 85' lang='lat' dir='ltr'><strong>oportebat</strong></span> <span class='ocrx_word' id='word_1_326' title='bbox 941 3048 1251 3102; x_wconf 81' lang='lat' dir='ltr'><strong>divinarum</strong></span> <span class='ocrx_word' id='word_1_327' title='bbox 1294 3063 1476 3102; x_wconf 89' lang='lat' dir='ltr'><strong>rerum</strong></span> <span class='ocrx_word' id='word_1_328' title='bbox 1520 3049 1806 3105; x_wconf 84' lang='lat' dir='ltr'><strong>scientiam</strong></span> <span class='ocrx_word' id='word_1_329' title='bbox 1844 3052 1930 3120; x_wconf 86' lang='lat' dir='ltr'><strong>ju-</strong></span> 
     </span>
    </p>
   </div>
   <div class='ocr_carea' id='block_1_48' title="bbox 349 3139 2000 3236">
    <p class='ocr_par' dir='ltr' id='par_1_48' title="bbox 349 3139 2000 3236">
     <span class='ocr_line' id='line_1_48' title="bbox 349 3139 2000 3236; baseline 0.007 -46"><span class='ocrx_word' id='word_1_330' title='bbox 349 3139 492 3208; x_wconf 76' lang='lat' dir='ltr'><strong>giter</strong></span> <span class='ocrx_word' id='word_1_331' title='bbox 525 3142 752 3208; x_wconf 83' lang='lat' dir='ltr'><strong>adeptos</strong></span> <span class='ocrx_word' id='word_1_332' title='bbox 803 3140 854 3193; x_wconf 90' lang='lat' dir='ltr'><strong>in</strong></span> <span class='ocrx_word' id='word_1_333' title='bbox 891 3150 1036 3194; x_wconf 87' lang='lat' dir='ltr'><strong>tanta</strong></span> <span class='ocrx_word' id='word_1_334' title='bbox 1085 3140 1405 3196; x_wconf 81' lang='lat' dir='ltr'><strong>confusione</strong></span> <span class='ocrx_word' id='word_1_335' title='bbox 1439 3155 1639 3232; x_wconf 69' lang='lat' dir='ltr'><strong>rerum,</strong></span> <span class='ocrx_word' id='word_1_336' title='bbox 1687 3153 1741 3197; x_wconf 93' lang='lat' dir='ltr'><strong>et</strong></span> <span class='ocrx_word' id='word_1_337' title='bbox 1782 3145 1928 3214; x_wconf 91' lang='lat' dir='ltr'><strong>ipsos</strong></span> <span class='ocrx_word' id='word_1_338' title='bbox 1956 3178 2000 3236; x_wconf 66' lang='grc' dir='ltr'>ο</span> 
     </span>
    </p>
   </div>
   <div class='ocr_carea' id='block_1_49' title="bbox 349 3214 1926 3300">
    <p class='ocr_par' dir='ltr' id='par_1_49' title="bbox 349 3214 1926 3300">
     <span class='ocr_line' id='line_1_49' title="bbox 349 3214 1926 3300; baseline 0.005 -20"><span class='ocrx_word' id='word_1_339' title='bbox 349 3230 626 3298; x_wconf 74' lang='lat' dir='ltr'><strong>ambigua:</strong></span> <span class='ocrx_word' id='word_1_340' title='bbox 688 3229 811 3283; x_wconf 90' lang='lat' dir='ltr'><strong>tldei</strong></span> <span class='ocrx_word' id='word_1_341' title='bbox 870 3230 1151 3283; x_wconf 78' lang='lat' dir='ltr'><strong>veritatem</strong></span> <span class='ocrx_word' id='word_1_342' title='bbox 1214 3230 1530 3300; x_wconf 81' lang='lat' dir='ltr'><strong>dignoscere</strong></span> <span class='ocrx_word' id='word_1_343' title='bbox 1578 3214 1701 3286; x_wconf 48' lang='lat' dir='ltr'><strong>:Iat</strong></span> <span class='ocrx_word' id='word_1_344' title='bbox 1763 3232 1817 3287; x_wconf 90' lang='lat' dir='ltr'><strong>id</strong></span> <span class='ocrx_word' id='word_1_345' title='bbox 1871 3235 1926 3288; x_wconf 91' lang='lat' dir='ltr'><strong>in</strong></span> 
     </span>
    </p>
   </div>
   <div class='ocr_carea' id='block_1_50' title="bbox 353 3319 1930 3396">
    <p class='ocr_par' dir='ltr' id='par_1_50' title="bbox 353 3319 1930 3396">
     <span class='ocr_line' id='line_1_50' title="bbox 353 3319 1930 3396; baseline 0.004 -23"><span class='ocrx_word' id='word_1_346' title='bbox 353 3319 716 3374; x_wconf 79' lang='lat' dir='ltr'><strong>multitudine’</strong></span> <span class='ocrx_word' id='word_1_347' title='bbox 758 3320 1093 3384; x_wconf 78' lang='lat' dir='ltr'><strong>contingere,</strong></span> <span class='ocrx_word' id='word_1_348' title='bbox 1131 3322 1394 3390; x_wconf 87' lang='lat' dir='ltr'><strong>possibile</strong></span> <span class='ocrx_word' id='word_1_349' title='bbox 1451 3339 1558 3378; x_wconf 92' lang='lat' dir='ltr'><strong>non</strong></span> <span class='ocrx_word' id='word_1_350' title='bbox 1609 3333 1715 3379; x_wconf 90' lang='lat' dir='ltr'><strong>est.</strong></span> <span class='ocrx_word' id='word_1_351' title='bbox 1753 3327 1930 3396; x_wconf 83' lang='lat' dir='ltr'><strong>Atque</strong></span> 
     </span>
    </p>
   </div>
   <div class='ocr_carea' id='block_1_51' title="bbox 351 3412 1930 3486">
    <p class='ocr_par' dir='ltr' id='par_1_51' title="bbox 351 3412 1930 3486">
     <span class='ocr_line' id='line_1_51' title="bbox 351 3412 1930 3486; baseline 0.005 -22"><span class='ocrx_word' id='word_1_352' title='bbox 351 3412 501 3476; x_wconf 91' lang='lat' dir='ltr'><strong>ideo,</strong></span> <span class='ocrx_word' id='word_1_353' title='bbox 531 3427 807 3480; x_wconf 80' lang='lat' dir='ltr'><strong>mtuquam</strong></span> <span class='ocrx_word' id='word_1_354' title='bbox 848 3413 949 3466; x_wconf 89' lang='lat' dir='ltr'><strong>hoc</strong></span> <span class='ocrx_word' id='word_1_355' title='bbox 986 3413 1127 3466; x_wconf 90' lang='lat' dir='ltr'><strong>Deus</strong></span> <span class='ocrx_word' id='word_1_356' title='bbox 1170 3415 1237 3467; x_wconf 88' lang='lat' dir='ltr'><strong>ab</strong></span> <span class='ocrx_word' id='word_1_357' title='bbox 1266 3415 1516 3470; x_wconf 90' lang='lat' dir='ltr'><strong>omnibus</strong></span> <span class='ocrx_word' id='word_1_358' title='bbox 1554 3417 1817 3486; x_wconf 81' lang='lat' dir='ltr'><strong>exigeret.</strong></span> <span class='ocrx_word' id='word_1_359' title='bbox 1861 3419 1930 3478; x_wconf 82' lang='lat' dir='ltr'><strong>Et</strong></span> 
     </span>
    </p>
   </div>
   <div class='ocr_carea' id='block_1_52' title="bbox 349 3504 1930 3579">
    <p class='ocr_par' dir='ltr' id='par_1_52' title="bbox 349 3504 1930 3579">
     <span class='ocr_line' id='line_1_52' title="bbox 349 3504 1930 3579; baseline 0.005 -22"><span class='ocrx_word' id='word_1_360' title='bbox 349 3504 407 3558; x_wconf 90' lang='lat' dir='ltr'><strong>id</strong></span> <span class='ocrx_word' id='word_1_361' title='bbox 440 3505 572 3558; x_wconf 89' lang='lat' dir='ltr'><strong>item</strong></span> <span class='ocrx_word' id='word_1_362' title='bbox 604 3505 745 3573; x_wconf 86' lang='lat' dir='ltr'><strong>quod</strong></span> <span class='ocrx_word' id='word_1_363' title='bbox 787 3505 1024 3560; x_wconf 89' lang='lat' dir='ltr'><strong>dicitur:</strong></span> <span class='ocrx_word' id='word_1_364' title='bbox 1055 3504 1191 3561; x_wconf 62' lang='lat' dir='ltr'><strong>Circi</strong></span> <span class='ocrx_word' id='word_1_365' title='bbox 1223 3523 1388 3560; x_wconf 40' lang='lat' dir='ltr'><strong>caecos</strong></span> <span class='ocrx_word' id='word_1_366' title='bbox 1420 3519 1710 3576; x_wconf 88' lang='lat' dir='ltr'><strong>sequentes</strong></span> <span class='ocrx_word' id='word_1_367' title='bbox 1741 3511 1930 3579; x_wconf 64' lang='lat' dir='ltr'><strong>prati-i-</strong></span> 
     </span>
    </p>
   </div>
   <div class='ocr_carea' id='block_1_53' title="bbox 344 3595 1925 3666">
    <p class='ocr_par' dir='ltr' id='par_1_53' title="bbox 344 3595 1925 3666">
     <span class='ocr_line' id='line_1_53' title="bbox 344 3595 1925 3666; baseline 0.005 -18"><span class='ocrx_word' id='word_1_368' title='bbox 344 3595 514 3666; x_wconf 82' lang='lat' dir='ltr'><strong>pitari</strong></span> <span class='ocrx_word' id='word_1_369' title='bbox 567 3595 978 3664; x_wconf 86' lang='lat' dir='ltr'><strong>periclitantur,</strong></span> <span class='ocrx_word' id='word_1_370' title='bbox 1011 3598 1211 3665; x_wconf 90' lang='lat' dir='ltr'><strong>quique</strong></span> <span class='ocrx_word' id='word_1_371' title='bbox 1257 3598 1511 3653; x_wconf 67' lang='lat' dir='ltr'><strong>Ecclesiae</strong></span> <span class='ocrx_word' id='word_1_372' title='bbox 1544 3599 1925 3656; x_wconf 89' lang='lat' dir='ltr'><strong>inobedientes</strong></span> 
     </span>
    </p>
   </div>
   <div class='ocr_carea' id='block_1_54' title="bbox 351 3688 1926 3758">
    <p class='ocr_par' dir='ltr' id='par_1_54' title="bbox 351 3688 1926 3758">
     <span class='ocr_line' id='line_1_54' title="bbox 351 3688 1926 3758; baseline 0.003 -17"><span class='ocrx_word' id='word_1_373' title='bbox 351 3696 501 3751; x_wconf 88' lang='lat' dir='ltr'><strong>sunt,</strong></span> <span class='ocrx_word' id='word_1_374' title='bbox 539 3703 662 3741; x_wconf 89' lang='lat' dir='ltr'><strong>cum</strong></span> <span class='ocrx_word' id='word_1_375' title='bbox 693 3689 928 3742; x_wconf 89' lang='lat' dir='ltr'><strong>ethnicis</strong></span> <span class='ocrx_word' id='word_1_376' title='bbox 969 3704 1073 3742; x_wconf 91' lang='lat' dir='ltr'><strong>una</strong></span> <span class='ocrx_word' id='word_1_377' title='bbox 1107 3688 1422 3758; x_wconf 83' lang='lat' dir='ltr'><strong>ejiciuntur,</strong></span> <span class='ocrx_word' id='word_1_378' title='bbox 1463 3690 1640 3744; x_wconf 91' lang='lat' dir='ltr'><strong>locum</strong></span> <span class='ocrx_word' id='word_1_379' title='bbox 1689 3707 1794 3746; x_wconf 92' lang='lat' dir='ltr'><strong>non</strong></span> <span class='ocrx_word' id='word_1_380' title='bbox 1830 3691 1926 3746; x_wconf 83' lang='lat' dir='ltr'><strong>ha-</strong></span> 
     </span>
    </p>
   </div>
   <div class='ocr_carea' id='block_1_55' title="bbox 349 3779 1926 3853">
    <p class='ocr_par' dir='ltr' id='par_1_55' title="bbox 349 3779 1926 3853">
     <span class='ocr_line' id='line_1_55' title="bbox 349 3779 1926 3853; baseline 0.004 -21"><span class='ocrx_word' id='word_1_381' title='bbox 349 3780 526 3844; x_wconf 89' lang='lat' dir='ltr'><strong>beret,</strong></span> <span class='ocrx_word' id='word_1_382' title='bbox 567 3780 616 3833; x_wconf 86' lang='lat' dir='ltr'><strong>si</strong></span> <span class='ocrx_word' id='word_1_383' title='bbox 661 3779 957 3833; x_wconf 86' lang='lat' dir='ltr'><strong>Ecclesiam</strong></span> <span class='ocrx_word' id='word_1_384' title='bbox 1003 3782 1343 3850; x_wconf 78' lang='lat' dir='ltr'><strong>dignoscere,</strong></span> <span class='ocrx_word' id='word_1_385' title='bbox 1369 3783 1680 3853; x_wconf 89' lang='lat' dir='ltr'><strong>bonumque</strong></span> <span class='ocrx_word' id='word_1_386' title='bbox 1717 3799 1748 3839; x_wconf 88' lang='lat' dir='ltr'><strong>a</strong></span> <span class='ocrx_word' id='word_1_387' title='bbox 1785 3786 1926 3841; x_wconf 91' lang='lat' dir='ltr'><strong>malo</strong></span> 
     </span>
    </p>
   </div>
   <div class='ocr_carea' id='block_1_56' title="bbox 347 3869 1806 3939">
    <p class='ocr_par' dir='ltr' id='par_1_56' title="bbox 347 3869 1806 3939">
     <span class='ocr_line' id='line_1_56' title="bbox 347 3869 1806 3939; baseline 0.003 -17"><span class='ocrx_word' id='word_1_388' title='bbox 347 3871 685 3934; x_wconf 80' lang='lat' dir='ltr'><strong>discernere,</strong></span> <span class='ocrx_word' id='word_1_389' title='bbox 721 3869 975 3937; x_wconf 88' lang='lat' dir='ltr'><strong>possibile</strong></span> <span class='ocrx_word' id='word_1_390' title='bbox 1006 3887 1108 3923; x_wconf 90' lang='lat' dir='ltr'><strong>non</strong></span> <span class='ocrx_word' id='word_1_391' title='bbox 1144 3883 1314 3925; x_wconf 88' lang='lat' dir='ltr'><strong>esset.</strong></span> <span class='ocrx_word' id='word_1_392' title='bbox 1802 3936 1806 3939; x_wconf 93' lang='lat'>_</span> 
     </span>
    </p>
   </div>
   <div class='ocr_carea' id='block_1_57' title="bbox 422 3959 1921 4030">
    <p class='ocr_par' dir='ltr' id='par_1_57' title="bbox 422 3959 1921 4030">
     <span class='ocr_line' id='line_1_57' title="bbox 422 3959 1921 4030; baseline 0.006 -18"><span class='ocrx_word' id='word_1_393' title='bbox 422 3959 628 4026; x_wconf 85' lang='lat' dir='ltr'><strong>Nempe</strong></span> <span class='ocrx_word' id='word_1_394' title='bbox 662 3971 715 4013; x_wconf 89' lang='lat' dir='ltr'><strong>et</strong></span> <span class='ocrx_word' id='word_1_395' title='bbox 748 3961 800 4014; x_wconf 92' lang='lat' dir='ltr'><strong>iu</strong></span> <span class='ocrx_word' id='word_1_396' title='bbox 827 3961 948 4015; x_wconf 91' lang='lat' dir='ltr'><strong>ﬁdei</strong></span> <span class='ocrx_word' id='word_1_397' title='bbox 985 3961 1262 4030; x_wconf 75' lang='lat' dir='ltr'><strong>Symbolo,</strong></span> <span class='ocrx_word' id='word_1_398' title='bbox 1289 3963 1429 4017; x_wconf 78' lang='lat' dir='ltr'><strong>sicut</strong></span> <span class='ocrx_word' id='word_1_399' title='bbox 1468 3965 1575 4018; x_wconf 90' lang='lat' dir='ltr'><strong>alia</strong></span> <span class='ocrx_word' id='word_1_400' title='bbox 1603 3966 1669 4019; x_wconf 88' lang='lat' dir='ltr'><strong>ad</strong></span> <span class='ocrx_word' id='word_1_401' title='bbox 1697 3968 1921 4022; x_wconf 88' lang='lat' dir='ltr'><strong>salutem</strong></span> 
     </span>
    </p>
   </div>
   <div class='ocr_carea' id='block_1_58' title="bbox 353 4051 1921 4126">
    <p class='ocr_par' dir='ltr' id='par_1_58' title="bbox 353 4051 1921 4126">
     <span class='ocr_line' id='line_1_58' title="bbox 353 4051 1921 4126; baseline 0.004 -24"><span class='ocrx_word' id='word_1_402' title='bbox 353 4052 664 4105; x_wconf 71' lang='lat' dir='ltr'><strong>necessaria</strong></span> <span class='ocrx_word' id='word_1_403' title='bbox 716 4051 784 4105; x_wconf 88' lang='lat' dir='ltr'><strong>ab</strong></span> <span class='ocrx_word' id='word_1_404' title='bbox 831 4052 929 4115; x_wconf 89' lang='lat' dir='ltr'><strong>eis,</strong></span> <span class='ocrx_word' id='word_1_405' title='bbox 968 4061 1027 4104; x_wconf 92' lang='lat' dir='ltr'><strong>ut</strong></span> <span class='ocrx_word' id='word_1_406' title='bbox 1077 4054 1461 4120; x_wconf 88' lang='lat' dir='ltr'><strong>conﬁteantur,</strong></span> <span class='ocrx_word' id='word_1_407' title='bbox 1511 4057 1788 4126; x_wconf 76' lang='lat' dir='ltr'><strong>exigitur:</strong></span> <span class='ocrx_word' id='word_1_408' title='bbox 1825 4058 1921 4123; x_wconf 88' lang='lat' dir='ltr'><strong>ita,</strong></span> 
     </span>
    </p>
   </div>
   <div class='ocr_carea' id='block_1_59' title="bbox 351 4142 1925 4223">
    <p class='ocr_par' dir='ltr' id='par_1_59' title="bbox 351 4142 1925 4223">
     <span class='ocr_line' id='line_1_59' title="bbox 351 4142 1925 4223; baseline 0.005 -28"><span class='ocrx_word' id='word_1_409' title='bbox 351 4151 403 4195; x_wconf 83' lang='lat' dir='ltr'><strong>et</strong></span> <span class='ocrx_word' id='word_1_410' title='bbox 428 4159 591 4194; x_wconf 77' lang='lat' dir='ltr'><strong>unam</strong></span> <span class='ocrx_word' id='word_1_411' title='bbox 625 4151 903 4223; x_wconf 43' lang='lat' dir='ltr'><strong>sanctam,’</strong></span> <span class='ocrx_word' id='word_1_412' title='bbox 925 4142 1258 4209; x_wconf 75' lang='lat' dir='ltr'><strong>catholicam,</strong></span> <span class='ocrx_word' id='word_1_413' title='bbox 1290 4155 1342 4198; x_wconf 92' lang='lat' dir='ltr'><strong>et</strong></span> <span class='ocrx_word' id='word_1_414' title='bbox 1367 4146 1711 4213; x_wconf 82' lang='lat' dir='ltr'><strong>apostolicam</strong></span> <span class='ocrx_word' id='word_1_415' title='bbox 1739 4147 1925 4203; x_wconf 81' lang='lat' dir='ltr'><strong>Eccle-</strong></span> 
     </span>
    </p>
   </div>
   <div class='ocr_carea' id='block_1_60' title="bbox 349 4232 1924 4305">
    <p class='ocr_par' dir='ltr' id='par_1_60' title="bbox 349 4232 1924 4305">
     <span class='ocr_line' id='line_1_60' title="bbox 349 4232 1924 4305; baseline 0.005 -19"><span class='ocrx_word' id='word_1_416' title='bbox 349 4234 485 4286; x_wconf 78' lang='lat' dir='ltr'><strong>siam</strong></span> <span class='ocrx_word' id='word_1_417' title='bbox 513 4232 784 4298; x_wconf 81' lang='lat' dir='ltr'><strong>conﬁteri,</strong></span> <span class='ocrx_word' id='word_1_418' title='bbox 819 4234 1210 4302; x_wconf 88' lang='lat' dir='ltr'><strong>requiruntur:</strong></span> <span class='ocrx_word' id='word_1_419' title='bbox 1256 4237 1321 4290; x_wconf 88' lang='lat' dir='ltr'><strong>ad</strong></span> <span class='ocrx_word' id='word_1_420' title='bbox 1361 4252 1520 4305; x_wconf 89' lang='lat' dir='ltr'><strong>quam</strong></span> <span class='ocrx_word' id='word_1_421' title='bbox 1565 4239 1630 4292; x_wconf 91' lang='lat' dir='ltr'><strong>de</strong></span> <span class='ocrx_word' id='word_1_422' title='bbox 1667 4240 1924 4294; x_wconf 87' lang='lat' dir='ltr'><strong>omnibus</strong></span> 
     </span>
    </p>
   </div>
   <div class='ocr_carea' id='block_1_61' title="bbox 351 4324 1923 4399">
    <p class='ocr_par' dir='ltr' id='par_1_61' title="bbox 351 4324 1923 4399">
     <span class='ocr_line' id='line_1_61' title="bbox 351 4324 1923 4399; baseline 0.004 -21"><span class='ocrx_word' id='word_1_423' title='bbox 351 4324 561 4378; x_wconf 83' lang='lat' dir='ltr'><strong>scilicet</strong></span> <span class='ocrx_word' id='word_1_424' title='bbox 601 4325 942 4378; x_wconf 85' lang='lat' dir='ltr'><strong>delinituram</strong></span> <span class='ocrx_word' id='word_1_425' title='bbox 969 4327 1304 4380; x_wconf 88' lang='lat' dir='ltr'><strong>admittimur</strong></span> <span class='ocrx_word' id='word_1_426' title='bbox 1344 4344 1361 4381; x_wconf 76' lang='grc' dir='ltr'><strong><em>τ</em></strong></span> <span class='ocrx_word' id='word_1_427' title='bbox 1399 4339 1452 4380; x_wconf 91' lang='lat' dir='ltr'><strong>et</strong></span> <span class='ocrx_word' id='word_1_428' title='bbox 1514 4329 1599 4383; x_wconf 92' lang='lat' dir='ltr'><strong>cui</strong></span> <span class='ocrx_word' id='word_1_429' title='bbox 1642 4331 1923 4399; x_wconf 82' lang='lat' dir='ltr'><strong>obtempe-</strong></span> 
     </span>
    </p>
   </div>
   <div class='ocr_carea' id='block_1_62' title="bbox 356 4415 1916 4486">
    <p class='ocr_par' dir='ltr' id='par_1_62' title="bbox 356 4415 1916 4486">
     <span class='ocr_line' id='line_1_62' title="bbox 356 4415 1916 4486; baseline 0.006 -19"><span class='ocrx_word' id='word_1_430' title='bbox 356 4425 572 4480; x_wconf 87' lang='lat' dir='ltr'><strong>rantes,</strong></span> <span class='ocrx_word' id='word_1_431' title='bbox 634 4415 903 4470; x_wconf 79' lang='lat' dir='ltr'><strong>molestiis</strong></span> <span class='ocrx_word' id='word_1_432' title='bbox 962 4426 1017 4470; x_wconf 88' lang='lat' dir='ltr'><strong>et</strong></span> <span class='ocrx_word' id='word_1_433' title='bbox 1074 4417 1347 4486; x_wconf 85' lang='lat' dir='ltr'><strong>scrupulis</strong></span> <span class='ocrx_word' id='word_1_434' title='bbox 1408 4417 1560 4471; x_wconf 85' lang='lat' dir='ltr'><strong>liberi</strong></span> <span class='ocrx_word' id='word_1_435' title='bbox 1619 4421 1916 4476; x_wconf 85' lang='lat' dir='ltr'><strong>evadimus.</strong></span> 
     </span>
    </p>
   </div>
   <div class='ocr_carea' id='block_1_63' title="bbox 2039 1952 3604 2030">
    <p class='ocr_par' dir='ltr' id='par_1_63' title="bbox 2039 1952 3604 2030">
     <span class='ocr_line' id='line_1_63' title="bbox 2039 1952 3604 2030; baseline 0.01 -22"><span class='ocrx_word' id='word_1_436' title='bbox 2039 1967 2183 2018; x_wconf 87' lang='lat' dir='ltr'><strong>mur,</strong></span> <span class='ocrx_word' id='word_1_437' title='bbox 2224 1952 2492 2020; x_wconf 85' lang='lat' dir='ltr'><strong>Ecclesia,</strong></span> <span class='ocrx_word' id='word_1_438' title='bbox 2528 1959 2593 2012; x_wconf 88' lang='lat' dir='ltr'><strong>de</strong></span> <span class='ocrx_word' id='word_1_439' title='bbox 2619 1960 2886 2030; x_wconf 72' lang='lat' dir='ltr'><strong>ambiguis</strong></span> <span class='ocrx_word' id='word_1_440' title='bbox 2914 1962 3149 2017; x_wconf 78' lang='lat' dir='ltr'><strong>salubria</strong></span> <span class='ocrx_word' id='word_1_441' title='bbox 3179 1974 3229 2019; x_wconf 89' lang='lat' dir='ltr'><strong>et</strong></span> <span class='ocrx_word' id='word_1_442' title='bbox 3275 1979 3419 2020; x_wconf 84' lang='lat' dir='ltr'><strong>certa</strong></span> <span class='ocrx_word' id='word_1_443' title='bbox 3451 1971 3604 2022; x_wconf 88' lang='lat' dir='ltr'><strong>audi-</strong></span> 
     </span>
    </p>
   </div>
   <div class='ocr_carea' id='block_1_64' title="bbox 2041 2042 3600 2124">
    <p class='ocr_par' dir='ltr' id='par_1_64' title="bbox 2041 2042 3600 2124">
     <span class='ocr_line' id='line_1_64' title="bbox 2041 2042 3600 2124; baseline 0.012 -30"><span class='ocrx_word' id='word_1_444' title='bbox 2041 2046 2166 2096; x_wconf 87' lang='lat' dir='ltr'><strong>turi.</strong></span> <span class='ocrx_word' id='word_1_445' title='bbox 2207 2042 2547 2099; x_wconf 72' lang='lat' dir='ltr'><strong>Manifestum</strong></span> <span class='ocrx_word' id='word_1_446' title='bbox 2593 2047 2739 2102; x_wconf 90' lang='lat' dir='ltr'><strong>euim</strong></span> <span class='ocrx_word' id='word_1_447' title='bbox 2789 2059 2892 2113; x_wconf 87' lang='lat' dir='ltr'><strong>est,</strong></span> <span class='ocrx_word' id='word_1_448' title='bbox 2941 2052 3064 2119; x_wconf 85' lang='lat' dir='ltr'><strong>quia</strong></span> <span class='ocrx_word' id='word_1_449' title='bbox 3109 2067 3204 2106; x_wconf 87' lang='lat' dir='ltr'><strong>eos</strong></span> <span class='ocrx_word' id='word_1_450' title='bbox 3242 2056 3459 2124; x_wconf 89' lang='lat' dir='ltr'><strong>quidem</strong></span> <span class='ocrx_word' id='word_1_451' title='bbox 3508 2059 3600 2124; x_wconf 90' lang='lat' dir='ltr'><strong>qui</strong></span> 
     </span>
    </p>
   </div>
   <div class='ocr_carea' id='block_1_65' title="bbox 2039 2126 3603 2212">
    <p class='ocr_par' dir='ltr' id='par_1_65' title="bbox 2039 2126 3603 2212">
     <span class='ocr_line' id='line_1_65' title="bbox 2039 2126 3603 2212; baseline 0.01 -27"><span class='ocrx_word' id='word_1_452' title='bbox 2039 2140 2166 2187; x_wconf 90' lang='lat' dir='ltr'><strong>tunc</strong></span> <span class='ocrx_word' id='word_1_453' title='bbox 2198 2136 2248 2188; x_wconf 90' lang='lat' dir='ltr'><strong>ei</strong></span> <span class='ocrx_word' id='word_1_454' title='bbox 2279 2126 2746 2200; x_wconf 73' lang='lat' dir='ltr'><strong>contradixerunt,</strong></span> <span class='ocrx_word' id='word_1_455' title='bbox 2771 2149 2824 2194; x_wconf 91' lang='lat' dir='ltr'><strong>et</strong></span> <span class='ocrx_word' id='word_1_456' title='bbox 2851 2155 3021 2206; x_wconf 88' lang='lat' dir='ltr'><strong>usque</strong></span> <span class='ocrx_word' id='word_1_457' title='bbox 3053 2143 3464 2212; x_wconf 65' lang='lat' dir='ltr'><strong>atksanguinem</strong></span> <span class='ocrx_word' id='word_1_458' title='bbox 3511 2149 3603 2200; x_wconf 89' lang='lat' dir='ltr'><strong>ad-</strong></span> 
     </span>
    </p>
   </div>
   <div class='ocr_carea' id='block_1_66' title="bbox 2038 2225 3602 2304">
    <p class='ocr_par' dir='ltr' id='par_1_66' title="bbox 2038 2225 3602 2304">
     <span class='ocr_line' id='line_1_66' title="bbox 2038 2225 3602 2304; baseline 0.01 -27"><span class='ocrx_word' id='word_1_459' title='bbox 2038 2238 2226 2280; x_wconf 88' lang='lat' dir='ltr'><strong>versus</strong></span> <span class='ocrx_word' id='word_1_460' title='bbox 2272 2225 2524 2294; x_wconf 65' lang='lat' dir='ltr'><strong>haereses,</strong></span> <span class='ocrx_word' id='word_1_461' title='bbox 2571 2243 2706 2297; x_wconf 87' lang='lat' dir='ltr'><strong>quas</strong></span> <span class='ocrx_word' id='word_1_462' title='bbox 2737 2231 2822 2284; x_wconf 84' lang='lat' dir='ltr'><strong>illa</strong></span> <span class='ocrx_word' id='word_1_463' title='bbox 2878 2231 3114 2301; x_wconf 82' lang='lat' dir='ltr'><strong>fovebat,</strong></span> <span class='ocrx_word' id='word_1_464' title='bbox 3166 2237 3408 2291; x_wconf 88' lang='lat' dir='ltr'><strong>reluctati</strong></span> <span class='ocrx_word' id='word_1_465' title='bbox 3453 2248 3602 2304; x_wconf 90' lang='lat' dir='ltr'><strong>sunt,</strong></span> 
     </span>
    </p>
   </div>
   <div class='ocr_carea' id='block_1_67' title="bbox 2038 2313 3603 2396">
    <p class='ocr_par' dir='ltr' id='par_1_67' title="bbox 2038 2313 3603 2396">
     <span class='ocr_line' id='line_1_67' title="bbox 2038 2313 3603 2396; baseline 0.01 -28"><span class='ocrx_word' id='word_1_466' title='bbox 2038 2317 2272 2371; x_wconf 75' lang='lat' dir='ltr'><strong>maxime</strong></span> <span class='ocrx_word' id='word_1_467' title='bbox 2306 2319 2510 2374; x_wconf 88' lang='lat' dir='ltr'><strong>idcirco</strong></span> <span class='ocrx_word' id='word_1_468' title='bbox 2540 2322 2893 2386; x_wconf 85' lang='lat' dir='ltr'><strong>admiramur,</strong></span> <span class='ocrx_word' id='word_1_469' title='bbox 2933 2325 2986 2376; x_wconf 92' lang='lat' dir='ltr'><strong>in</strong></span> <span class='ocrx_word' id='word_1_470' title='bbox 3027 2333 3342 2396; x_wconf 86' lang='lat' dir='ltr'><strong>tantumque</strong></span> <span class='ocrx_word' id='word_1_471' title='bbox 3385 2313 3414 2382; x_wconf 73' lang='lat' dir='ltr'><strong>a</strong></span> <span class='ocrx_word' id='word_1_472' title='bbox 3450 2331 3603 2384; x_wconf 89' lang='lat' dir='ltr'><strong>nobis</strong></span> 
     </span>
    </p>
   </div>
   <div class='ocr_carea' id='block_1_68' title="bbox 2035 2405 3682 2486">
    <p class='ocr_par' dir='ltr' id='par_1_68' title="bbox 2035 2405 3682 2486">
     <span class='ocr_line' id='line_1_68' title="bbox 2035 2405 3682 2486; baseline 0.006 -28"><span class='ocrx_word' id='word_1_473' title='bbox 2035 2405 2208 2467; x_wconf 86' lang='lat' dir='ltr'><strong>abest,</strong></span> <span class='ocrx_word' id='word_1_474' title='bbox 2241 2406 2485 2463; x_wconf 87' lang='lat' dir='ltr'><strong>inﬁdeles</strong></span> <span class='ocrx_word' id='word_1_475' title='bbox 2519 2417 2575 2463; x_wconf 91' lang='lat' dir='ltr'><strong>et</strong></span> <span class='ocrx_word' id='word_1_476' title='bbox 2620 2410 2870 2465; x_wconf 84' lang='lat' dir='ltr'><strong>ethnicos</strong></span> <span class='ocrx_word' id='word_1_477' title='bbox 2909 2425 3024 2476; x_wconf 87' lang='lat' dir='ltr'><strong>eos,</strong></span> <span class='ocrx_word' id='word_1_478' title='bbox 3065 2412 3207 2482; x_wconf 90' lang='lat' dir='ltr'><strong>quod</strong></span> <span class='ocrx_word' id='word_1_479' title='bbox 3250 2413 3322 2466; x_wconf 92' lang='lat' dir='ltr'><strong>illi</strong></span> <span class='ocrx_word' id='word_1_480' title='bbox 3365 2430 3469 2468; x_wconf 89' lang='lat' dir='ltr'><strong>non</strong></span> <span class='ocrx_word' id='word_1_481' title='bbox 3500 2417 3602 2468; x_wconf 86' lang='lat' dir='ltr'><strong>oh-</strong></span> <span class='ocrx_word' id='word_1_482' title='bbox 3675 2479 3682 2486; x_wconf 21' lang='grc' dir='ltr'><em>Δ</em></span> 
     </span>
    </p>
   </div>
   <div class='ocr_carea' id='block_1_69' title="bbox 2036 2501 3602 2574">
    <p class='ocr_par' dir='ltr' id='par_1_69' title="bbox 2036 2501 3602 2574">
     <span class='ocr_line' id='line_1_69' title="bbox 2036 2501 3602 2574; baseline 0.008 -26"><span class='ocrx_word' id='word_1_483' title='bbox 2036 2501 2480 2566; x_wconf 85' lang='lat' dir='ltr'><strong>temperaverint,</strong></span> <span class='ocrx_word' id='word_1_484' title='bbox 2506 2509 2719 2570; x_wconf 88' lang='lat' dir='ltr'><strong>putare,</strong></span> <span class='ocrx_word' id='word_1_485' title='bbox 2747 2517 2804 2556; x_wconf 88' lang='lat' dir='ltr'><strong>ut</strong></span> <span class='ocrx_word' id='word_1_486' title='bbox 2832 2503 2996 2557; x_wconf 88' lang='lat' dir='ltr'><strong>etiam</strong></span> <span class='ocrx_word' id='word_1_487' title='bbox 3025 2505 3207 2560; x_wconf 90' lang='lat' dir='ltr'><strong>debito</strong></span> <span class='ocrx_word' id='word_1_488' title='bbox 3235 2507 3440 2560; x_wconf 90' lang='lat' dir='ltr'><strong>honore</strong></span> <span class='ocrx_word' id='word_1_489' title='bbox 3473 2521 3602 2574; x_wconf 57' lang='lat' dir='ltr'><strong>pro.</strong></span> 
     </span>
    </p>
   </div>
   <div class='ocr_carea' id='block_1_70' title="bbox 2035 2592 3601 2664">
    <p class='ocr_par' dir='ltr' id='par_1_70' title="bbox 2035 2592 3601 2664">
     <span class='ocr_line' id='line_1_70' title="bbox 2035 2592 3601 2664; baseline 0.004 -21"><span class='ocrx_word' id='word_1_490' title='bbox 2035 2601 2356 2656; x_wconf 89' lang='lat' dir='ltr'><strong>sequamur,</strong></span> <span class='ocrx_word' id='word_1_491' title='bbox 2389 2599 2554 2659; x_wconf 88' lang='lat' dir='ltr'><strong>atque</strong></span> <span class='ocrx_word' id='word_1_492' title='bbox 2595 2592 2754 2648; x_wconf 89' lang='lat' dir='ltr'><strong>annis</strong></span> <span class='ocrx_word' id='word_1_493' title='bbox 2792 2592 3019 2664; x_wconf 74' lang='lat' dir='ltr'><strong>singulis</strong></span> <span class='ocrx_word' id='word_1_494' title='bbox 3048 2595 3259 2650; x_wconf 91' lang='lat' dir='ltr'><strong>illorum</strong></span> <span class='ocrx_word' id='word_1_495' title='bbox 3288 2597 3455 2651; x_wconf 76' lang='lat' dir='ltr'><strong>festos</strong></span> <span class='ocrx_word' id='word_1_496' title='bbox 3483 2597 3601 2652; x_wconf 84' lang='lat' dir='ltr'><strong>dies</strong></span> 
     </span>
    </p>
   </div>
   <div class='ocr_carea' id='block_1_71' title="bbox 2033 2672 3600 2753">
    <p class='ocr_par' dir='ltr' id='par_1_71' title="bbox 2033 2672 3600 2753">
     <span class='ocr_line' id='line_1_71' title="bbox 2033 2672 3600 2753; baseline 0.014 -28"><span class='ocrx_word' id='word_1_497' title='bbox 2033 2672 2409 2740; x_wconf 75' lang='lat' dir='ltr'><strong>celebremus:</strong></span> <span class='ocrx_word' id='word_1_498' title='bbox 2457 2677 2896 2748; x_wconf 86' lang='lat' dir='ltr'><strong>mediatoresque</strong></span> <span class='ocrx_word' id='word_1_499' title='bbox 2947 2698 3046 2753; x_wconf 88' lang='lat' dir='ltr'><strong>pro</strong></span> <span class='ocrx_word' id='word_1_500' title='bbox 3095 2686 3252 2741; x_wconf 85' lang='lat' dir='ltr'><strong>nobis</strong></span> <span class='ocrx_word' id='word_1_501' title='bbox 3303 2690 3369 2743; x_wconf 87' lang='lat' dir='ltr'><strong>ad</strong></span> <span class='ocrx_word' id='word_1_502' title='bbox 3433 2691 3600 2747; x_wconf 91' lang='lat' dir='ltr'><strong>Deum</strong></span> 
     </span>
    </p>
   </div>
   <div class='ocr_carea' id='block_1_72' title="bbox 2035 2763 2400 2827">
    <p class='ocr_par' dir='ltr' id='par_1_72' title="bbox 2035 2763 2400 2827">
     <span class='ocr_line' id='line_1_72' title="bbox 2035 2763 2400 2827; baseline 0.014 -14"><span class='ocrx_word' id='word_1_503' title='bbox 2035 2763 2400 2827; x_wconf 82' lang='lat' dir='ltr'><strong>proferamus.</strong></span> 
     </span>
    </p>
   </div>
   <div class='ocr_carea' id='block_1_73' title="bbox 2104 2851 3600 2928">
    <p class='ocr_par' dir='ltr' id='par_1_73' title="bbox 2104 2851 3600 2928">
     <span class='ocr_line' id='line_1_73' title="bbox 2104 2851 3600 2928; baseline 0.015 -24"><span class='ocrx_word' id='word_1_504' title='bbox 2104 2851 2170 2904; x_wconf 90' lang='lat' dir='ltr'><strong>Et</strong></span> <span class='ocrx_word' id='word_1_505' title='bbox 2197 2864 2346 2908; x_wconf 89' lang='lat' dir='ltr'><strong>certe</strong></span> <span class='ocrx_word' id='word_1_506' title='bbox 2389 2853 2694 2922; x_wconf 85' lang='lat' dir='ltr'><strong>Nestorius,</strong></span> <span class='ocrx_word' id='word_1_507' title='bbox 2733 2871 2799 2912; x_wconf 85' lang='lat' dir='ltr'><strong>ac</strong></span> <span class='ocrx_word' id='word_1_508' title='bbox 2831 2858 3093 2928; x_wconf 80' lang='lat' dir='ltr'><strong>Pyrrhus,</strong></span> <span class='ocrx_word' id='word_1_509' title='bbox 3136 2874 3189 2918; x_wconf 89' lang='lat' dir='ltr'><strong>et</strong></span> <span class='ocrx_word' id='word_1_510' title='bbox 3228 2870 3407 2923; x_wconf 72' lang='lat' dir='ltr'><strong>caeteri</strong></span> <span class='ocrx_word' id='word_1_511' title='bbox 3447 2870 3600 2925; x_wconf 84' lang='lat' dir='ltr'><strong>Con-</strong></span> 
     </span>
    </p>
   </div>
   <div class='ocr_carea' id='block_1_74' title="bbox 2035 2942 3598 3018">
    <p class='ocr_par' dir='ltr' id='par_1_74' title="bbox 2035 2942 3598 3018">
     <span class='ocr_line' id='line_1_74' title="bbox 2035 2942 3598 3018; baseline 0.012 -18"><span class='ocrx_word' id='word_1_512' title='bbox 2035 2942 2534 3013; x_wconf 66' lang='lat' dir='ltr'><strong>StantinOpolitana}</strong></span> <span class='ocrx_word' id='word_1_513' title='bbox 2591 2947 2742 3003; x_wconf 89' lang='lat' dir='ltr'><strong>sedis</strong></span> <span class='ocrx_word' id='word_1_514' title='bbox 2808 2950 3105 3018; x_wconf 87' lang='lat' dir='ltr'><strong>antistites,</strong></span> <span class='ocrx_word' id='word_1_515' title='bbox 3169 2956 3406 3013; x_wconf 63' lang='lat' dir='ltr'><strong>haeretici</strong></span> <span class='ocrx_word' id='word_1_516' title='bbox 3469 2969 3598 3018; x_wconf 84' lang='lat' dir='ltr'><strong>tunc</strong></span> 
     </span>
    </p>
   </div>
   <div class='ocr_carea' id='block_1_75' title="bbox 2035 3035 3593 3120">
    <p class='ocr_par' dir='ltr' id='par_1_75' title="bbox 2035 3035 3593 3120">
     <span class='ocr_line' id='line_1_75' title="bbox 2035 3035 3593 3120; baseline 0.012 -32"><span class='ocrx_word' id='word_1_517' title='bbox 2035 3035 2311 3104; x_wconf 87' lang='lat' dir='ltr'><strong>temporis,</strong></span> <span class='ocrx_word' id='word_1_518' title='bbox 2355 3050 2478 3092; x_wconf 86' lang='lat' dir='ltr'><strong>eum</strong></span> <span class='ocrx_word' id='word_1_519' title='bbox 2524 3039 2671 3094; x_wconf 90' lang='lat' dir='ltr'><strong>omni</strong></span> <span class='ocrx_word' id='word_1_520' title='bbox 2708 3054 2828 3110; x_wconf 62' lang='lat' dir='ltr'><strong>quae</strong></span> <span class='ocrx_word' id='word_1_521' title='bbox 2862 3045 2961 3097; x_wconf 87' lang='lat' dir='ltr'><strong>sub</strong></span> <span class='ocrx_word' id='word_1_522' title='bbox 2995 3044 3126 3112; x_wconf 87' lang='lat' dir='ltr'><strong>ipsis</strong></span> <span class='ocrx_word' id='word_1_523' title='bbox 3154 3057 3271 3102; x_wconf 89' lang='lat' dir='ltr'><strong>erat</strong></span> <span class='ocrx_word' id='word_1_524' title='bbox 3323 3048 3593 3120; x_wconf 88' lang='lat' dir='ltr'><strong>Ecclesia,</strong></span> 
     </span>
    </p>
   </div>
   <div class='ocr_carea' id='block_1_76' title="bbox 2033 3131 3598 3202">
    <p class='ocr_par' dir='ltr' id='par_1_76' title="bbox 2033 3131 3598 3202">
     <span class='ocr_line' id='line_1_76' title="bbox 2033 3131 3598 3202; baseline 0.015 -24"><span class='ocrx_word' id='word_1_525' title='bbox 2033 3139 2153 3180; x_wconf 91' lang='lat' dir='ltr'><strong>cum</strong></span> <span class='ocrx_word' id='word_1_526' title='bbox 2190 3138 2390 3191; x_wconf 88' lang='lat' dir='ltr'><strong>essent,</strong></span> <span class='ocrx_word' id='word_1_527' title='bbox 2436 3144 2495 3185; x_wconf 89' lang='lat' dir='ltr'><strong>se</strong></span> <span class='ocrx_word' id='word_1_528' title='bbox 2540 3131 2690 3200; x_wconf 91' lang='lat' dir='ltr'><strong>ipsos</strong></span> <span class='ocrx_word' id='word_1_529' title='bbox 2728 3141 2906 3190; x_wconf 82' lang='lat' dir='ltr'><strong>tamen</strong></span> <span class='ocrx_word' id='word_1_530' title='bbox 2943 3135 3244 3194; x_wconf 78' lang='lat' dir='ltr'><strong>Ecclesiam</strong></span> <span class='ocrx_word' id='word_1_531' title='bbox 3277 3141 3423 3197; x_wconf 88' lang='lat' dir='ltr'><strong>illam</strong></span> <span class='ocrx_word' id='word_1_532' title='bbox 3477 3160 3598 3202; x_wconf 85' lang='lat' dir='ltr'><strong>esse</strong></span> 
     </span>
    </p>
   </div>
   <div class='ocr_carea' id='block_1_77' title="bbox 2031 3218 3594 3301">
    <p class='ocr_par' dir='ltr' id='par_1_77' title="bbox 2031 3218 3594 3301">
     <span class='ocr_line' id='line_1_77' title="bbox 2031 3218 3594 3301; baseline 0.015 -33"><span class='ocrx_word' id='word_1_533' title='bbox 2031 3218 2369 3280; x_wconf 84' lang='lat' dir='ltr'><strong>asserebant,</strong></span> <span class='ocrx_word' id='word_1_534' title='bbox 2398 3233 2558 3289; x_wconf 88' lang='lat' dir='ltr'><strong>quam</strong></span> <span class='ocrx_word' id='word_1_535' title='bbox 2591 3223 2845 3280; x_wconf 89' lang='lat' dir='ltr'><strong>omnibus</strong></span> <span class='ocrx_word' id='word_1_536' title='bbox 2895 3232 3224 3297; x_wconf 80' lang='lat' dir='ltr'><strong>sequendam</strong></span> <span class='ocrx_word' id='word_1_537' title='bbox 3278 3248 3372 3301; x_wconf 89' lang='lat' dir='ltr'><strong>per</strong></span> <span class='ocrx_word' id='word_1_538' title='bbox 3415 3237 3594 3291; x_wconf 89' lang='lat' dir='ltr'><strong>omnia</strong></span> 
     </span>
    </p>
   </div>
   <div class='ocr_carea' id='block_1_78' title="bbox 2031 3308 3596 3394">
    <p class='ocr_par' dir='ltr' id='par_1_78' title="bbox 2031 3308 3596 3394">
     <span class='ocr_line' id='line_1_78' title="bbox 2031 3308 3596 3394; baseline 0.015 -35"><span class='ocrx_word' id='word_1_539' title='bbox 2031 3308 2370 3374; x_wconf 79' lang='lat' dir='ltr'><strong>dictitabant,</strong></span> <span class='ocrx_word' id='word_1_540' title='bbox 2397 3325 2602 3382; x_wconf 82' lang='lat' dir='ltr'><strong>eosque</strong></span> <span class='ocrx_word' id='word_1_541' title='bbox 2648 3316 2750 3370; x_wconf 89' lang='lat' dir='ltr'><strong>sibi</strong></span> <span class='ocrx_word' id='word_1_542' title='bbox 2779 3317 2872 3386; x_wconf 92' lang='lat' dir='ltr'><strong>qui</strong></span> <span class='ocrx_word' id='word_1_543' title='bbox 2911 3333 3017 3374; x_wconf 92' lang='lat' dir='ltr'><strong>non</strong></span> <span class='ocrx_word' id='word_1_544' title='bbox 3045 3321 3501 3394; x_wconf 67' lang='lat' dir='ltr'><strong>obtemperarent,</strong></span> <span class='ocrx_word' id='word_1_545' title='bbox 3536 3339 3596 3384; x_wconf 91' lang='lat' dir='ltr'><strong>ut</strong></span> 
     </span>
    </p>
   </div>
   <div class='ocr_carea' id='block_1_79' title="bbox 2030 3398 3596 3482">
    <p class='ocr_par' dir='ltr' id='par_1_79' title="bbox 2030 3398 3596 3482">
     <span class='ocr_line' id='line_1_79' title="bbox 2030 3398 3596 3482; baseline 0.015 -30"><span class='ocrx_word' id='word_1_546' title='bbox 2030 3398 2279 3455; x_wconf 86' lang='lat' dir='ltr'><strong>ethnicos</strong></span> <span class='ocrx_word' id='word_1_547' title='bbox 2318 3412 2375 3455; x_wconf 87' lang='lat' dir='ltr'><strong>et</strong></span> <span class='ocrx_word' id='word_1_548' title='bbox 2414 3405 2731 3473; x_wconf 85' lang='lat' dir='ltr'><strong>publicanos</strong></span> <span class='ocrx_word' id='word_1_549' title='bbox 2779 3411 3094 3479; x_wconf 88' lang='lat' dir='ltr'><strong>puniebant.</strong></span> <span class='ocrx_word' id='word_1_550' title='bbox 3152 3415 3255 3482; x_wconf 82' lang='lat' dir='ltr'><strong>Qui</strong></span> <span class='ocrx_word' id='word_1_551' title='bbox 3309 3433 3436 3473; x_wconf 86' lang='lat' dir='ltr'><strong>vero</strong></span> <span class='ocrx_word' id='word_1_552' title='bbox 3489 3421 3596 3476; x_wconf 89' lang='lat' dir='ltr'><strong>illis</strong></span> 
     </span>
    </p>
   </div>
   <div class='ocr_carea' id='block_1_80' title="bbox 2028 3491 3591 3569">
    <p class='ocr_par' dir='ltr' id='par_1_80' title="bbox 2028 3491 3591 3569">
     <span class='ocr_line' id='line_1_80' title="bbox 2028 3491 3591 3569; baseline 0.012 -19"><span class='ocrx_word' id='word_1_553' title='bbox 2028 3491 2489 3563; x_wconf 80' lang='lat' dir='ltr'><strong>obtemperavere,</strong></span> <span class='ocrx_word' id='word_1_554' title='bbox 2563 3513 2658 3555; x_wconf 90' lang='lat' dir='ltr'><strong>eos</strong></span> <span class='ocrx_word' id='word_1_555' title='bbox 2710 3516 2811 3556; x_wconf 91' lang='lat' dir='ltr'><strong>nos</strong></span> <span class='ocrx_word' id='word_1_556' title='bbox 2867 3505 3105 3569; x_wconf 87' lang='lat' dir='ltr'><strong>perditos</strong></span> <span class='ocrx_word' id='word_1_557' title='bbox 3157 3509 3530 3567; x_wconf 78' lang='lat' dir='ltr'><strong>existlnmnus</strong></span> <span class='ocrx_word' id='word_1_558' title='bbox 3575 3531 3591 3568; x_wconf 90' lang='lat'><strong>:</strong></span> 
     </span>
    </p>
   </div>
   <div class='ocr_carea' id='block_1_81' title="bbox 2028 3587 3593 3666">
    <p class='ocr_par' dir='ltr' id='par_1_81' title="bbox 2028 3587 3593 3666">
     <span class='ocr_line' id='line_1_81' title="bbox 2028 3587 3593 3666; baseline 0.016 -32"><span class='ocrx_word' id='word_1_559' title='bbox 2028 3592 2343 3653; x_wconf 85' lang='lat' dir='ltr'><strong>quantoque</strong></span> <span class='ocrx_word' id='word_1_560' title='bbox 2377 3587 2444 3640; x_wconf 88' lang='lat' dir='ltr'><strong>ad</strong></span> <span class='ocrx_word' id='word_1_561' title='bbox 2499 3589 2830 3658; x_wconf 84' lang='lat' dir='ltr'><strong>impietatem</strong></span> <span class='ocrx_word' id='word_1_562' title='bbox 2884 3591 3038 3649; x_wconf 87' lang='lat' dir='ltr'><strong>fuere</strong></span> <span class='ocrx_word' id='word_1_563' title='bbox 3085 3599 3388 3666; x_wconf 88' lang='lat' dir='ltr'><strong>proniores,</strong></span> <span class='ocrx_word' id='word_1_564' title='bbox 3442 3613 3593 3659; x_wconf 81' lang='lat' dir='ltr'><strong>tanto</strong></span> 
     </span>
    </p>
   </div>
   <div class='ocr_carea' id='block_1_82' title="bbox 2029 3676 3592 3764">
    <p class='ocr_par' dir='ltr' id='par_1_82' title="bbox 2029 3676 3592 3764">
     <span class='ocr_line' id='line_1_82' title="bbox 2029 3676 3592 3764; baseline 0.013 -33"><span class='ocrx_word' id='word_1_565' title='bbox 2029 3678 2097 3737; x_wconf 83' lang='lat' dir='ltr'><strong>ab</strong></span> <span class='ocrx_word' id='word_1_566' title='bbox 2131 3676 2373 3734; x_wconf 82' lang='lat' dir='ltr'><strong>Ecclesia</strong></span> <span class='ocrx_word' id='word_1_567' title='bbox 2426 3681 2610 3747; x_wconf 77' lang='lat' dir='ltr'><strong>tuaiori</strong></span> <span class='ocrx_word' id='word_1_568' title='bbox 2657 3683 2923 3750; x_wconf 88' lang='lat' dir='ltr'><strong>supplicio</strong></span> <span class='ocrx_word' id='word_1_569' title='bbox 2958 3685 3136 3742; x_wconf 84' lang='lat' dir='ltr'><strong>aﬁ&#39;eeti</strong></span> <span class='ocrx_word' id='word_1_570' title='bbox 3190 3702 3354 3754; x_wconf 80' lang='lat' dir='ltr'><strong>sunt,</strong></span> <span class='ocrx_word' id='word_1_571' title='bbox 3395 3706 3445 3748; x_wconf 91' lang='lat' dir='ltr'><strong>et</strong></span> <span class='ocrx_word' id='word_1_572' title='bbox 3499 3697 3592 3764; x_wconf 86' lang='lat' dir='ltr'><strong>qui</strong></span> 
     </span>
    </p>
   </div>
   <div class='ocr_carea' id='block_1_83' title="bbox 2029 3768 3400 3838">
    <p class='ocr_par' dir='ltr' id='par_1_83' title="bbox 2029 3768 3400 3838">
     <span class='ocr_line' id='line_1_83' title="bbox 2029 3768 3400 3838; baseline 0.009 -13"><span class='ocrx_word' id='word_1_573' title='bbox 2029 3768 2139 3825; x_wconf 89' lang='lat' dir='ltr'><strong>illis</strong></span> <span class='ocrx_word' id='word_1_574' title='bbox 2177 3781 2591 3837; x_wconf 85' lang='lat' dir='ltr'><strong>consenserunt,</strong></span> <span class='ocrx_word' id='word_1_575' title='bbox 2624 3776 2969 3832; x_wconf 80' lang='lat' dir='ltr'><strong>anathemate</strong></span> <span class='ocrx_word' id='word_1_576' title='bbox 2997 3780 3209 3833; x_wconf 87' lang='lat' dir='ltr'><strong>multati</strong></span> <span class='ocrx_word' id='word_1_577' title='bbox 3253 3792 3400 3838; x_wconf 90' lang='lat' dir='ltr'><strong>sunt.</strong></span> 
     </span>
    </p>
   </div>
   <div class='ocr_carea' id='block_1_84' title="bbox 2097 3863 3589 3942">
    <p class='ocr_par' dir='ltr' id='par_1_84' title="bbox 2097 3863 3589 3942">
     <span class='ocr_line' id='line_1_84' title="bbox 2097 3863 3589 3942; baseline 0.01 -26"><span class='ocrx_word' id='word_1_578' title='bbox 2097 3863 2316 3921; x_wconf 82' lang='lat' dir='ltr'><strong>Nullum</strong></span> <span class='ocrx_word' id='word_1_579' title='bbox 2349 3879 2476 3920; x_wconf 84' lang='lat' dir='ltr'><strong>vero</strong></span> <span class='ocrx_word' id='word_1_580' title='bbox 2509 3866 2780 3931; x_wconf 83' lang='lat' dir='ltr'><strong>novimus,</strong></span> <span class='ocrx_word' id='word_1_581' title='bbox 2815 3869 2929 3937; x_wconf 88' lang='lat' dir='ltr'><strong>qui,</strong></span> <span class='ocrx_word' id='word_1_582' title='bbox 2953 3871 3144 3938; x_wconf 88' lang='lat' dir='ltr'><strong>quovis</strong></span> <span class='ocrx_word' id='word_1_583' title='bbox 3176 3881 3433 3942; x_wconf 84' lang='lat' dir='ltr'><strong>tempore,</strong></span> <span class='ocrx_word' id='word_1_584' title='bbox 3469 3893 3589 3931; x_wconf 81' lang='lat' dir='ltr'><strong>cum</strong></span> 
     </span>
    </p>
   </div>
   <div class='ocr_carea' id='block_1_85' title="bbox 2026 3954 3594 4032">
    <p class='ocr_par' dir='ltr' id='par_1_85' title="bbox 2026 3954 3594 4032">
     <span class='ocr_line' id='line_1_85' title="bbox 2026 3954 3594 4032; baseline 0.006 -21"><span class='ocrx_word' id='word_1_585' title='bbox 2026 3954 2092 4011; x_wconf 86' lang='lat' dir='ltr'><strong>de</strong></span> <span class='ocrx_word' id='word_1_586' title='bbox 2121 3955 2226 4010; x_wconf 88' lang='lat' dir='ltr'><strong>ﬁde</strong></span> <span class='ocrx_word' id='word_1_587' title='bbox 2273 3955 2667 4024; x_wconf 86' lang='lat' dir='ltr'><strong>disputaretur,</strong></span> <span class='ocrx_word' id='word_1_588' title='bbox 2712 3959 2970 4013; x_wconf 75' lang='lat' dir='ltr'><strong>Romana:</strong></span> <span class='ocrx_word' id='word_1_589' title='bbox 3013 3957 3271 4014; x_wconf 72' lang='lat' dir='ltr'><strong>Ecclesiae</strong></span> <span class='ocrx_word' id='word_1_590' title='bbox 3320 3965 3594 4032; x_wconf 81' lang='lat' dir='ltr'><strong>obtempe-</strong></span> 
     </span>
    </p>
   </div>
   <div class='ocr_carea' id='block_1_86' title="bbox 2025 4046 3590 4124">
    <p class='ocr_par' dir='ltr' id='par_1_86' title="bbox 2025 4046 3590 4124">
     <span class='ocr_line' id='line_1_86' title="bbox 2025 4046 3590 4124; baseline 0.008 -24"><span class='ocrx_word' id='word_1_591' title='bbox 2025 4061 2172 4112; x_wconf 81' lang='lat' dir='ltr'><strong>rans,</strong></span> <span class='ocrx_word' id='word_1_592' title='bbox 2219 4046 2450 4105; x_wconf 85' lang='lat' dir='ltr'><strong>similem</strong></span> <span class='ocrx_word' id='word_1_593' title='bbox 2500 4048 2780 4124; x_wconf 81' lang='lat' dir='ltr'><strong>exceperit</strong></span> <span class='ocrx_word' id='word_1_594' title='bbox 2818 4050 3242 4106; x_wconf 88' lang='lat' dir='ltr'><strong>damnationem.</strong></span> <span class='ocrx_word' id='word_1_595' title='bbox 3298 4052 3411 4108; x_wconf 93' lang='lat' dir='ltr'><strong>lmo</strong></span> <span class='ocrx_word' id='word_1_596' title='bbox 3460 4072 3590 4113; x_wconf 90' lang='lat' dir='ltr'><strong>vero</strong></span> 
     </span>
    </p>
   </div>
   <div class='ocr_carea' id='block_1_87' title="bbox 2025 4139 3592 4210">
    <p class='ocr_par' dir='ltr' id='par_1_87' title="bbox 2025 4139 3592 4210">
     <span class='ocr_line' id='line_1_87' title="bbox 2025 4139 3592 4210; baseline 0.006 -17"><span class='ocrx_word' id='word_1_597' title='bbox 2025 4139 2204 4193; x_wconf 88' lang='lat' dir='ltr'><strong>nullus</strong></span> <span class='ocrx_word' id='word_1_598' title='bbox 2230 4151 2332 4204; x_wconf 87' lang='lat' dir='ltr'><strong>est,</strong></span> <span class='ocrx_word' id='word_1_599' title='bbox 2367 4141 2457 4210; x_wconf 91' lang='lat' dir='ltr'><strong>qui</strong></span> <span class='ocrx_word' id='word_1_600' title='bbox 2489 4147 2618 4196; x_wconf 87' lang='lat' dir='ltr'><strong>tunc</strong></span> <span class='ocrx_word' id='word_1_601' title='bbox 2651 4141 2914 4197; x_wconf 88' lang='lat' dir='ltr'><strong>adversus</strong></span> <span class='ocrx_word' id='word_1_602' title='bbox 2944 4143 3166 4210; x_wconf 82' lang='lat' dir='ltr'><strong>quidem</strong></span> <span class='ocrx_word' id='word_1_603' title='bbox 3203 4145 3592 4204; x_wconf 82' lang='lat' dir='ltr'><strong>Constantino-</strong></span> 
     </span>
    </p>
   </div>
   <div class='ocr_carea' id='block_1_88' title="bbox 2023 4232 3592 4304">
    <p class='ocr_par' dir='ltr' id='par_1_88' title="bbox 2023 4232 3592 4304">
     <span class='ocr_line' id='line_1_88' title="bbox 2023 4232 3592 4304; baseline 0.006 -20"><span class='ocrx_word' id='word_1_604' title='bbox 2023 4233 2318 4303; x_wconf 85' lang='lat' dir='ltr'><strong>politanam</strong></span> <span class='ocrx_word' id='word_1_605' title='bbox 2355 4232 2652 4288; x_wconf 87' lang='lat' dir='ltr'><strong>Ecelesiam</strong></span> <span class='ocrx_word' id='word_1_606' title='bbox 2691 4244 2876 4303; x_wconf 87' lang='lat' dir='ltr'><strong>aperte</strong></span> <span class='ocrx_word' id='word_1_607' title='bbox 2911 4235 3212 4300; x_wconf 86' lang='lat' dir='ltr'><strong>resisteret,</strong></span> <span class='ocrx_word' id='word_1_608' title='bbox 3247 4239 3373 4304; x_wconf 87' lang='lat' dir='ltr'><strong>quin</strong></span> <span class='ocrx_word' id='word_1_609' title='bbox 3403 4251 3456 4294; x_wconf 90' lang='lat' dir='ltr'><strong>et</strong></span> <span class='ocrx_word' id='word_1_610' title='bbox 3485 4239 3592 4294; x_wconf 75' lang='lat' dir='ltr'><strong>lto-</strong></span> 
     </span>
    </p>
   </div>
   <div class='ocr_carea' id='block_1_89' title="bbox 2023 4323 3589 4399">
    <p class='ocr_par' dir='ltr' id='par_1_89' title="bbox 2023 4323 3589 4399">
     <span class='ocr_line' id='line_1_89' title="bbox 2023 4323 3589 4399; baseline 0.004 -21"><span class='ocrx_word' id='word_1_611' title='bbox 2023 4339 2236 4378; x_wconf 88' lang='lat' dir='ltr'><strong>manam</strong></span> <span class='ocrx_word' id='word_1_612' title='bbox 2267 4323 2564 4378; x_wconf 86' lang='lat' dir='ltr'><strong>Ecclesiam</strong></span> <span class='ocrx_word' id='word_1_613' title='bbox 2609 4325 2930 4392; x_wconf 88' lang='lat' dir='ltr'><strong>intueretur,</strong></span> <span class='ocrx_word' id='word_1_614' title='bbox 2966 4327 3214 4396; x_wconf 89' lang='lat' dir='ltr'><strong>illiusque</strong></span> <span class='ocrx_word' id='word_1_615' title='bbox 3243 4330 3308 4381; x_wconf 89' lang='lat' dir='ltr'><strong>de</strong></span> <span class='ocrx_word' id='word_1_616' title='bbox 3345 4329 3449 4384; x_wconf 90' lang='lat' dir='ltr'><strong>ﬁde</strong></span> <span class='ocrx_word' id='word_1_617' title='bbox 3477 4331 3589 4399; x_wconf 84' lang='lat' dir='ltr'><strong>opi-</strong></span> 
     </span>
    </p>
   </div>
   <div class='ocr_carea' id='block_1_90' title="bbox 2022 4416 3590 4488">
    <p class='ocr_par' dir='ltr' id='par_1_90' title="bbox 2022 4416 3590 4488">
     <span class='ocr_line' id='line_1_90' title="bbox 2022 4416 3590 4488; baseline 0.003 -17"><span class='ocrx_word' id='word_1_618' title='bbox 2022 4417 2264 4481; x_wconf 88' lang='lat' dir='ltr'><strong>nionem,</strong></span> <span class='ocrx_word' id='word_1_619' title='bbox 2297 4427 2357 4470; x_wconf 94' lang='lat' dir='ltr'><strong>ut</strong></span> <span class='ocrx_word' id='word_1_620' title='bbox 2397 4416 2641 4470; x_wconf 85' lang='lat' dir='ltr'><strong>veritatis</strong></span> <span class='ocrx_word' id='word_1_621' title='bbox 2669 4431 2733 4471; x_wconf 89' lang='lat' dir='ltr'><strong>ac</strong></span> <span class='ocrx_word' id='word_1_622' title='bbox 2762 4418 2979 4486; x_wconf 87' lang='lat' dir='ltr'><strong>pietatis</strong></span> <span class='ocrx_word' id='word_1_623' title='bbox 3010 4419 3342 4486; x_wconf 80' lang='lat' dir='ltr'><strong>exemplum,</strong></span> <span class='ocrx_word' id='word_1_624' title='bbox 3389 4421 3590 4488; x_wconf 69' lang='lat' dir='ltr'><strong>quibus</strong></span> 
     </span>
    </p>
   </div>
   <div class='ocr_carea' id='block_1_91' title="bbox 353 4496 3587 4580">
    <p class='ocr_par' dir='ltr' id='par_1_91' title="bbox 353 4496 3587 4580">
     <span class='ocr_line' id='line_1_91' title="bbox 353 4496 3587 4580; baseline 0.002 -24"><span class='ocrx_word' id='word_1_625' title='bbox 353 4505 525 4570; x_wconf 85' lang='lat' dir='ltr'><strong>Quam</strong></span> <span class='ocrx_word' id='word_1_626' title='bbox 561 4506 726 4560; x_wconf 83' lang='lat' dir='ltr'><strong>etiam</strong></span> <span class='ocrx_word' id='word_1_627' title='bbox 759 4522 789 4558; x_wconf 87' lang='lat' dir='ltr'><strong>a</strong></span> <span class='ocrx_word' id='word_1_628' title='bbox 825 4505 1076 4561; x_wconf 87' lang='lat' dir='ltr'><strong>ﬁdelibus</strong></span> <span class='ocrx_word' id='word_1_629' title='bbox 1111 4507 1364 4561; x_wconf 87' lang='lat' dir='ltr'><strong>omnibus</strong></span> <span class='ocrx_word' id='word_1_630' title='bbox 1401 4509 1660 4576; x_wconf 75' lang='lat' dir='ltr'><strong>agnosci,</strong></span> <span class='ocrx_word' id='word_1_631' title='bbox 1693 4496 1751 4564; x_wconf 82' lang='lat' dir='ltr'><strong>ut</strong></span> <span class='ocrx_word' id='word_1_632' title='bbox 1795 4525 1919 4580; x_wconf 83' lang='lat' dir='ltr'><strong>pos—</strong></span> <span class='ocrx_word' id='word_1_633' title='bbox 1951 4505 1992 4559; x_wconf 85' lang='lat' dir='ltr'><strong>D</strong></span> <span class='ocrx_word' id='word_1_634' title='bbox 2022 4506 2451 4572; x_wconf 83' lang='lat' dir='ltr'><strong>contradieehat,</strong></span> <span class='ocrx_word' id='word_1_635' title='bbox 2478 4517 2796 4576; x_wconf 81' lang='lat' dir='ltr'><strong>opponeret,</strong></span> <span class='ocrx_word' id='word_1_636' title='bbox 2837 4522 3068 4576; x_wconf 80' lang='lat' dir='ltr'><strong>eamque</strong></span> <span class='ocrx_word' id='word_1_637' title='bbox 3103 4517 3291 4562; x_wconf 85' lang='lat' dir='ltr'><strong>contra</strong></span> <span class='ocrx_word' id='word_1_638' title='bbox 3333 4509 3587 4565; x_wconf 86' lang='lat' dir='ltr'><strong>inimicos</strong></span> 
     </span>
    </p>
   </div>
   <div class='ocr_carea' id='block_1_92' title="bbox 355 4599 1926 4672">
    <p class='ocr_par' dir='ltr' id='par_1_92' title="bbox 355 4599 1926 4672">
     <span class='ocr_line' id='line_1_92' title="bbox 355 4599 1926 4672; baseline 0.004 -21"><span class='ocrx_word' id='word_1_639' title='bbox 355 4599 507 4653; x_wconf 91' lang='lat' dir='ltr'><strong>sibile</strong></span> <span class='ocrx_word' id='word_1_640' title='bbox 550 4609 608 4653; x_wconf 90' lang='lat' dir='ltr'><strong>et</strong></span> <span class='ocrx_word' id='word_1_641' title='bbox 649 4601 1015 4654; x_wconf 85' lang='lat' dir='ltr'><strong>necessarium</strong></span> <span class='ocrx_word' id='word_1_642' title='bbox 1051 4601 1306 4669; x_wconf 76' lang='lat' dir='ltr'><strong>exigitur.</strong></span> <span class='ocrx_word' id='word_1_643' title='bbox 1367 4601 1430 4654; x_wconf 89' lang='lat' dir='ltr'><strong>Et</strong></span> <span class='ocrx_word' id='word_1_644' title='bbox 1474 4600 1592 4656; x_wconf 88' lang='lat' dir='ltr'><strong>sine</strong></span> <span class='ocrx_word' id='word_1_645' title='bbox 1642 4617 1746 4672; x_wconf 88' lang='lat' dir='ltr'><strong>qua</strong></span> <span class='ocrx_word' id='word_1_646' title='bbox 1825 4618 1926 4659; x_wconf 92' lang='lat' dir='ltr'><strong>nec</strong></span> 
     </span>
    </p>
   </div>
   <div class='ocr_carea' id='block_1_93' title="bbox 267 4689 1924 4758">
    <p class='ocr_par' dir='ltr' id='par_1_93' title="bbox 267 4689 1924 4758">
     <span class='ocr_line' id='line_1_93' title="bbox 267 4689 1924 4758; baseline 0.003 -17"><span class='ocrx_word' id='word_1_647' title='bbox 267 4699 272 4702; x_wconf 86' lang='lat'>&#39;</span> <span class='ocrx_word' id='word_1_648' title='bbox 359 4690 590 4743; x_wconf 85' lang='lat' dir='ltr'><strong>ﬁdelium</strong></span> <span class='ocrx_word' id='word_1_649' title='bbox 648 4689 961 4744; x_wconf 90' lang='lat' dir='ltr'><strong>communio</strong></span> <span class='ocrx_word' id='word_1_650' title='bbox 1008 4691 1193 4744; x_wconf 87' lang='lat' dir='ltr'><strong>haberi</strong></span> <span class='ocrx_word' id='word_1_651' title='bbox 1247 4699 1444 4758; x_wconf 83' lang='lat' dir='ltr'><strong>potest,</strong></span> <span class='ocrx_word' id='word_1_652' title='bbox 1483 4707 1581 4747; x_wconf 90' lang='lat' dir='ltr'><strong>nec</strong></span> <span class='ocrx_word' id='word_1_653' title='bbox 1613 4707 1924 4748; x_wconf 90' lang='lat' dir='ltr'><strong>sacramen-</strong></span> 
     </span>
    </p>
   </div>
   <div class='ocr_carea' id='block_1_94' title="bbox 360 4780 1922 4852">
    <p class='ocr_par' dir='ltr' id='par_1_94' title="bbox 360 4780 1922 4852">
     <span class='ocr_line' id='line_1_94' title="bbox 360 4780 1922 4852; baseline 0.003 -21"><span class='ocrx_word' id='word_1_654' title='bbox 360 4789 528 4832; x_wconf 84' lang='lat' dir='ltr'><strong>torum</strong></span> <span class='ocrx_word' id='word_1_655' title='bbox 573 4780 779 4834; x_wconf 83' lang='lat' dir='ltr'><strong>virtute</strong></span> <span class='ocrx_word' id='word_1_656' title='bbox 829 4781 1034 4849; x_wconf 87' lang='lat' dir='ltr'><strong>perfrui</strong></span> <span class='ocrx_word' id='word_1_657' title='bbox 1073 4782 1335 4846; x_wconf 83' lang='lat' dir='ltr'><strong>valemus,</strong></span> <span class='ocrx_word' id='word_1_658' title='bbox 1373 4797 1470 4836; x_wconf 90' lang='lat' dir='ltr'><strong>nec</strong></span> <span class='ocrx_word' id='word_1_659' title='bbox 1527 4797 1625 4852; x_wconf 89' lang='lat' dir='ltr'><strong>per</strong></span> <span class='ocrx_word' id='word_1_660' title='bbox 1664 4784 1778 4852; x_wconf 89' lang='lat' dir='ltr'><strong>ipsa</strong></span> <span class='ocrx_word' id='word_1_661' title='bbox 1831 4798 1922 4838; x_wconf 85' lang='lat' dir='ltr'><strong>ca-</strong></span> 
     </span>
    </p>
   </div>
   <div class='ocr_carea' id='block_1_95' title="bbox 353 4867 1919 4939">
    <p class='ocr_par' dir='ltr' id='par_1_95' title="bbox 353 4867 1919 4939">
     <span class='ocr_line' id='line_1_95' title="bbox 353 4867 1919 4939; baseline 0.005 -19"><span class='ocrx_word' id='word_1_662' title='bbox 353 4870 445 4937; x_wconf 88' lang='lat' dir='ltr'><strong>piti</strong></span> <span class='ocrx_word' id='word_1_663' title='bbox 502 4867 784 4935; x_wconf 64' lang='lat' dir='ltr'><strong>Ecclesia},</strong></span> <span class='ocrx_word' id='word_1_664' title='bbox 835 4869 977 4939; x_wconf 88' lang='lat' dir='ltr'><strong>quod</strong></span> <span class='ocrx_word' id='word_1_665' title='bbox 1024 4867 1276 4927; x_wconf 79' lang='lat' dir='ltr'><strong>Christus</strong></span> <span class='ocrx_word' id='word_1_666' title='bbox 1328 4883 1432 4937; x_wconf 88' lang='lat' dir='ltr'><strong>est,</strong></span> <span class='ocrx_word' id='word_1_667' title='bbox 1483 4876 1646 4928; x_wconf 91' lang='lat' dir='ltr'><strong>uniri.</strong></span> <span class='ocrx_word' id='word_1_668' title='bbox 1699 4874 1814 4928; x_wconf 84' lang='lat' dir='ltr'><strong>Non</strong></span> <span class='ocrx_word' id='word_1_669' title='bbox 1864 4875 1919 4928; x_wconf 90' lang='lat' dir='ltr'><strong>in</strong></span> 
     </span>
    </p>
   </div>
   <div class='ocr_carea' id='block_1_96' title="bbox 352 4959 1917 5034">
    <p class='ocr_par' dir='ltr' id='par_1_96' title="bbox 352 4959 1917 5034">
     <span class='ocr_line' id='line_1_96' title="bbox 352 4959 1917 5034; baseline 0.007 -25"><span class='ocrx_word' id='word_1_670' title='bbox 352 4959 550 5024; x_wconf 81' lang='lat' dir='ltr'><strong>verbis,</strong></span> <span class='ocrx_word' id='word_1_671' title='bbox 590 4959 687 5014; x_wconf 84' lang='lat' dir='ltr'><strong>sed</strong></span> <span class='ocrx_word' id='word_1_672' title='bbox 733 4961 787 5014; x_wconf 90' lang='lat' dir='ltr'><strong>in</strong></span> <span class='ocrx_word' id='word_1_673' title='bbox 838 4961 1000 5016; x_wconf 90' lang='lat' dir='ltr'><strong>rebus</strong></span> <span class='ocrx_word' id='word_1_674' title='bbox 1032 4962 1286 5017; x_wconf 61' lang='lat' dir='ltr'><strong>Ecclesiae</strong></span> <span class='ocrx_word' id='word_1_675' title='bbox 1318 4965 1523 5025; x_wconf 86' lang='lat' dir='ltr'><strong>Christi</strong></span> <span class='ocrx_word' id='word_1_676' title='bbox 1570 4965 1768 5034; x_wconf 60' lang='lat' dir='ltr'><strong>positae</strong></span> <span class='ocrx_word' id='word_1_677' title='bbox 1791 4976 1917 5020; x_wconf 88' lang='lat' dir='ltr'><strong>sunt</strong></span> 
     </span>
    </p>
   </div>
   <div class='ocr_carea' id='block_1_97' title="bbox 353 5068 453 5106">
    <p class='ocr_par' dir='ltr' id='par_1_97' title="bbox 353 5068 453 5106">
     <span class='ocr_line' id='line_1_97' title="bbox 353 5068 453 5106; baseline 0.01 -1"><span class='ocrx_word' id='word_1_678' title='bbox 353 5068 453 5106; x_wconf 74' lang='grc' dir='ltr'><strong>τρε.</strong></span> 
     </span>
    </p>
   </div>
   <div class='ocr_carea' id='block_1_98' title="bbox 415 5147 1912 5222">
    <p class='ocr_par' dir='ltr' id='par_1_98' title="bbox 415 5147 1912 5222">
     <span class='ocr_line' id='line_1_98' title="bbox 415 5147 1912 5222; baseline 0.005 -23"><span class='ocrx_word' id='word_1_679' title='bbox 415 5147 702 5213; x_wconf 85' lang='lat' dir='ltr'><strong>Quamvis,</strong></span> <span class='ocrx_word' id='word_1_680' title='bbox 729 5148 829 5203; x_wconf 85' lang='lat' dir='ltr'><strong>etsi</strong></span> <span class='ocrx_word' id='word_1_681' title='bbox 863 5148 956 5218; x_wconf 89' lang='lat' dir='ltr'><strong>qui</strong></span> <span class='ocrx_word' id='word_1_682' title='bbox 1001 5148 1227 5204; x_wconf 88' lang='lat' dir='ltr'><strong>ubilibet</strong></span> <span class='ocrx_word' id='word_1_683' title='bbox 1254 5155 1526 5204; x_wconf 75' lang='lat' dir='ltr'><strong>terrarum</strong></span> <span class='ocrx_word' id='word_1_684' title='bbox 1559 5151 1778 5219; x_wconf 84' lang='lat' dir='ltr'><strong>fuerint,</strong></span> <span class='ocrx_word' id='word_1_685' title='bbox 1823 5153 1912 5222; x_wconf 92' lang='lat' dir='ltr'><strong>qui</strong></span> 
     </span>
    </p>
   </div>
   <div class='ocr_carea' id='block_1_99' title="bbox 350 5239 1916 5310">
    <p class='ocr_par' dir='ltr' id='par_1_99' title="bbox 350 5239 1916 5310">
     <span class='ocr_line' id='line_1_99' title="bbox 350 5239 1916 5310; baseline 0.003 -20"><span class='ocrx_word' id='word_1_686' title='bbox 350 5239 545 5292; x_wconf 73' lang='lat' dir='ltr'><strong>deiide</strong></span> <span class='ocrx_word' id='word_1_687' title='bbox 583 5240 703 5294; x_wconf 87' lang='lat' dir='ltr'><strong>aliis</strong></span> <span class='ocrx_word' id='word_1_688' title='bbox 742 5239 845 5292; x_wconf 89' lang='lat' dir='ltr'><strong>alia</strong></span> <span class='ocrx_word' id='word_1_689' title='bbox 902 5240 1232 5302; x_wconf 89' lang='lat' dir='ltr'><strong>dicentibus,</strong></span> <span class='ocrx_word' id='word_1_690' title='bbox 1279 5255 1406 5294; x_wconf 87' lang='lat' dir='ltr'><strong>vera</strong></span> <span class='ocrx_word' id='word_1_691' title='bbox 1468 5241 1564 5310; x_wconf 91' lang='lat' dir='ltr'><strong>ipsi</strong></span> <span class='ocrx_word' id='word_1_692' title='bbox 1617 5244 1916 5308; x_wconf 89' lang='lat' dir='ltr'><strong>senserint,</strong></span> 
     </span>
    </p>
   </div>
   <div class='ocr_carea' id='block_1_100' title="bbox 351 5331 1918 5404">
    <p class='ocr_par' dir='ltr' id='par_1_100' title="bbox 351 5331 1918 5404">
     <span class='ocr_line' id='line_1_100' title="bbox 351 5331 1918 5404; baseline 0.003 -22"><span class='ocrx_word' id='word_1_693' title='bbox 351 5331 649 5387; x_wconf 82' lang='lat' dir='ltr'><strong>laudabiles</strong></span> <span class='ocrx_word' id='word_1_694' title='bbox 679 5332 897 5401; x_wconf 73' lang='lat' dir='ltr'><strong>quidem</strong></span> <span class='ocrx_word' id='word_1_695' title='bbox 930 5333 1106 5398; x_wconf 86' lang='lat' dir='ltr'><strong>fuere,</strong></span> <span class='ocrx_word' id='word_1_696' title='bbox 1139 5348 1197 5388; x_wconf 89' lang='lat' dir='ltr'><strong>se</strong></span> <span class='ocrx_word' id='word_1_697' title='bbox 1229 5334 1398 5403; x_wconf 89' lang='lat' dir='ltr'><strong>ipsos,</strong></span> <span class='ocrx_word' id='word_1_698' title='bbox 1440 5343 1496 5387; x_wconf 93' lang='lat' dir='ltr'><strong>ut</strong></span> <span class='ocrx_word' id='word_1_699' title='bbox 1527 5340 1732 5404; x_wconf 85' lang='lat' dir='ltr'><strong>partem</strong></span> <span class='ocrx_word' id='word_1_700' title='bbox 1774 5333 1918 5387; x_wconf 88' lang='lat' dir='ltr'><strong>refe-</strong></span> 
     </span>
    </p>
   </div>
   <div class='ocr_carea' id='block_1_101' title="bbox 353 5423 1920 5494">
    <p class='ocr_par' dir='ltr' id='par_1_101' title="bbox 353 5423 1920 5494">
     <span class='ocr_line' id='line_1_101' title="bbox 353 5423 1920 5494; baseline 0.002 -21"><span class='ocrx_word' id='word_1_701' title='bbox 353 5433 526 5476; x_wconf 83' lang='lat' dir='ltr'><strong>rentes</strong></span> <span class='ocrx_word' id='word_1_702' title='bbox 577 5425 643 5475; x_wconf 83' lang='lat' dir='ltr'><strong>ad</strong></span> <span class='ocrx_word' id='word_1_703' title='bbox 696 5423 1014 5489; x_wconf 81' lang='lat' dir='ltr'><strong>Ecclesiam,</strong></span> <span class='ocrx_word' id='word_1_704' title='bbox 1058 5435 1220 5494; x_wconf 88' lang='lat' dir='ltr'><strong>atque</strong></span> <span class='ocrx_word' id='word_1_705' title='bbox 1261 5427 1384 5480; x_wconf 92' lang='lat' dir='ltr'><strong>inde</strong></span> <span class='ocrx_word' id='word_1_706' title='bbox 1431 5426 1535 5480; x_wconf 86' lang='lat' dir='ltr'><strong>sibi</strong></span> <span class='ocrx_word' id='word_1_707' title='bbox 1590 5426 1722 5494; x_wconf 74' lang='lat' dir='ltr'><strong>ipsis</strong></span> <span class='ocrx_word' id='word_1_708' title='bbox 1774 5425 1920 5478; x_wconf 85' lang='lat' dir='ltr'><strong>suiii-</strong></span> 
     </span>
    </p>
   </div>
   <div class='ocr_carea' id='block_1_102' title="bbox 353 5514 1918 5588">
    <p class='ocr_par' dir='ltr' id='par_1_102' title="bbox 353 5514 1918 5588">
     <span class='ocr_line' id='line_1_102' title="bbox 353 5514 1918 5588; baseline 0.004 -24"><span class='ocrx_word' id='word_1_709' title='bbox 353 5514 572 5582; x_wconf 80' lang='lat' dir='ltr'><strong>cientcs,</strong></span> <span class='ocrx_word' id='word_1_710' title='bbox 628 5517 704 5569; x_wconf 87' lang='lat' dir='ltr'><strong>illi</strong></span> <span class='ocrx_word' id='word_1_711' title='bbox 756 5533 852 5586; x_wconf 88' lang='lat' dir='ltr'><strong>per</strong></span> <span class='ocrx_word' id='word_1_712' title='bbox 885 5518 1066 5574; x_wconf 79' lang='lat' dir='ltr'><strong>ouiuia</strong></span> <span class='ocrx_word' id='word_1_713' title='bbox 1111 5532 1228 5588; x_wconf 75' lang='lat' dir='ltr'><strong>quae</strong></span> <span class='ocrx_word' id='word_1_714' title='bbox 1288 5519 1355 5573; x_wconf 86' lang='lat' dir='ltr'><strong>ad</strong></span> <span class='ocrx_word' id='word_1_715' title='bbox 1413 5519 1570 5573; x_wconf 88' lang='lat' dir='ltr'><strong>ﬁdem</strong></span> <span class='ocrx_word' id='word_1_716' title='bbox 1619 5516 1918 5586; x_wconf 89' lang='lat' dir='ltr'><strong>pertinent,</strong></span> 
     </span>
    </p>
   </div>
   <div class='ocr_carea' id='block_1_103' title="bbox 354 5607 1916 5703">
    <p class='ocr_par' dir='ltr' id='par_1_103' title="bbox 354 5607 1916 5703">
     <span class='ocr_line' id='line_1_103' title="bbox 354 5607 1916 5703; baseline 0.003 -48"><span class='ocrx_word' id='word_1_717' title='bbox 354 5610 508 5672; x_wconf 59' lang='lat' dir='ltr'><strong>uniti,</strong></span> <span class='ocrx_word' id='word_1_718' title='bbox 547 5620 602 5664; x_wconf 83' lang='lat' dir='ltr'><strong>ct</strong></span> <span class='ocrx_word' id='word_1_719' title='bbox 641 5609 777 5662; x_wconf 73' lang='lat' dir='ltr'><strong>alii-3&#39;</strong></span> <span class='ocrx_word' id='word_1_720' title='bbox 808 5625 1022 5680; x_wconf 75' lang='lat' dir='ltr'><strong>quoque</strong></span> <span class='ocrx_word' id='word_1_721' title='bbox 1061 5607 1163 5667; x_wconf 83' lang='lat' dir='ltr'><strong>hoc</strong></span> <span class='ocrx_word' id='word_1_722' title='bbox 1203 5612 1384 5677; x_wconf 83' lang='lat' dir='ltr'><strong>modo,</strong></span> <span class='ocrx_word' id='word_1_723' title='bbox 1433 5625 1550 5703; x_wconf 59' lang='lat' dir='ltr'><strong>qua:</strong></span> <span class='ocrx_word' id='word_1_724' title='bbox 1589 5624 1717 5664; x_wconf 80' lang='lat' dir='ltr'><strong>vera</strong></span> <span class='ocrx_word' id='word_1_725' title='bbox 1770 5618 1916 5675; x_wconf 84' lang='lat' dir='ltr'><strong>sunt,</strong></span> 
     </span>
    </p>
   </div>
   <div class='ocr_carea' id='block_1_104' title="bbox 429 5783 844 5850">
    <p class='ocr_par' dir='ltr' id='par_1_104' title="bbox 429 5783 844 5850">
     <span class='ocr_line' id='line_1_104' title="bbox 429 5783 844 5850; baseline 0.014 -15"><span class='ocrx_word' id='word_1_726' title='bbox 429 5785 469 5813; x_wconf 79' lang='lat'><strong>&quot;</strong></span> <span class='ocrx_word' id='word_1_727' title='bbox 506 5783 646 5837; x_wconf 78' lang='lat' dir='ltr'><strong>Psal.</strong></span> <span class='ocrx_word' id='word_1_728' title='bbox 690 5800 748 5850; x_wconf 87' lang='lat' dir='ltr'><strong>tt,</strong></span> <span class='ocrx_word' id='word_1_729' title='bbox 793 5785 844 5841; x_wconf 83' lang='lat'><strong>8.</strong></span> 
     </span>
    </p>
   </div>
   <div class='ocr_carea' id='block_1_105' title="bbox 2019 4596 3588 4670">
    <p class='ocr_par' dir='ltr' id='par_1_105' title="bbox 2019 4596 3588 4670">
     <span class='ocr_line' id='line_1_105' title="bbox 2019 4596 3588 4670; baseline 0.002 -18"><span class='ocrx_word' id='word_1_730' title='bbox 2019 4597 2226 4652; x_wconf 83' lang='lat' dir='ltr'><strong>sociam</strong></span> <span class='ocrx_word' id='word_1_731' title='bbox 2268 4596 2774 4666; x_wconf 80' lang='lat' dir='ltr'><strong>auxiliatricemque</strong></span> <span class='ocrx_word' id='word_1_732' title='bbox 2827 4598 3127 4666; x_wconf 72' lang='lat' dir='ltr'><strong>prmferret.</strong></span> <span class='ocrx_word' id='word_1_733' title='bbox 3173 4597 3238 4652; x_wconf 89' lang='lat' dir='ltr'><strong>Et</strong></span> <span class='ocrx_word' id='word_1_734' title='bbox 3269 4615 3412 4654; x_wconf 89' lang='lat' dir='ltr'><strong>nunc</strong></span> <span class='ocrx_word' id='word_1_735' title='bbox 3453 4617 3588 4670; x_wconf 85' lang='lat' dir='ltr'><strong>quo—</strong></span> 
     </span>
    </p>
   </div>
   <div class='ocr_carea' id='block_1_106' title="bbox 2017 4689 3586 4758">
    <p class='ocr_par' dir='ltr' id='par_1_106' title="bbox 2017 4689 3586 4758">
     <span class='ocr_line' id='line_1_106' title="bbox 2017 4689 3586 4758; baseline 0.003 -18"><span class='ocrx_word' id='word_1_736' title='bbox 2017 4703 2163 4758; x_wconf 85' lang='lat' dir='ltr'><strong>que,</strong></span> <span class='ocrx_word' id='word_1_737' title='bbox 2218 4702 2344 4742; x_wconf 90' lang='lat' dir='ltr'><strong>cum</strong></span> <span class='ocrx_word' id='word_1_738' title='bbox 2395 4689 2807 4754; x_wconf 73' lang='lat' dir='ltr'><strong>adversantium</strong></span> <span class='ocrx_word' id='word_1_739' title='bbox 2863 4689 3153 4743; x_wconf 86' lang='lat' dir='ltr'><strong>obscurum</strong></span> <span class='ocrx_word' id='word_1_740' title='bbox 3221 4707 3415 4744; x_wconf 87' lang='lat' dir='ltr'><strong>nomen</strong></span> <span class='ocrx_word' id='word_1_741' title='bbox 3473 4692 3586 4758; x_wconf 87' lang='lat' dir='ltr'><strong>sit,</strong></span> 
     </span>
    </p>
   </div>
   <div class='ocr_carea' id='block_1_107' title="bbox 2017 4779 3589 4848">
    <p class='ocr_par' dir='ltr' id='par_1_107' title="bbox 2017 4779 3589 4848">
     <span class='ocr_line' id='line_1_107' title="bbox 2017 4779 3589 4848; baseline 0.001 -12"><span class='ocrx_word' id='word_1_742' title='bbox 2017 4780 2379 4836; x_wconf 88' lang='lat' dir='ltr'><strong>communiter</strong></span> <span class='ocrx_word' id='word_1_743' title='bbox 2418 4794 2480 4833; x_wconf 91' lang='lat' dir='ltr'><strong>ae</strong></span> <span class='ocrx_word' id='word_1_744' title='bbox 2511 4780 2758 4848; x_wconf 88' lang='lat' dir='ltr'><strong>privatim</strong></span> <span class='ocrx_word' id='word_1_745' title='bbox 2791 4779 2903 4846; x_wconf 86' lang='lat' dir='ltr'><strong>illa,</strong></span> <span class='ocrx_word' id='word_1_746' title='bbox 2933 4791 2987 4834; x_wconf 87' lang='lat' dir='ltr'><strong>ct</strong></span> <span class='ocrx_word' id='word_1_747' title='bbox 3029 4780 3249 4845; x_wconf 85' lang='lat' dir='ltr'><strong>colitur,</strong></span> <span class='ocrx_word' id='word_1_748' title='bbox 3278 4791 3331 4834; x_wconf 92' lang='lat' dir='ltr'><strong>et</strong></span> <span class='ocrx_word' id='word_1_749' title='bbox 3363 4797 3589 4837; x_wconf 88' lang='lat' dir='ltr'><strong>corona-</strong></span> 
     </span>
    </p>
   </div>
   <div class='ocr_carea' id='block_1_108' title="bbox 2017 4871 3589 4942">
    <p class='ocr_par' dir='ltr' id='par_1_108' title="bbox 2017 4871 3589 4942">
     <span class='ocr_line' id='line_1_108' title="bbox 2017 4871 3589 4942; baseline 0 -14"><span class='ocrx_word' id='word_1_750' title='bbox 2017 4881 2108 4928; x_wconf 85' lang='lat' dir='ltr'><strong>tur</strong></span> <span class='ocrx_word' id='word_1_751' title='bbox 2139 4889 2153 4927; x_wconf 90' lang='lat'><strong>:</strong></span> <span class='ocrx_word' id='word_1_752' title='bbox 2184 4883 2241 4926; x_wconf 90' lang='lat' dir='ltr'><strong>ut</strong></span> <span class='ocrx_word' id='word_1_753' title='bbox 2271 4885 2326 4929; x_wconf 90' lang='lat' dir='ltr'><strong>et</strong></span> <span class='ocrx_word' id='word_1_754' title='bbox 2368 4874 2495 4927; x_wconf 87' lang='lat' dir='ltr'><strong>hinc</strong></span> <span class='ocrx_word' id='word_1_755' title='bbox 2530 4873 2875 4942; x_wconf 79' lang='lat' dir='ltr'><strong>perSpicuum</strong></span> <span class='ocrx_word' id='word_1_756' title='bbox 2919 4871 3012 4935; x_wconf 83' lang='lat' dir='ltr'><strong>sit,</strong></span> <span class='ocrx_word' id='word_1_757' title='bbox 3047 4872 3189 4924; x_wconf 91' lang='lat' dir='ltr'><strong>hanc</strong></span> <span class='ocrx_word' id='word_1_758' title='bbox 3232 4885 3355 4926; x_wconf 80' lang='lat' dir='ltr'><strong>esse</strong></span> <span class='ocrx_word' id='word_1_759' title='bbox 3407 4874 3589 4928; x_wconf 85' lang='lat' dir='ltr'><strong>Eccle-</strong></span> 
     </span>
    </p>
   </div>
   <div class='ocr_carea' id='block_1_109' title="bbox 2023 4963 3586 5034">
    <p class='ocr_par' dir='ltr' id='par_1_109' title="bbox 2023 4963 3586 5034">
     <span class='ocr_line' id='line_1_109' title="bbox 2023 4963 3586 5034; baseline -0.003 -11"><span class='ocrx_word' id='word_1_760' title='bbox 2023 4967 2182 5030; x_wconf 88' lang='lat' dir='ltr'><strong>siam,</strong></span> <span class='ocrx_word' id='word_1_761' title='bbox 2210 4967 2319 5031; x_wconf 83' lang='lat' dir='ltr'><strong>cui,</strong></span> <span class='ocrx_word' id='word_1_762' title='bbox 2354 4967 2447 5034; x_wconf 92' lang='lat' dir='ltr'><strong>qui</strong></span> <span class='ocrx_word' id='word_1_763' title='bbox 2483 4980 2587 5019; x_wconf 90' lang='lat' dir='ltr'><strong>non</strong></span> <span class='ocrx_word' id='word_1_764' title='bbox 2613 4966 2969 5032; x_wconf 89' lang='lat' dir='ltr'><strong>obtemperat,</strong></span> <span class='ocrx_word' id='word_1_765' title='bbox 2997 4963 3288 5033; x_wconf 82' lang='lat' dir='ltr'><strong>gentilibus</strong></span> <span class='ocrx_word' id='word_1_766' title='bbox 3327 4972 3383 5018; x_wconf 89' lang='lat' dir='ltr'><strong>et</strong></span> <span class='ocrx_word' id='word_1_767' title='bbox 3412 4967 3586 5033; x_wconf 81' lang='lat' dir='ltr'><strong>publi-</strong></span> 
     </span>
    </p>
   </div>
   <div class='ocr_carea' id='block_1_110' title="bbox 2023 5056 3580 5114">
    <p class='ocr_par' dir='ltr' id='par_1_110' title="bbox 2023 5056 3580 5114">
     <span class='ocr_line' id='line_1_110' title="bbox 2023 5056 3580 5114; baseline -0.003 0"><span class='ocrx_word' id='word_1_768' title='bbox 2023 5059 2174 5114; x_wconf 85' lang='lat' dir='ltr'><strong>canis</strong></span> <span class='ocrx_word' id='word_1_769' title='bbox 2218 5057 2516 5112; x_wconf 83' lang='lat' dir='ltr'><strong>Salvatoris</strong></span> <span class='ocrx_word' id='word_1_770' title='bbox 2565 5056 2834 5109; x_wconf 82' lang='lat' dir='ltr'><strong>sententia</strong></span> <span class='ocrx_word' id='word_1_771' title='bbox 2890 5065 3334 5108; x_wconf 87' lang='lat' dir='ltr'><strong>connumeratur.</strong></span> <span class='ocrx_word' id='word_1_772' title='bbox 3375 5056 3580 5111; x_wconf 57' lang='lat' dir='ltr'><strong>Primi.</strong></span> 
     </span>
    </p>
   </div>
   <div class='ocr_carea' id='block_1_111' title="bbox 1999 5143 3584 5218">
    <p class='ocr_par' dir='ltr' id='par_1_111' title="bbox 1999 5143 3584 5218">
     <span class='ocr_line' id='line_1_111' title="bbox 1999 5143 3584 5218; baseline 0.001 -16"><span class='ocrx_word' id='word_1_773' title='bbox 1999 5143 2006 5162; x_wconf 77' lang='grc'><strong>’“</strong></span> <span class='ocrx_word' id='word_1_774' title='bbox 2024 5150 2138 5218; x_wconf 87' lang='lat' dir='ltr'><strong>pari</strong></span> <span class='ocrx_word' id='word_1_775' title='bbox 2184 5149 2402 5218; x_wconf 88' lang='lat' dir='ltr'><strong>quidem</strong></span> <span class='ocrx_word' id='word_1_776' title='bbox 2453 5158 2504 5200; x_wconf 89' lang='lat' dir='ltr'><strong>et</strong></span> <span class='ocrx_word' id='word_1_777' title='bbox 2538 5147 2670 5200; x_wconf 74' lang='lat' dir='ltr'><strong>alias</strong></span> <span class='ocrx_word' id='word_1_778' title='bbox 2713 5145 3010 5210; x_wconf 85' lang='lat' dir='ltr'><strong>Ecclesias,</strong></span> <span class='ocrx_word' id='word_1_779' title='bbox 3059 5146 3142 5200; x_wconf 88' lang='lat' dir='ltr'><strong>his</strong></span> <span class='ocrx_word' id='word_1_780' title='bbox 3171 5163 3292 5216; x_wconf 77' lang='lat' dir='ltr'><strong>quae</strong></span> <span class='ocrx_word' id='word_1_781' title='bbox 3339 5148 3406 5203; x_wconf 86' lang='lat' dir='ltr'><strong>ad</strong></span> <span class='ocrx_word' id='word_1_782' title='bbox 3440 5151 3584 5218; x_wconf 73' lang='lat' dir='ltr'><strong>ips.s</strong></span> 
     </span>
    </p>
   </div>
   <div class='ocr_carea' id='block_1_112' title="bbox 2023 5235 3585 5309">
    <p class='ocr_par' dir='ltr' id='par_1_112' title="bbox 2023 5235 3585 5309">
     <span class='ocr_line' id='line_1_112' title="bbox 2023 5235 3585 5309; baseline -0.004 -15"><span class='ocrx_word' id='word_1_783' title='bbox 2023 5241 2309 5309; x_wconf 86' lang='lat' dir='ltr'><strong>pertinent,</strong></span> <span class='ocrx_word' id='word_1_784' title='bbox 2343 5248 2396 5291; x_wconf 86' lang='lat' dir='ltr'><strong>et</strong></span> <span class='ocrx_word' id='word_1_785' title='bbox 2444 5237 2542 5292; x_wconf 86' lang='lat' dir='ltr'><strong>sub</strong></span> <span class='ocrx_word' id='word_1_786' title='bbox 2592 5236 2670 5291; x_wconf 87' lang='lat' dir='ltr'><strong>eis</strong></span> <span class='ocrx_word' id='word_1_787' title='bbox 2701 5245 2848 5301; x_wconf 89' lang='lat' dir='ltr'><strong>sunt,</strong></span> <span class='ocrx_word' id='word_1_788' title='bbox 2886 5235 3091 5304; x_wconf 88' lang='lat' dir='ltr'><strong>hasque</strong></span> <span class='ocrx_word' id='word_1_789' title='bbox 3138 5251 3330 5290; x_wconf 80' lang='lat' dir='ltr'><strong>secure</strong></span> <span class='ocrx_word' id='word_1_790' title='bbox 3367 5247 3418 5288; x_wconf 92' lang='lat' dir='ltr'><strong>et</strong></span> <span class='ocrx_word' id='word_1_791' title='bbox 3443 5237 3585 5304; x_wconf 84' lang='lat' dir='ltr'><strong>judi-</strong></span> 
     </span>
    </p>
   </div>
   <div class='ocr_carea' id='block_1_113' title="bbox 2018 5325 3582 5398">
    <p class='ocr_par' dir='ltr' id='par_1_113' title="bbox 2018 5325 3582 5398">
     <span class='ocr_line' id='line_1_113' title="bbox 2018 5325 3582 5398; baseline -0.006 -12"><span class='ocrx_word' id='word_1_792' title='bbox 2018 5346 2143 5387; x_wconf 84' lang='lat' dir='ltr'><strong>care</strong></span> <span class='ocrx_word' id='word_1_793' title='bbox 2196 5340 2250 5384; x_wconf 91' lang='lat' dir='ltr'><strong>et</strong></span> <span class='ocrx_word' id='word_1_794' title='bbox 2300 5329 2555 5398; x_wconf 82' lang='lat' dir='ltr'><strong>dirigere,</strong></span> <span class='ocrx_word' id='word_1_795' title='bbox 2599 5344 2720 5381; x_wconf 86' lang='lat' dir='ltr'><strong>cum</strong></span> <span class='ocrx_word' id='word_1_796' title='bbox 2771 5336 2983 5397; x_wconf 87' lang='lat' dir='ltr'><strong>tempus</strong></span> <span class='ocrx_word' id='word_1_797' title='bbox 3027 5327 3216 5396; x_wconf 55' lang='lat' dir='ltr'><strong>exigit,</strong></span> <span class='ocrx_word' id='word_1_798' title='bbox 3266 5327 3480 5395; x_wconf 86' lang='lat' dir='ltr'><strong>quando</strong></span> <span class='ocrx_word' id='word_1_799' title='bbox 3515 5325 3582 5377; x_wconf 79' lang='lat' dir='ltr'><strong>a‘d</strong></span> 
     </span>
    </p>
   </div>
   <div class='ocr_carea' id='block_1_114' title="bbox 2019 5414 3582 5483">
    <p class='ocr_par' dir='ltr' id='par_1_114' title="bbox 2019 5414 3582 5483">
     <span class='ocr_line' id='line_1_114' title="bbox 2019 5414 3582 5483; baseline -0.006 -5"><span class='ocrx_word' id='word_1_800' title='bbox 2019 5439 2179 5478; x_wconf 88' lang='lat' dir='ltr'><strong>unam</strong></span> <span class='ocrx_word' id='word_1_801' title='bbox 2248 5437 2438 5477; x_wconf 87' lang='lat' dir='ltr'><strong>omnes</strong></span> <span class='ocrx_word' id='word_1_802' title='bbox 2496 5420 2825 5483; x_wconf 84' lang='lat' dir='ltr'><strong>referuntur,</strong></span> <span class='ocrx_word' id='word_1_803' title='bbox 2886 5418 3253 5472; x_wconf 86' lang='lat' dir='ltr'><strong>arbitrandum</strong></span> <span class='ocrx_word' id='word_1_804' title='bbox 3313 5424 3412 5468; x_wconf 91' lang='lat' dir='ltr'><strong>est.</strong></span> <span class='ocrx_word' id='word_1_805' title='bbox 3474 5414 3582 5468; x_wconf 84' lang='lat' dir='ltr'><strong>Sed</strong></span> 
     </span>
    </p>
   </div>
   <div class='ocr_carea' id='block_1_115' title="bbox 2017 5501 3581 5581">
    <p class='ocr_par' dir='ltr' id='par_1_115' title="bbox 2017 5501 3581 5581">
     <span class='ocr_line' id='line_1_115' title="bbox 2017 5501 3581 5581; baseline -0.01 -12"><span class='ocrx_word' id='word_1_806' title='bbox 2017 5515 2120 5569; x_wconf 89' lang='lat' dir='ltr'><strong>nisi</strong></span> <span class='ocrx_word' id='word_1_807' title='bbox 2149 5514 2410 5568; x_wconf 86' lang='lat' dir='ltr'><strong>adversus</strong></span> <span class='ocrx_word' id='word_1_808' title='bbox 2444 5519 2607 5581; x_wconf 84' lang='lat' dir='ltr'><strong>eaput</strong></span> <span class='ocrx_word' id='word_1_809' title='bbox 2635 5510 3004 5574; x_wconf 89' lang='lat' dir='ltr'><strong>obluctentur,</strong></span> <span class='ocrx_word' id='word_1_810' title='bbox 3036 5507 3294 5566; x_wconf 82' lang='lat' dir='ltr'><strong>maxime,</strong></span> <span class='ocrx_word' id='word_1_811' title='bbox 3327 5516 3450 5554; x_wconf 89' lang='lat' dir='ltr'><strong>cum</strong></span> <span class='ocrx_word' id='word_1_812' title='bbox 3476 5501 3581 5553; x_wconf 86' lang='lat' dir='ltr'><strong>illis</strong></span> 
     </span>
    </p>
   </div>
   <div class='ocr_carea' id='block_1_116' title="bbox 2021 5591 3578 5670">
    <p class='ocr_par' dir='ltr' id='par_1_116' title="bbox 2021 5591 3578 5670">
     <span class='ocr_line' id='line_1_116' title="bbox 2021 5591 3578 5670; baseline -0.01 -8"><span class='ocrx_word' id='word_1_813' title='bbox 2021 5605 2346 5670; x_wconf 83' lang='lat' dir='ltr'><strong>diﬁerentia,</strong></span> <span class='ocrx_word' id='word_1_814' title='bbox 2377 5604 2441 5658; x_wconf 89' lang='lat' dir='ltr'><strong>de</strong></span> <span class='ocrx_word' id='word_1_815' title='bbox 2486 5602 2608 5658; x_wconf 89' lang='lat' dir='ltr'><strong>ﬁdei</strong></span> <span class='ocrx_word' id='word_1_816' title='bbox 2641 5600 2985 5658; x_wconf 87' lang='lat' dir='ltr'><strong>confessione</strong></span> <span class='ocrx_word' id='word_1_817' title='bbox 3033 5596 3214 5650; x_wconf 89' lang='lat' dir='ltr'><strong>fuerit.</strong></span> <span class='ocrx_word' id='word_1_818' title='bbox 3248 5591 3402 5647; x_wconf 87' lang='lat' dir='ltr'><strong>Tune</strong></span> <span class='ocrx_word' id='word_1_819' title='bbox 3437 5592 3578 5646; x_wconf 87' lang='lat' dir='ltr'><strong>enim</strong></span> 
     </span>
    </p>
   </div>
  </div>
