4078 6258
449 400 543 467 251

1702 410 2101 473 MANUELIS
2139 413 2444 475 CALECZE

3586 407 3703 469 252

447 515 913 586 perniciosissimo
942 516 1129 574 divisa
1157 533 1187 573 a
1218 518 1417 588 capitis
1446 518 1650 587 glutino
1683 531 1735 575 et
1766 522 2011 576 vivilica-
2040 526 2085 580 Δ
2112 526 2401 593 prascindi
2455 523 2708 593 patietur.
2750 521 2933 591 Neque
2984 521 3127 575 enim
3175 520 3413 587 profecto
3463 518 3700 574 consilii

449 606 596 658 tione
640 606 897 660 decidunt
929 623 943 659 :
983 618 1267 675 metusque
1313 614 1416 671 est,
1458 622 1524 659 ne
1563 610 1804 676 pracisis
1842 627 2016 665 metnw

451 695 563 750 bris
587 736 604 759 ,
650 712 829 765 neque
876 696 1051 750 solum
1085 698 1310 751 absente
1348 697 1527 753 debita
1572 701 1885 765 concordia,
1919 700 2015 755 sed

452 786 614 840 etiam
643 796 908 853 prasente
935 786 1291 841 maximarum
1335 803 1512 843 rerum
1546 792 2015 859 contradictione;

453 886 650 944 prater
678 877 755 940 id,
793 878 935 945 quod
966 876 1105 931 nihil
1130 879 1357 946 possint.
1386 879 1682 947 gentilibus
1709 884 1870 936 etiam
1920 898 2019 951 pu-

454 967 790 1035 blicanisque
813 976 1287 1022 connumereutur.
1321 970 1536 1035 Quanto
1561 973 1703 1026 enim
1734 973 1801 1026 de
1843 975 2012 1042 majo-

454 1057 607 1112 ribus
660 1058 1021 1113 contradictio
1072 1059 1260 1124 fuerit,
1329 1071 1479 1116 tanto
1529 1070 1583 1117 et
1637 1064 2022 1119 condemnatio

456 1149 695 1203 deterior
736 1157 841 1203 est.
894 1147 1078 1240 Neque
1119 1152 1261 1203 enim
1307 1160 1513 1205 tantum
1550 1154 1615 1207 de
1646 1154 2020 1208 communibus

382 1236 387 1249 ’
456 1236 578 1292 istis
607 1236 926 1293 diﬂ’erentiis
955 1236 1251 1305 putandum
1291 1250 1394 1307 est,
1430 1256 1458 1294 a
1486 1241 1771 1298 Salvature
1802 1254 2018 1297 senten-

458 1327 612 1391 tiam,
644 1326 787 1395 quod
829 1325 1085 1383 Ecclesia
1119 1329 1600 1399 obtemperandum
1643 1335 1735 1397 sit,
1787 1350 2023 1402 pronun-

459 1415 645 1469 tiatam
680 1428 822 1481 esse,
866 1428 1126 1484 quantum
1156 1417 1225 1472 de
1252 1419 1571 1487 majoribus,
1616 1429 1671 1474 et
1707 1434 1825 1489 qua
1864 1420 2020 1488 primi

460 1506 515 1560 in
569 1505 809 1561 Ecclesia
862 1508 1167 1562 consistunt
1224 1510 1464 1575 ordinis;
1521 1510 1699 1579 qualia
1757 1522 1902 1574 sunt,
1954 1510 2024 1564 de

461 1593 827 1665 dogmatibus,
862 1611 926 1650 ex
958 1598 1154 1665 quibus
1186 1607 1267 1653 est
1291 1599 1452 1655 etiam
1487 1599 1551 1653 de
1581 1600 1753 1653 sancti
1788 1600 2027 1667 Spiritus

462 1684 813 1753 processione
870 1687 1263 1752 contradictio,
1327 1702 1424 1757 per
1485 1704 1646 1758 quam
1708 1696 1858 1743 tanto
1916 1688 2025 1757 jam

465 1783 708 1844 tempore
746 1775 1004 1832 Ecclesia
1040 1778 1316 1847 dissipata
1354 1777 1503 1833 sunt.

2117 616 2331 679 fuisset,
2366 616 2449 669 vel
2495 616 2709 685 quando
2742 614 2994 669 Ecclesia:
3029 613 3192 666 unita
3237 616 3394 666 erant
3444 608 3499 662 in
3564 611 3698 664 ﬁdei

2115 706 2477 769 confessione,
2517 705 2656 759 nulla
2690 706 2987 773 prascrtim
3020 704 3284 774 probabili
3313 705 3525 757 ratione
3569 704 3691 755 dis-

2122 799 2423 851 cessionem
2451 799 2730 861 suadente,
2775 812 2896 851 cum
2930 796 3015 850 his
3038 796 3128 865 qui
3162 805 3361 849 temere
3389 795 3697 858 ferrentur,

2117 888 2275 941 simul
2304 871 2468 941 dividi
2496 904 2510 955 ;
2544 888 2625 941 vel
2659 902 2779 941 cum
2812 887 2896 940 his
2938 887 3028 955 qui
3063 886 3224 940 modo
3258 895 3381 939 sunt
3411 894 3503 936 aut
3530 894 3698 936 antea

2118 978 2337 1033 fuerunt
2373 980 2691 1045 adversarii,
2734 979 2841 1032 ullo
2874 988 3032 1047 pacto
3072 978 3396 1032 commorari
3428 994 3443 1034 :
3474 992 3601 1030 cum
3641 985 3702 1028 et

2120 1070 2298 1132 modo,
2323 1079 2376 1121 et
2412 1079 2538 1122 tunc
2577 1070 2854 1135 aqualiter
2900 1069 3019 1122 ﬁdei
3054 1069 3264 1137 negotia
3305 1083 3362 1121 se
3397 1067 3646 1121 habeant
3684 1078 3699 1116 :

2120 1169 2491 1228 quantumque
2540 1161 2733 1213 attinet
2781 1159 2846 1213 ad
2882 1174 3131 1212 verarum
3174 1172 3351 1213 rerum
3397 1156 3703 1237 judicium,

2125 1250 2263 1325 apud
2302 1251 2594 1316 prudentes
2624 1249 2755 1304 nihil
2785 1249 3057 1304 differant.

2196 1339 2291 1393 Est
2341 1352 2519 1393 autem
2558 1355 2688 1394 sane
2743 1338 3137 1404 irrationabile,
3190 1340 3274 1394 his
3306 1340 3397 1407 qui
3430 1350 3704 1408 prmsunt,

2129 1430 2267 1483 alias
2302 1444 2360 1482 se
2400 1430 2555 1483 aliter
2599 1429 2943 1495 habentibus,
2977 1440 3032 1483 ut
3066 1429 3185 1484 illos
3227 1430 3454 1497 impetus
3487 1430 3705 1494 tulerit,

2125 1522 2525 1589 prascindique
2571 1522 2637 1575 ab
2672 1520 2918 1583 Ecclesia
2967 1520 3330 1589 cupientibus,
3362 1522 3498 1575 velle
3534 1528 3591 1573 et
3645 1536 3708 1573 se

2128 1628 2232 1667 una
2278 1613 2590 1681 prascindi.
2645 1612 2816 1678 Quasi
2854 1613 2906 1665 in
2952 1613 3166 1666 illorum
3212 1621 3475 1680 potestate
3505 1612 3603 1673 sit,
3647 1620 3708 1662 ut

2127 1704 2279 1767 libet,
2326 1713 2615 1773 utrumque
2667 1719 2866 1773 agere;
2918 1713 2970 1757 et
3002 1718 3104 1772 qua
3143 1703 3305 1756 velint
3337 1712 3567 1756 cateros
3601 1702 3700 1753 du-

2131 1811 2276 1861 cere,
2303 1795 2467 1850 veluti
2500 1797 2788 1865 mancipia,
2815 1796 3022 1850 sublata
3064 1796 3143 1849 eis
3177 1795 3229 1848 in
3263 1802 3468 1847 tantum
3504 1792 3707 1846 volun-

537 1865 743 1931 Quibus
777 1868 1019 1935 profecto
1049 1870 1120 1923 ita
1160 1870 1621 1939 contingentibus,
1654 1885 1759 1925 non
1790 1871 1948 1925 modo
1974 1871 2028 1925 in

2135 1888 2257 1942 tatis
2328 1888 2719 1956 sententiaque
2765 1887 3036 1951 libertate,
3065 1898 3124 1939 ut
3170 1901 3344 1953 neque
3388 1884 3705 1939 cuutrarias

467 1955 780 2026 integritate
829 1973 858 2011 a
914 1961 1088 2028 capite
1136 1959 1410 2023 Ecclesia,
1445 1961 1587 2029 quod
1638 1961 1892 2017 Christus
1924 1971 2029 2028 est,

468 2061 574 2101 non
610 2048 870 2102 viviﬁcari
902 2058 957 2103 et
993 2050 1316 2117 coalescere,
1348 2065 1535 2105 verum
1567 2061 1621 2105 et
1651 2052 1790 2117 quod
1833 2053 2032 2107 habere

467 2138 808 2205 videbantur,
835 2140 904 2194 ab
946 2141 1078 2209 ipsis
1121 2140 1325 2195 auferri
1372 2143 1803 2196 contestantibus
1851 2144 2031 2208 rebus,

470 2242 693 2285 necesse
734 2240 839 2284 est.
876 2232 956 2285 Ab
998 2246 1064 2286 eo
1108 2234 1249 2285 enim
1282 2271 1297 2296 ,
1344 2234 1435 2301 qui
1493 2249 1595 2286 non
1631 2233 1781 2286 habet
1814 2242 1862 2287 et
1895 2232 2032 2300 quod

469 2319 656 2373 habere
672 2320 908 2387 'vt'detur,
938 2324 1211 2389 auferetur
1236 2322 1299 2374 ab
1327 2338 1385 2375 eo
1414 2324 1481 2375 ".

539 2410 856 2479 Propterea,
884 2412 987 2464 etsi
1044 2427 1149 2465 non
1197 2412 1449 2477 pluribus
1481 2428 1545 2466 ex
1597 2413 1756 2469 Patre
1797 2425 1850 2469 et
1896 2414 2033 2471 Filio

471 2502 766 2567 procedere
816 2499 1071 2569 Spiritum
1112 2511 1356 2556 sanctum
1404 2518 1589 2557 verum
1635 2520 1776 2570 esse,
1816 2516 2033 2561 contra-

474 2591 691 2658 riasque
725 2591 963 2645 rationes
1012 2593 1143 2646 nihil
1184 2595 1382 2659 dicere,
1423 2603 1697 2649 ostensum
1745 2604 1909 2660 esset,
1946 2614 2033 2654 res

471 2683 590 2751 ipsa
624 2682 878 2737 Ecclesia
927 2692 1135 2750 tamen,
1185 2694 1242 2737 ut
1270 2686 1472 2739 dictum
1527 2694 1633 2750 est,
1665 2680 1873 2741 ‘dubios
1906 2703 2033 2755 per-

472 2771 705 2827 suadere
758 2770 1060 2837 sufficeret,
1112 2775 1400 2843 omniaque
1448 2774 1517 2828 ab
1570 2776 1681 2845 ipsa
1740 2778 2031 2845 declarata,

472 2860 718 2930 singulos
769 2861 906 2927 nihil
962 2862 1278 2916 reluctando
1327 2862 1606 2931 suscipere
1653 2864 1889 2932 deceret,
1937 2868 2031 2921 sed

472 2952 911 3008 Christianorum
942 2954 1182 3008 omnium
1213 2963 1378 3023 caput
1409 2955 1578 3023 ipsam
1618 2956 1947 3019 arbitrando,
1981 2965 2037 3011 et

475 3057 637 3111 quam
673 3045 728 3097 in
778 3044 901 3098 ﬁdei
954 3043 1232 3113 Symbolo,
1267 3061 1449 3109 unam,
1490 3054 1756 3111 sanctam,
1808 3048 2036 3102 catholi-
2088 3084 2097 3091 .

472 3149 592 3187 cam
624 3145 679 3186 et
711 3135 1060 3202 apostolicam
1095 3136 1387 3190 Ecclesium
1417 3139 1741 3205 accepimus,
1767 3153 1882 3193 eam
1916 3154 2035 3195 esse

473 3223 787 3287 asserendo,
812 3224 887 3277 ita
912 3225 1236 3279 catholicam
1263 3226 1419 3280 ﬁdem
1448 3230 1742 3295 continere,
1768 3232 2035 3295 confiteri,

476 3314 565 3368 illa
599 3315 866 3369 tutissime
914 3316 1163 3381 ducente,
1211 3317 1445 3372 maxime
1489 3320 1535 3372 sl
1579 3321 1701 3387 quis
1750 3320 1911 3375 etiam
1965 3323 2034 3376 ad

478 3406 759 3460 nationum
815 3407 1238 3473 multitudinem,
1282 3424 1403 3479 qua
1440 3410 1584 3464 illaut
1638 3414 1905 3481 sequitur,
1951 3415 2037 3468 in-

479 3505 695 3551 tueatur
724 3514 739 3551 :
772 3498 1017 3567 plurimis
1050 3500 1265 3568 quidem
1305 3501 1354 3555 in
1388 3502 1471 3556 his
1503 3503 1731 3557 humana
1762 3519 1825 3559 ac
1858 3505 2037 3560 divina

479 3586 765 3656 sapientia,
816 3596 1077 3657 quantum
1131 3590 1331 3644 homini
1366 3592 1624 3660 possibile
1673 3602 1775 3655 est,
1832 3609 2040 3651 summe

477 3677 890 3742 excellentibus,
923 3679 1171 3748 plurimis
1213 3681 1342 3737 item
1382 3683 1437 3737 in
1469 3673 1648 3739 sacro'
1674 3694 1728 3739 et
1784 3686 2037 3756 religioso

479 3770 664 3825 habitu
698 3784 793 3838 per
838 3770 1165 3826 monasteria
1201 3773 1541 3843 degentibus',
1571 3784 1626 3830 et
1659 3776 1711 3828 in
1764 3775 1879 3844 lege
1931 3778 2039 3831 Do-

480 3861 611 3929 mini
645 3861 732 3916 die
766 3875 829 3915 ac
860 3869 1019 3916 nocte
1050 3861 1457 3920 meditantibus.
1496 3866 1601 3919 Sed
1643 3876 1819 3920 tamen
1848 3878 2037 3922 osten-

479 3965 601 4005 sum
654 3960 760 4014 est,
814 3950 983 4005 fuisse
1031 3961 1265 4019 tempus,
1317 3955 1532 4020 quando
1564 3955 1820 4010 Ecclesia
1868 3958 2034 4011 unita

478 4054 656 4107 erant,
687 4052 742 4097 et
768 4042 889 4097 ﬁdei
925 4042 1241 4113 Symbolum
1287 4047 1429 4114 apud
1465 4047 1620 4100 istam
1653 4047 1947 4117 legebatur,
1979 4058 2040 4103 ut

480 4136 639 4188 modo
669 4135 885 4203 legitur.

554 4212 1015 4288 Quemadmodum
1070 4225 1239 4295 igitur
1305 4226 1390 4281 his
1433 4226 1525 4294 qui
1581 4226 1754 4295 primo
1789 4228 2038 4303 Ecclesia

484 4313 723 4367 membra
758 4315 999 4369 dividere
1031 4315 1299 4379 volebant,
1332 4324 1385 4369 et
1431 4330 1527 4384 pro
1559 4318 1668 4370 suis
1699 4318 1979 4372 desideriis
2009 4337 2037 4371 a

484 4403 755 4455 communi
816 4412 960 4457 C(Bllt
1021 4403 1275 4457 Ecclesia
1330 4404 1806 4470 abscindebantur,
1861 4408 2038 4462 nullus

2133 1993 2311 2033 rerum
2349 1980 2691 2057 .mutationcs
2752 1980 2832 2035 eis
2889 1980 3201 2034 discernere
3262 1980 3452 2040 liceat,
3520 1983 3707 2045 ncqtre

2133 2081 2336 2126 rectam
2376 2071 2700 2126 sententiam
2729 2071 2947 2140 eligere,
2973 2084 3253 2141 pravaquc
3280 2069 3557 2136 praeferre.

2202 2184 2389 2240 Nullus
2418 2199 2547 2254 ergo
2578 2184 2683 2238 erit
2717 2193 2823 2237 tam
2856 2184 3286 2254 iniquus-judex.
3326 2195 3382 2238 ut
3417 2185 3522 2238 illis
3565 2185 3707 2254 qui—

2134 2275 2256 2328 dem
2287 2284 2341 2328 et
2370 2274 2527 2328 saluti
2557 2273 2831 2327 contraria
2859 2274 3023 2328 licere
3064 2274 3281 2343 aggredi
3327 2283 3553 2338 statuat,
3593 2290 3701 2328 ca-

2137 2367 2266 2421 tcris
2295 2374 2474 2418 autem
2520 2364 2683 2417 saluti
2723 2372 2779 2418 et
2805 2364 3084 2418 securitati
3119 2378 3231 2418 sua
3267 2363 3704 2423 consulentibus.

2134 2474 2241 2513 non
2296 2456 2462 2511 licere
2518 2456 2660 2524 quod
2714 2455 2785 2508 sit
2842 2455 3069 2510 rationis
3122 2456 3343 2523 eligere.
3395 2453 3583 2522 Neque
3629 2455 3708 2508 illi

2133 2546 2375 2615 quidem,
2402 2555 2622 2612 propter
2652 2559 2804 2597 suam
2836 2545 3109 2599 levitatem
3146 2553 3201 2599 et
3245 2547 3705 2607 inconstantiam,

2135 2637 2253 2692 sine
2301 2634 2406 2688 ulla
2461 2635 2668 2688 ratione
2702 2636 2964 2690 unitatem
3015 2637 3339 2698 dividentes,
3387 2636 3708 2704 opinionem

2135 2725 2436 2794 prudentia
2470 2724 2775 2790 habebunt;
2827 2726 2917 2794 qui
2972 2740 3097 2781 vero
3140 2725 3282 2781 hanc
3316 2726 3535 2780 omnino
3584 2740 3708 2779 scr-

2136 2831 2264 2870 vare
2308 2814 2610 2883 elcgerunt,
2668 2816 2907 2871 deterius
2962 2818 3300 2872 consuluisse
3349 2817 3706 2872 videbuntur.

2140 2906 2307 2961 Multo
2342 2908 2486 2961 enim
2514 2907 2700 2975 magis
2734 2908 2817 2961 his
2848 2908 2937 2976 qui
2976 2909 3027 2961 in
3064 2910 3205 2963 bono
3234 2910 3455 2963 unitatis
3492 2925 3709 2978 perma-

2137 3007 2286 3061 nent,
2322 2997 2435 3052 sive
2466 2998 2631 3052 etiatu
2680 2999 2746 3052 ad
2782 2998 2927 3053 illam
2973 3000 3218 3064 redeunt,
3248 3000 3337 3068 jus
3371 3010 3534 3069 atque
3562 3001 3708 3053 ratio

2138 3089 2331 3151 aderit,
2369 3104 2529 3158 quam
2570 3090 2654 3145 his
2693 3090 2783 3159 qui
2835 3101 3021 3145 contra
3053 3105 3211 3145 omne
3264 3091 3345 3146 fas
3380 3106 3711 3159 omnemque

2064 3170 2107 3230 C
2140 3194 2384 3233 normam
2426 3179 2597 3234 divisa
2644 3178 2882 3235 Ecclesia
2929 3181 3289 3235 communiter
3330 3189 3384 3236 et
3427 3180 3709 3249 privatim,

2144 3270 2424 3326 seditionis
2474 3284 2536 3324 ac
2570 3269 2871 3335 divisionis,
2908 3270 3281 3338 malorumque
3325 3270 3564 3323 omnium
3608 3284 3707 3321 au-

2144 3372 2322 3419 ctores
2356 3360 2508 3416 ﬁunt.
2538 3360 2596 3415 Si
2646 3362 2789 3415 enim
2823 3362 2909 3416 his
2941 3362 3102 3415 dividi
3144 3376 3241 3429 pro
3269 3362 3542 3416 voluntate
3572 3362 3707 3414 lice-

2145 3451 2244 3517 bit,
2281 3460 2335 3506 et
2389 3451 2497 3506 illis
2528 3452 2738 3506 ratione
2784 3451 2949 3505 licere
2997 3468 3100 3506 non
3136 3451 3301 3505 dividi
3353 3452 3586 3505 dabitur.
3640 3450 3710 3503 Et

2146 3542 2307 3598 simul
2348 3543 2691 3611 perSpicuum
2731 3550 2835 3605 est,
2863 3542 2986 3611 quia
3016 3541 3157 3595 nulla
3198 3541 3434 3611 synodus
3470 3556 3708 3610 unquam
3774 3555 3779 3559 ‘

2148 3614 2288 3686 facie
2319 3640 2423 3694 est,
2462 3631 2516 3685 in
2550 3646 2652 3700 qua
2686 3630 3014 3685 declaratum
3057 3630 3127 3684 sit
3170 3629 3477 3685 Occidentis
3527 3629 3711 3683 Eccle-

2150 3724 2283 3779 siam
2332 3722 2636 3778 hareticum
2678 3735 2818 3784 esse,
2851 3719 3197 3789 Romanoque
3228 3719 3493 3789 pontiﬁci,
3532 3719 3709 3773 eccle-

2149 3816 2380 3871 siasticis
2430 3815 2535 3881 sibi
2584 3815 2650 3867 ab
2698 3812 2852 3867 initio
2882 3813 3156 3867 concessis
3203 3811 3498 3881 privilegiis
3543 3810 3707 3878 justis

2149 3910 2224 3963 uti
2259 3923 2365 3963 non
2412 3907 2608 3971 licere;
2638 3920 2811 3975 neque
2843 3904 2944 3969 illi,
2975 3903 3126 3973 juxta
3160 3902 3417 3959 Ecclesia
3453 3903 3705 3972 antiquas

2150 3999 2481 4061 sanctiones,
2509 4011 2699 4051 omnes
2723 3996 2944 4051 obedire
2981 4004 3249 4064 oportere.

2221 4108 2318 4163 Est
2345 4124 2476 4179 ergo
2499 4108 2871 4163 irrationabile
2910 4116 2965 4163 et
2997 4106 3481 4170 inconsideratum,
3510 4106 3709 4161 discis-

2149 4201 2356 4263 sionem
2419 4200 2563 4253 nulla
2615 4198 2879 4268 probabili
2939 4199 3148 4253 ratione
3195 4198 3477 4259 suadente,
3536 4214 3711 4268 neque

2149 4291 2357 4360 synodo
2407 4288 2515 4342 ulla
2573 4297 2763 4342 contra
2816 4287 2961 4341 illam
3011 4288 3309 4343 Ecclesiam
3359 4288 3465 4342 ullo
3497 4289 3549 4342 in
3590 4289 3709 4343 loco

2143 4380 2467 4436 sententiam
2492 4381 2731 4445 ferente;
2758 4392 2849 4433 eos
2881 4380 3053 4448 sequi,
3084 4394 3219 4448 quos
3250 4379 3499 4433 voluntas
3523 4389 3578 4433 et
3611 4393 3706 4432 sua

489 4502 665 4545 meme
720 4504 776 4547 ει
838 4493 1046 4548 ratione
1098 4494 1352 4563 pmdims
1400 4497 1730 4564 consemire’
1774 4499 2042 4566 simulque
2071 4498 2120 4557 ι)
2146 4472 2336 4526 levitas
2369 4471 2709 4535 circumfert,
2742 4470 2983 4539 nihilque
3018 4471 3253 4524 Validum
3296 4486 3361 4525 ac
3391 4470 3709 4525 rationabile

486 4595 607 4633 cum
660 4582 763 4636 illis
794 4581 1033 4636 abscindi
1086 4583 1337 4651 voluisse,
1371 4601 1492 4640 cum
1545 4587 1685 4641 nulla
1727 4588 1778 4643 id
1810 4590 2044 4643 rationa-

474 4669 609 4747 bilis
650 4671 863 4725 occasio
894 4683 1211 4741 suggereret
1245 4690 1257 4727 :
1310 4674 1404 4728 sed
1440 4685 1534 4728 aut
1578 4675 1892 4732 divisionem
1946 4693 2043 4745 po-

486 4759 593 4812 tius
639 4760 898 4828 impedire
944 4763 1281 4828 tentavisset,
1326 4770 1464 4818 srcut
1498 4764 1709 4831 plurimi
1742 4774 1866 4820 tunc
1911 4775 2046 4822 tem-

485 4851 655 4916 poris,
709 4852 799 4920 qui
854 4867 950 4921 pro
1006 4853 1235 4909 veritate
1285 4862 1338 4909 et
1378 4854 1631 4910 Ecclesia
1666 4859 2045 4913 communione

484 4952 793 4997 steterunt:
832 4951 926 4997 aut
961 4945 1165 4999 malitia
1208 4944 1571 5001 invalescente
1598 4946 1921 5017 caterisque
1951 4964 2045 5019 per

488 5033 782 5099 praecipitia
808 5034 1083 5099 euntibus,
1109 5038 1227 5115 ipse
1253 5051 1417 5104 super
1448 5046 1654 5105 petram
1686 5046 1856 5103 stans,
1881 5049 2045 5109 atque

487 5121 741 5175 unionem
789 5137 948 5190 quam
1000 5124 1115 5177 heri
1150 5133 1204 5179 et
1250 5126 1643 5181 nudiustertius
1674 5141 1793 5182 cum
1833 5130 2045 5183 caeteris

486 5213 705 5266 amabat
749 5221 911 5281 atque
938 5214 1260 5281 honorabat,
1296 5228 1542 5284 servans,
1582 5217 1834 5272 Ecclesia
1862 5219 2042 5275 unitus

485 5316 628 5358 esset
659 5323 672 5359 :
709 5306 780 5358 ita
816 5316 868 5359 et
898 5322 1061 5373 nunc,
1099 5308 1143 5362 si
1177 5310 1298 5378 quis
1346 5306 1403 5363 se
1454 5298 1625 5374 ipsum
1682 5326 1745 5365 eo
1782 5321 2041 5381 tempore,

484 5414 591 5467 quo
631 5398 885 5454 Ecclesia
929 5400 1115 5455 divisae
1164 5413 1308 5467 sunt,
1356 5402 1523 5457 fuisse
1579 5403 1806 5470 ﬁngens,
1842 5406 1907 5456 ad
1961 5418 2045 5457 res

483 5506 607 5542 cum
644 5492 853 5546 ratione
884 5494 1157 5561 respiciat,
1182 5492 1341 5546 saluti
1386 5504 1438 5546 et
1480 5495 1755 5547 securitati
1786 5509 1895 5549 sua
1925 5510 2047 5564 pro-

484 5581 737 5647 .spieieus,
782 5584 926 5637 nulla
964 5585 1175 5638 ratione
1214 5585 1282 5637 ab
1330 5584 1750 5638 Orcilentalium
1806 5585 2043 5641 Ecclesia

558 5762 603 5790 “
626 5761 813 5815 Matth.
844 5780 966 5825 xxv,
998 5765 1091 5816 Ἦ).

2147 4563 2408 4628 inferunt,
2461 4564 2568 4616 imo
2606 4570 2660 4617 et
2697 4559 2929 4631 plurima
2962 4562 3180 4630 quidem
3230 4560 3377 4626 ﬁdei,
3409 4561 3709 4615 catholico-

2145 4669 2375 4722 rumque
2407 4653 2711 4715 doctorum,
2766 4662 2831 4705 ex
2871 4650 3140 4719 superflua
3178 4661 3231 4704 et
3285 4650 3427 4704 fatua
3483 4658 3708 4704 conten-

2148 4743 2318 4808 tione,
2348 4742 2543 4811 partim
2576 4740 2855 4807 auferunt,
2881 4740 3074 4809 partim
3105 4749 3292 4795 contra
3333 4740 3540 4808 seipsos
3575 4755 3707 4793 con-

2148 4835 2285 4889 ﬁteri
2318 4842 2606 4902 coguntur.
2659 4832 2950 4889 Enimvero
2982 4834 3124 4901 quod
3157 4843 3347 4902 putant
3392 4832 3503 4895 isti,
3535 4832 3706 4901 pluri-

2147 4942 2266 4982 mos
2297 4925 2664 4981 contentionis
2695 4940 2805 4979 sua
2850 4926 3026 4979 socios
3060 4926 3344 4994 episcopos
3397 4925 3707 4991 opinionem

2147 5034 2301 5075 suam
2331 5018 2464 5074 satis
2489 5018 2773 5080 roborarc,
2798 5016 3083 5071 ridiculum
3106 5027 3187 5072 est
3220 5035 3233 5071 :
3261 5017 3413 5087 quasi
3444 5032 3548 5071 non
3572 5015 3710 5084 apud

2148 5109 2444 5162 Romanam
2478 5106 2773 5162 Ecclesiam
2805 5107 3043 5174 episcopi
3071 5108 3237 5161 totius
3274 5107 3423 5161 orbis
3452 5107 3707 5161 ordinen-

2148 5207 2256 5262 tur,
2293 5196 2381 5266 qui
2434 5197 2515 5251 vel
2567 5195 2873 5251 nominibus
2918 5197 3061 5265 ipsas
3106 5196 3394 5267 dignitates
3421 5206 3705 5261 exornent,

2148 5287 2391 5343 Ecclesia
2459 5288 2736 5358 antiquum
2800 5288 3043 5342 ordinem
3122 5302 3219 5354 per
3285 5287 3465 5343 omnia
3528 5298 3707 5341 cusm-

2147 5378 2344 5435 diciitc.

2226 5495 2397 5549 Porro
2436 5494 2479 5548 si
2515 5494 2657 5563 quis,
2689 5495 2829 5564 quod
2871 5493 2984 5548 loca
3020 5493 3132 5560 ipsa
3165 5507 3267 5546 non
3299 5499 3536 5556 teneant,
3573 5490 3709 5558 obji-

2152 5602 2273 5643 ccrc
2305 5587 2453 5653 velit,
2486 5587 2715 5654 primum
2760 5585 2975 5655 quidem
3011 5598 3114 5639 non
3161 5596 3224 5637 ex
3263 5581 3380 5637 loco
3415 5580 3711 5637 Sacerdotis
