4114 6306
372 307 481 370 253

1414 307 1812 369 anvsasus
1845 307 2164 370 GRAECOS
2197 293 2342 371 LIB.
2384 309 2489 372 1v.

3489 305 3596 367 254

377 420 608 488 dignitas
631 417 959 474 habentibus
982 417 1258 486 provenit;
1287 417 1440 472 aliter
1467 421 1609 473 enim
1635 429 1688 473 et
1711 421 1800 489 qui
1831 419 1930 472 ista
1961 424 2006 480 Α
2035 423 2517 494 Ium'pcrtinaciter
2536 419 2836 489 huiusmodi
2867 419 3073 475 veritati
3098 415 3594 481 indicerezottauta

377 509 584 572 dicunt,
622 523 751 562 suos
779 509 1062 592 episcopos
1089 507 1293 570 tollent,
1343 509 1434 578 qni
1472 509 1775 563 nominibus
1801 509 1932 563 solis

373 601 722 669 participant,
776 600 933 654 rebus
986 600 1177 669 privati
1214 616 1231 658 :
1269 599 1538 668 simulque
1582 603 1648 653 ab
1695 601 1783 654 illo
1814 601 1931 668 epi-

374 697 654 756 scopatum
686 687 961 756 consequi,
999 702 1027 739 a
1073 703 1180 756 quo
1211 697 1267 740 et
1309 688 1427 739 aliis
1457 687 1710 741 omnibus
1743 702 1929 741 sacer-

374 778 505 831 dotii
535 777 766 844 dignitas
809 789 911 839 est,
947 787 1118 830 totum
1157 775 1402 843 profecto
1428 777 1588 830 valet.
1634 776 1839 830 Deinde
1878 784 1934 830 et

369 871 458 936 qui
495 870 738 921 videnlur
769 869 979 922 throuis
1008 869 1317 936 prtesidere,
1357 882 1385 919 a
1416 867 1611 936 quibus
1645 868 1935 920 nominan-

369 969 478 1023 tur,
519 959 836 1026 uignitatem
877 959 1009 1013 solis
1057 959 1368 1011 nominibus
1403 958 1523 1011 sine
1575 959 1736 1010 rebus
1779 959 1939 1010 ador-

369 1058 520 1111 nant,
546 1062 666 1098 cum
708 1047 962 1102 civitates
994 1048 1123 1114 ipsa:
1174 1056 1298 1099 ante
1338 1046 1630 1113 plurimum
1683 1047 1938 1112 temporis

370 1137 437 1188 ab
467 1135 771 1191 inﬁdelibus
793 1147 961 1204 capta:
1001 1151 1065 1192 ac
1102 1137 1200 1190 sub
1229 1138 1417 1205 jugum
1460 1137 1637 1190 missae
1673 1145 1816 1190 sunt.
1859 1137 1936 1189 Ex

373 1243 479 1295 quo
537 1228 594 1279 tit
652 1237 713 1280 ut
778 1228 1055 1297 imperitia
1109 1227 1331 1291 sensim,
1388 1237 1442 1281 et
1495 1227 1827 1292 rusticitate,
1886 1235 1941 1280 et

373 1329 567 1369 cetera
629 1332 840 1371 morum
897 1316 1245 1386 corruptione
1290 1325 1589 1379 crescente,
1620 1331 1686 1370 ne
1730 1317 1936 1386 simpli-

379 1412 598 1463 cissima
635 1409 851 1474 quidem
902 1408 1022 1462 ﬁdei
1056 1411 1194 1477 apud
1219 1407 1344 1463 illos
1372 1410 1674 1463 rudimenta
1709 1423 1940 1462 noscan-

376 1511 462 1550 tur
483 1541 496 1561 ,
531 1499 850 1566 nomineque
877 1499 1073 1566 potius,
1102 1512 1263 1567 quam
1292 1512 1349 1550 re
1375 1497 1665 1552 Christiani
1698 1497 1766 1551 ibi
1803 1499 1938 1552 sint.

444 1590 496 1643 Si
535 1591 694 1656 igitur
721 1592 820 1644 hos
871 1589 1070 1645 habere
1109 1589 1405 1645 concordes
1439 1604 1692 1659 magnum
1736 1589 1935 1658 aliquid

373 1681 439 1732 ad
473 1680 792 1733 divisionem
822 1680 994 1744 valet;
1024 1688 1076 1734 et
1110 1678 1424 1734 Occidentis
1457 1678 1699 1733 Ecclesia
1747 1679 1943 1732 nihilo-

2032 514 2229 569 divina:
2256 511 2641 583 indignationis
2676 511 3104 566 animadversio?
3131 518 3332 577 quanta
3370 509 3592 560 damna-

2033 603 2104 658 tis
2137 605 2220 659 bis
2246 603 2337 671 qui
2371 612 2624 657 auctores
2653 600 2906 654 falsitatis
2934 597 3362 667 praecesserunt?
3387 606 3592 664 quanta

2037 697 2164 752 item
2194 695 2548 764 sequentibus
2577 691 2852 747 inferenda
2885 691 3005 746 est?
3032 690 3122 759 qui
3150 702 3412 758 quantum
3453 687 3506 739 in
3535 700 3596 741 se

2037 797 2142 850 est,
2194 791 2479 838 commune
2530 796 2729 853 corpus
2787 781 3046 835 Ecclesiae
3106 775 3371 842 dividunt,
3426 789 3597 843 seque

2037 877 2187 946 ipsos
2240 875 2420 929 lacera
2457 873 2713 929 Ecclesia.-
2758 872 2996 926 membra
3031 869 3365 924 constituunt
3410 883 3425 920 :
3474 867 3594 920 Non

2037 967 2208 1020 solum
2262 966 2420 1026 enim,
2477 965 2670 1033 inquit,
2703 964 2793 1030 qui
2841 963 2983 1015 mala
3037 957 3374 1031 faciunt,sed
3414 965 3464 1011 et
3507 949 3597 1024 qui

2036 1059 2192 1110 malis
2244 1057 2593 1119 consentiunt,
2647 1054 2796 1125 digni
2846 1061 2970 1107 sunt
3020 1060 3186 1104 morte
3217 1051 3288 1104 ⁸³.
3343 1047 3476 1100 Nam
3530 1049 3597 1102 de

2039 1150 2209 1200 otioso
2257 1147 2408 1200 verbo
2458 1146 2719 1198 rationem
2769 1142 3028 1196 reddituri
3070 1154 3255 1194 sumus
3275 1137 3361 1189 ’δε
3398 1145 3454 1190 et
3484 1135 3597 1186 sine

2038 1240 2142 1308 ﬁde
2191 1237 2436 1306 possibile
2482 1253 2584 1289 non
2619 1246 2693 1290 est
2724 1235 2931 1304 placere
2984 1233 3113 1297 Deo,
3162 1240 3218 1284 ut
3267 1230 3341 1282 ait
3391 1227 3596 1281 Paulus

2038 1329 2311 1399 apostolus
2350 1329 2417 1382 ".
2471 1325 2535 1395 Et
2583 1342 2749 1380 meus
2797 1327 2844 1380 si
2891 1339 3085 1378 ciccum
3130 1323 3310 1379 ducat,
3353 1316 3502 1370 ambo
3540 1316 3595 1367 in

2041 1421 2243 1488 {aream
2275 1420 2469 1472 eadunt
2493 1418 2573 1481 ";
2604 1426 2861 1485 quantum
2913 1415 2968 1468 in
3016 1409 3319 1480 huiusmodi
3357 1405 3597 1461 caecitate

2045 1508 2346 1580 periculum
2388 1509 2495 1562 illis
2529 1521 2650 1561 esse
2689 1505 3040 1565 arbitramur.
3083 1502 3171 1571 qui
3207 1510 3351 1554 tanta
3381 1499 3597 1551 levitate

2043 1602 2313 1662 feruntur,
2345 1613 2408 1652 ac
2443 1599 2677 1650 maxime
2706 1595 2943 1664 praelatis
2974 1593 3247 1656 Ecclesiae,
3289 1603 3420 1656 quos
3455 1588 3598 1656 vigi-

2047 1693 2161 1746 lare
2189 1704 2284 1758 pro
2325 1688 2446 1740 aliis
2478 1685 2672 1739 Paulus
2709 1684 2936 1745 monuit,
2985 1691 3169 1749 utpote
3204 1679 3464 1732 rationem
3498 1690 3598 1745 pro

374 1771 550 1824 minus
589 1777 804 1824 eosdem
861 1785 959 1839 pro
1009 1785 1068 1825 se.
1116 1772 1376 1839 proferet,
1429 1780 1596 1840 atque
1642 1785 1708 1826 eo
1749 1771 1940 1840 magis,

2044 1779 2150 1838 illis
2200 1779 2503 1834 reddituros
2540 1775 2586 1808 ’⁷
2627 1791 2642 1827 :
2678 1784 2731 1827 et
2776 1789 2803 1826 n
2837 1773 3052 1840 quibus,
3101 1771 3202 1825 nisi
3242 1770 3595 1839 vigilaverint,

372 1876 478 1929 quo
512 1849 564 1913 et
599 1860 852 1916 doctores
893 1876 1079 1916 sacros
1109 1876 1205 1930 pro
1242 1877 1299 1916 se
1333 1862 1578 1916 habent:
1617 1870 1673 1916 et
1707 1861 1808 1928 ipsi
1847 1876 1941 1930 per

373 1966 451 2012 se,
488 1951 556 2004 de
586 1951 786 2018 quibus
834 1951 1140 2017 culpantur,
1173 1951 1435 2006 rationem
1495 1950 1658 2006 facile
1712 1952 1941 2005 reddere

373 2049 600 2106 possunt
629 2057 644 2093 :
680 2042 938 2108 quocirca
983 2057 1138 2096 nemo
1172 2056 1283 2096 suae
1310 2041 1500 2096 salutis
1540 2042 1753 2105 avidus,
1779 2041 1941 2110 eliget

380 2147 485 2183 una
525 2147 646 2185 cum
694 2133 806 2185 suis
856 2131 1046 2196 dividi,
1097 2131 1292 2201 partim
1343 2131 1559 2200 quidem
1617 2145 1936 2202 persuasum

375 2219 603 2282 habens,
649 2218 900 2273 Ecclesiae
947 2235 1041 2288 per
1067 2221 1244 2274 omnia
1276 2221 1756 2289 obtemperandum
1793 2235 1937 2285 esse,

370 2321 425 2363 et
474 2311 567 2378 qui
607 2325 710 2364 non
747 2310 1100 2378 obtemperet,
1132 2323 1255 2364 eum
1309 2311 1450 2364 inter
1495 2311 1746 2365 ethnicos
1776 2311 1941 2378 proji-

371 2403 664 2464 eiendum;
724 2402 920 2470 partim
984 2414 1132 2461 vero,
1191 2400 1588 2456 confessionem
1641 2401 1708 2454 dc
1753 2402 1934 2455 sancti

375 2493 608 2559 Spiritus
647 2493 994 2560 processione
1021 2507 1086 2547 ex
1132 2489 1294 2546 Patre
1318 2499 1372 2546 et
1403 2491 1559 2554 Filio,
1598 2492 1842 2560 plurimis
1869 2507 1938 2546 ex

376 2584 511 2635 locis
539 2597 717 2635 veram
748 2596 890 2648 esse,
932 2590 986 2636 et
1016 2581 1180 2636 saluti
1212 2582 1567 2637 necessariam
1594 2583 1937 2637 animadver-

378 2686 518 2727 iens.

452 2763 662 2828 Quibus
695 2765 966 2818 veraciter
990 2777 1054 2818 ac
1085 2763 1312 2819 llrmiter
1347 2763 1626 2831 subjectis,
1667 2779 1938 2834 nunquam

385 2853 631 2921 profecto
663 2854 807 2907 circa
851 2854 1126 2908 exteriora
1173 2855 1479 2909 turbabitur
1512 2855 1671 2924 hujus
1698 2856 1940 2911 veritatis

385 2944 679 2997 studiosus.
723 2942 859 2998 Aliis
899 2943 1113 3012 quidem
1146 2953 1362 3012 propter
1395 2946 1832 3000 consuetudinem
1871 2949 1938 3001 ab

2039 1874 2268 1930 aliorum
2321 1867 2562 1938 sanguis,
2604 1866 2754 1934 juxta
2803 1865 3097 1934 Scriptum
3135 1862 3476 1923 sententiam,
3509 1874 3570 1915 re

2040 1965 2290 2032 quiretur
2319 1961 2366 1994 ⁸⁸
2383 1959 2408 2011 τ
2466 2024 2473 2034 _

2113 2052 2482 2121 Recogitanda
2522 2051 2648 2104 item
2684 2056 2768 2104 est
2799 2047 3113 2102 Scribarum
3169 2042 3598 2097 Pharisaeorum.

2041 2159 2148 2214 que
2177 2142 2590 2205 condemnatio;
2629 2140 2772 2209 quod
2803 2150 2974 2204 neque
3008 2136 3104 2205 ipsi
3139 2133 3596 2202 ingrediebantur,

2041 2245 2095 2290 et
2141 2235 2232 2304 qui
2280 2233 2571 2286 voluissent
2604 2228 2836 2299 ingredi,
2883 2227 3026 2281 viam
3063 2223 3305 2278 veritatis
3349 2220 3600 2290 prohibe-

2040 2325 2167 2379 bant
2194 2325 2262 2377 ”.
2314 2322 2371 2375 Si
2407 2331 2583 2376 autem
2627 2319 3056 2400 Chrysostomus
3101 2312 3446 2368 beatissimus
3487 2325 3598 2400 pro

2040 2411 2213 2466 vidua
2251 2409 2372 2478 jure
2405 2410 2458 2462 ln
2515 2416 2721 2460 tantum
2773 2415 2960 2460 contra
3020 2401 3248 2471 injurias
3295 2399 3594 2466 potentium

2040 2503 2297 2571 perstitit,
2343 2510 2402 2553 ut
2452 2508 2506 2553 et
2560 2501 2686 2552 sede
2726 2505 2779 2550 et
2836 2495 3054 2549 civitate
3104 2494 3393 2562 fugaretur,
3438 2489 3595 2558 quasi

2041 2593 2306 2663 quispiam
2368 2589 2584 2656 iniquus
2615 2596 2668 2641 et
2703 2585 2944 2655 perditus
2978 2599 2994 2639 :
3042 2582 3313 2652 quomodo
3346 2595 3453 2633 non
3497 2593 3596 2648 pro

2039 2682 2161 2750 jure
2215 2679 2457 2734 veritatis
2509 2692 2571 2731 ac
2624 2675 2743 2729 lidei
2802 2674 2980 2728 omnia
3032 2682 3085 2725 et
3137 2673 3316 2725 facere
3374 2677 3431 2724 et
3467 2666 3594 2736 ’pati

2044 2780 2289 2841 prompte
2322 2778 2374 2824 et
2400 2768 2655 2822 alacriter
2683 2765 2976 2818 convenit?
3019 2762 3154 2828 lino,
3189 2760 3459 2828 quomodo
3489 2773 3596 2812 non

2044 2861 2244 2916 imitari
2269 2860 2422 2914 decet
2444 2869 2695 2912 sanetum
2739 2853 3112 2915 Athanasium,
3140 2851 3228 2920 qui
3267 2865 3387 2904 cum
3415 2863 3512 2918 per
3541 2849 3595 2902 id

2044 2951 2305 3018 temporis
2347 2949 2561 3012 Oriens,
2609 2957 2770 3015 atque
2819 2945 3085 3000 Occidens
3113 2944 3177 2996 de
3205 2941 3515 2995 substantia!
3540 2948 3597 2992 et

385 3032 540 3085 initio
584 3030 894 3096 concessis;
945 3031 1067 3084 aliis
1113 3045 1238 3086 vero
1268 3033 1392 3085 item
1433 3031 1750 3094 immutatis,
1796 3033 1937 3086 sicut
1963 3027 2006 3086 ο
2039 3059 2275 3113 persona;
2321 3043 2538 3096 nomine
2565 3040 2936 3102 contenderet,
2969 3037 3160 3104 hisque
3200 3031 3420 3104 syllabis
3462 3030 3598 3086 fines

381 3134 436 3178 et
478 3125 528 3178 in
575 3123 781 3193 legibus
809 3123 1060 3178 civilibus
1098 3125 1378 3192 contingit,
1411 3123 1534 3178 ideo
1576 3124 1716 3192 quod
1747 3139 1943 3179 secun-

382 3215 510 3268 dum
543 3224 782 3282 tempora
814 3213 948 3266 alias
978 3213 1133 3267 aliter
1160 3212 1364 3281 aliquid
1392 3213 1621 3279 eluceat,
1655 3217 1796 3282 quod
1830 3217 1940 3270 rei-

381 3305 613 3375 publicae
642 3304 912 3373 expediat.
947 3303 1096 3358 Sicut
1121 3305 1286 3359 etiam
1318 3307 1509 3359 medici
1540 3307 1752 3360 vivendi
1776 3307 1942 3360 ratio-

382 3411 507 3450 nem
529 3395 678 3448 ‘alias
704 3395 864 3447 aliam
891 3403 1157 3461 statuunt,
1189 3404 1248 3448 ut
1279 3395 1382 3450 illis
1405 3410 1492 3449 ars
1542 3410 1640 3463 pro
1675 3397 1941 3449 utentium

383 3486 615 3539 utilitate
666 3483 972 3539 dictaverit.
1029 3483 1153 3536 Haec
1203 3494 1382 3538 autem
1439 3485 1639 3538 nullam
1679 3484 1945 3537 inducunt

385 3576 507 3630 ﬁdei
547 3575 969 3643 corruptionem.
1010 3571 1198 3627 Nullus
1248 3575 1390 3626 enim
1442 3589 1675 3641 unquam
1725 3583 1946 3642 propter

383 3665 653 3720 exteriora
681 3665 811 3726 ista,
839 3663 1244 3730 quomodolihet
1273 3678 1332 3717 se
1357 3663 1610 3726 habeant,
1637 3663 1752 3716 sive
1780 3662 1943 3715 etiam

385 3769 606 3828 prepter
637 3757 1084 3814 consuetudinem
1131 3757 1363 3825 aliquam
1411 3768 1471 3811 ut
1499 3757 1782 3811 haereticus
1814 3755 1946 3809 iusi-

385 3851 618 3905 mulatus
649 3857 752 3903 est.

454 3942 620 4009 Igitur
660 3957 781 3996 cum
815 3941 1139 3996 sententiam
1172 3941 1238 3995 de
1281 3948 1470 3995 sancto
1503 3939 1704 4007 Spiritu
1761 3938 1830 3992 ita
1879 3951 1942 3993 se

386 4032 607 4094 habere,
652 4041 710 4085 ut
741 4033 906 4085 sentit
949 4030 1312 4086 Occidentalis
1369 4029 1631 4093 Ecclesia,
1695 4027 1942 4098 plurimis

353 4122 360 4130 ’
385 4121 685 4175 rationibus
715 4131 992 4175 ostensum
1021 4122 1112 4181 sit,
1133 4120 1334 4189 justum
1369 4120 1609 4187 profecto
1639 4133 1743 4171 non
1774 4127 1880 4182 est,
1909 4132 1938 4170 ι

387 4213 559 4276 rapite
604 4211 762 4263 veluti
794 4211 1106 4276 languente,
1149 4212 1293 4278 ipsos
1325 4211 1552 4284 primum
1598 4210 1741 4262 circa
1779 4207 1936 4262 ﬁdem

387 4394 593 4444 ratione
644 4391 961 4458 periclitari.
996 4389 1188 4443 Mirum
1240 4390 1384 4444 enim
1416 4398 1520 4451 est,
1552 4389 1596 4442 si
1643 4390 1765 4458 quis
1807 4390 1944 4444 adeo

361 4461 457 4531 'sit
501 4480 697 4544 audax,
747 4489 803 4532 ut
837 4493 961 4532 cum
996 4487 1143 4531 tanta
1195 4478 1326 4540 sint,
1370 4493 1488 4546 quae
1535 4480 1602 4532 ad
1655 4480 1940 4532 utilitatem

387 4568 732 4636 compellunt,
779 4568 893 4636 ipse
928 4582 1033 4622 non
1067 4567 1243 4624 solum
1277 4569 1468 4632 dividi,
1511 4570 1605 4623 sed
1638 4579 1688 4622 et
1725 4569 1942 4637 opinio-

386 4674 482 4712 nes
512 4659 746 4712 maxime
772 4659 1076 4714 contrarias
1104 4659 1319 4723 tuendo,
1348 4659 1415 4714 de
1457 4674 1553 4713 sua
1598 4659 1776 4714 salute
1822 4672 1943 4728 spe-

389 4764 509 4803 rare
543 4753 760 4803 audeat.
807 4749 1112 4803 Sulliciebat
1152 4749 1296 4806 enim
1331 4750 1398 4804 ad
1448 4748 1768 4818 periculum,
1817 4763 1945 4817 pro-

387 4849 510 4910 pter
558 4841 888 4909 superbiam,
942 4841 1024 4896 vel
1079 4840 1236 4895 aliam
1296 4840 1587 4909 quamlibet
1639 4838 1944 4907 hujusntodi

387 4947 606 4986 causam
637 4931 891 4985 Ecclesia:
921 4946 1024 4984 non
1059 4931 1514 4999 obtemperando,
1546 4929 1614 4982 ab
1649 4931 1762 4998 ipsa
1787 4943 1948 4998 sepa-

389 5020 522 5074 rari.
584 5021 656 5072 At
700 5035 853 5084 vero,
905 5023 968 5074 de
1002 5021 1346 5088 processione
1391 5020 1563 5074 sancti
1605 5020 1839 5087 Spiritus
1879 5018 1947 5072 ab

389 5112 504 5178 ipsa
535 5112 924 5178 dissentiendo,
950 5121 1170 5180 propter
1199 5112 1337 5164 hanc
1366 5113 1596 5166 maxime
1623 5113 1942 5165 sententiam

389 5202 596 5266 dividi;
643 5217 802 5268 quam
835 5201 926 5269 qui
976 5209 1156 5269 negat,
1199 5214 1421 5254 necesse
1460 5209 1544 5254 est
1593 5209 1648 5254 ut
1691 5201 1945 5266 plurima,

389 5307 507 5360 qua:
536 5293 601 5348 de
631 5295 738 5349 lide
777 5309 1036 5348 concessa
1087 5302 1232 5355 sunt,
1268 5291 1428 5346 simul
1484 5301 1659 5359 neget,
1695 5301 1754 5344 ut
1781 5305 1944 5359 supe-

392 5383 505 5437 rius
537 5396 891 5437 tuonstratum
923 5396 1025 5449 eSt,
1062 5395 1114 5437 et
1155 5398 1248 5450 per
1280 5384 1442 5435 hanc.
1471 5382 1789 5438 divisiOuein
1839 5383 1952 5435 hel-

464 5586 509 5617 ”’
533 5587 684 5640 Rom.
725 5604 764 5646 ι,
801 5588 891 5641 3'2.
965 5589 1011 5618 "
1043 5587 1229 5640 Matth.
1266 5603 1360 5646 xu,
1384 5585 1474 5638 56.
1549 5585 1594 5616 ’³
1619 5585 1778 5639 Hebr.
1818 5602 1892 5652 x1,
1917 5585 1970 5642 6.

393 5653 486 5707 ΞΟ.
562 5659 606 5688 ⁸⁸
675 5657 861 5712 Matth.
927 5673 1083 5716 xxiii.
1121 5658 1222 5712 Δῖ).
1305 5661 1317 5687 ¹
1353 5656 1370 5709 l
1406 5657 1527 5710 Cor.
1566 5672 1681 5716 aut.
1721 5658 1774 5710 5.

2044 3145 2201 3190 terra!
2229 3134 2409 3187 collidi
2443 3131 2901 3200 periclitarentur,
2933 3125 3165 3178 medium
3213 3138 3271 3177 se
3313 3121 3595 3189 objiciens,

2044 3233 2302 3290 utrosque
2341 3221 2592 3289 placavit,
2630 3217 2910 3286 indignum
2941 3223 3134 3283 putans
3182 3225 3275 3266 eos
3322 3209 3390 3263 de
3418 3209 3597 3263 nomi-

2043 3313 2205 3372 nibus
2256 3310 2559 3377 digladiari,
2596 3321 2714 3374 qua!
2767 3303 2833 3356 ad
2883 3302 3125 3356 eamdem
3186 3297 3594 3366 intelligentiam

2042 3404 2242 3465 ferunt,
2270 3401 2370 3455 etsi
2402 3396 2840 3467 pronuntiatione
2867 3393 3083 3447 dillerre
3112 3390 3416 3444 videantur.
3444 3387 3595 3452 Quod

2043 3491 2093 3544 si
2134 3499 2330 3558 praeter
2373 3487 2711 3541 dilectionem
2769 3482 3032 3535 tradidero
3080 3495 3269 3546 corpus
3303 3493 3498 3539 meum,
3540 3484 3602 3528 stt

2048 3580 2258 3640 ardeat,
2293 3578 2422 3631 nihil
2450 3574 2578 3627 mihi
2618 3573 2830 3641 prodest
2860 3573 2900 3634 ',
2938 3581 2990 3624 et
3019 3585 3135 3638 quae
3167 3570 3277 3622 illic
3316 3567 3382 3622 de
3422 3564 3602 3620 chari-

2050 3681 2160 3726 tate
2186 3669 2320 3724 dixit
2350 3663 2641 3735 Apostolus
2666 3680 2680 3717 :
2721 3661 2992 3731 quomodo
3021 3667 3192 3712 ttttutn
3226 3671 3349 3712 esse
3381 3655 3598 3724 poterit,

2046 3762 2133 3816 his
2165 3762 2258 3831 qui
2295 3771 2324 3811 a
2359 3755 2793 3809 Christianorum
2820 3764 2981 3820 grege
3007 3762 3114 3802 non
3153 3746 3327 3800 solum
3359 3744 3604 3798 dividun-

2047 3863 2156 3917 tur,
2183 3864 2367 3905 verum
2400 3855 2456 3902 et
2496 3846 2562 3901 de
2594 3844 2696 3899 [ide
2733 3852 2919 3898 contra
2951 3853 3168 3894 omnem
3201 3837 3463 3892 rationem
3503 3835 3604 3888 ini-

2045 3942 2337 3998 micissime
2382 3939 2450 3992 ab
2485 3936 2568 3991 eis
2605 3934 2910 3990 dissident?

2117 4033 2379 4098 Utrinque
2405 4029 2580 4100 igitur,
2613 4041 2708 4091 pro
2737 4026 2983 4083 veritate,
3011 4037 3214 4103 proque
3245 4028 3426 4073 nostra
3461 4017 3602 4085 ipso-

2043 4142 2158 4181 rum
2187 4121 2492 4182 securitate,
2510 4121 2652 4173 circa
2672 4117 2722 4170 id
2749 4117 2891 4185 quod
2939 4115 3346 4182 expcdit,omne
3367 4110 3602 4164 studium

2041 4228 2358 4280 omnemque
2387 4210 2716 4278 diligentiam
2748 4209 3032 4260 ostendere
3065 4216 3287 4257 necesse
3310 4210 3391 4254 est
3423 4215 3438 4251 :
3473 4199 3605 4251 nihil

387 4309 716 4368 aegrotantes
758 4302 1064 4368 prmscindi,
1108 4311 1270 4368 atque
1318 4300 1391 4353 ita
1435 4300 1502 4351 de
1545 4299 1793 4351 maximis
1825 4300 1941 4352 sine
1973 4297 2020 4354 υ
2047 4303 2342 4360 inventioni
2391 4301 2499 4354 veri
2558 4296 2933 4368 pra'ferendo,
2988 4308 3160 4362 neque
3213 4293 3264 4344 id
3330 4287 3604 4357 patiendo,
3689 4344 3704 4356 ε

2048 4396 2188 4466 quod
2243 4392 2536 4462 tnuiti,qui
2590 4391 2858 4443 exteriora
2913 4384 3247 4439 incommoda
3305 4391 3360 4436 et
3410 4383 3604 4433 damna

2051 4488 2474 4557 pertimescunt,
2521 4491 2682 4548 atque
2717 4479 2858 4542 ideo,
2911 4486 3098 4531 contra
3155 4474 3382 4528 salutem
3449 4485 3603 4525 suam

2050 4581 2282 4634 scientes
2334 4589 2397 4630 ac
2443 4574 2729 4642 prudentes
2765 4576 3014 4637 pergunt,
3053 4563 3402 4618 stolidissime
3453 4574 3606 4618 sane,

2050 4667 2328 4721 vilissimis
2375 4665 2535 4716 rebus
2571 4671 2772 4714 tantam
2816 4674 2951 4719 rem,
2981 4659 3221 4722 adeoque
3252 4653 3607 4706 necessariam

2053 4755 2374 4823 prodentes,
2429 4751 2582 4816 quasi
2645 4750 2750 4801 Deo
2801 4747 2960 4799 etiam
3026 4743 3170 4795 vires
3221 4750 3431 4794 nostras
3478 4739 3606 4793 affe-

2052 4852 2279 4908 ctusque
2333 4839 2510 4890 cordis
2564 4836 2874 4904 ignorante;
2939 4830 3033 4884 sed
3091 4827 3230 4880 ultro
3287 4827 3462 4896 potius
3512 4842 3608 4881 nos

2053 4929 2383 4998 ingerendo,
2432 4936 2595 4993 atque
2649 4924 2714 4976 ad
2766 4922 2901 4976 alios
2941 4919 3364 4990 proficiscendo,
3403 4917 3446 4971 si
3482 4917 3608 4987 quid

2055 5022 2192 5074 forte
2223 5020 2287 5074 de
2319 5025 2466 5072 tanta
2502 5031 2556 5070 re
2577 5015 2855 5069 connnode
2885 5011 3124 5081 proferre
3152 5013 3377 5081 possint.

2123 5110 2280 5164 Omni
2319 5110 2480 5176 igitur
2515 5106 2894 5174 anticipatione
2935 5105 3108 5167 liberi,
3147 5113 3308 5172 atque
3347 5104 3414 5155 ab
3462 5100 3607 5153 omni

2059 5200 2416 5255 contentionis
2466 5197 2595 5250 vitio
2653 5195 2862 5258 remoti,
2900 5195 3128 5263 fretique
3179 5195 3266 5248 Dei
3321 5189 3608 5256 adjutorio,

2060 5294 2192 5347 nihil
2222 5291 2535 5345 omittamus
2567 5289 2855 5356 diligentiae
2888 5307 2901 5342 :
2943 5290 3184 5355 iniquum
3245 5297 3374 5337 sane
3426 5276 3608 5328 existi-

2057 5395 2284 5449 ntantes,
2313 5383 2529 5437 humani
2563 5382 2798 5449 quidem,
2848 5379 2976 5432 lucri
3027 5377 3217 5447 gratia.
3263 5375 3411 5432 longa
3442 5365 3612 5418 maris

2051 5586 2096 5616 "
2120 5582 2308 5638 Matth.
2340 5599 2427 5647 xv,
2463 5583 2550 5638 li.
2625 5583 2667 5613 "
2701 5580 2862 5632 llelir.
2923 5589 3044 5634 xm,
3081 5569 3134 5618 7-
3209 5566 3254 5594 ’⁸
3292 5557 3484 5614 Elea“
3521 5572 3616 5626 "la
