4078 6258
526 383 634 448 255

527 572 674 618 tanto
695 574 914 634 propter
937 566 1080 620 illam
1109 566 1338 639 conﬁatp
1366 569 1526 634 bello,
1559 573 1834 640 praeterire
1860 588 1876 625 :
1905 587 2078 642 neque

525 654 689 718 hujus
737 655 1121 718 inventionem,
1157 657 1384 726 ejusque
1442 660 1669 720 lucrum,
1722 660 1972 729 plurimis
2023 671 2078 718 et

522 746 766 812 pecuniis
822 757 876 802 et
934 747 1208 801 laboribus
1261 764 1604 818 praeponere,
1664 753 1898 808 maxime
1954 769 2075 808 cunt

522 843 742 902 propter
782 835 917 888 hanc
949 835 1055 888 vita
1089 837 1241 891 nobis
1271 847 1471 894 aeterna
1503 843 1804 909 proveniat,
1837 843 1928 910 qui
1958 843 2076 901 ﬁnis

519 938 604 982 est
633 924 823 979 divina:
850 925 993 980 circa
1041 927 1326 983 humanam
1358 919 1606 986 naturam
1640 932 2075 1001 dispensationis.

519 1015 972 1080 Quemadmodum
995 1018 1138 1072 enim
1161 1020 1252 1089 qui
1287 1035 1389 1074 non
1420 1021 1602 1086 credit,
1644 1023 1761 1090 jam
1803 1024 2075 1091 judicatus

517 1115 590 1159 est
608 1107 650 1168 ',
696 1105 822 1158 hinc
865 1107 1010 1160 enim
1059 1107 1170 1176 jam
1221 1110 1586 1167 damnationis
1631 1113 1840 1175 initium
1870 1115 2074 1179 sumit,

517 1205 573 1250 et
623 1197 715 1264 qui
764 1196 994 1264 ignorat,
1019 1197 1392 1266 ignorabitur’
1421 1217 1435 1254 :
1466 1199 1553 1255 ita'
1593 1201 1688 1256 Dei
1733 1203 1789 1257 in
1828 1203 1929 1258 hac
1966 1203 2075 1258 vita

517 1285 914 1354 contemplatio,
953 1285 1190 1346 futuram
1215 1289 1369 1344 nobis
1401 1290 1686 1358 pollicetur
1713 1306 1730 1357 ;
1765 1300 1819 1346 et
1843 1292 1928 1348 his
1956 1308 2076 1362 quat

519 1375 587 1430 de
620 1376 727 1430 Deo
761 1377 848 1430 hic
867 1361 1191 1441 creduntur,
1215 1389 1268 1432 et
1296 1387 1354 1434 ut
1380 1383 1633 1448 possibile
1653 1391 1755 1449 est,
1780 1361 2075 1454 apprehen-

516 1466 737 1530 duntur,
772 1469 987 1522 carneis
1032 1470 1222 1525 solutis
1269 1471 1521 1539 nexibus,
1557 1475 1802 1530 veritatis
1832 1475 2074 1531 succedit

515 1555 876 1624 pulchritudo.
925 1557 1322 1627 Enigmatibus
1393 1563 1609 1632 quidem
1660 1565 1916 1631 veritati;
1970 1567 2073 1626 ﬁdo
2145 1583 2148 1586 ‘

514 1657 644 1696 vero
680 1651 733 1697 et
764 1658 860 1712 spe
890 1661 1070 1702 rerum
1101 1649 1418 1706 substantia
1471 1651 1817 1720 cedentibus,
1849 1655 2070 1723 speculo

514 1731 674 1800 hujus
702 1735 944 1801 corporis
971 1738 1166 1792 soluto.

584 1822 661 1876 Ex
696 1826 888 1892 quibus
918 1826 1161 1895 profecto
1187 1837 1420 1893 constat,
1452 1840 1505 1886 et
1530 1846 1626 1887 eos
1646 1832 1738 1901 qui
1771 1833 1858 1888 hie
1886 1833 1939 1888 in
1965 1834 2068 1890 ﬁde
2097 1805 2140 1862 Β

513 1913 792 1982 falluntur,
824 1933 995 1987 neque
1043 1934 1221 1975 veram
1258 1921 1350 1977 Dei
1387 1923 1672 1979 scientiam
1721 1939 2064 1994 consequun-

512 2015 620 2070 tur,
654 2021 720 2061 ne
772 2007 950 2069 futura
989 2009 1203 2077 quidem
1256 2011 1343 2065 illa
1378 2015 1746 2081 speculatione
1777 2016 2061 2084 fruituros,

510 2096 604 2150 sed
635 2096 887 2163 profanos
917 2098 1053 2162 fore,
1082 2107 1241 2168 atque
1269 2099 1323 2154 in
1362 2101 1580 2156 sinistra
1614 2111 1766 2170 parte
1794 2105 2066 2161 collocan-

510 2187 626 2239 dos.
665 2185 719 2240 Si
755 2187 918 2256 igitur
968 2189 1155 2243 beatus
1203 2188 1786 2262 Stephanus‘(89)°pro
1821 2195 2067 2252 Salvato-

509 2276 585 2332 ris
633 2277 882 2345 imagine,
917 2278 1237 2349 plurimique
1263 2295 1360 2348 per
1396 2282 1447 2334 id
1481 2285 1763 2353 temporis,
1795 2301 1964 2356 usque
1995 2289 2062 2342 ad

509 2374 735 2420 mortem
768 2370 1130 2424 constantiam
1179 2385 1329 2424 suam
1361 2371 1713 2428 ostenderunt
1749 2391 1764 2428 :
1793 2384 1847 2430 et
1892 2386 2060 2442 certe,

507 2471 630 2508 cum
667 2471 750 2510 res
785 2457 902 2525 ipsa
951 2472 1053 2511 non
1088 2457 1397 2514 immediate
1425 2461 1571 2516 circa
1619 2462 1775 2518 ﬁdem
1807 2465 2065 2533 primam-

507 2561 614 2614 que
640 2547 998 2616 theologiam,
1047 2549 1140 2601 sed
1189 2549 1334 2602 circa
1394 2551 1813 2619 dispensationis
1869 2553 2064 2607 divimn

505 2644 901 2688 sacramentum
935 2644 1100 2700 esset,
1127 2651 1300 2706 neque
1327 2639 1507 2692 statim
1538 2639 1678 2694 circa
1714 2640 1837 2705 hoc,
1864 2642 2060 2710 injuria

504 2725 704 2793 quippe
733 2724 906 2784 solum
941 2726 1007 2778 ad
1041 2727 1430 2783 humanitatem
1459 2727 1795 2783 referebatur
1823 2729 2058 2796 Christi;

507 2815 680 2867 bettor
707 2815 847 2866 enim
885 2814 1160 2885 imaginis,
1192 2815 1347 2886 juxta
1379 2833 1631 2887 maguum
1669 2818 1950 2884 Ba’silium,
1992 2821 2058 2874 ad

503 2905 827 2972 primitivam
873 2905 1099 2960 fortnam
1129 2917 1375 2977 penetrat
1416 2928 1430 2961 :
1472 2919 1662 2966 contra
1701 2919 1879 2967 tamen
1903 2913 2060 2966 .inta-

503 2994 683 3063 ginum
725 3004 1121 3064 oppugnatores
1144 2999 1501 3053 constantiam
1528 3016 1697 3067 usque
1728 3001 1793 3055 ad
1830 3011 2054 3056 mortem

502 3084 878 3138 ostenderunt.
911 3087 1166 3150 Quantam
1217 3088 1378 3142 modo
1427 3088 1699 3155 alacritas,
1748 3093 1890 3161 quod
1939 3103 2057 3148 stu-

501 3175 671 3237 dium,
703 3178 844 3244 quod
877 3177 1062 3241 robur,
1087 3191 1183 3245 pro
1207 3179 1431 3234 veritate
1459 3183 1730 3248 proposita
1764 3183 1831 3238 de
1863 3195 2054 3239 sancto

502 3263 703 3330 Spiritu
735 3264 802 3318 ab
829 3265 908 3319 eis
952 3281 1048 3333 pro
1080 3269 1274 3321 merito
1301 3270 1510 3324 ostendi
1552 3280 1748 3340 potest,
1787 3274 1878 3344 qui
1907 3276 2053 3330 veri-

502 3355 628 3408 tatis
656 3365 924 3411 amatores
954 3366 1110 3422 sunt,
1159 3359 1576 3430 securitatisque
1627 3377 1738 3417 suae
1764 3378 1826 3418 ac
1864 3365 2050 3421 salutis

499 3458 681 3496 curam
713 3456 925 3512 gerunt,
960 3460 1058 3513 pro
1088 3458 1191 3513 qua
1221 3448 1396 3502 omnis
1441 3451 1601 3514 ratio,
1649 3452 1824 3508 omnis
1849 3466 2050 3518 sermo,

499 3549 763 3604 omneque
800 3548 1198 3598 sacramentum
1234 3541 1430 3596 divina:
1471 3541 1892 3612 dispensationis
1929 3546 2050 3600 est?

570 3627 764 3694 Habes,
797 3645 916 3697 quat
959 3631 1022 3686 de
1050 3631 1395 3700 proccssione
1428 3634 1594 3690 sancti
1635 3633 1872 3703 Spiritus
1913 3637 2052 3704 peti.-

498 3718 592 3782 sti,
648 3719 906 3786 prolixius
966 3722 1202 3788 quidem,
1263 3739 1424 3793 quant
1480 3724 1633 3786 initio
1691 3725 2047 3793 institueram,

497 3807 762 3872 exposita,
785 3809 878 3864 sed
908 3813 1235 3876 necessario,
1261 3823 1317 3867 ut
1340 3827 1483 3879 reor,
1513 3815 1626 3884 ipsa
1658 3817 1884 3872 materia
1913 3819 2052 3874 hanc

497 3898 862 3964 prolixitatem
913 3915 1256 3970 suggerente.
1288 3902 1344 3956 Si
1377 3919 1508 3974 ergo
1537 3904 1864 3961 sufﬁcienter
1906 3909 2050 3964 dicta

495 3998 640 4051 sunt,
666 4004 890 4057 agamus
919 3989 1030 4044 Deo
1069 3995 1304 4060 gratias;
1337 3996 1418 4048 sin
1451 4011 1577 4050 vero
1601 3997 1779 4053 minus
1801 4014 1961 4067 quant
1994 4010 2051 4054 tit

494 4079 857 4133 studiosorum
899 4081 1176 4137 industriae
1215 4085 1368 4152 plene
1411 4086 1747 4141 satisfactum
1800 4090 1892 4154 sit,
1953 4104 2051 4143 no-

495 4177 666 4219 strain
701 4168 1094 4236 inﬁrmitatem,
1122 4188 1226 4226 non
1262 4176 1500 4229 materiae
1541 4178 1706 4246 ipsius
1737 4179 2049 4234 sententia:-

492 4273 597 4326 que
632 4260 943 4326 dignitatem
973 4262 1030 4314 in
1057 4263 1211 4330 culpa
1243 4279 1362 4319 esse
1395 4267 1592 4321 sciant.
1627 4267 1718 4322 llla
1746 4274 1888 4327 enim
1921 4288 2044 4328 cum

449 4333 590 4415 [per
643 4349 874 4417 seipsant
916 4365 1038 4403 vera
1091 4353 1191 4416 sit,
1249 4362 1554 4409 sant'torutn
1609 4360 1769 4415 etiam
1825 4362 2039 4420 Patrum

488 4438 812 4492 testimoniis
849 4441 1058 4495 nititur.
1105 4442 1341 4508 Quorum
1391 4462 1487 4501 nos
1522 4453 1848 4521 sententias,
1880 4467 2040 4524 atque
2074 4427 2115 4481 θ

487 4527 553 4580 de
596 4528 696 4580 hac
739 4544 792 4583 re
823 4531 1154 4600 opinionem,
1188 4545 1242 4588 ut
1274 4538 1478 4606 petisti,
1522 4556 1878 4612 exponentes,
1910 4548 2040 4602 nihil

485 4631 515 4668 a
550 4617 698 4669 nobis
733 4619 864 4685 ipsis
890 4619 1115 4687 dixisse,
1167 4627 1256 4694 qui
1306 4639 1450 4682 recte
1499 4637 1854 4701 reputaverit,
1891 4637 2040 4693 inve-

485 4708 618 4760 niet.
653 4709 962 4765 Breviorcm
999 4724 1177 4768 autem
1235 4717 1287 4770 in
1344 4725 1660 4789 exponendo
1692 4726 1877 4793 fuisse,
1910 4728 2037 4784 dum

484 4795 734 4850 celeriter
763 4800 986 4872 singulis
1021 4806 1174 4873 quasi
1206 4811 1647 4877 supervolitando
1701 4820 1928 4886 negotiis
1955 4837 2040 4875 tne

481 4889 739 4954 expedire
769 4897 944 4960 cupio,
975 4912 1149 4965 neque
1189 4903 1561 4958 necessarium
1595 4917 1724 4975 puto
1759 4909 2035 4967 immorari

480 4979 751 5047 omnibus,
788 4999 908 5038 eum
939 4988 1155 5054 plurimi
1185 4992 1348 5046 multa
1379 4994 1442 5048 de
1479 4996 1626 5052 hisce
1657 5001 2034 5070 disseruerim,

481 5068 674 5120 merito
699 5071 965 5139 quiSpiam
1004 5076 1222 5144 culpare
1246 5081 1433 5148 possit.
1463 5085 1535 5155 Et:
1572 5087 1652 5140 his
1685 5097 1887 5158 tamen,
1917 5068 2037 5160 quae

478 5155 621 5209 dicta
659 5171 804 5225 sunt,
840 5179 1095 5231 quorsum
1139 5170 1338 5227 veritas
1382 5179 1670 5243 proposita}
1719 5160 2033 5248 qumsiiouis

480 5247 764 5313 respiciat,
819 5269 940 5308 cum
993 5259 1228 5316 maxime
1284 5267 1588 5322 necessaria
1638 5275 2029 5340 comprehensa

475 5336 606 5403 sint,
637 5343 886 5402 facillime
928 5354 1162 5420 conspici
1196 5359 1392 5423 poterit
1428 5376 1442 5413 ;
1478 5361 1522 5415 si
1556 5363 1733 5430 modo,
1761 5336 1821 5420 ut
1867 5367 2023 5423 initio

545 5493 565 5522 '
599 5495 872 5573 .io:tn._ttt_,
908 5501 993 5573 l8.
1023 5465 1026 5467 Δ
1069 5504 1129 5558 ³1
1183 5506 1308 5562 Cor.
1333 5525 1439 5573 xw,
1499 5513 1588 5568 58.

474 5573 549 5624 xu,
593 5567 643 5618 ϐ.
721 5565 741 5597 ⁸
773 5567 945 5624 Galat.
973 5572 1014 5639 l,
1048 5575 1134 5640 10,
1211 5579 1230 5607 ⁹
1272 5565 1585 5647 Rotnivui,
1654 5588 1705 5638 6.

1778 391 2172 450 MANUELlS
2196 393 2498 454 CALEC/E

524 474 693 543 spatia
745 478 1390 548 mercatorcs'navigare,
1421 479 1702 535 veritatem
1727 491 1904 535 autem
1936 483 2080 547 ﬁdei,
2115 489 2153 542 Α

1665 5525 1686 5554 δ
1721 5518 1916 5586 Epltcs.
1941 5536 2014 5585 tv,
2071 5522 2125 5575 5.

1785 5587 1826 5618 ¹⁰
1850 5591 1968 5647 Act.
2000 5607 2053 5656 γ,
2077 5592 2166 5648 '29.

3649 399 3754 460 956

2185 505 2314 569 dixi,
2374 514 2581 561 remoto
2621 509 2987 564 contentionis
3026 511 3226 574 studio,
3277 525 3397 580 qua:
3439 509 3584 564 dicta
3621 522 3753 565 sunt

2185 596 2377 664 legere,
2408 598 2613 652 intente
2645 599 2790 653 velit.

2249 683 2507 740 Obtcstor
2540 697 2719 742 autem
2775 696 2832 743 et
2859 703 3050 742 moueo
3077 703 3265 743 omnes
3291 689 3382 757 qui
3415 689 3515 744 ista
3553 691 3747 745 lecturi

2179 776 2307 836 sint,
2345 791 2419 850 .ne
2457 777 2633 831 ferant
2679 783 2936 846 graviter,
2965 781 3009 834 si
3042 779 3281 849 ejusdem
3332 795 3514 834 scentn
3550 783 3742 847 patriae

2179 872 2232 918 et
2269 866 2481 934 generis
2504 883 2625 922 cum
2662 869 2784 932 sim,
2815 869 3083 923 diversum
3113 870 3179 922 ab
3213 869 3318 924 illis
3358 871 3478 935 iter,
3512 873 3747 925 veritate

2177 957 2513 1019 ostendente,
2547 972 2771 1028 pergere
2801 959 3082 1013 voluerim.
3119 960 3378 1029 Optabam
3421 970 3592 1023 certe,
3643 964 3744 1016 sub

2176 1059 2284 1099 uno
2321 1053 2534 1114 pastore
2572 1063 2738 1101 unum
2783 1050 2925 1103 ovile
2975 1065 3118 1115 esse,
3157 1067 3457 1119 omnesque
3512 1052 3744 1105 vinculo

2175 1136 2478 1190 dilectionis
2524 1139 2802 1206 astrictos,
2835 1149 2892 1193 ut
2926 1141 2998 1194 ait
3024 1140 3223 1196 Paulus
3254 1141 3296 1206 ⁸,
3329 1143 3468 1195 idem
3501 1143 3743 1208 sentire;

2175 1239 2350 1294 neque
2380 1239 2502 1280 esse
2551 1227 2866 1295 schismata,
2898 1231 3167 1286 scandalis
3210 1247 3369 1301 quam
3421 1232 3745 1300 longissime

2174 1314 2398 1388 fugatis.
2444 1316 2533 1371 Sic
2581 1319 2720 1372 enim
2769 1328 2824 1373 et
2873 1321 2985 1388 ipse
3031 1337 3151 1376 cum
3190 1325 3401 1377 czeteris
3458 1325 3512 1376 in
3570 1339 3748 1378 ununr

2174 1422 2372 1476 corpus
2423 1411 2754 1478 compactis,
2806 1420 2854 1466 et
2920 1429 3083 1467 unum
3156 1423 3318 1484 caput
3388 1416 3740 1480 habentibus,

2173 1503 2412 1554 maxima
2465 1502 2647 1571 quiete
2713 1505 3163 1574 tranquillissime
3223 1506 3435 1560 fruerer
3487 1525 3499 1560 :

2171 1594 2330 1646 modo
2381 1593 2644 1662 profecto,
2690 1610 2809 1649 cum
2866 1598 3046 1650 doceri
3089 1597 3293 1664 malim,
3329 1606 3382 1652 ct
3439 1612 3581 1665 opus
3635 1597 3737 1649 ha-

2169 1682 2347 1747 beam,
2372 1685 2606 1738 doctoris
2633 1685 2860 1740 ofﬁcium
2896 1687 3024 1740 mihi
3058 1688 3274 1742 minime
3309 1688 3548 1742 omnium
3589 1703 3729 1742 con-

2171 1760 2395 1825 veniens
2422 1786 2715 1827 sumerem.

2238 1860 2316 1914 Ex
2366 1877 2472 1929 quo
2505 1864 2733 1918 fortasse
2765 1879 2866 1918 non
2902 1867 3150 1931 deerunt,
3203 1870 3294 1936 qui
3338 1886 3422 1924 me
3448 1871 3732 1939 jactantia:

2165 1960 2219 2003 et
2247 1952 2630 2005 ostentationis
2660 1954 2972 2008 insimulent
2997 1973 3013 2023 ;
3062 1960 3315 2026 quoniam
3367 1976 3493 2015 vero
3522 1979 3733 2019 necesse

2164 2049 2259 2101 est,
2294 2050 2349 2093 ut
2396 2042 2608 2095 veniant
2660 2045 2913 2099 scandala
2956 2049 3013 2114 ⁵;
3065 2057 3266 2116 oportet
3313 2051 3472 2113 enim,
3531 2053 3733 2122 inquit,

2164 2132 2381 2186 htrreses
2409 2149 2542 2196 esse,
2575 2143 2632 2188 ut
2665 2137 2756 2204 qni
2785 2138 2837 2189 in
2887 2139 3026 2191 vobis
3056 2141 3261 2208 probati
3305 2145 3411 2196 sint
3461 2147 3734 2206 manifesti

2163 2224 2362 2290 fiant",
2405 2225 2734 2296 vigilareque
2765 2241 3204 2300 unumquemque
3251 2248 3472 2292 necesse
3503 2248 3620 2300 est,
3666 2253 3731 2291 ne

2163 2313 2410 2382 plurimis
2455 2316 2655 2384 passim
2706 2319 3122 2375 circumferetur
3165 2327 3468 2390 erroribus,
3495 2338 3546 2382 et
3602 2329 3728 2385 aliis

2163 2402 2268 2454 alia
2307 2401 2638 2467 dicentibus,
2683 2405 2798 2473 ipse
2829 2411 2952 2460 dum
2986 2410 3193 2476 nescit,
3231 2413 3447 2466 amittat
3490 2419 3672 2470 omnia
3711 2435 3724 2472 :

2162 2488 2285 2543 Sine
2318 2491 2423 2558 ﬁde
2467 2493 2602 2544 enim
2648 2494 2969 2562 impossibile
3005 2507 3078 2550 est
3110 2499 3315 2564 placere
3362 2503 3465 2556 Deo
3490 2505 3545 2569 ’ς
3597 2515 3728 2559 tunc

2162 2579 2404 2646 profecto
2457 2585 2773 2650 urgentibus
2838 2588 3125 2649 scandulis,
3184 2592 3479 2659 prudentia:
3534 2596 3724 2661 fuerit,
3799 2655 3806 2671 ‘

2159 2668 2307 2720 omni
2340 2670 2599 2736 temporis
2631 2672 3034 2742 anticipatione,
3071 2681 3217 2734 omni
3258 2683 3500 2751 populari
3552 2685 3723 2739 fatui-

2162 2764 2268 2811 tate
2297 2759 2530 2824 omissis,
2572 2762 2743 2830 ipsam
2778 2764 2830 2817 in
2886 2769 3059 2836 seipsa
3089 2772 3397 2828 'verborum
3432 2777 3713 2832 veritatem

2158 2848 2444 2917 inspicere,
2499 2862 2553 2908 et
2609 2853 2919 2924 diligentius
2968 2861 3340 2930 considerare,
3386 2865 3717 2940 Patrumque

2157 2941 2358 3009 regulis
2405 2957 2498 3010 per
2548 2946 2723 2999 omnia
2795 2947 3080 3016 intentum,
3137 2967 3459 3024 quocunque
3516 2963 3715 3018 veritas

2155 3031 2390 3097 duxerit,
2431 3037 2604 3103 sequi.
2640 3037 2750 3091 Hoc
2787 3040 2928 3093 enim
2966 3043 3209 3110 plurimis
3239 3049 3422 3114 etiam,
3451 3052 3540 3120 qui
3581 3069 3720 3121 pra:-

2083 3118 2129 3181 C
2160 3122 2746 3185 cesserunt,~Eeclesite
2768 3129 3060 3196 magistris,
3088 3134 3354 3201 prioribus
3387 3118 3714 3206 temporibus

2155 3210 2412 3278 contigit;
2446 3211 2561 3280 qui,
2590 3228 2712 3268 cum
2737 3231 2880 3286 saepe
2908 3221 2986 3273 eis
3017 3223 3217 3278 veritas
3249 3225 3406 3280 aliter
3427 3244 3486 3284 se
3515 3223 3714 3287 habere

2156 3313 2314 3366 quam
2362 3305 2664 3361 communis
2707 3301 2848 3362 es'sct
2879 3311 3078 3377 opinio,
3121 3315 3232 3368 visa
3281 3315 3494 3385 fuisset,
3539 3323 3713 3388 ipsius

2157 3386 2250 3438 toti
2285 3387 2507 3456 fiebant,
2538 3394 3040 3469 periclitantemque
3073 3405 3245 3460 modis
3273 3409 3522 3465 Omnibus
3549 3386 3714 3476 juva~

2154 3475 2284 3529 bant
2332 3492 2394 3533 ac
2432 3481 2752 3549 discerptum
2786 3491 3155 3547 revocabant:
3201 3506 3255 3549 et
3301 3509 3711 3556 contemnentes

2153 3567 2354 3636 omnia,
2388 3569 2517 3638 igni,
2550 3575 2594 3628 si
2635 3581 2861 3632 necesse
2884 3593 3047 3645 esset,
3083 3598 3145 3638 ac
3174 3584 3338 3651 ferro,
3393 3591 3708 3648 dirissimis-

2153 3671 2256 3725 que
2291 3661 2567 3730 suppliciis
2609 3665 2809 3729 allecti,
2861 3673 3187 3739 superabant
3227 3693 3239 3728 :
3289 3681 3430 3746 qnml
3474 3692 3590 3735 erat
3622 3687 3705 3738 sui

2152 3748 2332 3818 ollicii,
2361 3753 2640 3824 implentes
2664 3763 3021 3831 posterisque,
3042 3770 3307 3832 quomodo
3336 3771 3705 3837 hujuscemodi

2152 3843 2553 3910 etuergentibus
2609 3848 2842 3912 casibus.
2905 3867 2964 3924 se
3017 3870 3206 3924 gerere
3258 3859 3554 3926 deberent,
3622 3865 3705 3917 sui

2153 3930 2402 3996 exemplo
2428 3935 2861 4000 prmscribentes.
2895 3941 2950 3993 Si
2991 3943 3206 4010 quidem
3237 3946 3402 4016 igitur
3448 3953 3706 4016 possibile

2151 4027 2314 4083 esset,
2350 4018 2459 4074 Deo
2493 4036 2595 4074 una
2645 4032 2696 4076 et
2728 4025 3034 4084 hominibus
3069 4031 3300 4099 placere,
3325 4037 3617 4102 nptaudnm
3654 4042 3702 4092 il

2151 4109 2392 4176 profecto
2414 4114 2581 4181 magis
2610 4124 2666 4168 et
2694 4121 3051 4185 expetendum
3083 4133 3249 4189 esset,
3288 4128 3571 4195 nullusque
3601 4130 3702 4182 sibi

2151 4197 2376 4263 alterum
2419 4201 2469 4254 itt
2521 4202 2622 4256 hac
2658 4219 2715 4258 re
2757 4208 2998 4273 praeferri
3034 4212 3211 4266 vellet.
3264 4209 3524 4279 Quoniam
3579 4233 3704 4271 vero

2149 4290 2356 4345 duobus
2395 4293 2653 4359 dominis,
2699 4295 2925 4351 invicem
2973 4302 3283 4367 contrariis,
3314 4308 3540 4360 servire"
3585 4323 3704 4376 pos-

2149 4375 2303 4429 sibile
2333 4393 2434 4431 non
2467 4388 2550 4433 est.
2583 4396 2597 4434 :
2645 4381 2708 4435 Si
2746 4386 2907 4451 enim,
2959 4387 3153 4456 inquit,
3192 4391 3486 4446 hominibus
3523 4375 3701 4464 place-

2144 4481 2273 4522 rem.
2307 4466 2499 4521 Christi
2555 4487 2728 4525 servus
2787 4489 2888 4526 non
2947 4493 3109 4531 essent
3141 4481 3212 4544 °;
3261 4491 3360 4536 et:
3413 4484 3701 4540 Prudentia

2140 4558 2334 4621 carnis,
2365 4560 2579 4613 inimica
2605 4572 2681 4614 est
2712 4563 2867 4620 Deo.’
2899 4566 3120 4623 Obcdire
3148 4583 3346 4636 oportet
3375 4563 3536 4647 [ηαξιὶε
3573 4578 3701 4640 Deo,

2137 4663 2296 4715 quam
2353 4649 2648 4707 hominibus
2682 4654 2759 4718 ¹⁰;
2831 4660 3080 4725 quodque
3134 4672 3356 4717 sanctus
3406 4666 3692 4731 Maximus,

2139 4752 2259 4791 cum
2287 4753 2317 4792 a
2348 4739 2554 4795 civibus
2601 4744 2714 4798 suis
2750 4747 3156 4814 criminaretur,
3194 4755 3515 4820 prtevalente
3560 4761 3696 4826 apud

2137 4844 2231 4884 eos
2275 4829 2751 4891 Monotheletarum
2801 4840 3013 4906 haeresi,
3047 4846 3307 4911 quoniam
3361 4849 3692 4902 Occidentali

2138 4919 2392 4977 Ecclesia:
2423 4926 2742 4993 applicatus,
2781 4932 2894 4984 suis
2931 4936 3360 5001 contradicebat,
3390 4943 3464 4991 ait
3494 4957 3507 4992 :
3544 4940 3694 5003 Quod

2137 5011 2331 5066 scilicet
2376 5023 2620 5084 utrosque
2662 5018 2939 5087 diligeret;
2977 5024 3096 5077 illos
3141 5017 3374 5094 quidem,
3412 5039 3468 5081 ut
3517 5032 3695 5084 ortho-

2139 5103 2324 5167 doxos,
2363 5103 2490 5158 istos
2519 5117 2714 5173 autem,
2747 5121 2802 5162 ut
2832 5114 3208 5183 Itomoglossos,
3243 5120 3290 5172 id
3323 5130 3404 5173 est
3450 5124 3690 5189 ejusdem

2135 5209 2316 5247 secum
2354 5195 2584 5263 linguae;
2638 5199 2688 5253 id
2726 5215 2868 5256 nunc
2899 5219 3114 5273 quoque
3165 5209 3450 5263 dicendum
3486 5214 3551 5266 ad
3598 5229 3691 5268 eos

2138 5283 2230 5350 qui
2261 5287 2632 5343 criminantur.
2662 5290 2834 5347 Amici
2865 5295 3004 5347 enim
3034 5297 3132 5349 viri
3163 5300 3508 5355 existimandi
3542 5312 3689 5369 sunt,

2137 5374 2443 5430 amiciorem
2518 5394 2641 5434 vero
2678 5398 2897 5439 necesse
2937 5397 3020 5440 est
3083 5388 3334 5443 arbitrari
3388 5392 3687 5449 veritatem.

2200 5525 2436 5581 l’i'ilattlt.
2498 5546 2650 5596 xvnt,
2698 5533 2728 5584 7
2829 5535 2849 5564 θ
2897 5535 2914 5588 Ι
2955 5535 3078 5591 Cor.
3132 5555 3202 5603 ιι,
3279 5540 3362 5604 l9,

3439 5543 3458 5572 ’
3523 5541 3683 5597 llebt'.

545 5705 652 5774 (89)
683 5708 737 5763 S.
774 5709 1073 5779 Stephanus
1100 5721 1280 5783 iunior
1301 5735 1502 5789 martyr
1563 5729 1661 5782 sub
1720 5730 2083 5795 Copronvmn.
2122 5736 2188 5791 ob
2215 5736 2586 5797 defensionem
2625 5743 2944 5803 imaginum.

3558 1522 3740 1574 neque
3799 1517 3807 1528 ’
