4114 6306
377 257 484 320 257

1125 255 1224 314 DE
1267 253 1637 314 ESSENTIA
1673 255 1769 314 ET
1805 253 2310 317 OPER’ATIONE.
2339 277 2406 288 -
2431 251 2850 313 ΙἯᾹΞῈΑΤΙΟ.

3485 252 3594 318 9.58

448 367 628 438 Neque
665 369 874 439 justum
923 379 1043 421 esse
1087 367 1412 435 putavimus,
1445 368 1558 420 sive
1609 367 1931 434 indulgendo
1967 346 2417 434 A'deltilihusqne
2449 365 2820 433 deprehensis,
2859 364 3228 434 exhaustaque
3263 378 3331 419 ex
3381 365 3594 424 illorum

347 459 648 528 amicitiai,
697 461 810 512 sive
861 457 1210 526 quorumdam
1265 456 1443 524 jurgia
1495 458 1922 519 extimescenda,

382 559 542 616 atque
594 547 848 616 utrinque
895 546 1145 600 humana:
1199 545 1436 614 passioni
1494 560 1685 598 manus
1738 546 1935 605 dando,

378 639 624 693 veritatis
657 640 854 694 omissa
908 640 1138 698 ratione,
1181 647 1363 692 nostra
1407 637 1575 707 magis
1626 653 1783 705 quam
1820 651 1940 704 qua:

379 726 469 782 Dei
505 739 630 783 sunt
679 743 742 782 ac
795 729 1023 798 proximi
1083 728 1370 796 inspicere,
1419 738 1472 780 et
1518 727 1670 780 nobis
1709 727 1837 794 ipsis
1884 735 1940 778 et

376 819 481 873 illis
514 835 574 872 ex
631 821 842 874 silentio
874 827 1060 874 nostro
1097 818 1415 871 detrimenta
1457 829 1790 882 comparare.
1835 814 1940 867 Sed

373 907 568 975 partim
597 909 812 975 quidem
845 909 1091 962 timorem
1140 905 1255 971 Dei,
1304 909 1405 961 etsi
1455 907 1597 960 dictu
1629 905 1802 958 audax
1835 914 1938 968 est,

374 1010 500 1052 ante
529 1002 714 1054 oculos
754 1000 1014 1055 habentes
1036 1039 1051 1064 ,
1095 1002 1287 1069 partim
1321 1016 1469 1060 vero,
1501 1013 1620 1066 quae
1652 1000 1720 1053 sit
1756 999 1940 1052 volun-

378 1099 461 1143 tas
489 1092 601 1158 ejus
646 1092 782 1144 bona
817 1102 866 1145 ct
898 1093 1022 1146 bene
1054 1093 1288 1160 placens,
1328 1107 1432 1144 non
1471 1092 1805 1156 ignorantes,
1855 1103 1941 1143 so-

378 1179 592 1246 lamque
623 1181 750 1235 inde
794 1181 1004 1236 laudem
1039 1189 1382 1248 expetentes,
1409 1181 1621 1232 etiamsi
1658 1177 1936 1247 premendi

377 1271 641 1342 angustiis
674 1271 870 1335 simus;
903 1272 1082 1323 omnia
1125 1269 1257 1323 nihil
1325 1271 1654 1332 existimare,
1695 1270 1787 1322 sed
1834 1267 1941 1320 dis-

381 1374 580 1424 ponere
617 1373 898 1413 sermones
929 1360 980 1410 in
1003 1359 1230 1427 judicio,
1252 1373 1459 1428 proque
1492 1359 1595 1414 illis
1626 1375 1686 1413 ac
1710 1357 1940 1425 proximi

382 1449 690 1512 dilectione,
727 1450 907 1503 omnia
951 1449 1264 1504 necessario
1316 1448 1618 1502 adhibenda
1656 1449 1932 1503 arbitrari.

381 1537 698 1592 Audendum
745 1541 940 1606 quippe
984 1549 1086 1602 est,
1136 1540 1295 1594 etiam
1333 1540 1679 1604 contristare,
1723 1539 1767 1593 si
1802 1552 1940 1606 opus

383 1632 485 1688 sit,
505 1644 567 1682 ac
603 1629 784 1692 verbo,
815 1630 976 1682 veluti
1011 1630 1174 1690 l'erro,
1200 1631 1465 1701 turgentia
1494 1629 1715 1684 vulnera
1738 1629 1942 1685 rescin-

375 1719 524 1780 dere,
555 1730 712 1786 atque
745 1735 865 1774 cum
902 1721 1168 1774 charitate
1194 1735 1406 1774 curare.

448 1810 568 1874 Quo
601 1809 761 1874 facta,
786 1825 816 1864 e
837 1811 1049 1865 duobus
1074 1811 1302 1865 alterum
1337 1809 1628 1879 continget.
1661 1810 1767 1864 Aut
1793 1811 1937 1864 enim

376 1901 670 1967 quietiores
697 1911 750 1955 et
785 1902 1026 1955 mitiores
1056 1901 1120 1954 ad
1151 1903 1625 1959 contradicendum
1650 1901 1800 1966 ﬁent,
1846 1910 1942 1956 aut

379 1989 712 2055 contrariis,
767 2008 887 2062 quze
939 1992 1300 2060 objiciuntur,
1352 1991 1649 2047 rationibus
1711 1992 1942 2047 inlirntis

1969 1690 2010 1744 Β

2041 455 2235 508 annuis
2285 452 2403 506 falsi
2453 453 2725 522 Opinione,
2783 455 2834 507 id
2892 455 3265 518 Iucrabuntur,
3299 465 3359 509 ut
3405 468 3596 513 contra
3679 485 3682 488 ~

2041 548 2318 600 veritatem
2345 553 2488 598 Stare
2517 545 2919 614 pertimescant.
2950 546 3044 599 Sin
3085 560 3218 599 vero
3241 557 3294 598 et
3328 547 3594 616 quispiam

2042 638 2207 691 fuerit
2263 637 2586 704 intelligens,
2631 645 2724 688 aut
2779 635 3060 703 requirens
3112 634 3301 698 Deum,
3354 635 3597 704 profecto

2043 742 2217 796 neque
2250 728 2508 794 Optimam
2548 726 2687 778 hanc
2735 728 3079 776 ttttttalitmt'm
3129 726 3428 778 erubescet.
3461 724 3595 777 Nam

2037 820 2190 888 juxta
2225 818 2527 884 theologum
2552 815 2894 884 Gregorium,
2926 813 3042 867 Non
3078 817 3204 868 mali
3231 818 3470 881 mutatio,
3506 817 3596 869 sed

2042 909 2170 961 mali
2203 908 2497 961 observatio
2530 908 2678 960 habet
2710 907 3111 975 turpitudinem.

2112 998 2179 1053 Ut
2214 1001 2371 1067 igitur
2403 998 2506 1053 illis
2540 1009 2591 1052 et
2625 998 2777 1051 nobis
2810 1013 2914 1051 non
2977 997 3196 1049 minima
3238 1000 3600 1054 emolumenta

2041 1090 2712 1159 qtncreremus,veritatem
2741 1089 2993 1142 omnibus
3019 1087 3372 1156 pra-tulimus,
3394 1088 3566 1156 ipsum
3583 1119 3601 1133 -

2045 1197 2150 1251 quc
2175 1180 2432 1248 Spiritum
2464 1190 2706 1235 sanctum
2737 1181 3072 1242 invocantes,
3108 1180 3173 1232 de
3210 1180 3327 1246 ipso
3355 1179 3522 1246 loqui,
3551 1190 3598 1233 te

2042 1278 2316 1336 monente,
2356 1272 2713 1337 suscepimus.
2749 1271 2862 1324 Non
2907 1270 3232 1324 dissimulari
3280 1272 3600 1323 amumtiure

2041 1364 2183 1418 vobis
2215 1378 2414 1416 omnem
2462 1363 2727 1416 veritatem
2779 1372 2825 1415 et
2875 1361 3155 1414 consilium
3214 1360 3326 1413 Dei.
3382 1357 3598 1412 Utinam

2042 1469 2169 1509 vero
2202 1453 2269 1507 ad
2317 1468 2506 1509 eorum
2537 1452 2630 1522 qui
2681 1452 2869 1507 lecturi
2920 1461 3066 1515 sunt,
3115 1451 3400 1503 utilitatem
3449 1450 3601 1503 Ialmr

2043 1553 2223 1600 noster
2275 1546 2377 1600 iste
2432 1544 2699 1614 proticiat,
2745 1553 2800 1596 ut
2831 1552 2886 1597 et
2929 1545 3018 1611 qui
3061 1541 3310 1603 seminat,
3365 1541 3598 1592 fructum

2044 1643 2229 1699 metat,
2281 1644 2335 1688 et
2361 1634 2451 1702 qui
2484 1644 2798 1701 congregat,
2842 1631 3140 1685 mercedem
3200 1628 3453 1696 accipiat,
3486 1642 3602 1678 otii-

2046 1735 2251 1789 nesque
2282 1721 2442 1775 simul
2472 1720 2748 1775 cmlestem
2789 1717 3154 1788 ingrediantur
3185 1715 3432 1785 patriam,
3471 1714 3605 1765 frui-

2048 1812 2155 1866 turi
2212 1812 2406 1881 gaudio
2438 1811 2646 1864 Domini
2696 1811 2890 1873 nostri,
2937 1810 2988 1861 in
3027 1809 3239 1861 laudem
3277 1816 3330 1860 et
3380 1805 3603 1874 gloriam

2049 1901 2211 1955 unius
2240 1899 2328 1954 Dei
2355 1898 2529 1954 Patris
2554 1909 2607 1953 ct
2636 1899 2755 1952 Filii
2781 1910 2835 1954 et
2857 1898 3086 1967 Spiritus
3108 1895 3302 1958 sancti,
3328 1905 3521 1949 sancte
3553 1905 3608 1946 et

2049 1992 2223 2046 beata:
2254 1988 2558 2054 Trinitatis,
2585 1991 2848 2058 uniusque
2877 2000 2928 2045 et
2964 2003 3101 2044 verte
3136 1986 3377 2041 Deitatis.
3412 1986 3605 2038 Amen.

385 2192 3605 2233 Μ

1055 2383 2060 2600 MANUELIS
2158 2380 2934 2536 CALEC/E

1821 2655 2176 2758 LIBER.

834 2881 1015 2992 DE
1147 2879 1830 2994 ESSENTIA
1935 2883 2113 2993 ET
2223 2881 3168 2998 OPERATIONE.

1305 3241 1702 3302 FRANCISCI
1756 3239 1906 3300 COM
1921 3239 2197 3301 BEFISII
2261 3240 2693 3304 PR/EFATIO.

1457 3381 1709 3444 (Bibliotlt.
1734 3384 1842 3434 PP.
1880 3386 2081 3436 Auctar.
2113 3395 2230 3435 nou.
2254 3390 2366 3434 tant.
2404 3383 2507 3447 II.)

385 3529 393 3534 ’
453 3529 628 3598 Ipsius
707 3525 968 3583 Manuelis
1023 3525 1230 3582 Calccre
1275 3542 1384 3592 res,
1429 3539 1666 3595 quantas
1727 3526 1943 3593 assequi
1973 3533 2016 3590 ο
2051 3524 2516 3594 Qnantadeniqne
2543 3542 2606 3581 ex
2658 3526 3206 3596 Palamitarum'ipsa
3248 3531 3452 3598 synodo
3499 3531 3612 3600 ipse

388 3620 570 3682 liceat,
653 3619 1009 3674 vindicandas
1073 3617 1400 3672 charissima
1457 3615 1814 3669 commilitoni
1887 3629 1949 3669 ac

388 3721 618 3779 utraque
645 3711 894 3781 palaestra
919 3707 1230 3778 (sanctioris
1276 3706 1479 3760 scilicet
1503 3703 1736 3759 instituti
1767 3706 1951 3774 reique

383 3804 678 3871 litterariae)
706 3797 872 3866 socio,
907 3799 998 3870 qui
1030 3799 1358 3869 scriptorum
1404 3796 1610 3851 ordinis
1657 3794 1948 3850 bibli0tlte'-

385 3909 503 3946 eam
549 3891 836 3962 elogiaque
909 3890 1157 3953 adornet,
1218 3888 1284 3943 ιι.
1333 3886 1394 3942 Ρ.
1452 3885 1655 3942 Ιιιιεοὺο
1745 3886 1948 3952 Quclil’,

386 3985 543 4054 hujus
567 3986 736 4052 ipsius
765 3983 944 4051 operis
970 3995 1034 4036 ac
1065 3981 1362 4036 molitionis
1397 3979 1528 4033 mihi
1565 3979 1801 4033 maxime
1853 3993 1950 4032 att-

386 4076 546 4138 ctori,
584 4073 736 4143 quasi
770 4073 1042 4142 specimen
1064 4071 1350 4141 quoddam,
1381 4071 1498 4140 ejus
1561 4069 1728 4138 ipsius
1788 4082 1948 4139 quam

385 4167 575 4221 iisdem
600 4165 914 4218 auctoribus
942 4178 1038 4217 sua
1090 4162 1466 4217 lucubratione
1517 4161 1781 4214 allaturos
1843 4167 1947 4222 est,

386 4253 544 4317 lucis,
567 4255 851 4323 relinquo:
879 4251 993 4321 ipse
1021 4254 1087 4307 ad
1116 4267 1247 4322 opus
1295 4253 1472 4322 ipsum
1525 4251 1754 4313 Calecte,
1807 4249 1950 4318 quod

384 4362 450 4400 et
473 4345 640 4416 Regia
665 4344 993 4400 bibliotheca
1025 4348 1078 4398 in
1115 4344 1364 4398 manibus
1393 4351 1496 4407 est,
1564 4341 1720 4410 plane
1770 4342 1948 4396 erudi-

335 4481 340 4484 .
387 4445 518 4500 tum,
539 4448 601 4490 ac
631 4449 738 4504 quo
764 4434 1203 4489 nocentissimum
1249 4433 1516 4501 sequioris
1543 4430 1762 4486 Graecia:
1797 4445 1944 4486 erro-

388 4537 498 4576 rem
531 4523 848 4590 gravissime
875 4521 1137 4585 confutat,
1185 4521 1378 4592 stylnm
1433 4531 1708 4576 converto.

457 4609 660 4682 Nempe
725 4611 929 4666 coaluit
1020 4612 1162 4666 inter
1230 4610 1586 4678 simpliciores
1633 4610 1948 4675 monachos,

387 4701 790 4771 disciplinarum
841 4703 1022 4766 rudes,
1076 4701 1221 4755 velut
1263 4700 1568 4770 TlteOphili,
1640 4699 1946 4769 Epiphanii,

387 4793 697 4862 H‘eronymi
726 4793 1084 4863 temporibus,
1137 4791 1809 4860 Anthropmnorpbitarttm
1858 4807 1948 4844 er-

400 4898 512 4948 ror,
543 4885 658 4938 sive
691 4862 851 4938 etiam
876 4882 1338 4946 Massalianorutu,
1369 4883 1458 4951 qui
1484 4883 1564 4936 vel
1609 4882 1840 4934 humana
1861 4881 1945 4935 vel
1978 4862 2022 4916 ί)

388 4979 489 5032 alia
525 4975 768 5031 sensibili
798 4977 977 5046 specie
1014 4975 1176 5028 Deum
1201 4988 1342 5037 esse,
1383 4986 1552 5042 eaque
1610 4969 1744 5028 viris
1784 4971 1948 5040 spiri-

390 5071 588 5125 talibus
618 5070 671 5123 in
703 5070 948 5122 oratione
975 5082 1035 5121 se
1087 5067 1438 5132 conspicuum
1496 5065 1698 5125 facere,
1759 5061 1952 5116 existi-

387 5169 635 5225 marent;
672 5159 749 5214 sic
809 5157 968 5227 paulo
1009 5157 1260 5224 sequiore
1307 5155 1744 5224 (Palmologorum
1789 5153 1951 5207 circi-

387 5262 496 5320 ter)
541 5260 720 5312 tetate,
774 5247 1160 5304 Palamitarum
1222 5245 1409 5297 insana
1466 5244 1629 5299 nimis
1677 5243 1947 5314 deliratio,

384 5342 834 5408 distinguendum
859 5338 1095 5392 divinam
1135 5336 1387 5387 virtutem
1420 5334 1486 5386 ab
1513 5333 1628 5401 ejus
1671 5333 1901 5386 essentia
1929 5349 1943 5396 ;

383 5445 502 5498 qua:
533 5428 641 5494 ipsa
677 5426 858 5480 Deitas
886 5425 952 5476 sit
985 5433 1038 5477 ct
1078 5422 1340 5481 int-reata,
1391 5419 1607 5486 Dcoqne
1662 5417 1946 5481 naturale,

381 5533 504 5587 qua:
531 5529 589 5572 se
621 5531 726 5569 una
757 5517 917 5568 rebus
976 5511 1338 5566 communicet
1382 5524 1444 5564 ac
1501 5509 1769 5571 videatur,
1835 5508 1948 5576 ipsa

382 5610 608 5679 penitus
687 5603 1180 5660 ineommunicabili
1255 5600 1488 5656 essentia
1519 5615 1619 5716 ἐις
1677 5599 1949 5679 invisibili.

2051 3617 2274 3669 Calceas
2309 3628 2577 3681 recenset,
2626 3619 2903 3687 solidoque
2970 3619 3254 3685 Confutat;
3304 3636 3364 3674 ac
3411 3624 3500 3692 qui
3559 3625 3611 3678 In

2051 3707 2238 3759 eadem
2272 3721 2434 3760 arena
2465 3717 2684 3762 strenue
2713 3710 3032 3765 dimicantes
3082 3726 3178 3780 pro
3231 3712 3454 3765 veritate
3501 3726 3610 3767 ste-

2053 3806 2257 3878 terunt,
2294 3796 2604 3881 Barljtatttus
2659 3801 2976 3868 monachus,
3037 3803 3373 3874 Acindyntts,
3441 3805 3614 3875 Npho

2050 3887 2527 3950 hieromonaclnts,
2554 3889 2643 3959 qui
2680 3902 2730 3945 et
2759 3890 3056 3947 Demetrius
3109 3896 3404 3966 (Lydonius,
3451 3896 3612 3951 Joan-

2049 3993 2146 4033 nes
2204 3979 2627 4050 Cyparissiotus,
2682 3983 2856 4037 dictus
2913 3984 3163 4055 Sapiens,
3234 3988 3388 4056 cujus
3439 3999 3611 4043 exstat

2047 4073 2247 4140 grande
2277 4073 2525 4128 volumen
2553 4075 2603 4128 in
2625 4075 3070 4134 Cltristianissimi
3097 4081 3236 4151 regis
3265 4082 3612 4146 bibliotheca,

2050 4162 2150 4216 hoc
2180 4177 2514 4231 argumento,
2553 4181 2748 4234 prteter
2778 4169 2862 4222 illa
2915 4186 3030 4238 qua:
3060 4172 3177 4242 ejus
3203 4173 3393 4226 Latine
3438 4176 3611 4229 solum

2048 4253 2256 4323 vulgata
2285 4266 2428 4318 sunt,
2461 4267 2784 4326 exstantque
2805 4261 2988 4315 Graece
3019 4277 3183 4331 penes
3211 4263 3276 4317 Β.
3308 4263 3365 4316 P.
3395 4263 3612 4319 Petrum

2049 4343 2349 4400 Possinium
2409 4345 2541 4402 S.J.
2600 4346 2806 4404 Romze.
2863 4351 3103 4405 Aliorum
3161 4354 3321 4407 etiam
3365 4357 3608 4422 qumdam

2049 4436 2214 4490 relert
2246 4435 2354 4492 Leo
2379 4437 2629 4501 Allatitts,
2664 4448 2771 4491 tum
2809 4441 2946 4495 libro
2981 4440 3056 4494 De
3097 4459 3351 4496 consensu
3411 4448 3611 4498 utrius-

2050 4543 2148 4596 que
2178 4526 2430 4580 Ecclesia:
2488 4526 2687 4582 Gra'ea:
2744 4530 2949 4596 pariter
3011 4546 3071 4585 ac
3111 4531 3336 4596 Latinae,
3397 4546 3505 4588 tum
3568 4535 3608 4589 ll

2049 4627 2192 4670 tomo
2223 4613 2441 4670 Crwcia:
2463 4632 2575 4670 suae
2641 4619 2966 4684 orthodoxae,
2999 4630 3108 4673 tuta
3135 4623 3351 4674 domum
3406 4623 3457 4676 in
3512 4640 3606 4678 sua

2049 4705 2113 4757 dc
2141 4709 2467 4774 Symconum
2500 4705 2713 4771 scriptis
2737 4721 2766 4758 a
2798 4723 2880 4760 me
2922 4722 3091 4775 nuper
3110 4709 3320 4775 volgata
3347 4709 3607 4776 Diatrit-a,

2050 4809 2168 4862 qnze
2199 4793 2284 4847 hic
2321 4807 2564 4862 repetere
2605 4793 2822 4863 longum
2877 4795 3036 4858 foret,
3083 4811 3144 4850 ac
3194 4809 3373 4851 actum
3425 4817 3604 4870 agerc.

2051 4880 2164 4934 Non
2200 4880 2402 4952 pigebit
2446 4891 2626 4932 tamen
2658 4876 2880 4936 Joannis
2933 4883 3251 4950 patriarchae
3296 4885 3610 4945 Constanti.

2054 4971 2358 5040 nopolitani
2387 4971 2641 5036 Tomum,
2669 4972 2843 5038 ipsqu
2908 4974 3230 5044 breviorem,
3281 4983 3608 5048 exscribere,

2051 5078 2156 5130 quo
2189 5063 2233 5115 is
2267 5074 2616 5116 suecrescens
2644 5060 2876 5118 Palamte
2903 5067 3092 5135 dogma
3143 5070 3290 5124 elidit
3316 5090 3330 5139 ;
3361 5089 3422 5128 ac
3481 5091 3605 5126 num

2052 5167 2116 5207 eo
2145 5151 2436 5220 respiciens
2474 5160 2659 5207 noster
2709 5152 2949 5216 Calceas,
2975 5154 3093 5221 ipso
3145 5160 3327 5226 operis
3383 5161 3462 5213 sui
3517 5175 3608 5213 ex-

2053 5243 2208 5297 ordio
2232 5242 2388 5295 aliter
2415 5256 2531 5295 eam
2563 5240 2886 5310 Ecclesiatn,
2914 5243 3051 5298 haud
3097 5246 3166 5299 ita
3218 5252 3419 5316 pridem
3487 5262 3611 5298 sen-

2053 5331 2193 5387 sisse
2263 5331 2394 5386 dicit
2451 5346 2514 5385 ae
2567 5335 2918 5406 decrevisse;
2989 5350 3085 5388 nee
3148 5352 3331 5390 veram
3391 5335 3615 5401 proinde

2058 5423 2352 5478 Ecclesiant
2388 5438 2526 5491 esse,
2561 5446 2695 5509 qua,
2747 5433 2833 5492 sic
2883 5426 3035 5478 iidem
3095 5435 3280 5477 mutet.
3357 5424 3616 5475 Joannem

2057 5516 2227 5583 ipsum
2259 5515 2608 5587 prOSt'riltunt
2649 5521 2952 5615 “huius,
3010 5513 3174 5563 Tonto
3201 5512 3286 5561 illo
3331 5511 3432 5562 sub
3481 5509 3622 5562 Cll“-

2060 5617 2343 5669 lat'ttzcnu,
2377 5621 2540 5680 quem
2600 5597 2676 5710 ρι’
2698 5597 2857 5716 {eoas
2906 5618 2968 5659 ac
2995 5599 3140 5652 relati
3171 5597 3257 5648 alii
3299 5601 3627 5665 ittzpugttant.

2666 5681 2699 5716 ξι

2666 5681 2699 5724 ‘d
