4114 6306
498 334 505 339 ’
544 328 649 390 959

1798 280 2194 379 MXNUELIS
2231 319 2536 380 estnos

3694 314 3842 377 260

547 441 639 494 Sic
672 399 801 508 ergo
834 435 994 491 habet
1016 454 1030 489 :
1052 435 1155 487 Τὸν
1186 433 1452 504 Παλαμᾶν
1486 432 1582 486 καὶ
1610 432 1735 497 τοὺς
1762 436 2111 504 ὁμόρφρονας

2228 441 2446 485 testatur
2482 430 2786 501 Cypariss.,
2821 428 2921 483 etsi
2960 428 3047 482 ille
3075 427 3300 483 Callisto
3331 443 3650 484 successore
3674 444 3845 497 pro-

546 532 736 597 αὑτοῦ,
769 535 859 585 καὶ
894 531 1070 584 πάντα
1096 531 1163 583 τὰ
1190 532 1363 600 ἀσεδῆ
1393 531 1571 583 αὐτῶν
1595 531 1839 600 δόγματα
1863 569 1879 596 ,
1914 530 2113 583 obtud-

549 641 707 694 τερον
737 624 791 675 δὲ
823 625 1016 690 εἰπεῖν,
1061 622 1510 694 παραληρήματα
1541 663 1557 687 ,
1588 621 1713 684 τούς
1742 640 1801 673 τε
1834 620 2114 674 ἐκδικοῦν-

550 730 651 777 τας
686 714 781 767 καὶ
811 713 1256 784 ἐκλαμϐάνοντας
1283 715 1376 767 καὶ
1401 714 1793 783 ἐκδεχομένους
1817 713 1885 765 τὰ
1918 713 1974 764 ὲν
2034 712 2113 780 τῷ

552 806 718 876 Τάμῳ
748 806 888 860 κατὰ
918 806 1015 876 τὴν
1038 806 1219 859 αὐτῶν
1252 805 1533 875 ἐξήγησιν,
1591 805 1793 872 μᾶλλον
1847 803 1903 857 δὲ
1953 803 2117 875 φλυα-

562 899 705 967 ρίαν,
733 899 827 951 καὶ
862 898 922 950 οὐ
956 899 1077 951 κατ’
1119 900 1330 950 ἔννοιαν
1363 895 1644 965 Θεοπρεπῆ
1682 895 1776 947 καὶ
1812 892 2113 964 ὀρθόδοξον,

552 988 647 1041 καὶ
678 988 860 1050 καθὼς
892 989 941 1041 οἱ
974 990 1076 1056 τῆς
1123 985 1483 1054 Ἐκκλησίαςρ
1504 984 1785 1053 φωστῆρες
1833 984 1926 1035 καὶ
1968 983 2117 1036 διδά-

552 1079 762 1143 σκαλοι,
801 1072 881 1140 οἷς
921 1079 1016 1131 καὶ
1066 1078 1226 1146 ἡμεῖς
1261 1077 1515 1144 ἑπόμενοι
1544 1072 2115 1137 καὶ¹ἀκολουθοῦντες,

553 1172 623 1225 τὰ
660 1171 770 1222 τῶν
800 1170 975 1235 ἁγίων
1009 1168 1149 1236 ῥητὰ
1183 1166 1567 1237 ἐνεγράψαμεν
1594 1168 1649 1217 ὲν
1677 1163 1755 1234 τῷ
1783 1163 1972 1233 Τὸμῳ,
2025 1161 2119 1213 καὶ

560 1262 768 1323 πάντας
790 1260 915 1320 τοὺς
944 1259 1010 1311 δι’
1041 1258 1172 1311 αὐτὸ
1204 1258 1383 1322 τοῦτο,
1415 1258 1582 1328 ἤγουν
1608 1256 1687 1308 ὅτι
1719 1255 1795 1325 μὴ
1821 1253 2121 1324 πσραδεχόυ

560 1350 700 1419 μεοα
721 1349 791 1400 τὰ
823 1348 1041 1401 τοιαῦτα
1072 1347 1249 1400 αὐτῶν
1282 1347 1749 1417 παραληρήματα,
1780 1341 1854 1398 ὧν
1896 1344 1964 1419 τὰ
2016 1347 2116 1413 μὲν

556 1436 945 1504 ἀπεστάλησαν
976 1436 1110 1504 ἡμῖν
1142 1435 1273 1505 παρ’
1306 1436 1507 1502 αὐτῶν,
1535 1436 1601 1486 τὰ
1639 1435 1694 1486 δὲ
1727 1434 1820 1487 καὶ
1848 1433 1976 1502 παρ’
2002 1434 2116 1485 ἐτέ-

563 1546 669 1597 ρων
705 1526 1171 1595 ἁνεφανίσοησαν,
1202 1527 1577 1597 τολμήσαντας
1625 1526 1987 1585 ἀκανονίστως
2024 1525 2119 1575 καὶ

555 1620 801 1688 ἁκρὶτως
832 1618 1107 1686 ἀποκῦψαι
1135 1617 1193 1669 τὸ
1223 1618 1570 1686 μνημόσυνόν
1607 1634 1732 1685 μου,
1777 1614 1854 1682 τῷ
1891 1614 1996 1667 ἀπ’)
2022 1614 2119 1683 τῆς

560 1706 882 1776 ζωαρχικῆς
909 1708 1003 1759 καὶ
1029 1705 1190 1772 ἁγίας
1224 1704 1455 1775 Τριάδος
1486 1705 1670 1775 δεσμῷ
1707 1705 2117 1758 καθυποὸἁλλο-

561 1814 686 1866 μεν,
732 1797 826 1849 καὶ
882 1796 959 1865 τῷ
1013 1797 1317 1867 ἀναοέματι
1359 1798 1825 1868 παραπέμπομεν.
1880 1798 1945 1850 Ἦ
1982 1797 2115 1849 ὐπο-

560 1887 745 1957 γραφὴ
776 1904 791 1918 ο
840 1886 1092 1955 Ἰωάννης
1131 1885 1262 1952 ἐλέῳ
1314 1884 1448 1938 Θεοῦ
1480 1886 1910 1956 ἀρχιεπίσκοπος
1968 1883 2122 1936 Κων-

561 1977 1079 2042 σταντινουπόλεως,
1124 1971 1250 2040 νέας
1313 1977 1551 2047 Ῥώμης,
1598 1977 1693 2029 καὶ
1745 1974 2122 2044 οἰκουμενικδς

559 2069 920 2141 πατριάρχης.
951 2068 1229 2123 Palamam
1266 2070 1480 2137 ejusque
1534 2077 1837 2132 sectatores,
1870 2077 1914 2119 et
1949 2065 2123 2118 omnia

557 2161 769 2215 illorum
805 2162 962 2227 impia
990 2160 1266 2230 dogmata,
1296 2176 1386 2213 seu
1424 2161 1594 2213 verius
1651 2167 2124 2227 nugamenta;nec

560 2270 663 2306 non
689 2252 1010 2322 defensores,
1077 2260 1124 2303 et
1184 2251 1272 2319 qui
1342 2250 1719 2316 astipulantur,
1774 2246 2125 2315 recipiuntqne

558 2359 675 2411 qua:
704 2344 756 2394 in
790 2340 951 2394 Tomo
985 2339 1261 2400 habentur,
1295 2339 1575 2391 secundum
1615 2340 1794 2390 eorum
1837 2338 2125 2405 expositio-

562 2448 700 2495 nem,
733 2432 837 2483 imo
861 2428 1329 2497 vaniloquentiam,
1375 2440 1419 2481 et
1449 2444 1548 2480 non
1581 2426 1861 2481 secundum
1894 2442 2124 2507 sensum.

562 2523 652 2591 qni
691 2520 851 2572 Deum
901 2518 1100 2582 deceat,
1170 2527 1219 2571 et
1271 2516 1616 2571 orthodoxam
1690 2524 1814 2570 etut
1870 2513 2120 2567 Ecdesiae

566 2612 770 2665 lumina
810 2622 853 2664 et
887 2610 1127 2680 magistri
1156 2610 1482 2663 tradiderunt
1507 2626 1526 2674 ;
1550 2623 1773 2679 quorum
1826 2624 1919 2661 nos
1975 2607 2129 2660 vesti-

564 2706 665 2773 giis
696 2703 993 2756 insistentes
1050 2709 1097 2753 et
1153 2699 1435 2755 sententias
1492 2709 1776 2771 sequentes,
1822 2710 2125 2753 sanctorum

566 2800 711 2850 dicta
740 2798 792 2847 in
823 2793 984 2848 Tomo
1018 2792 1323 2862 digessimus
1349 2807 1364 2857 ;
1394 2802 1701 2861 cunctosque
1733 2792 1876 2857 illos,
1923 2793 2014 2863 qui
2068 2798 2130 2849 ob

567 2905 683 2945 eam
717 2875 881 2957 ipsam
917 2901 1042 2949 rem,
1080 2883 1219 2954 quod
1245 2899 1425 2937 eorum
1474 2893 1788 2951 nugamenta
1838 2900 1938 2936 non
1997 2888 2131 2940 reci-

569 2982 762 3047 pimus,
787 2993 904 3046 qua:
927 2977 1118 3043 partim
1136 2976 1233 3043 ipsi
1264 2960 1689 3038 transmiserunt,
1719 2975 1914 3040 partim
1967 2979 2128 3031 etiam

2217 522 2485 591 tnulgatus
2544 532 2662 586 est;
2733 520 3111 588 Coccinttsque
3168 529 3222 573 et
3274 517 3447 573 Nilus.
3530 519 3844 591 Quodque

2217 612 2548 667 Thaborium
2588 612 2771 665 lumen
2830 612 3044 666 illustre
3101 611 3405 679 exetnplum
3466 611 3640 665 visum
3719 623 3838 667 est

2216 702 2519 766 Ρειιιιιιιῑιίε,
2556 702 2633 757 sic
2660 702 2928 756 distinctae
2975 701 3192 756 virtutis
3226 703 3293 755 ab
3335 702 3601 767 essentia,
3675 718 3833 770 qua:

2221 795 2353 865 ipsis
2385 795 2662 864 corporeis
2693 794 2863 849 oculis
2895 794 3003 848 visa
3030 794 3119 859 sit,
3149 802 3201 846 et
3252 793 3526 858 divinitas,
3579 795 3833 848 occulta

2217 885 2475 952 essentia,
2514 901 2685 955 eoque
2736 895 3053 955 argumento
3096 885 3364 954 duplicem
3419 887 3826 955 dogmaticum

2219 990 2524 1032 sermonem
2550 977 2717 1031 edidit
2742 977 3009 1041 Pal-amas,
3038 977 3190 1031 libuit
3233 978 3317 1031 hic
3366 989 3815 1048 repraesentare,

2217 1068 2375 1137 quasi
2408 1068 2472 1121 ad
2502 1069 2774 1137 specimen
2800 1067 3063 1122 doctrina:
3086 1081 3147 1120 ac
3169 1077 3329 1123 sectae.
3350 1069 3447 1140 (α).
3491 1068 3673 1145 Nostri
3704 1072 3823 1125 Dci

2222 1159 2469 1215 ell'ectum
2502 1160 2710 1215 ordinis
2732 1159 3028 1228 superioris
3062 1159 3320 1229 (speciem
3355 1160 3564 1215 scilicet
3591 1161 3824 1230 glorio-

2218 1267 2332 1306 sam
2361 1260 2413 1304 et
2446 1250 2623 1317 δόξαν,
2663 1253 2715 1305 in
2745 1267 2849 1321 qua
2880 1251 3022 1305 Deus
3055 1253 3225 1307 videri
3260 1263 3571 1318 censeatur,
3594 1256 3811 1309 intimo

2218 1342 2453 1412 quodam
2482 1340 2596 1408 ejus
2614 1342 2918 1409 praesentia:
2948 1357 3107 1397 sensu
3141 1344 3429 1411 gustuque)
3457 1345 3813 1408 existimant,

2221 1434 2432 1502 qualem
2487 1431 2698 1485 mortali
2768 1432 3070 1500 prmsertim
3120 1448 3369 1500 corpore,
3422 1434 3517 1489 Dei
3568 1451 3817 1492 munere

2222 1524 2458 1577 nancisci
2503 1522 2661 1576 licet:
2693 1538 2799 1575 non
2834 1530 2891 1576 ut
2921 1523 3011 1577 illa
3038 1522 3257 1579 claritas
3288 1535 3340 1579 et
3362 1526 3536 1595 fulgor
3571 1528 3644 1581 sit
3674 1530 3807 1597 ipsa

2223 1614 2312 1667 Dei
2348 1614 2585 1668 essentia
2619 1624 2671 1667 et
2702 1613 2959 1669 divinitas
2992 1615 3253 1682 increata,
3286 1618 3336 1670 in
3368 1631 3526 1685 quam
3572 1629 3813 1674 senten-

2225 1706 2351 1757 tiam
2374 1704 2561 1757 adduci
2582 1720 2638 1757 se
2654 1720 2845 1773 passus
2863 1715 2943 1760 cst
2966 1704 3074 1760 Leo
3086 1706 3315 1762 Allatius
3335 1707 3426 1762 lib.
3455 1708 3529 1762 De
3547 1725 3814 1765 consensu

2225 1798 2493 1864 utriusque
2525 1794 2795 1863 Ecclesiw,
2859 1799 3011 1866 cujus
3044 1808 3222 1853 tamen
3273 1800 3600 1856 incommodi
3648 1804 3813 1857 defu-

2223 1887 2401 1956 gicndi
2430 1901 2613 1951 causa,
2671 1885 2951 1942 Palamita:
3000 1904 3150 1945 suam
3201 1891 3342 1946 hanc
3394 1892 3810 1948 distinctionem

2225 1980 2439 2034 virtutis
2477 1987 2532 2032 et
2565 1979 2819 2034 essentiae
2852 1981 3144 2035 commenti
3185 1992 3331 2047 sunt,
3378 1993 3436 2037 ut
3475 1992 3671 2039 auctor
3720 1994 3813 2041 est

2224 2078 2407 2123 noster
2433 2068 2674 2133 Calecas,
2718 2078 2771 2122 et
2822 2084 2889 2124 ne
2940 2068 3246 2124 Massaliani
3295 2072 3563 2137 audirent,
3629 2074 3812 2145 ipsam

2224 2157 2317 2212 Dei
2349 2159 2640 2213 essentiam
2674 2158 2844 2214 videri
2891 2159 3265 2214 existimantes
3286 2160 3337 2213 in
3363 2160 3562 2239 divitiis
3588 2166 3813 2233 appari-

2226 2250 2488 2305 tionibus.

2298 2340 2500 2394 Praeter
2548 2340 2823 2395 Pal-amant
2851 2341 2991 2397 alius
3026 2342 3306 2413 theologus
3333 2353 3416 2400 est
3446 2345 3539 2401 illo
3589 2347 3801 2415 senior,

2226 2430 2457 2503 Symeon
2489 2432 2655 2487 abbas
2679 2433 2849 2487 sancti
2876 2431 3162 2488 Mamantis
3198 2435 3250 2488 in
3272 2433 3802 2505 Xerocerco,dictus

2228 2523 2341 2579 suis
2364 2522 2545 2590 iunior
2569 2522 2850 2594 theologus
2881 2540 2894 2577 :
2929 2525 3081 2592 cujus
3124 2524 3245 2579 Vita
3295 2525 3571 2581 fusissitne
3596 2528 3807 2597 scripta

2228 2615 2415 2668 Niceta
2452 2613 2695 2668 Sthetato
2722 2624 2961 2680 auctore,
2995 2622 3169 2667 exstat
3198 2616 3252 2670 in
3299 2615 3422 2671 cod.
3468 2616 3616 2672 card.
3660 2617 3799 2672 Mal.

2230 2720 2375 2758 nunc
2398 2703 2566 2771 Regio
2593 2719 2607 2756 :
2640 2702 2825 2772 fuique
2857 2711 3050 2757 auctor
3078 2702 3419 2760 Hensehenio
3450 2716 3503 2761 et
3528 2707 3803 2776 Papehro—

2230 2794 2353 2849 chio
2373 2790 2495 2847 S.J.
2512 2806 2577 2845 ne
2606 2790 2732 2845 Vitis
2753 2798 3051 2844 sanctorum
3071 2791 3126 2845 in
3145 2808 3242 2847 suo
3265 2791 3454 2847 Martio
3474 2794 3800 2860 insererent,

2229 2899 2334 2954 qua
2359 2882 2669 2951 suspicione
2704 2882 2934 2945 laborat,
2959 2892 3013 2937 et
3060 2891 3327 2953 tanquam
3376 2885 3422 2940 is
3461 2884 3623 2940 fuerit
3678 2883 3801 2941 fons

2232 2976 2409 3030 omnis
2435 2974 2691 3029 Palamici
2725 2974 2951 3029 erroris.
2983 2973 3143 3028 Eram
3177 2986 3353 3032 tamen
3380 2976 3470 3031 hic
3500 2991 3795 3047 repraesen-

571 3071 797 3123 aliorum
823 3066 1076 3119 relatione
1099 3064 1451 3133 cognovimus,
1475 3071 1659 3116 contra
1677 3080 1900 3119 canones
1959 3065 2130 3119 nulla-
2156 3085 2200 3143 ο
2236 3075 2467 3131 taturus,
2515 3067 2621 3121 nisi
2666 3067 2835 3122 moles
2864 3066 3178 3131 obsisteret,
3231 3068 3454 3137 ipseque
3497 3067 3797 3136 sumptibus

572 3178 671 3227 que
704 3159 830 3213 recti
863 3173 925 3212 ac
950 3156 1084 3226 (equi
1132 3157 1289 3217 libra,
1343 3155 1443 3208 mei
1490 3155 1794 3207 memoriam
1826 3157 2129 3211 exscindere

575 3248 690 3300 ausi
717 3254 858 3309 sunt,
915 3243 1134 3310 vivi/iere
1181 3250 1473 3310 sanctazque
1514 3241 1785 3295 Trinitatis
1823 3244 2131 3313 subjicimus

577 3337 801 3403 rincnto,
837 3353 901 3389 ac
930 3336 1259 3389 anathemate
1287 3334 1521 3402 ferimus.
1556 3331 1930 3409 Subscriptio:
1963 3335 2135 3389 Joan-

577 3447 664 3483 nes
727 3428 819 3481 Dei
880 3426 1241 3479 misericordia
1293 3424 1706 3492 archiepiscopus
1759 3424 2133 3487 Constantino-

573 3518 785 3586 poleos,
848 3532 991 3571 nova:
1035 3514 1248 3579 Romae,
1313 3525 1359 3569 et
1421 3517 1760 3569 oecumenicus
1806 3518 2130 3583 patriarcha.

579 3609 776 3663 Eodem
807 3606 927 3663 ﬁdei
975 3608 1110 3673 zelo,
1150 3607 1387 3675 lgnatius
1434 3608 1742 3677 patriarcha
1768 3609 2132 3667 Antiochenus

584 3716 773 3753 novam
809 3701 951 3754 illam
1013 3699 1256 3753 ba-resim
1320 3700 1638 3766 proscribit;
1689 3701 1841 3770 cujus
1881 3700 2130 3767 Tomutn,

583 3792 723 3856 quod
758 3792 917 3860 paulo
952 3790 1228 3861 prolixior,
1252 3789 1479 3843 Allatius
1505 3806 1608 3844 non
1655 3791 1844 3845 edidit.
1895 3792 2134 3848 Conten-

581 3882 711 3935 tioni
744 3882 917 3936 locum
966 3881 1114 3934 dedit
1161 3877 1474 3934 Barlaamus
1531 3879 1759 3933 Calaber
1814 3883 2130 3946 monachus,

578 3974 661 4026 vir
687 3974 954 4032 eruditus.
985 3972 1100 4039 qui,
1131 3980 1190 4024 ut
1243 3984 1304 4025 se
1368 3971 1753 4024 monachorum
1814 3972 2109 4041 disciplina:

574 4065 818 4129 tradidit,
850 4077 1037 4117 eorum
1059 4076 1270 4116 errores
1295 4060 1497 4114 detexit
1527 4076 1588 4113 ac
1617 4061 1882 4128 traduxit;
1939 4064 2135 4132 quibus

585 4154 852 4219 Palamas,
884 4155 1315 4222 archiepiscopus
1344 4152 1859 4219 Thessalonicensis,
1909 4168 1967 4208 se
2016 4154 2135 4207 vin-

582 4245 754 4298 dicem
780 4255 832 4300 ct
863 4253 1138 4298 auctorem
1162 4242 1412 4311 praebuit,
1465 4241 1916 4312 Barlaamumque
1960 4243 2131 4312 ipsum

579 4336 867 4403 oppressit.
902 4336 1165 4389 Damnata
1211 4333 1351 4386 cnim
1399 4332 1741 4399 procacitatis
1786 4333 1838 4387 in
1895 4335 2133 4388 sanctius

2235 3172 2466 3225 parcens
2519 3157 2889 3228 typographus
2951 3173 3016 3214 ac
3066 3157 3355 3227 bibliopola
3419 3159 3796 3215 intercederet.
3882 3190 3887 3193 Α

2234 3247 2391 3303 Libet
2449 3248 2666 3304 interim
2723 3250 2841 3319 ejus
2885 3250 2972 3304 hic
3022 3256 3185 3319 atque
3238 3250 3496 3305 doctrinae
3545 3248 3793 3322 majorem

2238 3341 2510 3406 notitiam,
2551 3342 2743 3408 lector,
2772 3342 3038 3412 praebere,
3069 3356 3228 3411 quam
3266 3342 3357 3397 ulli
3383 3350 3627 3398 nostrum
3675 3345 3790 3398 hac-

2238 3441 2393 3488 tenus
2430 3433 2752 3488 habuerint:
2793 3434 3066 3503 specimen
3108 3446 3323 3501 quoqne
3353 3446 3417 3487 ex
3460 3432 3642 3487 verbis
3688 3430 3794 3499 ejus

2235 3538 2527 3594 apponere.
2564 3524 2704 3580 unde
2737 3524 2819 3577 vel
2857 3523 2994 3578 tueri
3023 3532 3081 3576 ut
3126 3523 3483 3578 orthodoxum
3519 3524 3797 3591 virumque

2234 3617 2380 3686 pium
2402 3631 2466 3669 ac
2495 3614 2689 3668 eximie
2712 3613 3004 3684 spiritalem
3036 3614 3273 3684 proclive
3340 3612 3433 3677 sit,
3491 3613 3577 3668 vel
3636 3614 3792 3669 etiam

2235 3716 2293 3762 ut
2322 3707 2597 3761 hominem
2626 3706 2904 3760 seductum
2930 3718 3028 3759 nec
3043 3718 3190 3759 sanae
3214 3705 3411 3758 mentis
3438 3703 3789 3774 proscribere.
3866 3698 3869 3699 ⁷

2234 3797 2461 3852 Pontani
2487 3794 2796 3864 conjectura
2828 3796 2880 3849 in
2935 3795 3035 3849 viri
3085 3804 3265 3861 tetate,
3317 3809 3480 3849 causa
3543 3793 3789 3857 careeris,

2235 3888 2464 3957 ejusque
2497 3887 2616 3939 aliis
2640 3900 2745 3939 non
2780 3886 2913 3940 satis
2944 3884 3093 3951 felix,
3135 3886 3332 3955 quibus
3379 3885 3621 3954 quaedam
3658 3883 3791 3938 illius

2234 3978 2425 4034 Latine
2449 3976 2683 4047 vulgavit
2714 3992 2779 4031 ex
2810 3976 3087 4032 codicibus
3117 3975 3411 4031 Bavaricis.
3447 3975 3555 4031 Leo
3574 3958 3792 4031 Allatius

2236 4088 2302 4129 ex
2325 4072 2458 4127 Vitae
2480 4086 2701 4127 auctore
2733 4070 2979 4127 Sthetato
2999 4070 3119 4139 (nos
3148 4069 3490 4124 Pectoratum
3517 4066 3788 4135 dicimus),

2236 4179 2398 4233 quem
2428 4163 2597 4232 liquet
2616 4164 2874 4218 adversus
2909 4161 3134 4216 Latinos
3159 4175 3283 4215 cum
3336 4158 3594 4214 Michaele
3636 4158 3793 4213 Ceru-

2244 4256 2382 4311 lario
2408 4257 2699 4325 plurimum
2730 4256 3057 4316 decertasse,
3091 4267 3153 4307 ac
3187 4250 3450 4306 Ccrularii
3489 4260 3671 4319 partes
3713 4247 3792 4302 fo—

2241 4347 2403 4411 visse,
2436 4346 2555 4415 ejus
2588 4346 2811 4415 propius
2872 4352 3088 4400 aetatem
3133 4350 3357 4396 venatus
3408 4351 3528 4406 est;
3580 4354 3787 4395 causam

578 4425 882 4480 institutum
904 4424 1185 4480 Barlaamo
1222 4423 1508 4488 monacho,
1538 4437 1825 4493 suppressa
1880 4424 1947 4479 de
2005 4425 2127 4493 dog-

2241 4448 2420 4492 tatncn
2446 4438 2703 4502 carceris,
2735 4438 2877 4506 quod
2923 4450 3047 4489 eum
3086 4440 3436 4488 monumenta
3483 4431 3806 4504 defecerint“

578 4527 722 4572 atate
748 4516 973 4586 quaesdo
1006 4525 1108 4581 est,
1144 4531 1210 4569 ne
1240 4513 1483 4569 Palamas
1517 4529 1692 4583 prava:
1732 4515 1843 4581 ipse
1874 4514 2134 4575 doctrinas

581 4622 646 4662 ac
695 4607 961 4662 hmrelica‘
1017 4608 1304 4660 damnatus
1350 4604 1542 4659 abit-ct.
1591 4605 1810 4660 Vidcnd.
1865 4604 2136 4671 Gregoras

581 4699 675 4753 lib.
718 4715 785 4765 tt;
812 4696 1100 4753 Cautacuz.
1130 4697 1224 4752 lib.
1248 4713 1286 4752 tt
1312 4696 1665 4750 Historiarum
1692 4704 1746 4749 et
1780 4696 1833 4749 in
1869 4694 2138 4752 Procemio

577 4808 792 4847 suarum
823 4793 1338 4853 Contradictimmm,
1362 4789 1617 4843 adversus
1638 4789 2130 4844 llieromouaehum
2167 4786 2171 4790 ”

577 4882 908 4939 Prochorum
937 4883 1261 4955 Cydonium,
1293 4880 1543 4937 Demetrii
1572 4881 1815 4946 fratrem,
1849 4882 1911 4936 de
1939 4882 2140 4935 lumine

579 4976 869 5031 Thaborio.

580 5114 583 5117 ,
647 5064 738 5118 Sic
765 5065 947 5133 putida
995 5065 1105 5117 visa
1169 5064 1573 5118 suntnonnulla
1606 5063 1835 5119 Palamac
1891 5063 2139 5133 dogmata

581 5172 642 5223 ac
680 5163 1026 5224 nugamenta,
1060 5142 1117 5207 ut
1152 5169 1410 5224 sequaces
1438 5157 1778 5223 postmodum
1819 5154 1996 5208 conati
2029 5154 2142 5206 sint

582 5255 673 5300 aut
702 5244 843 5298 illius
876 5258 1071 5311 negare
1102 5254 1192 5297 aut
1241 5246 1559 5313 snhtcgere:
1623 5244 1778 5311 cujus
1824 5243 1898 5295 rei
1949 5251 2141 5309 praeter

581 5348 823 5393 nostrum
856 5335 1397 5406 Calecam,locuplcx
1446 5337 1599 5391 testis
1651 5336 1808 5391 Joan.
1861 5332 2136 5402 Cypariss.

574 5432 668 5485 lib.
702 5448 737 5495 ι,
766 5446 815 5485 c.
840 5430 894 5491 2.
928 5444 955 5481 a
984 5444 1069 5481 me
1105 5432 1418 5495 productus.
1456 5428 1585 5482 Post
1617 5426 1888 5479 Palamam
1918 5423 2138 5479 haeresis

576 5524 844 5576 antistites
887 5521 1057 5586 fuere,
1112 5521 1371 5585 Isidorus,
1438 5533 1595 5588 quem
1656 5515 1813 5572 Tomi
1870 5526 2140 5569 auctorem

2241 4542 2343 4583 nec
2368 4528 2482 4596 ipse
2504 4525 2719 4595 assequi
2776 4527 2984 4595 potuit;
3018 4523 3396 4592 divinansque,
3428 4522 3663 4591 nigrioro
3692 4520 3789 4575 for-

2243 4621 2385 4675 sitan
2450 4618 2661 4673 calculo
2713 4617 2820 4670 viri
2880 4616 3195 4670 memoriam
3280 4612 3505 4669 notavit.
3536 4611 3615 4666 Ex
3680 4611 3785 4667 Vita

2244 4712 2425 4780 itaque
2459 4711 2571 4764 haec
2629 4722 2838 4763 summa
2886 4706 3105 4761 habeto.
3297 4703 3301 4706 ’
3606 4706 3607 4711 ‘

2316 4800 2437 4854 Fuit
2463 4799 2695 4868 Sytneon
2727 4796 3016 4865 Paphlago,
3049 4796 3244 4865 oppido
3277 4795 3462 4851 Galata
3497 4794 3601 4865 (sic
3634 4793 3784 4864 dicto)

2242 4888 2486 4959 ingenuis
2507 4888 2844 4958 parentibus,
2875 4886 3068 4940 Basilio
3104 4896 3158 4940 et
3199 4885 3596 4955 Theophauone
3617 4896 3782 4949 natus,

2238 4977 2438 5033 Basilio
2495 4987 2551 5033 et
2622 4976 2980 5033 Constantino
3040 4975 3552 5045 Porphyrogenitis;
3604 4985 3783 5045 patruo

2242 5068 2295 5122 in
2338 5066 2459 5120 aula
2486 5076 2702 5134 potente
2743 5076 2849 5119 cla
2901 5081 3056 5121 sacro
3119 5066 3387 5130 cubiculo,
3434 5065 3548 5133 ipse
3590 5077 3785 5133 quoque

2239 5156 2815 5227 spatharocubicularii
2847 5172 3069 5211 munere
3102 5157 3244 5211 inter
3270 5164 3545 5210 senatores
3566 5167 3781 5218 merens,

2244 5248 2344 5302 etsi
2382 5246 2801 5315 tetatejuvenis,
2844 5259 3039 5317 patruo
3069 5246 3217 5303 brevi
3245 5248 3532 5309 exstincto,
3583 5243 3784 5315 Symeo-

2247 5338 2334 5392 nis
2361 5337 2584 5393 Studitze
2615 5338 2742 5393 dicti
2775 5337 3111 5393 Venerabilis
3148 5336 3374 5391 consilio
3420 5348 3584 5406 a:que
3638 5346 3782 5402 opera

2249 5428 2426 5496 (quem
2454 5438 2712 5498 perpetuo
2767 5428 3083 5498 magistrum
3128 5442 3191 5481 ac
3254 5436 3462 5494 patrem
3504 5424 3780 5495 spiritalem

2248 5515 2448 5583 vocat),
2512 5518 2794 5574 servientis
2846 5518 3035 5572 habitu
3072 5517 3124 5585 ip
3161 5516 3422 5571 Studiano
3473 5510 3782 5569 mcuasterio

652 5684 727 5739 (al
768 5684 901 5735 \‘ide
946 5682 1087 5735 inter
1127 5658 1361 5734 Palamte
1397 5677 1645 5733 homilias
1677 5688 1814 5743 quas
1847 5675 1899 5727 in
1940 5671 2210 5745 superiori
2245 5685 2393 5727 tomo
2426 5675 2734 5732 recudimus
2784 5687 2849 5729 ex
2883 5671 3120 5731 editione
3160 5669 3458 5725 novissima
3495 5662 3781 5730 Hierosoly-

578 5752 806 5805 tnitma.
869 5752 1018 5803 Ευρτ.
