4078 6258
231 261 240 266 ’
332 293 431 356 att

1074 298 1172 358 DE
1209 297 1578 360 ESSENTIA
1621 301 1716 360 ET
1752 300 2260 367 OPERATIONE.
2304 329 2372 342 -·
2413 303 2834 368 ΡΒΕΡΑΤΙΟ.

3452 308 3564 374 262

269 409 285 418 '
333 417 574 473 tyronem
607 402 806 469 induit,
840 404 1050 474 subque
1081 405 1172 460 illo
1232 408 1498 463 exercuit.
1537 409 1761 464 Eximiae
1785 426 1906 462 san-

2025 415 2163 484 Βρᾷν,
2196 415 2288 468 καὶ
2319 414 2479 468 αὐτὸν
2504 413 2598 469 τδν
2628 417 2687 468 ὲν
2744 415 2857 478 τοῖς
2889 413 3082 482 δώροις
3117 413 3363 483 ἀοράτως
3419 433 3562 486 παρ-

329 496 536 548 ctitatis
563 495 674 565 ipsa
707 495 926 549 exordia
951 514 963 548 :
1002 496 1067 550 iis
1094 499 1486 554 monachorum
1511 500 1598 554 alii
1625 501 1904 565 delectati,

332 586 423 639 alii
457 585 668 639 oii‘ensi.
705 584 1032 653 Praepositus
1066 603 1093 638 a
1126 589 1397 643 severiore
1425 590 1704 660 disciplina
1733 607 1904 646 cona-

332 686 418 729 tus
441 692 694 739 avocare,
737 691 860 730 cum
891 690 994 730 non
1017 687 1253 745 pareret,
1297 695 1328 733 e
1351 681 1680 734 monasterio
1732 682 1900 750 ejicit.

333 764 576 834 Symeon
607 765 934 820 Venerabilis
972 767 1208 822 Antonio
1253 770 1428 822 sancti
1496 769 1780 823 Mantautis
1851 770 1905 824 in

333 854 645 912 Xerocereo
697 858 984 928 praeposito
1021 861 1385 920 commendat.
1441 859 1665 928 ejusque
1716 862 1768 914 in
1815 862 1908 915 illo

337 958 525 1000 curatu
562 949 723 1016 gerit,
757 948 1058 1004 monastieo
1087 948 1494 1014 habitdinduit,
1547 951 1910 1006 sanctior-ibus

345 1036 690 1090 documentis
745 1038 1067 1090 communit.
1134 1036 1231 1092 llic
1281 1039 1369 1091 ille
1407 1041 1601 1092 divinis
1638 1050 1909 1093 reet-eatur

337 1125 866 1188 visionibus,altiore
907 1127 1362 1195 contemplatione
1387 1129 1492 1183 Deo
1523 1130 1864 1198 conjungitttr
1891 1148 1902 1182 :

340 1218 498 1272 cibus
517 1219 890 1287 quotidianus,
923 1220 951 1270 6
975 1219 1238 1281 ζωοποιὸς
1269 1223 1432 1289 ἄρτος
1477 1220 1569 1272 καὶ
1600 1220 1658 1272 τὸ
1682 1215 1908 1296 αἷμαδτδ

339 1307 522 1377 τίμιον
542 1307 637 1361 τοῦ
655 1309 890 1378 Χριστοῦ
924 1326 938 1341 ·
975 1312 1137 1364 Panis
1169 1312 1394 1380 uiuiﬁcus
1423 1319 1469 1364 et
1499 1312 1694 1365 Christi
1714 1314 1910 1380 pretio-

339 1414 428 1451 sus
453 1400 709 1468 sanguis;
738 1399 909 1453 herba:
937 1410 985 1453 et
1013 1403 1294 1469 legumina,
1339 1402 1528 1472 quibus
1559 1400 1682 1456 solis
1747 1404 1909 1456 vitam

336 1491 667 1545 sustentabat
735 1493 964 1559 exceptis
1007 1493 1184 1547 diebus
1223 1493 1535 1550 Dominicis.
1593 1495 1909 1549 Arctissima

337 1584 597 1648 solitudo,
626 1581 891 1639 oratiortis
933 1585 1060 1654 juge
1098 1585 1358 1650 studium,-
1409 1584 1702 1654 Scriptura!
1725 1585 1908 1640 sedula

2009 506 2160 572 ὄντα,
2192 505 2455 573 γνωστῶς
2485 505 2788 574 κεκτῆσθαι
2818 507 2874 557 ὲν
2901 505 2965 573 τῇ
3015 502 3208 574 καρδίᾳ
3252 501 3438 568 αὐτοῦ,
3477 503 3568 556 ἵνα

2014 598 2152 667 μετὰ
2184 596 2497 668 παρρησίας
2518 595 2740 650 δύναται
2770 595 2866 658 τὰς
2895 595 3179 666 ἱκετηρίας
3208 595 3576 663 προσφέρειν,

2012 686 2107 739 καὶ
2133 686 2207 748 ὡς
2236 687 2386 754 φίλος
2414 685 2554 754 φίλῳ
2584 684 2930 753 διαλέγεσθαι
2963 684 3039 754 τῷ
3085 682 3202 752 Θεῷ
3239 683 3334 736 καὶ
3369 682 3565 750 "arpi,

2011 780 2104 829 καὶ
2122 776 2501 846 ἀκατακρίτους
2523 774 2726 842 λέγειν,
2763 793 2780 826 ι
2810 774 2995 841 Πάτερ
3017 774 3195 843 ἡμῶν,
3215 774 3244 837 ὁ
3268 776 3324 824 ὲν
3347 775 3457 834 τοῖς
3475 772 3565 825 οὐ·

2015 867 2215 935 ρανοῖς,
2243 881 2262 914 ι
2290 864 2362 926 ὼς
2399 863 2488 915 τὸν
2519 862 2776 931 ἀληθινὸν
2802 861 2936 914 Θεὸν
2965 861 3060 914 καὶ
3097 861 3256 928 φύσει
3285 861 3414 913 ὄντα
3439 861 3569 912 Υίὺν

2009 954 2104 1007 τοῦ
2122 954 2279 1018 Θεοῦ,
2305 953 2442 1023 ἔχων
2469 954 2728 1007 οἰκοῦντα
2760 955 2816 1004 ἐν
2839 951 3040 1021 ἑαυτῷ,
3067 951 3153 1003 διὰ
3183 950 3276 1002 τοῦ
3296 950 3568 1013 οἰκοῦντος

2011 1047 2167 1113 ἁγίου
2192 1045 2503 1114 Πνεύματος
2533 1046 2590 1097 ἐν
2628 1042 2807 1112 ἑαυτῷ
2828 1057 2840 1071 ⁸
2867 1041 3068 1112 Swpius
3110 1052 3346 1110 rogatus,
3398 1041 3569 1108 qualis

2010 1138 2191 1189 debeat
2213 1151 2326 1190 esse
2362 1141 2624 1198 sacerdos.
2653 1136 2736 1188 ria:
2791 1139 2999 1188 tandem
3043 1143 3345 1204 compnncto
3393 1133 3572 1186 animo

2009 1241 2212 1300 gemens
2242 1227 2550 1293 respondit:
2582 1224 2694 1277 lien
2735 1225 2856 1278 me!
2914 1226 3106 1293 fratres
3134 1262 3150 1286 ,
3204 1225 3328 1292 quid
3381 1240 3462 1275 me
3512 1223 3574 1274 de

2011 1316 2302 1368 istiusmodi
2335 1316 2717 1385 interrogatis?
2745 1315 2843 1369 Res
2870 1326 2945 1368 est
3002 1313 3292 1377 tremenda,
3340 1313 3417 1367 vel
3461 1314 3574 1380 ipso

2010 1407 2264 1476 cogitatu.
2325 1405 2464 1460 Sane
2523 1423 2614 1477 ego
2656 1407 3061 1475 haudquaquam
3105 1405 3294 1474 dignus
3332 1407 3576 1457 sacerdos

2009 1514 2145 1560 sum,
2197 1498 2318 1550 dum
2345 1499 2481 1550 sacri
2527 1497 2756 1550 numeris
2809 1512 2870 1549 ac
2927 1494 3199 1564 dignitatis
3259 1479 3577 1546 treniendum

2019 1589 2299 1659 fastigium
2337 1596 2728 1654 reputo:certo
2787 1596 2960 1639 tamen
3012 1585 3226 1638 humilis
3287 1600 3378 1653 ego
3436 1584 3575 1646 novi,

344 1676 533 1741 lectio,
570 1691 636 1730 ac
664 1674 914 1730 Vitarum
941 1675 1352 1741 monachorum,
1380 1677 1469 1744 qui
1494 1677 1770 1745 superiore
1792 1691 1908 1729 sevo

343 1768 637 1822 sanctitate
676 1767 1042 1828 claruissent;
1103 1765 1213 1821 diei
1268 1767 1444 1821 omnis
1500 1766 1910 1821 accuratissima

2010 1680 2180 1749 qualis
2203 1680 2378 1731 debeat
2403 1694 2518 1731 esse
2541 1679 2801 1730 sacerdos.
2846 1677 3082 1730 Primum
3111 1677 3313 1746 quidem
3367 1682 3574 1738 castus,

2015 1786 2116 1822 non
2138 1767 2303 1820 solum
2333 1782 2567 1832 corpore,
2589 1781 2763 1820 verum
2793 1766 2985 1831 potiori
3019 1765 3166 1834 longe
3189 1765 3393 1817 ratione
3415 1765 3578 1817 etiam

1943 1732 1982 1791 ll

345 1857 710 1922 exercitatio,
767 1856 834 1909 ad
885 1869 1092 1912 sacram
1171 1859 1608 1910 communionem
1662 1855 1902 1910 inaudita

346 1949 696 2020 praeparatio,
729 1949 936 2002 dierum
990 1943 1450 2016 Quadragesimte,
1492 1946 1731 2015 exceptis
1776 1944 1916 2001 Sab-

349 2041 471 2094 bato
501 2050 556 2093 et
589 2038 896 2104 Dominica,
963 2037 1164 2093 inedia.

417 2131 686 2185 Defuncto
710 2130 962 2196 Antonio,
1020 2131 1192 2185 sancti
1249 2128 1531 2186 Mamantis
1583 2127 1918 2184 monasterio

348 2221 647 2291 prmﬁeitur
681 2235 743 2274 ac
764 2218 1020 2275 sacerdos
1053 2217 1331 2273 ordinatur
1363 2234 1393 2273 a
1433 2217 1656 2272 Nieoiao
1681 2216 1920 2287 Chryso—

352 2311 513 2380 berge
540 2311 849 2380 patriarcha
875 2328 890 2366 :
926 2309 1162 2380 Spiritus
1193 2310 1387 2375 sancti,
1419 2309 1670 2363 immensi
1699 2307 1922 2362 luminis

353 2405 552 2473 specie,
585 2404 885 2458 descensus
945 2402 996 2455 in
1032 2407 1193 2469 caput
1231 2400 1501 2455 ordinati:
1555 2399 1690 2453 visio
1751 2399 1920 2451 cidem

356 2494 643 2549 familiaris
691 2495 834 2548 inter
877 2507 993 2546 rem
1030 2505 1238 2546 sacram
1289 2507 1385 2558 per
1460 2506 1630 2544 annos
1687 2490 1960 2559 qtladrn-'

358 2587 503 2656 ginta
543 2593 671 2639 octo
699 2585 781 2638 sui
812 2581 1128 2645 sacerdotii,
1171 2580 1549 2646 καθὼς¹αὐτὺς
1601 2581 1736 2648 πρός
1781 2596 1920 2644 τινα,

358 2676 430 2737 ῶς
462 2675 596 2746 περὶ
617 2674 779 2728 ἄλλου
808 2672 952 2734 τινδς
985 2673 1172 2740 ἔλεγεν
1204 2672 1398 2726 ἑαυτὸν
1449 2670 1796 2742 ὐποκρύὸωνσ
1830 2670 1926 2722 καὶ

359 2769 671 2836 γέγραπται
700 2765 759 2816 ὲν
794 2763 906 2825 τοῖς
945 2762 1108 2815 αὑτοῦ
1152 2763 1592 2831 ’Λποφθέγμασι,
1619 2772 1672 2814 ut
1700 2763 1807 2827 ipse
1857 2761 1924 2811 ad

363 2857 643 2928 quemdam
678 2865 932 2925 tanquam
989 2854 1053 2907 de
1078 2855 1184 2908 alio
1212 2854 1439 2922 quodam
1490 2854 1768 2916 narrabat,
1823 2852 1924 2904 sei-

359 2963 512 3012 psunt
557 2945 814 3012 tantisper
848 2944 1115 2997 occultans
1141 2958 1159 2997 :
1183 2943 1503 3011 habeturque
1527 2942 1774 3008 scriptum
1797 2943 1930 2992 inter

2017 1859 2192 1911 animo
2230 1872 2290 1908 ac
2321 1866 2488 1908 mente
2519 1870 2536 1908 :
2579 1871 2640 1907 ac
2673 1855 2918 1908 exteriori
2959 1854 3166 1922 quidem
3213 1852 3582 1921 compositione

2017 1965 2079 2002 ac
2106 1948 2295 2011 indole,
2323 1937 2554 2010 humilis,
2616 1947 2784 1998 animi
2814 1953 2987 1998 autent
3049 1960 3112 1996 ac
3159 1944 3394 1997 interiori
3443 1951 3582 1995 statu

2017 2054 2270 2107 sensuque
2296 2046 2654 2102 compunctus.
2687 2035 2818 2089 Cum
2868 2051 2983 2089 vero
3024 2049 3192 2087 sacra:
3230 2049 3422 2086 mensae
3448 2033 3585 2085 assi-

2019 2132 2135 2194 stit,
2172 2139 2338 2182 mente
2378 2128 2586 2194 quidem
2620 2127 2894 2192 Deitatem,
2948 2142 3101 2180 sensu
3149 2142 3270 2178 vero
3319 2123 3584 2192 proposita

2019 2223 2156 2275 dona
2193 2222 2422 2274 contueri
2454 2219 2618 2282 debet,
2659 2220 2927 2288 ipsumque
2976 2217 3336 2286 inaspectabili
3381 2217 3585 2286 ratique

2020 2315 2073 2368 in
2099 2313 2251 2365 donis
2280 2321 2604 2379 praesentem,
2635 2311 2863 2364 scientia:
2889 2325 3099 2364 munere
3124 2310 3333 2376 altaque
3353 2319 3584 2362 conteru-

2021 2401 2246 2469 platione
2284 2401 2338 2453 in
2398 2399 2553 2452 corde
2601 2413 2694 2451 suo
2755 2399 3035 2464 possidere,
3102 2405 3162 2450 ut
3215 2412 3331 2450 cum
3393 2393 3588 2463 ﬁducia

2023 2493 2175 2545 liceat
2211 2491 2617 2557 supplicationes
2645 2489 2855 2557 o/I’erre,
2894 2505 2957 2542 ac
2987 2489 3124 2542 sicut
3176 2489 3376 2541 amicus
3419 2487 3590 2540 amico

2024 2583 2282 2652 loquitur,
2335 2598 2452 2634 cum
2515 2581 2621 2634 Deo
2692 2596 2982 2636 sermonem
3042 2581 3298 2649 conferre,
3346 2581 3593 2650 nulloque

2016 2675 2208 2744 judicii
2239 2683 2382 2727 reatu
2406 2674 2596 2736 dicere,
2631 2692 2648 2723 ι
2677 2671 2838 2726 Pater
2875 2681 3070 2735 noster,
3097 2673 3183 2741 qui
3208 2688 3259 2724 es
3289 2673 3344 2725 in
3372 2671 3533 2733 cmlis,
3566 2689 3586 2722 ι

2025 2776 2082 2818 ut
2125 2765 2406 2829 quiuerunt
2450 2762 2610 2815 Deum
2659 2772 2705 2815 et
2747 2770 2943 2814 natura
3017 2761 3109 2814 Dei
3158 2762 3376 2826 Filium,
3433 2762 3486 2816 in
3539 2778 3594 2816 se

2025 2857 2366 2914 habitantem.
2394 2868 2486 2920 per
2511 2851 2738 2920 Spiritus
2789 2852 2842 2904 in
2929 2852 3043 2919 ipso
3119 2851 3402 2905 habitantis
3458 2867 3596 2920 pra:-

2029 2947 2245 3000 sentiam
2273 2945 2483 2998 habeat.
2521 2945 2763 2996 Deterret
2791 2945 2933 2996 serio
2968 2943 3032 2996 ab
3057 2942 3172 3011 ejus
3233 2943 3440 2995 ordinis
3470 2957 3593 2996 am-

360 3039 473 3108 ejus
501 3034 974 3115 Apophthegmata.
1001 3031 1093 3086 Sic
1127 3031 1278 3087 Nilus
1309 3033 1373 3085 ad
1407 3032 1578 3098 ipsum
1605 3031 1928 3099 (lhrysosto-

2031 3037 2164 3100 bitu,
2211 3035 2452 3104 angelico
2497 3046 2634 3101 pene
2697 3033 2850 3086 vultu
2913 3034 3025 3096 ipse
3081 3034 3383 3097 celebrans,
3424 3042 3477 3087 et
3539 3033 3593 3087 in

364 3145 505 3181 munt
532 3129 724 3190 refert,
750 3109 893 3194 quod
927 3123 1016 3179 ille
1043 3123 1188 3178 velut
1227 3124 1294 3177 de
1333 3123 1437 3176 alio
1491 3121 1755 3191 loquitur,
1814 3134 1932 3173 cer-

364 3229 524 3272 nente
553 3217 734 3269 locum
771 3215 959 3268 altaris
1008 3215 1221 3282 plenum
1269 3213 1581 3270 cmlestibus
1646 3211 1935 3266 Potestati-

366 3313 462 3364 bus
502 3308 605 3362 sub
634 3307 812 3375 ipsum
847 3305 1104 3360 sacriﬁcii
1160 3315 1389 3374 tempus.
1442 3304 1612 3360 Porro
1663 3299 1934 3358 sensibilis

365 3403 450 3456 hic
484 3399 725 3469 Spiritus
760 3397 1026 3452 adventus
1077 3411 1143 3450 ac
1201 3397 1358 3461 visio,
1429 3395 1530 3449 etsi
1589 3408 1675 3447 res
1718 3390 1934 3444 insolita

366 3505 468 3554 est,
493 3493 853 3558 videaturque
875 3490 941 3543 ad
974 3487 1332 3543 Massalianos
1355 3485 1604 3541 nonnihil
1648 3483 1933 3545 inclinare,

365 3584 455 3650 qui
491 3583 572 3636 sic
611 3581 822 3637 divinas
842 3580 995 3647 quasi
1025 3582 1180 3649 juges
1237 3579 1468 3634 visiones
1501 3579 1800 3646 iactarent:
1830 3589 1935 3626 non

367 3672 564 3727 desunt
593 3681 769 3736 tamen
811 3661 974 3724 etiam
1007 3669 1152 3722 inter
1199 3665 1499 3722 catholicos
1537 3665 1732 3721 similia
1755 3674 1941 3716 ex‘etn-

367 3763 453 3834 pia
487 3762 580 3816 :in
617 3759 816 3815 Basilio
860 3770 916 3816 et
965 3761 1356 3830 Chrysostomo
1403 3758 1614 3826 alioque
1667 3755 1938 3825 episcopo,

368 3855 524 3923 cujus
562 3851 676 3922 jam
729 3868 836 3907 non
876 3852 1120 3906 occurrit
1185 3865 1404 3914 nomen,
1443 3848 1723 3917 Agathone
1769 3847 1943 3913 penti-

372 3947 510 4000 i‘tce:
543 3944 637 4014 qui
672 3957 858 3997 omnes
900 3941 1129 3996 minisui
1158 3940 1397 4004 lascivia,
1429 3940 1582 3994 solita
1613 3939 1713 3992 hac
1740 3937 1944 3991 visione

373 4036 562 4105 eisque
635 4034 887 4095 familiari
948 4032 1271 4100 quandoque
1333 4031 1527 4100 privati
1573 4029 1844 4098 leguntur,
1881 4042 1944 4082 ac

374 4127 550 4180 donec
585 4123 674 4176 illa
700 4123 800 4175 luit
837 4122 1092 4176 coercita.
1134 4120 1404 4174 Putabant
1451 4119 1550 4185 illi,
1603 4134 1706 4173 non
1764 4119 1940 4187 ipsum

373 4231 432 4270 se
467 4215 738 4284 Spiritum
789 4211 989 4277 videre,
1044 4212 1183 4280 quod
1223 4208 1668 4265 Massttlianorum
1723 4207 1944 4262 haeresis

374 4307 466 4367 sit,
493 4305 591 4360 sed
626 4304 836 4372 signum
866 4301 1124 4356 sensibile
1153 4301 1270 4370 ejus
1306 4302 1623 4369 prtesentiaa,
1677 4301 1791 4356 sive
1814 4299 1943 4353 illud

374 4400 579 4460 lumen,
616 4396 730 4449 sive
759 4393 1034 4462 quodlibet
1096 4390 1241 4444 aliud
1285 4391 1463 4446 dicere
1486 4405 1707 4444 necesse
1741 4400 1845 4446 est.

449 4483 825 4540 Sacerdetalis
878 4482 1117 4536 muneris
1179 4481 1757 4550 ingensexistimatio:
1792 4481 1928 4534 Πολ-

378 4579 537 4640 λάκις
569 4573 924 4647 ἐρωτώμενος
955 4573 1108 4644 παρά
1135 4590 1319 4636 τινων,
1351 4574 1532 4635 ὁποῖος
1571 4569 1708 4626 εἶναι
1742 4574 1945 4642 ὀφείλει

379 4673 408 4723 6
437 4669 644 4740 ἱερεὺς,
681 4665 840 4734 μόλις
877 4664 1014 4734 μετὰ
1064 4662 1409 4727 κατανύξεως
1443 4665 1777 4736 ἁπεκρίνατο
1821 4665 1944 4718 στέο

383 4774 513 4822 νων,
541 4757 706 4824 Οἷμοι
729 4756 742 4808 l
775 4753 994 4821 ἀδελφοί
1013 4769 1026 4785 ο
1061 4755 1113 4806 τί
1141 4743 1212 4820 ἱμε
1240 4755 1368 4823 περὶ
1392 4755 1647 4809 τοιούτων
1669 4757 1944 4826 Epicrate;

385 4849 495 4904 Καὶ
520 4848 582 4902 τὸ
612 4845 850 4916 πρᾶγμά
898 4846 1012 4897 ἐστι
1061 4843 1290 4912 φρικτὸν
1319 4846 1414 4899 καὶ
1442 4845 1751 4914 νοούμενον.
1803 4847 1946 4914 Ἐγὼ

385 4941 482 5008 μὲν
509 4938 690 5009 ἱερεὺς
707 4938 962 5006 οὐδαμῶς
994 4937 1111 5005 εἰμι
1137 4935 1305 5000 ἄξιος,
1335 4938 1395 4989 τὸ
1423 4937 1650 5005 φρικτὸν
1667 4938 1764 5006 τῆς
1795 4938 1948 5008 ἱερᾶς

384 5029 584 5081 ἐννοῶν
614 5028 772 5091 ἀξίας
795 5045 808 5058 ·
847 5027 987 5094 πλὴν
1015 5027 1164 5095 ὅμως
1195 5026 1453 5094 ἀσφαλῶς
1482 5029 1509 5078 6
1532 5028 1785 5092 ταπεινὸς
1803 5026 1944 5093 οῖδα,

386 5117 630 5179 ποταπὸς
657 5116 863 5186 ὀφείλει
897 5110 1034 5167 εἶναι
1085 5115 1113 5165 6
1145 5115 1342 5185 ἱερεύς.
1376 5115 1599 5186 Πρῶτον
1629 5117 1726 5186 μὲν
1759 5117 1945 5184 ἁγνὸς,

390 5209 445 5259 οὐ
469 5207 545 5276 τῷ
571 5206 792 5276 σώματι
829 5206 1008 5275 μόνον,
1041 5204 1178 5258 ἀλλὰ
1215 5205 1396 5275 πολλῷ
1440 5205 1638 5274 μᾶλλον
1669 5208 1762 5261 καὶ
1813 5209 1948 5279 αὐτῇ

391 5299 454 5366 τῇ
483 5297 657 5366 ψυχῇ.
697 5297 771 5349 Οὐ
812 5296 971 5365 μόνον
1009 5296 1086 5361 δὲ,
1117 5296 1256 5350 ἀλλὰ
1305 5297 1400 5351 καὶ
1424 5299 1633 5374 ’πάσης
1677 5300 1949 5368 ἁμαρτίας

394 5389 696 5457 ἀμέτοχοςο
747 5388 842 5438 καὶ
871 5387 948 5456 τῷ
1012 5389 1110 5456 μὲν
1145 5387 1343 5451 ἔξωθεν
1391 5388 1511 5458 ῆθει
1541 5389 1835 5456 ,ταπεινὺῆ
1875 5390 1951 5460 τῷ

392 5477 444 5530 δὲ
469 5479 687 5532 ἔνδοθεν
715 5479 1108 5548 καταστήματι
1159 5479 1646 5549 συντετριμμένος.
1680 5481 1850 5534 ’Ὅταν
1895 5481 1951 5535 δὲ

391 5571 454 5637 τῇ
493 5570 614 5639 ἱερᾷ
646 5567 904 5637 τραπέζῃ
933 5569 1285 5636 παρίσταται,
1307 5569 1509 5638 νοερῶς
1538 5570 1636 5639 μὲν
1673 5570 1771 5641 τὴν
1822 5571 1953 5625 Θεό-

391 5674 544 5725 τητα,
585 5657 868 5727 αἰσθητῶς
922 5657 978 5709 δὲ
1044 5659 1111 5711 τά
1155 5658 1491 5728 προκείμενα
1537 5661 1682 5729 δῶρα
1744 5661 1952 5731 ὀφείλει

2030 3118 2188 3199 quem
2215 3134 2454 3182 astantes
2484 3125 2568 3178 vix
2623 3132 2841 3194 possent
2901 3123 3159 3191 aspicere.
3228 3123 3349 3178 Visa
3402 3124 3598 3194 saepius

2032 3218 2203 3274 nubes
2265 3217 2447 3271 lucida
2497 3230 2617 3284 quae.
2679 3223 2853 3270 totum
2925 3215 3200 3284 obtegeret
3250 3223 3500 3290 stantem
3541 3216 3598 3270 in

2033 3307 2262 3362 bemate.

2085 3396 2460 3450 instauratum
2488 3395 2553 3448 ab
2585 3409 2648 3449 eo
2687 3393 2858 3450 sancti
2892 3392 3194 3460 Mamantis,
3221 3395 3308 3448 cui
3339 3402 3590 3463 praeerat,

2037 3487 2462 3554 monasterium;
2514 3495 2704 3541 auctus
2755 3487 2830 3541 illi
2870 3489 3256 3542 monachorum
3291 3502 3460 3554 grex;
3518 3487 3597 3540 vi-

2038 3579 2189 3634 sione
2214 3578 2368 3632 nubis
2396 3577 2582 3640 Lucida:
2613 3578 2717 3631 alta
2754 3578 2996 3647 qutedam
3020 3592 3280 3633 concessa
3309 3578 3596 3646 sapientia,

2041 3671 2334 3738 doctusque
2385 3668 2512 3734 ξένα
2568 3669 2690 3720 τινὰ
2737 3669 2832 3720 καὶ
2883 3669 3244 3737 κεκρυμμένα
3301 3669 3599 3738 μυστήρια.

2040 3760 2394 3826 Quamobrem
2431 3775 2493 3813 ex
2527 3775 2590 3814 eo
2630 3769 2890 3828 tempore,
2928 3759 3029 3810 οὐκ
3087 3754 3232 3826 εἶχεν
3281 3758 3438 3818 αὐτὸς
3473 3761 3599 3810 eau-

2040 3853 2154 3916 τὸν,
2177 3852 2290 3905 ἀλλ’
2323 3855 2354 3922 ἠ
2389 3852 2481 3905 τοῦ
2513 3852 2642 3905 Θεοῦ
2676 3851 2834 3921 χάρις
2873 3850 2992 3903 ὅλον
3034 3849 3197 3903 αὐτὸν
3232 3852 3366 3920 πρὸς
3399 3851 3598 3921 ἑαυτὴν
3677 3838 3689 3851 ’

2044 3945 2417 4008 ἐπισπάσασα,
2447 3945 2547 4013 τὴν
2580 3945 2676 4014 μὲν
2702 3944 2949 4012 γλῶτταν
2983 3945 3149 4001 αὑτοῦ
3181 3945 3434 4014 κάλαμον
3478 3945 3599 4008 ὀξυ-

2009 4035 2274 4101 ·γράφου,
2310 4033 2406 4102 τὴν
2432 4031 2486 4086 δὲ
2517 4034 2755 4086 διάνοιαν
2781 4033 2965 4105 πηγὴν
3010 4035 3199 4104 σοφίας
3231 4033 3366 4086 Θεοῦ
3408 4035 3601 4102 ἀπειρ.

2043 4125 2267 4190 γάσατο.
2302 4123 2400 4176 Διὰ
2429 4123 2585 4176 τοῦτο
2617 4125 2710 4176 καὶ
2733 4125 2952 4195 ἀμαθὴς
2978 4125 3052 4178 ὢν
3082 4126 3256 4195 πάντη
3295 4124 3403 4177 τῶν
3437 4125 3600 4193 Οὐρα-

2046 4215 2136 4267 θεν
2167 4214 2522 4282 μαθημάτων,
2557 4215 2630 4276 ὡς
2659 4216 2686 4266 6
2715 4217 3089 4302 ὴγαπημένος,
3144 4216 3435 4284 ὲοεολόγει,
3508 4217 3600 4268 καὶ

2045 4303 2113 4356 τὰ
2141 4305 2236 4373 τῆς
2269 4304 2544 4371 θεολογίας
2598 4305 2748 4368 ὅλαις
2783 4307 2902 4371 νυξὶ
2934 4307 3273 4380 ἁνετάττετο.
3328 4306 3446 4374 Ipse
3500 4309 3600 4360 sei-

1969 4390 2188 4466 Dpsum
2235 4415 2335 4450 non
2392 4397 2628 4465 habebat,
2694 4400 2781 4453 sed
2804 4400 2898 4454 Dei
2958 4401 3134 4470 gratia
3181 4401 3250 4454 ad
3307 4417 3361 4453 se
3438 4409 3600 4452 totum

2046 4489 2303 4553 trahente,
2347 4490 2529 4559 lingua
2560 4489 2767 4559 quidem
2813 4491 3048 4546 calamus
3119 4491 3304 4545 scriba:
3366 4491 3607 4545 velociter

2044 4581 2331 4656 scribentis,
2387 4569 2528 4634 mem
2558 4596 2700 4642 vero,
2771 4581 2889 4648 fons
2956 4581 3049 4634 Dei
3099 4582 3372 4650 sapientia:
3421 4581 3604 4649 effecta

2043 4681 2177 4725 erat.
2210 4671 2418 4724 Idcirco
2452 4675 2647 4738 etiam,
2670 4673 2791 4727 licet
2819 4673 3048 4725 omnium
3083 4689 3295 4741 prorsus
3329 4687 3391 4725 ea:
3425 4672 3606 4725 stcculi

2007 4777 2143 4814 .usu
2178 4761 2577 4829 disciplinarum
2596 4764 2788 4827 ‘rudis,
2871 4764 3084 4830 perinde
3147 4779 3206 4814 ac
3253 4762 3467 4814 dilectus
3517 4761 3608 4814 ille

2043 4851 2349 4918 discipulus,
2384 4869 2501 4921 qua:
2544 4854 2729 4907 divina:
2771 4854 3003 4906 scicntia:
3056 4862 3199 4921 sunt,
3257 4851 3463 4915 edebat,
3528 4861 3610 4904 to-

2046 4951 2224 5010 tasque
2272 4950 2444 4996 noctes
2505 4942 2788 5012 theologica
2838 4943 3144 4994 instruebat.
3187 4939 3309 4994 iizec
3340 4950 3608 4995 tantarum

2049 5032 2332 5102 Symeonis
2357 5031 2794 5086 lucubrationum
2825 5031 2996 5100 origo.
3064 5031 3199 5085 llinc
3255 5031 3609 5095 Θεοδίδακτος

2048 5134 2270 5193 repente
2337 5123 2596 5192 magister
2678 5137 2741 5177 ac
2799 5123 3028 5192 scriptor
3091 5124 3320 5194 Symeon
3400 5125 3608 5178 evasit:

2047 5231 2351 5284 quanquam
2377 5215 2506 5268 nihil
2533 5223 2697 5280 vetat,
2730 5215 2812 5269 vel
2857 5215 2901 5270 si
2945 5231 2975 5269 a
3005 5215 3114 5270 Deo
3145 5217 3449 5270 dederimus
3473 5216 3612 5269 hanc

2051 5306 2337 5370 visionem,
2369 5320 2537 5375 eaque
2594 5304 2821 5360 atl‘usam
2882 5307 3221 5373 sapientiam,
3292 5306 3485 5373 aliquid
3544 5313 3610 5357 ex

2017 5422 2021 5425 π
2050 5398 2203 5468 genio
2227 5397 2396 5466 ipsum
2417 5396 2703 5461 addidisse,
2732 5397 2806 5450 uti
2834 5395 2946 5450 fere
2971 5397 3023 5448 in
3061 5394 3352 5454 Bernardo,
3404 5399 3610 5443 nostro-

2050 5503 2156 5558 que
2189 5487 2430 5552 Alberlo,
2459 5485 2536 5540 sic
2569 5485 2828 5542 divinitus
2855 5487 3027 5541 auctis
3074 5483 3320 5543 scientia,
3379 5494 3608 5547 quorum

2053 5584 2228 5629 tamen
2281 5574 2460 5628 omnia
2505 5589 2606 5629 non
2668 5576 2982 5652 probantur.
3480 5572 3484 5576 ’

2122 5663 2256 5720 Hinc
2289 5665 2485 5720 crebrae
2520 5663 2800 5736 Symeonis
2841 5669 2907 5722 ad
2961 5681 3087 5722 suos
3150 5664 3462 5722 eatcehcses
3513 5679 3607 5722 seu

2941 5791 2972 5798 ..-
