4114 6306
543 327 666 390 ⁸2η3

1809 322 2204 385 MANUELiS
2242 323 2548 384 CALECAZ

3672 323 3783 384 23$

555 454 876 512 parameses,
920 439 1295 494 Studianorum
1355 439 1466 494 fere
1525 441 1905 494 manachorum
1959 441 2106 505 ritu;

2217 440 2626 508 ἑγκοπτσῦμενος.
2679 439 2786 510 Τὴν
2817 437 3042 510 ἄπειρον
3091 429 3183 493 οῦν
3243 441 3535 510 συντριϐὴν
3580 442 3782 506 εἰδότες

553 543 713 601 atque
740 533 790 584 in
817 532 905 585 eis‘
943 532 1113 599 magni
1149 533 1438 596 praesertim
1466 530 1794 586 confessoris
1820 530 2105 593 Theodori,

554 635 668 688 quo
691 621 770 673 vel
803 619 1028 673 maxime
1064 620 1298 673 antistite
1349 620 1586 687 duceque
1627 620 1934 673 monastirte
1958 632 2110 671 exer-

556 711 841 772 citationis,
926 709 1154 782 Sytueon
1214 711 1560 779 gloriabatur.
1630 708 1825 762 Eorum
1883 720 2108 778 pertaesa

559 802 956 866 monachorum,
1017 802 1118 856 sub
1187 817 1250 856 eo
1308 802 1625 855 merentium
1686 816 1810 869 pars
1867 800 2107 871 (triginta

555 891 768 944 circiter
807 893 1074 961 monachi)
1107 891 1347 948 discissis
1394 892 1566 962 palliis
1613 908 1712 945 una
1749 891 1978 947 coitione
2023 895 2106 946 vix

554 1001 657 1037 non
691 987 946 1040 violentas
976 987 1278 1056 iujicientes
1307 1002 1516 1052 manus,
1539 997 1834 1056 enectoqne
1873 997 2108 1056 pastore,

552 1075 787 1130 cil‘ractis
843 1077 1152 1130 monasterii
1241 1075 1470 1141 foribus,
1529 1077 1829 1130 tumnltuiu
1884 1080 2112 1151 patriar-

552 1165 729 1217 chium
762 1167 1088 1234 irrumpunt,
1151 1165 1398 1234 querelas
1429 1165 1727 1220 eliundunt.
1763 1169 1954 1221 Audita
2010 1167 2112 1238 Sy-

552 1257 758 1309 meonis
782 1253 1168 1318 satisfactione,
1202 1258 1424 1325 ejusque
1453 1257 1517 1310 ad
1553 1273 1681 1312 suos
1721 1257 1942 1326 probata
2013 1274 2110 1327 pa-

552 1346 762 1405 l‘tl'ltt’sl,
803 1347 1036 1399 damnati
1059 1347 1246 1400 exsilio
1275 1362 1303 1400 a
1334 1349 1647 1416 patriarcha
1706 1349 1939 1418 protervi
1997 1364 2112 1403 mo-

553 1436 966 1501 ll:ICbl',ViIl]lle
995 1435 1277 1505 Symeonis
1335 1452 1516 1506 rogatu
1563 1441 1810 1508 permissi
1868 1441 1920 1494 in
1980 1443 2112 1496 urbe

553 1541 792 1589 matiere,
822 1527 1143 1580 monasterio
1177 1537 1354 1582 tamen
1386 1509 1614 1584 exclusi.
1647 1531 1876 1600 Symeou
1905 1533 1982 1586 sic
2011 1547 2106 1600 per

553 1616 738 1668 urbem
771 1617 1042 1684 dispersos
1095 1617 1333 1686 singulos
1413 1619 1602 1672 adiens
1659 1617 1997 1708 demulcere,’
2042 1620 2110 1674 ad

551 1719 714 1768 seque
779 1719 1071 1768 revocare,
1117 1707 1374 1774 brevique
1431 1718 1576 1762 tanta
1643 1709 1726 1762 illa
1788 1707 2112 1766 humanitate

2207 529 2299 580 τοῦ
2335 530 2656 594 ἐπισκόπου,
2694 532 2788 584 καὶ
2840 531 2937 598 τὴν
2967 531 3022 580 ὲν
3051 529 3233 582 πένθει
3275 531 3462 584 τούτου
3515 532 3779 600 διάνοιαν,

2208 619 2266 670 οὖ
2300 620 2457 685 μόνον
2481 620 2813 689 συγγνώμην
2843 623 3063 690 ταχεῖαν
3080 621 3154 691 τῷ
3180 621 3336 674 πάθει
3361 622 3610 690 διδοῦσιν,
3638 625 3782 680 ἀλλὰ

2208 711 2298 763 καὶ
2353 711 2575 782 μυρίαις
2627 711 3001 780 παρακλήσεσι
3045 711 3104 762 τὸ
3149 711 3452 767 κατώδυνον
3510 730 3776 784 παρακα-

2207 802 2388 854 λοῦσιν
2411 803 2574 855 αὐτοῦ
2604 805 2700 871 τῆς
2744 803 2940 872 ψυχῆς.
2980 802 3140 856 ’Λλλὲ
3167 802 3244 871 τῷ
3280 805 3610 875 περικαρδίῳ
3638 823 3778 876 κρα-

2207 893 2464 961 τούμενος
2513 895 2539 945 ὁ
2568 893 2858 955 ἐπίσκοπος
2909 893 3074 962 πόνῳ,
3114 881 3497 963 ἀπαράκλητος
3556 896 3770 964 ἔμενεν.

2219 980 2456 1032 Ἐκεῖθεν
2480 976 2574 1032 οὖν
2618 978 2754 1048 πρὸς
2785 980 2884 1048 τὴν
2931 981 3342 1033 Κωνσταντίνου
3405 985 3767 1051 μεγαλόπολιν

2208 1073 2297 1124 τὸν
2326 1072 2552 1124 ἕλκοντα
2601 1072 2958 1142 ἀποστρέφει.
3009 1073 3156 1142 Πεζῆ
3211 1073 3508 1128 τοίνυνκαὶ
3562 1079 3767 1146 ταύτην

2209 1165 2576 1232 ποιησάμενος
2608 1163 2706 1234 τὴν
2728 1165 2970 1233 πορείαν,
3022 1165 3430 1234 καταλαμϐάνει
3461 1167 3558 1234 τὴν
3615 1167 3766 1236 βασι-

2209 1251 2498 1306 λεύουσαν
2522 1255 2617 1306 καὶ
2645 1256 2724 1317 είς
2753 1256 2851 1324 τὴν
2881 1257 3126 1325 μεγάλην
3182 1257 3274 1308 τοῦ
3329 1256 3461 1309 Θεοῦ
3516 1258 3768 1310 εἰσελθὼν

2223 1341 2575 1410 Ἐκκλησίαν,
2645 1343 3048 1414 ἐξομολογεϊται
3104 1347 3240 1414 μετὰ
3279 1345 3526 1415 δακρύων
3581 1347 3658 1416 τῷ
3707 1365 3767 1400 τε

2212 1432 2522 1508 πατριάρχῃ
2555 1434 2774 1497 καὶτοῖς
2802 1434 3117 1505 ἀρχιερεῦσι
3169 1436 3230 1488 τὸ
3269 1436 3488 1504 πτῶμα,
3544 1439 3636 1490 καὶ
3671 1441 3767 1491 σὺν

2209 1525 2286 1594 τῷ
2311 1524 2453 1594 λόγῳ
2483 1525 2665 1593 τὸτῆς
2702 1527 3002 1596 ἐπισκοπῆς
3052 1527 3268 1599 ἀξίωμα
3308 1531 3446 1598 μετὰ
3495 1531 3591 1599 τῆς
3638 1532 3767 1584 eis.

2213 1633 2348 1678 σεως
2375 1616 2712 1669 ἀποτίθεται.
2769 1617 3057 1686 Episcopus
3101 1635 3223 1688 ergo
3275 1628 3420 1674 tanta
3465 1623 3642 1688 pedes,
3674 1625 3766 1676 via:

2211 1708 2286 1758 sic
2314 1706 2500 1776 longaz,
2533 1708 2746 1776 planctu
2769 1708 3010 1777 luctuque
3031 1714 3246 1763 decurso
3280 1711 3482 1774 itinere,
3517 1710 3765 1765 Romam-

552 1809 614 1845 ac
693 1793 976 1846 sedulitate
1039 1794 1105 1848 ad
1177 1795 1404 1850 oﬂlcium
1457 1797 1772 1866 caulamque
1832 1801 2112 1854 universos
2146 1790 2310 1866 lique
2341 1800 2566 1862 veniens,
2599 1779 2838 1851 trahente
2873 1814 2935 1851 ea:
2981 1811 3166 1851 catena
3222 1800 3446 1866 famulo,
3518 1803 3763 1855 delictum

551 1883 716 1952 Cogit.
747 1883 834 1935 Ἐν
865 1883 1028 1952 ὀλίγῳ
1058 1886 1263 1968 πάντας
1294 1887 1596 1968 συνήγαγεν
1629 1889 1655 1939 ὁ
1688 1889 1886 1956 ποιμὴν
1924 1889 1952 1941 ὁ
2009 1907 2107 1943 κα-

548 1975 659 2036 λὸς.
696 1974 787 2027 καὶ
816 1973 911 2043 τὴν
941 1974 1075 2027 ἰδίαν
1097 1964 1261 2038 αὖθις
1281 1964 1450 2045 αὐλὴν
1497 1978 1606 2037 τοῖς
1632 1978 1856 2044 ἡμέροις
1885 1978 1978 2030 καὶ
2005 1977 2109 2048 πρὸ

551 2063 776 2134 βραχέος
798 2065 1117 2134 ἁγριωθεϊσι
1169 2065 1462 2133 προϐάτοις
1489 2067 1781 2140 λέγέμισεν.
1811 2066 1962 2120 Brevi
1983 2077 2112 2120 tem-

549 2169 670 2221 pore
728 2157 888 2207 bonus
954 2164 1133 2220 pastor
1183 2165 1394 2207 cunctos
1455 2159 1806 2222 congregavit,
1863 2173 2110 2224 suumque

551 2257 734 2296 rursus
770 2244 978 2296 caulam
1000 2243 1286 2296 mansuetis
1347 2245 1522 2296 ovibus
1580 2246 1736 2311 paulo
1774 2233 1910 2298 ante
1937 2245 2109 2313 efferis

551 2333 804 2402 implevit.
843 2333 953 2388 lloe
990 2333 1331 2400 sequentium
1371 2333 1654 2402 Symeonis
1711 2337 1986 2388 turbarum
2047 2349 2112 2392 ac

553 2421 906 2472 teutationum
967 2418 1351 2478 rudimentum,
1411 2432 1510 2470 nec
1589 2419 1770 2486 dispar
1819 2420 2108 2473 admodum

550 2523 756 2572 causa;
816 2509 1115 2576 improbata
1160 2507 1410 2560 nimirum
1447 2508 1564 2574 ejus
1599 2510 1679 2562 vel
1709 2509 2000 2574 disciplina:
2031 2510 2112 2563 vel

553 2599 810 2650 doctrina:
840 2597 1082 2666 qutedam
1120 2595 1318 2664 capita.
1352 2593 1486 2650 Vita:
1508 2607 1695 2650 auctor
1729 2614 1887 2651 unam
1937 2613 2110 2654 arces-

549 2689 624 2742 sit
691 2687 945 2759 Stephani
973 2685 1211 2758 Syncelli
1287 2685 1344 2740 in
1406 2702 1528 2742 eum
1579 2688 1854 2757 invidiam;
1885 2691 1950 2744 de
2005 2705 2112 2760 quo

550 2789 758 2848 postea.

620 2871 872 2941 Dist-ipuli
897 2873 1180 2926 sanctitate
1207 2883 1269 2924 ac
1297 2871 1539 2926 moribus
1563 2873 1824 2938 celebres;
1854 2873 2112 2928 Arscnins

550 2964 664 3032 ipse
695 2963 982 3033 Paphlago,
1007 2965 1308 3033 eunuchus,
1338 2979 1496 3033 quem
1528 2975 1582 3018 et
1616 2965 1863 3018 abdicata
1887 2965 2106 3018 deorum

551 3053 890 3120 prwfectura,
916 3056 996 3110 sui
1020 3057 1138 3111 loco
1160 3066 1427 3126 pastorem
1448 3055 1631 3114 voluit.
1671 3053 1777 3109 Viri
1804 3054 2068 3108 institutio
2092 3069 2109 3120 ;

552 3143 778 3199 fervoris
802 3148 1034 3200 coercita
1066 3148 1230 3200 nimia
1251 3147 1330 3202 vis
1353 3163 1367 3212 ;
1391 3149 1660 3201 insinuata
1690 3148 1941 3202 discretio
1964 3146 2114 3200 cibo-
2139 3132 2183 3196 C

554 3235 1154 3304 rumqueiudulgcutia.
1183 3252 1302 3292 cum
1342 3237 1414 3290 ita
1450 3247 1638 3307 poscat
1667 3237 1959 3291 necessitas
1993 3249 2114 3290 cor-

551 3327 719 3394 poris.
757 3325 1078 3382 l'lierotheus
1111 3342 1176 3381 ex
1209 3326 1460 3397 episcopo
1493 3328 1806 3393 monachus,
1827 3323 2114 3397 Symeonls

551 3419 866 3487 discipulus.
925 3420 1182 3474 Abdicata
1215 3420 1369 3476 sedes
1403 3420 1736 3491 dignitasque
1769 3417 2111 3486 episcopalis,

553 3513 762 3581 nepotis
784 3527 848 3566 ex
869 3511 1162 3580 improviso
1214 3525 1452 3582 casuque
1486 3510 1796 3566 homicidio.
1820 3508 1978 3563 Adita
2005 3508 2116 3578 pri-

553 3619 700 3656 mum
731 3602 896 3657 Roma
933 3603 1260 3671 paenitentiae
1289 3617 1484 3667 causa;
1521 3612 1630 3656 tum
1661 3599 2115 3666 ConstantinOpo-

555 3697 619 3751 lis
661 3700 772 3764 ipsa
803 3709 938 3750 nOVa
973 3696 1161 3750 Roma.
1197 3692 1342 3750 Satis
1397 3695 1540 3748 enim
1590 3707 1686 3762 per
1745 3706 1809 3746 ea
1872 3703 2114 3758 tempora

554 3789 770 3855 utrique
822 3787 1075 3843 Ecclesia:
1105 3787 1476 3847 conveniebat.
1533 3786 1706 3854 εορίιο
1733 3781 1947 3835 interim
1979 3781 2118 3833 Pho-

555 3883 700 3934 tiaun
732 3883 1039 3940 schismate.
1086 3879 1423 3948 uecdumque
1459 3875 1721 3930 Ceru‘arii
1770 3871 2119 3925 turbulentis-

554 3973 673 4025 simi
705 3971 934 4024 hominis
961 3971 1170 4023 artibus
1192 3984 1254 4022 ac
1284 3967 1471 4021 fraude
1499 3967 1817 4019 iustaurato.
1847 3962 2117 4014 Hactenus

555 4064 722 4127 enim,
741 4061 968 4114 utetiam
989 4069 1176 4115 auctor
1194 4070 1274 4114 est
1292 4056 1516 4112 Michael
1533 4056 1735 4111 Psellus
1759 4057 1811 4107 in
1836 4054 2116 4116 Oratione,

556 4146 670 4216 eius
706 4166 802 4217 pro
831 4149 1016 4204 funere
1055 4148 1408 4217 Laudatoria,
1434 4147 1744 4199 decessores
1785 4142 1972 4197 mitius
1994 4157 2118 4195 cum

557 4240 765 4296 Latinis
791 4251 1032 4307 egerant,
1058 4254 1121 4293 ac
1149 4237 1262 4292 fere
1284 4237 1598 4305 ἀδιάφορον,
1630 4233 1888 4302 quidquid
1920 4233 2120 4287 alteru-

559 4335 626 4388 tri
652 4334 931 4397 sentirent,
965 4333 1170 4400 integra
1198 4329 1561 4384 Eeclesiarum
1592 4325 1992 4389 conununione,
2020 4323 2118 4378 ha-

560 4427 790 4480 buerant
829 4443 842 4478 :
876 4423 1016 4493 quod
1071 4422 1323 4475 nimirum
1374 4415 1618 4472 eamdem
1668 4426 1930 4484 utrosque
1963 4414 2119 4470 fidem

558 4517 679 4571 aliis
705 4515 934 4581 aliisque
964 4512 1144 4566 verbis
1171 4509 1412 4579 profiteri
1453 4507 1760 4562 sentiebant
1785 4547 1800 4572 ,
1852 4507 1952 4561 etsi
2000 4521 2113 4562 non

557 4611 780 4664 deerant
811 4606 900 4675 qui
948 4604 1165 4658 Latinos
1193 4601 1449 4655 roderent
1494 4599 1811 4666 errorisque
1839 4597 2120 4652 insimula-

561 4708 679 4754 rent
699 4715 762 4754 ac
787 4698 1146 4753 traducerent.
1178 4691 1267 4746 Sic
1315 4705 1444 4759 ergo
1490 4699 1678 4752 auctor
1706 4691 1770 4742 de
1807 4689 2065 4760 episcopo
2092 4729 2108 4754 ,

558 4807 718 4861 quem
746 4789 885 4844 πάνυ
909 4786 1136 4854 θεοφιλῆ
1157 4785 1249 4836 τὸν
1271 4785 1492 4852 τρόπον,
1508 4781 1603 4834 καὶ
1625 4780 1713 4833 τδν
1734 4779 1846 4851 βίον
1873 4780 2010 4850 μετὰ
2029 4779 2143 4833 τοῦ

563 4880 722 4946 λόγου
751 4876 990 4943 καθαρὸν
1047 4874 1140 4926 καὶ
1169 4873 1452 4942 ἐνάρετονο
1514 4870 1742 4924 moribus
1797 4870 2126 4940 religiosissi-

564 4988 727 5030 mum,
755 4970 963 5035 t-itaque
987 4984 1100 5020 cum
1129 4967 1369 5020 doctrina
1398 4981 1459 5018 ac
1481 4964 1684 5033 eloquio
1705 4963 1906 5018 clarum
1929 4962 2127 5016 studio-

562 5075 798 5126 suntque,
833 5060 1088 5122 dixerat;
1121 5071 1277 5125 quem
1326 5056 1473 5110 etab
1509 5052 1799 5108 homicidio
1851 5052 1934 5105 vix
1987 5066 2018 5105 a
2067 5064 2128 5104 se

567 5149 722 5202 avelli
756 5147 871 5216 ejus
896 5162 1087 5213 passus
1109 5157 1249 5200 esset
1275 5146 1470 5210 clerus,
1495 5145 1573 5199 sic
1598 5145 1686 5197 ille
1710 5145 1872 5212 digne
1891 5141 2128 5211 pastoris

568 5249 746 5309 partes
786 5237 1041 5303 implebat
1073 5233 1430 5305 εΔιαδραμὼν
1473 5227 1565 5285 οὖν
1597 5233 1686 5285 τὸν
1719 5231 1969 5302 τοσοῦτον
2006 5229 2128 5299 896-

566 5350 667 5403 μον
696 5331 831 5398 πεζῆ
855 5330 948 5394 τῆς
977 5329 1190 5397 μακρᾶς
1219 5325 1431 5394 ἐκείνης
1456 5323 1575 5376 ὀδοῦ
1602 5325 1629 5375 ὁ
1657 5323 1954 5383 ἐπίσκοπος
1981 5321 2121 5390 μετὰ

567 5424 811 5476 κοπετῶν
839 5422 930 5474 καὶ
953 5418 1224 5487 δακρύων,
1264 5415 1358 5468 καὶ
1379 5415 1476 5482 τὴν
1507 5411 1725 5481 Ῥώμην
1781 5410 2126 5474 καταλαϐὼν,

566 5517 671 5569 ὑπὸ
692 5515 783 5567 τοῦ
808 5512 992 5565 δούλου
1037 5512 1094 5562 ὲν
1157 5507 1338 5562 ἁλύσει
1383 5504 1689 5572 ἑλκόμενος,
1725 5501 2130 5571 ἐξομολογεῖται

566 5607 626 5658 τὸ
670 5606 836 5675 πῶμα
865 5602 941 5672 τῷ
979 5603 1175 5672 πάππα
1206 5599 1426 5658 καὶτοῖς
1453 5597 1509 5647 ἐν
1551 5593 1737 5663 Ῥώμῃ
1783 5592 2125 5662 ἀρχιερεῦσι,

566 5701 779 5756 οοῇνοις
809 5700 904 5749 καὶ
937 5698 1201 5757 οἰμωγαῖς
1231 5693 1328 5756 τὴν
1355 5687 1540 5755 φωνὴν
1565 5686 1659 5753 τῆς
1690 5685 2127 5755 ἐξομολογήπεως

2215 1905 2364 1956 papa:
2405 1889 2696 1954 conﬁtetur,
2739 1886 3016 1957 Iloma'que
3057 1891 3347 1942 constitutis
3378 1891 3650 1956 episcopis,
3683 1894 3760 1945 la-

2215 1981 2400 2032 mentis
2429 1992 2478 2031 et
2502 1980 2703 2045 ejulatu
2749 1980 3046 2044 crebrisque
3073 1981 3372 2049 gemitibus
3396 1982 3636 2034 intercisa
3684 1984 3768 2038 illi

2215 2069 2547 2136 confessionis
2574 2085 2711 2122 voce.
2746 2069 3059 2122 Immensum
3098 2070 3270 2140 itaque
3298 2071 3524 2140 episcopi
3571 2074 3766 2125 contri-

2218 2161 2409 2213 tionem
2441 2159 2694 2224 videntes,
2731 2159 2973 2228 luctuque
2996 2177 3300 2230 oppressum
3360 2163 3614 2227 animum,
3669 2180 3762 2217 ne-

2215 2249 2336 2301 dum
2367 2249 2570 2301 veniam
2599 2231 2755 2301 citius
2795 2250 2983 2304 delicto
3028 2250 3322 2320 indulgent,
3375 2268 3551 2304 verum
3609 2255 3763 2304 etiam

2215 2338 2327 2408 ejus
2363 2340 2525 2390 animi
2563 2327 2793 2390 dolo-rem
2833 2338 2998 2393 modis
3025 2341 3261 2392 omnibus
3285 2340 3526 2393 solantur
3550 2355 3610 2393 ac
3632 2341 3762 2392 deli-

2218 2431 2388 2483 niunt.
2427 2429 2527 2483 Ille
2550 2440 2719 2483 tamen
2751 2432 2988 2500 graviore
3017 2431 3189 2486 cordis
3217 2432 3397 2486 dolore
3420 2442 3588 2486 tentus
3613 2445 3766 2498 atque

2216 2524 2454 2583 obrutus,
2493 2537 2690 2573 onmem
2718 2521 2913 2589 respuit
2941 2521 3369 2575 consolationem.
3432 2521 3562 2575 Inde
3608 2524 3768 2591 igitur

2217 2629 2390 2666 versus
2424 2627 2663 2680 magnam
2687 2596 3020 2666 Constantini
3043 2611 3243 2674 urbent,
3272 2612 3561 2665 trahentem
3591 2615 3759 2665 vertit.

2225 2701 2437 2772 Hocque
2469 2707 2598 2756 adeo
2630 2704 2731 2756 iter
2792 2701 2946 2769 pedes
2977 2702 3275 2769 conﬁciens,
3324 2703 3374 2754 in
3436 2704 3610 2754 urbem
3664 2720 3762 2754 au-

2215 2807 2418 2863 gustam
2440 2796 2574 2848 venit
2593 2812 2610 2858 ;
2629 2795 2988 2864 ingressusque
3013 2792 3264 2860 Majorem
3293 2791 3604 2854 Ecclesium,
3633 2794 3764 2852 offu-

2217 2903 2306 2939 sus
2350 2886 2620 2954 lacrymis,
2658 2884 2906 2939 delictum
2935 2883 3253 2948 patriarcha:
3305 2880 3580 2948 conﬁtetur
3624 2882 3764 2948 eique

2219 2975 2562 3029 assidentibus
2602 2974 2856 3041 episcopis
2886 2989 2904 3037 ;
2943 2974 3178 3040 interque
3200 2971 3373 3032 verba,
3403 2985 3520 3022 cum
3565 2979 3764 3031 catena,

2219 3062 2557 3131 episcopalem
2591 3061 2900 3130 dignitatem
2931 3059 3161 3128 deponit.
3205 3058 3415 3127 Insigne
3447 3057 3546 3112 hoc
3596 3057 3767 3127 pumi-

2218 3155 2394 3207 teutia:
2422 3152 2752 3220 exemplum,
2803 3153 3028 3221 ejusque
3075 3149 3388 3217 disciplinae,
3443 3164 3548 3217 qua
3576 3163 3634 3202 se
3669 3147 3766 3218 ipsi
3833 3215 3842 3222 ἱ

2211 3243 2382 3299 Graeci
2421 3244 2730 3297 sacerdotes
2757 3243 3024 3308 abdicaut,
3059 3243 3145 3296 ubi
3170 3242 3367 3310 aliquid
3391 3280 3404 3297 .
3433 3241 3592 3293 etiam
3645 3253 3772 3296 casu

2213 3342 2306 3386 aut
2333 3331 2659 3402 ignorantis,
2687 3332 2738 3384 in
2760 3345 2994 3386 canones
3022 3329 3366 3398 deliquerint.
3395 3327 3601 3384 Novum
3635 3343 3764 3398 quo-

2213 3434 2316 3489 que
2343 3434 2440 3490 pro
2462 3434 2522 3473 ea
2540 3429 2716 3486 actate,
2739 3419 3091 3474 observantiae
3114 3434 3239 3489 erga
3260 3419 3548 3473 Ecclesiam
3577 3418 3743 3473 Roma

2214 3526 2338 3564 nam
2371 3509 2599 3578 ejusque
2634 3510 2946 3576 antistitem,
2981 3507 3231 3564 Ecclesiae
3259 3509 3457 3563 Graecae
3484 3511 3772 3564 documen-

2215 3610 2346 3654 tum.
2370 3599 2448 3653 llli
2481 3597 2622 3653 facta
2639 3599 2929 3668 confessio,
2960 3600 3036 3654 alr
3055 3616 3120 3655 eo
3143 3584 3398 3654 concessa
3420 3599 3768 3668 indulgentia,

2215 3693 2520 3763 oblataque,
2555 3703 2615 3748 ut
2632 3691 2862 3755 videtur,
2897 3691 3039 3746 sedis
3068 3691 3323 3761 dignitas,
3348 3689 3399 3743 ni
3438 3690 3552 3759 ipse
3583 3698 3772 3758 sponte

2216 3797 2336 3837 sese
2391 3782 2646 3836 abdicare
2694 3777 2993 3845 maluisset,
3051 3794 3115 3834 ac
3172 3781 3295 3833 vitae
3325 3779 3587 3847 reliquum
3637 3779 3772 3830 inter

2219 3871 2514 3925 umnachos
2549 3870 2884 3940 paenitentia:
2912 3868 3184 3924 laboribus
3201 3868 3499 3923 subducere
3526 3882 3540 3919 :
3569 3865 3774 3919 delecto

2219 3955 2273 4014 in
2313 3976 2431 4015 eam
2465 3977 2576 4015 rem
2625 3960 2893 4030 Symeone
2920 3959 3080 4022 duce,
3113 3959 3216 4014 sub
3244 3972 3353 4027 quo
3383 3957 3544 4010 etiam
3575 3954 3770 4010 eximia

2217 4050 2295 4105 illi
2350 4051 2494 4105 edita
2541 4051 2842 4105 sanctitatis
2875 4049 3140 4118 exempla.
3195 4045 3300 4102 Sed
3328 4047 3395 4102 ad
3451 4047 3813 4122 Sytneotteut_

2219 4141 2519 4196 revocanda
2553 4141 2749 4196 oratio.

2288 4233 2574 4286 Annuente
2611 4231 2802 4302 Sergio
2831 4232 3158 4312 patriarcha,
3197 4233 3529 4302 praetecturte
3551 4245 3684 4284 onus
3723 4245 3774 4282 tn

2220 4324 2502 4379 Arsenium
2553 4323 2749 4389 rejicit.
2778 4321 3105 4377 Documenta
3155 4317 3232 4377 illi
3286 4325 3485 4392 pariter
3525 4324 3778 4391 gregique

2222 4409 2434 4478 egregia
2467 4409 2684 4462 tradita.
2709 4408 2786 4463 Ex
2816 4409 2920 4463 illis
2946 4408 3243 4477 disciplinae
3261 4421 3421 4479 caput
3441 4424 3544 4464 non
3577 4410 3776 4478 pigebit

2223 4499 2496 4554 ascribere
2537 4515 2552 4563 ;
2593 4500 2734 4568 quod
2767 4499 2962 4568 ipsum,
3010 4514 3111 4554 nec
3143 4499 3299 4568 longe
3357 4500 3576 4554 remotis
3605 4500 3777 4553 verbis

2221 4588 2451 4645 habetur
2481 4599 2617 4644 orat.
2646 4589 2736 4654 24,
2770 4603 2834 4642 ex
2858 4589 3016 4644 editis
3043 4606 3071 4642 a
3096 4591 3340 4645 Pontano
3373 4603 3390 4642 :
3418 4590 3507 4658 Μὴ
3538 4592 3594 4642 ὲν
3615 4605 3779 4660 προς-

2222 4681 2436 4751 ποιήσει
2458 4679 2762 4751 πραότητος
2786 4679 2875 4732 διὰ
2894 4679 3110 4733 ἔπαινον
3134 4681 3240 4732 τῶν
3261 4679 3560 4749 ἀνθρώπων
3585 4679 3777 4747 μικροῦ

2225 4773 2546 4842 πράγματος
2575 4772 2658 4840 ἐφ’
2695 4771 2851 4837 ὕϐρει
2917 4773 3202 4840 γινομένου
3283 4771 3379 4824 τοῦ
3433 4770 3777 4839 εύαγγελικοῦ

2227 4863 2366 4933 βίου,
2397 4865 2492 4917 καὶ
2524 4864 2620 4932 τῆς
2650 4865 2754 4917 τῶν
2785 4863 3032 4932 μοναχῶν
3061 4862 3466 4928 καταστάσεως,
3507 4878 3780 4930 καταφρο-

2225 4958 2411 5024 νήσεις
2434 4970 2448 4986 ·
2477 4955 2610 5008 ἀλλὰ
2642 4954 2732 5007 τὸν
2759 4953 2849 5008 σὺν
2885 4953 3217 5023 μιμούμενος
3246 4954 3477 5024 Χριστὸν
3504 4955 3598 5008 καὶ
3620 4954 3774 5019 Θεὸν,

2227 5047 2625 5118 ἐμϐριμμένος,
2652 5045 2746 5099 καὶ
2778 5046 2968 5099 ἑαυτὸν
2994 5045 3216 5108 ἀπαθῶς
3241 5046 3608 5114 ἐκταράσσων,
3640 5045 3781 5096 ἐκδί-

2228 5155 2388 5207 κησιν
2437 5139 2588 5191 ποιοῦ
2643 5136 2750 5190 τῶν
2799 5139 3024 5193 ἐντολῶν
3045 5138 3136 5193 τοῦ
3190 5137 3347 5194 Θεοῦ.
3377 5139 3554 5190 Ἔστω
3581 5155 3662 5191 σοι
3693 5138 3784 5190 ἐπὶ

2229 5231 2443 5284 πάντων
2482 5233 2573 5285 καὶ
2599 5231 2691 5285 ἐπὶ
2715 5233 2778 5302 τῇ
2803 5230 3089 5297 ὲξεστάσει
3115 5229 3221 5284 τῶν
3251 5231 3527 5300 λογισμῶν
3553 5231 3782 5283 ἑκάστου

2229 5324 2500 5391 ἀκρίϐεια,
2546 5323 2617 5385 ὡς
2649 5323 2714 5378 ἂν
2739 5324 2935 5394 εἰδείης
2958 5324 3099 5384 τίνες
3153 5324 3252 5392 μὲν
3311 5325 3490 5377 αὐτῶν
3569 5323 3777 5376 δέονται

2230 5417 2324 5483 τῆς
2372 5416 2476 5469 τῶν
2515 5415 2818 5484 εὐχομένων
2861 5415 2956 5468 καὶ
2992 5413 3389 5468 κοινωνούντων
3447 5415 3775 5478 συστάσεως,

2234 5506 2377 5569 τίνες
2406 5507 2462 5560 δὲ
2492 5506 2825 5577 ἁφορισμοῦ,
2851 5507 2942 5559 καὶ
2972 5507 3064 5576 τῆς
3095 5505 3231 5574 μετὰ
3249 5505 3354 5558 τῶν
3384 5503 3784 5574 μετανοούντων

2232 5599 2458 5663 τάξεωςο
2490 5601 2575 5652 ἵνα
2633 5599 2708 5668 μὴ
2767 5597 2862 5666 τὴν
2922 5595 3248 5665 Ἐκκλησίαν
3303 5597 3438 5650 Θεοῦ
3491 5596 3611 5650 ἀντὶ
3659 5594 3786 5648 ναοῦ

2231 5693 2386 5757 ἁγίου
2446 5691 2704 5759 σπήλαιον
2751 5688 3037 5759 inanimi}
3079 5689 3350 5757 πορνεῖον,
3397 5692 3454 5744 ἐν
3503 5686 3699 5755 γνώσει
3751 5688 3792 5761 ἢ
