4114 6306
330 355 442 418 265

1085 353 1182 413 DE
1207 352 1580 413 ESSENTIA
1618 351 1711 412 ET
1753 346 2266 412 OPERATIONE.
2311 371 2376 384 --
2419 341 2816 404 PREFATIO

3480 331 3590 404 2413

329 474 392 525 ἐν
410 470 620 540 ἀγνοίᾳ,
646 470 903 536 ποιήσῃς,
945 467 1123 520 καὶτὸ
1150 468 1379 537 φοεερὸν
1415 469 1506 520 ἐπὶ
1533 469 1706 537 τούτῳ
1742 470 1913 538 κρῖμα
1947 471 1988 527 Α
2021 461 2114 517 καὶ
2138 459 2392 516 κοινωνὸν
2424 459 2523 530 τῆς
2554 459 2719 514 αὐτοῦ
2751 457 3016 530 Θεότητὸς
3072 475 3133 512 τε
3171 456 3266 513 καὶ
3320 455 3597 528 βασιλείας

329 566 430 617 οὐκ
459 562 695 631 ἐκφεύξῃ
721 561 820 628 τῆς
850 559 1019 628 ὀργῆς
1037 560 1130 612 τοῦ
1152 559 1310 615 Θεοῦ.
1348 561 1610 624 Εύλαϐεἰς
1636 563 1908 628 ποιήσεις,

334 653 472 706 κατὰ
495 652 553 704 τὸ
577 649 987 721 γεγραμμένον,
1015 651 1142 711 τοὺς
1173 651 1579 719 πνευματικούς
1611 667 1705 703 σου
1739 651 1909 712 υἱοὺς,

329 745 424 798 καὶ
447 743 681 808 διδάξεις
719 741 1068 795 εὐλαϐεῖσθαι
1103 741 1299 804 αὐτοὺς
1331 741 1438 795 άπὸ
1473 741 1580 794 τῶν
1604 741 1763 812 ίερῶν
1815 740 1911 793 τοῦ

326 834 464 888 Θεοῦ
487 830 663 887 τόπων
687 832 822 903 ὁμοῦ
849 834 944 886 καὶ
969 833 1204 896 σκευῶν,
1231 832 1327 885 καὶ
1349 831 1696 901 λειτουργίας
1720 833 1908 886 αὑτοῦ.

330 927 528 988 Μόνοις
567 925 674 994 γὰρ
703 924 812 978 ίοθι
835 927 947 985 τοῖς
981 924 1302 993 ἱερωμένοις
1339 923 1436 976 καὶ
1491 923 1914 986 εύλαϐεστάτοις

330 1016 439 1070 τῶν
496 1017 766 1084 μοναχῶθ,
807 1018 920 1080 τοῖς
982 1015 1218 1069 καὶτῶν
1247 1015 1565 1085 μυστηρίων
1604 1017 1912 1086 μετέχουσι,

330 1107 392 1158 τὸ
421 1105 686 1157 ἅπτεσθαι
713 1105 891 1157 αὐτῶν
939 1107 1090 1176 παρὰ
1125 1105 1232 1158 τῶν
1261 1106 1576 1159 ἀποστόλων
1610 1106 1910 1177 ἁφιερὼθη.

332 1197 432 1248 Διά
484 1196 655 1250 ταῦτα
693 1198 752 1248 ού
791 1198 1171 1266 συγχωρήσεις
1218 1199 1373 1259 πᾶσι,
1407 1199 1501 1251 καὶ
1551 1202 1662 1262 τοῖς
1723 1199 1914 1269 βουλο-

337 1287 542 1354 μένοις,
571 1287 660 1338 τὸν
685 1285 778 1337 τοῦ
807 1287 952 1338 θείου
987 1284 1229 1354 βήματος
1251 1285 1479 1350 εἴσοδον,
1505 1285 1676 1356 ἀλλ’ἢ
1706 1287 1914 1356 μόνοις,

334 1377 409 1437 ὡς
459 1378 697 1444 εἴρηται,
733 1378 846 1438 τοῖς
902 1377 1356 1446 ἱερω’μὲνοις,καὶ
1410 1379 1760 1449 ἡγιασμένοις
1805 1380 1914 1432 τῶν

339 1451 617 1533 ἀδελφῶνῖ
655 1469 789 1535 Περὶ
839 1466 895 1520 δὲ
955 1469 1066 1519 τῶν
1125 1467 1328 1522 λοιπῶν
1364 1469 1473 1522 τῶν
1500 1470 1916 1524 λυσιτελούντων

338 1560 403 1626 σῇ
437 1560 500 1626 τῇ
540 1559 672 1626 μονῇ
713 1557 858 1626 ἔχεις
896 1558 991 1627 τήν
1039 1557 1392 1613 διδασκαλίαν
1446 1561 1540 1612 καὶ
1575 1561 1668 1612 τὸν
1704 1577 1918 1629 πατρο-

335 1651 644 1720 παράδοτον
679 1649 852 1702 τύπον
883 1650 1040 1720 ήμῶν
1073 1652 1134 1704 ὲν
1175 1652 1241 1720 τῇ
1286 1650 1629 1720 θεοπνεύστῳ
1645 1649 1916 1704 διατυπώο

335 1753 422 1790 σει
452 1741 545 1792 τοῦ
589 1742 1085 1812 μεγαλομάρτυρος
1138 1743 1378 1814 Χριστοῦ
1411 1743 1506 1798 καὶ
1562 1741 1905 1814 ὁμολογητοῦ

341 1829 626 1900 Θεοδώρου
701 1831 797 1884 τοῦ
855 1833 1038 1887 κοινοῦ
1118 1836 1338 1906 Πατρδς
1415 1835 1512 1888 καὶ
1598 1835 1920 1888 διδασκάλου

335 1923 388 1992 ήι
417 1924 494 1975 ῶν
519 1941 579 1976 τε
627 1924 738 1977 τῶν
766 1925 970 1978 δούλων
1019 1927 1208 1992 αὑτοῦ,
1246 1928 1338 1980 καὶ
1393 1927 1486 1982 τοῦ
1516 1929 1664 1984 δσίου
1717 1929 1922 1998 πατρὶς

333 2015 489 2083 ήμῶν
518 2016 612 2067 τοῦ
640 2015 1003 2073 Στουδιώτου;
1043 2017 1121 2072 Ne
1159 2020 1394 2074 lenitatis
1418 2032 1697 2088 praetextu,
1736 2022 1921 2076 huma-

339 2123 461 2157 nam
494 2112 822 2179 aucupandg.
842 2109 1071 2174 laudent,
1106 2111 1182 2164 vel
1210 2113 1486 2165 minimum
1510 2113 1658 2181 quid,
1699 2115 1837 2183 quod
1865 2116 1918 2168 in

335 2199 453 2251 tiin
502 2203 816 2269 evangelicae
844 2213 1115 2272 statusque
1151 2207 1424 2258 monastici
1461 2205 1714 2274 injuriam
1744 2210 1916 2272 cedat,

342 2291 653 2358 neglexeris,
708 2297 797 2347 sed
853 2294 1050 2347 Christi
1085 2298 1160 2350 tui
1197 2296 1389 2365 Deique
1445 2300 1705 2364 imitator,
1756 2301 1919 2364 infre-

333 2399 494 2447 mens,
539 2398 686 2451 teque
745 2385 853 2449 ipse
905 2386 1277 2454 imperturbate
1313 2390 1552 2452 turbans,
1619 2391 1906 2444 vindictam

337 2476 421 2543 fac
455 2475 826 2528 mandatorum
882 2475 994 2530 Dei.
1059 2476 1124 2530 In
1157 2481 1424 2540 omnibus,
1485 2473 1920 2551 singulorumque.

332 2565 654 2616 excutiendis
678 2565 888 2628 animis,
911 2582 1079 2620 acrem
1101 2568 1429 2636 diligentiam
1450 2570 1600 2635 habe,
1629 2581 1681 2624 ut
1708 2573 1913 2625 noveris

333 2661 549 2725 quinam
587 2659 798 2714 illorunt
839 2662 890 2714 in
925 2660 1163 2728 pre‘cibus
1201 2664 1486 2717 consistere
1520 2682 1582 2717 ac
1617 2669 1915 2720 communi-

335 2765 456 2801 care
513 2766 717 2805 necesse
795 2751 1068 2814 habeant;
1117 2757 1330 2822 qttinam
1401 2757 1504 2809 sint
1587 2760 1914 2827 segregandi,

335 2845 617 2911 eademque
648 2860 764 2896 cum
825 2847 1194 2912 paenitentibus
1233 2846 1403 2900 classe
1457 2848 1801 2916 collocandi;
1853 2869 1916 2905 ne

344 2933 437 2986 Dei
473 2932 784 2994 Ecclesium.
838 2949 933 3002 pro
966 2946 1150 2990 sancto
1213 2936 1310 2990 Dei
1340 2939 1548 3004 templo,
1606 2942 1910 3006 speluncam

345 3023 618 3078 latronum
647 3038 734 3077 aut
785 3027 1038 3096 lupanar,
1075 3029 1242 3083 sciens
1272 3030 1351 3084 uel
1381 3033 1624 3102 ignorans
1687 3036 1915 3105 eﬁicias;

2013 549 2790 624 άπειργάσατο,’9ιονίβεαοὶι,
2818 552 3118 621 sociumque
3139 562 3248 606 suae
3277 560 3390 606 (Im
3413 551 3598 606 Deita-

2015 648 2084 701 tis
2106 657 2216 700 tum
2246 645 2391 716 regni
2414 629 2589 712 effecit
2614 643 2779 712 (quod
2809 642 2943 697 nihil
2972 645 3115 712 cogit
3144 659 3333 700 crasso
3365 642 3600 699 Palntna

2015 753 2174 792 sensu
2209 735 2460 802 intelligi,
2491 749 2556 789 ac
2587 734 2733 789 velut
2759 733 2863 788 alia
2889 733 3075 790 Deitas
3100 737 3193 799 sit,
3221 747 3382 804 quam
3412 736 3593 788 divina

2016 825 2129 894 ipsa
2155 825 2416 890 essentia,
2441 826 2668 893 ejusque
2692 823 2744 878 in
2768 823 2924 880 nobis
2946 825 3206 880 bonitatis
3225 825 3487 895 ell'ectus)
3512 842 3592 880 tn-

2017 932 2122 986 que
2143 917 2286 973 hunc
2309 916 2526 972 modum
2561 915 2845 987 Symeonis
2865 915 3091 971 alterius
3121 931 3235 981 res,
3257 916 3598 985 juniorisque

2017 1009 2071 1063 in
2095 1024 2219 1064 eum
2252 1009 2482 1078 theologi
2507 1008 2782 1078 nostrique
2805 1007 3092 1078 Symeonis
3109 1006 3286 1062 ol'tl‘cia
3320 1006 3596 1064 describit.

2087 1098 2316 1171 Συμεὼν
2351 1103 2380 1154 ὁ
2435 1100 2580 1163 θεῖος
2634 1101 2844 1163 ἐκεῖνος
2897 1098 3060 1169 ἀνὴρ,
3112 1091 3158 1166 ᾧ
3186 1095 3254 1170 ἦν
3306 1100 3599 1167 ἐπώνυμον

2019 1190 2357 1260 φερωνύμως
2389 1191 2418 1242 ὁ
2447 1188 2716 1259 Εὑλαϐὴς,
2751 1192 2780 1244 ὁ
2811 1190 2904 1243 καὶ
2929 1188 3023 1243 τοῦ
3051 1189 3368 1258 θαυμαστοῦ
3399 1191 3594 1242 τούτου

2018 1282 2245 1353 Συμεὼν
2275 1282 2463 1350 πατὴρ
2520 1280 2871 1352 χρηματίσας
2933 1279 3069 1349 δμοῦ
3096 1281 3189 1334 καὶ
3253 1280 3594 1347 διδάσκαλος,

2017 1373 2140 1428 επεὶ
2169 1373 2301 1442 πρὸς
2359 1372 2539 1442 γῆρας
2568 1368 2705 1444 ἧκεν
2759 1372 2859 1443 ήδη
2921 1372 3113 1436 καλὸν,
3161 1389 3601 1443 τεσσαρακοντα-

2017 1465 2176 1517 πέντε
2205 1465 2427 1534 χρόνους
2459 1466 2707 1534 νομίμως
2727 1466 2789 1516 τὸ
2821 1463 2919 1533 τῆς
2948 1463 3307 1534 συνειδήσεως
3358 1464 3600 1534 ἀθλήσας

2021 1557 2337 1626 μαρτύριον,
2369 1558 2596 1628 χάριτος
2624 1556 2989 1626 ἀποπολικῆς
3029 1557 3257 1626 ἠξιώθη,
3284 1558 3453 1619 ίάσεις
3506 1560 3601 1611 καὶ

2019 1647 2276 1717 θαύματα
2342 1648 2679 1718 πεποιηκὼς,
2745 1651 2840 1704 καὶ
2923 1649 3108 1719 βίϐλον
3151 1651 3280 1718 ὃλην
3337 1649 3601 1718 ὠφελείας

2018 1735 2185 1794 οὖσαν
2248 1741 2649 1811 πνευματικῆς,
2709 1742 3074 1814 ἀγράμματος
3095 1740 3193 1808 ῶν,
3233 1741 3363 1812 θείῳ
3434 1742 3602 1795 Πνεύ-

1955 1818 1994 1874 Β
2028 1848 2161 1901 ματι
2193 1832 2591 1901 συνεγράψατο.
2621 1832 2768 1886 Ἔδει
2804 1835 2859 1886 δὲ
2891 1834 3054 1887 αὺτὸν
3102 1833 3459 1888 καταπαῦσαι
3493 1835 3602 1887 τῶν

2026 1921 2254 1991 μακρῶν
2286 1923 2516 1976 ἐκείνων
2572 1923 2672 1992 τῆς
2693 1925 2980 1994 ἀσκήσεως
3041 1926 3239 1992 πόνων,
3290 1926 3417 1996 περὶ
3471 1921 3606 1980 ὦνθ

2025 2014 2220 2084 μαθεῖν
2269 2016 2450 2085 ζητῶν
2498 2018 2562 2068 ἐκ
2592 2017 2705 2070 τῶν
2739 2017 2882 2070 κατὰ.
2939 2017 3140 2082 πλάτος
3194 2019 3602 2090 γεγραμμένων

2022 2107 2170 2177 αὐτῷ
2199 2107 2402 2160 εἴσεται
2438 2107 2702 2176 ἀκριϐῶς.
2750 2108 3076 2180 Νενοσηκὼς
3113 2110 3178 2162 τά
3224 2113 3322 2180 τῆς
3375 2110 3600 2174 λύσ;ως,

2023 2199 2158 2270 πρὸς
2188 2199 2392 2267 Κύριον
2422 2198 2778 2269 ὲνεδήμησεν,
2811 2200 3133 2272 ἐκδημήσας
3164 2202 3258 2255 τοῦ
3296 2201 3596 2256 πολυάθλου

2020 2292 2115 2344 καὶ
2145 2289 2477 2361 κσρτερικοΰ
2511 2290 2676 2344 αὑτοῦ
2703 2291 2976 2361 σώματος.
3036 2294 3236 2347 Τοῦτον
3280 2293 3373 2348 οὖν
3407 2299 3499 2348 καὶ
3532 2294 3600 2348 τὰ

2019 2381 2212 2435 τούτου
2269 2383 2500 2454 λαμπρά
2551 2382 2954 2453 κατορθώματα
3010 2378 3100 2439 οἷα
3157 2385 3222 2454 δὴ
3262 2385 3509 2456 μαθητὴς
3569 2386 3598 2437 δ

2021 2473 2294 2544 μακάριος
2322 2467 2476 2536 οὗτος
2500 2474 2678 2540 είδὼς,
2725 2476 2940 2528 καὶτὸν
2996 2476 3358 2530 άποστολικδν
3427 2479 3594 2530 αὑτοῦ

2021 2565 2134 2636 βίον
2155 2566 2400 2636 ἀκριϐῶς
2430 2568 2815 2637 ἐπιστάμενος,
2842 2566 2978 2620 Θεοῦ
3001 2566 3141 2637 ἔργα
3169 2569 3264 2622 καὶ
3287 2568 3408 2623 θεῖα
3434 2574 3597 2640 χαρί-

2022 2674 2204 2727 σματα
2242 2659 2322 2728 μὴ
2371 2658 2530 2720 εἰδὼς
2568 2658 2952 2728 κατορύττειν,
3007 2659 3145 2712 ἀλλὰ
3203 2660 3599 2728 ἀνακηρύττειν

2021 2752 2111 2804 καὶ
2141 2751 2418 2819 ἀνυμνεῖν,
2453 2749 2752 2818 ὖμνουςείς
2779 2750 2940 2803 αὑτὸν
2964 2751 3058 2822 καὶ
3080 2751 3330 2822 ἐγκώμια
3359 2754 3421 2806 ἐκ
3449 2753 3599 2820 θείας

2019 2841 2416 2910 ἀποκαλύψεως
2447 2841 2848 2911 συνεγράψατο,
2883 2848 2976 2896 καὶ
3003 2843 3126 2898 ὅλον
3150 2845 3240 2900 τὸν
3265 2846 3379 2916 βίον
3404 2848 3599 2902 αὐτοῦ.

2021 2935 2137 2986 Ἵνα
2177 2933 2231 2986 δὲ
2258 2932 2351 2988 καὶ
2411 2934 2547 3003 πρὸς
2578 2933 2741 3002 ζῆλον
2775 2935 2965 3007 ἐγείρῃ
3014 2937 3192 3001 τινὰς,
3227 2939 3307 3001 είς
3345 2940 3402 2992 sb
3431 2941 3602 3010 μιμή-

2020 3025 2212 3078 σασθαι
2253 3023 2343 3077 τὸν
2391 3024 2736 3093 ὑμνούμενον
2794 3025 2890 3079 καὶ
2936 3025 3036 3096 τῆς
3096 3027 3299 3098 αρετῆς
3359 3030 3598 3099 ἐργάτας

341 3134 560 3186 eantque
593 3117 656 3171 ob
684 3135 811 3182 rem,
849 3120 1174 3175 tremendum
1221 3123 1317 3177 irce
1348 3125 1443 3178 Dei
1487 3126 1755 3193 judicium
1810 3146 1912 3199 non

2018 3113 2287 3182 γενέσθαι,
2319 3113 2417 3185 τὴν
2451 3113 2674 3185 μνήμην
2723 3113 2912 3178 αὐτοῦ,
2955 3117 3094 3170 κατὰ
3140 3105 3251 3189 τήν
3297 3120 3405 3173 τῶν
3463 3121 3600 3174 atto-

332 3211 581 3280 effugias.
632 3212 922 3281 Religiosos
972 3225 1294 3287 cautosque,
1347 3219 1484 3271 sicut
1532 3221 1783 3289 scriptum
1841 3238 1918 3283 est

333 3308 349 3367 (
389 3301 549 3355 Leuit.
584 3319 675 3367 xv,
708 3305 826 3373 5|),
875 3305 1038 3374 facies
1099 3309 1363 3376 spiritales
1420 3311 1558 3378 ﬁlios
1591 3321 1734 3378 tuos,
1771 3314 1922 3367 doce-

333 3396 510 3463 bisque
543 3397 662 3449 illos
687 3415 718 3449 a
743 3399 908 3451 sacris
941 3397 1037 3453 Dei
1064 3399 1194 3454 locis
1244 3403 1503 3470 vasisque,
1533 3421 1594 3456 ac
1620 3408 1734 3470 ejus
1758 3407 1919 3458 mini-

332 3490 515 3550 sterio,
544 3491 762 3541 revereri
807 3501 958 3559 atque
991 3482 1190 3545 timere.
1229 3493 1373 3547 Scito
1405 3497 1563 3557 enim,
1626 3496 1754 3550 solis
1807 3497 1916 3550 illis

334 3581 424 3647 qui
445 3581 586 3632 sacri
609 3581 810 3632 ordinis
843 3591 989 3645 sunt,
1035 3585 1568 3653 reuerentissimisque
1627 3587 1918 3644 monachis.

338 3672 527 3740 quibus
554 3681 601 3723 et
630 3674 1005 3746 mysteriorum
1036 3674 1244 3727 indulta
1280 3677 1564 3742 perceptio,
1615 3676 1920 3744 apostolicis

335 3763 696 3815 sanctionibus
751 3779 1056 3817 concessum
1117 3767 1302 3818 horum
1336 3777 1653 3821 contactum.
1715 3766 1922 3824 Idcirco

337 3869 439 3906 non
471 3856 737 3921 permittes
768 3844 1031 3919 omnibus,
1070 3872 1131 3908 ac
1165 3857 1350 3926 cuique
1399 3857 1691 3912 collibitum
1729 3861 1815 3922 sit,
1866 3861 1920 3914 in

334 3945 570 3996 dii-iitum
606 3945 753 3999 bema
787 3949 802 4015 (
839 3947 1014 4000 locum
1063 3948 1261 4001 scilicet
1309 3950 1497 4002 altaris
1561 3968 1622 4004 ac
1677 3952 1922 4005 sacerdo-

337 4034 486 4103 tum)
520 4036 722 4090 intrare
757 4053 775 4102 ,°
837 4041 927 4092 sed
957 4038 1022 4092 iis
1070 4040 1332 4093 duntaxat
1377 4042 1396 4110 (
1429 4043 1507 4094 uti
1536 4042 1732 4096 dictum
1767 4053 1844 4097 est
1897 4044 1917 4111 )

335 4128 426 4194 qui
459 4128 799 4182 sacerdotalis
848 4129 949 4181 sint
1003 4131 1225 4196 ordinis,
1265 4134 1340 4185 rel
1374 4137 1572 4186 sanctis
1634 4135 1916 4201 fratribus.

336 4215 412 4266 Ad
453 4217 562 4267 alia
597 4218 733 4281 quod
774 4219 981 4280 attinet,
1016 4222 1340 4273 monasterio
1374 4235 1462 4275 tuo
1501 4224 1670 4288 utilia,
1724 4227 1919 4279 doctri-

336 4320 454 4356 nam
507 4307 1030 4377 habes,Patrumque
1056 4311 1338 4364 traditione
1383 4324 1647 4382 acceptant
1678 4331 1917 4368 normam

337 4395 390 4446 in
442 4396 616 4462 magni
678 4393 870 4448 Christi
924 4400 1170 4466 martyris
1225 4415 1287 4452 ac
1343 4401 1655 4469 confessoris
1697 4443 1711 4467 ,
1772 4420 1917 4462 com:

2027 3206 2228 3259 στόλων
2250 3205 2570 3276 παράδοσιν,
2602 3205 2831 3276 ἑτησίως
2856 3206 3000 3277 μετὰ
3050 3209 3268 3263 πάντων
3324 3211 3600 3282 λαμπρῶς

2023 3296 2265 3369 ἑώρταζε
2296 3298 2401 3350 τῶν
2430 3297 2621 3366 ἁγίων,
2671 3299 2872 3370 στήλην
2928 3300 3131 3370 ἀρετῆς
3179 3307 3598 3378 γεγραμμένην,

2021 3390 2119 3461 τήν
2178 3392 2418 3461 ἱστορίαν
2447 3391 2924 3462 άναζωγραφήσας
2978 3394 3076 3463 τῆς
3124 3396 3332 3459 είκὸνος
3392 3399 3598 3452 αὐτοῦ’

2024 3484 2272 3550 Symeon,
2313 3485 2392 3534 vir
2446 3483 2532 3534 ille
2567 3484 2794 3546 divinus,
2847 3486 2931 3536 cui
2972 3486 3334 3540 convenienter
3385 3499 3602 3559 apteque

2039 3572 2356 3624 Venerabilis
2384 3588 2666 3638 cognomen
2703 3573 2828 3640 fuit,
2856 3576 2944 3641 qui
2969 3582 3016 3626 et
3055 3576 3387 3634 admirabilis
3439 3569 3600 3650 hujus

2025 3663 2302 3730 Synteonis
2338 3662 2500 3715 Pater
2529 3663 2684 3715 simul
2718 3679 2786 3716 ac
2836 3665 3082 3732 magister
3115 3669 3319 3720 exstitit
3346 3707 3362 3736 ,
3395 3689 3511 3725 cum
3545 3675 3601 3727 in

2022 3758 2211 3806 bonam
2233 3753 2347 3822 jam
2379 3763 2691 3807 senectutem
2719 3755 2960 3818 venisset,
2991 3771 3157 3810 annos
3183 3759 3409 3829 quinque
3441 3778 3600 3831 supra

2021 3829 2398 3914 quadraginta,
2452 3846 2780 3901 conscientia:
2816 3847 3070 3916 martyrio
3126 3848 3353 3918 legitime
3383 3829 3600 3921 perfun-

2021 3953 2153 4002 ctus,
2192 3939 2536 4006 opastolicam
2601 3940 2829 4008 gratiam
2893 3952 3078 3995 nactus
3116 3952 3252 4009 erat,
3310 3948 3599 3999 sanitatum

2019 4021 2262 4102 patrator
2282 4046 2343 4082 ac
2372 4029 2776 4096 miraculorum,
2812 4031 3108 4103 librumque
3146 4035 3405 4103 spiritalis
3453 4040 3600 4090 utili-

2019 4125 2142 4177 tatis
2174 4123 2617 4192 confertissimum
2664 4124 2817 4178 homo
2843 4126 3008 4179 idiota
3031 4144 3092 4181 ac
3117 4127 3414 4185 litterarum
3449 4134 3597 4187 rudis

2019 4217 2197 4269 divino
2253 4214 2459 4284 Spiritu
2521 4219 2925 4284 conscripserat,
2977 4235 3280 4291 necesseque
3321 4233 3525 4277 eratut
3563 4243 3596 4280 a

2020 4308 2280 4377 religiosa:
2317 4309 2707 4362 exercitationis
2744 4309 2912 4378 longis
2976 4311 3083 4365 illis
3123 4311 3390 4383 laboribus
3422 4318 3598 4383 quies-

2020 4409 2150 4452 ceret
2179 4399 2197 4468 (
2222 4399 2286 4451 de
2305 4397 2490 4467 quibus
2513 4399 2604 4465 qui
2629 4415 2775 4454 nosse
2803 4411 3026 4469 quierat,
3057 4419 3120 4457 ex
3143 4405 3205 4458 iis
3227 4421 3346 4474 qua:
3377 4407 3458 4459 illi
3479 4408 3598 4475 fuse

336 4487 611 4554 amnisque
638 4484 816 4540 Patris
846 4498 1001 4558 atque
1031 4489 1280 4556 doctoris,
1312 4493 1479 4546 nostri
1501 4495 1703 4561 pariter
1732 4511 1906 4549 servo-
1941 4489 1982 4543 Ι)
2018 4492 2212 4558 scripta
2243 4499 2388 4554 sunt,
2435 4500 2682 4543 accurate
2719 4491 2967 4562 pleneque
3020 4495 3270 4564 intelliget
3306 4497 3324 4564 )
3350 4513 3596 4567 suprema

339 4598 452 4633 runt
492 4582 628 4651 ejus.
663 4590 724 4634 a’c
751 4583 923 4636 sancti
972 4583 1151 4638 Patris
1191 4587 1361 4639 nostri
1416 4587 1698 4650 Studiotce,
1732 4589 1904 4642 divino

338 4673 514 4741 afflatu
555 4675 854 4742 conscripta
914 4672 1170 4730 Theodori
1208 4678 1592 4746 informatione.
1657 4679 1906 4732 Studiota

338 4761 446 4830 hic,
483 4782 574 4818 seu
612 4765 930 4831 Studianus,
984 4771 1287 4824 communis
1326 4769 1614 4840 Sytnconis
1650 4787 1713 4827 ac
1745 4773 1905 4826 Arse-

338 4858 412 4908 ιιἰί
449 4857 725 4926 magister,
793 4855 1026 4928 Sytneon
1090 4858 1178 4912 ille.
1242 4858 1574 4914 Venerabilis
1642 4871 1745 4923 est,
1818 4861 1904 4914 cui

337 4947 567 5018 Symeon
603 4960 880 5016 acceptum
919 4951 1219 5015 referebat,
1277 4949 1532 5022 quidquid
1595 4955 1908 5009 monasticae

336 5039 694 5094 institutionis
730 5041 1008 5107 hauserat;
1043 5041 1194 5108 cujus
1223 5044 1385 5098 etiam
1425 5046 1620 5116 gratia,
1649 5061 1712 5101 ac
1761 5049 1904 5117 quod

335 5131 446 5184 vita
480 5127 720 5184 iunctum
758 5123 932 5185 anima
960 5132 1276 5188 celebritate
1311 5133 1536 5200 coleret,
1589 5145 1732 5190 tanta
1785 5153 1908 5207 pas-

335 5238 430 5276 sus
483 5230 586 5276 est.
639 5221 746 5276 Sed
798 5232 1020 5290 pra-stat
1076 5222 1383 5278 Stlietatnm
1453 5226 1574 5280 vita:
1626 5237 1904 5282 auctorem

337 5312 547 5375 audire,
583 5323 638 5364 ut
670 5313 889 5382 liqueat,
923 5331 1051 5368 num
1108 5314 1158 5366 in
1183 5329 1248 5368 eo
1293 5315 1481 5369 saltem
1526 5329 1710 5372 contra
1744 5319 1907 5375 disci-

336 5403 538 5472 plinatn
567 5407 804 5474 peccarit
859 5405 1113 5476 Sytncon,
1148 5405 1446 5476 dignusque
1496 5408 1618 5462 inde
1670 5410 1906 5478 irrognto

334 5506 390 5548 et
420 5511 639 5548 cari-ere
673 5505 726 5548 et
753 5497 944 5550 exsilio
967 5496 1148 5551 fuerit.
1186 5499 1274 5551 Ait
1301 5498 1502 5567 itaque,
1547 5512 1667 5568 post
1711 5502 1908 5556 relatus

334 5587 546 5642 divinas
567 5588 681 5656 ejus
700 5571 1172 5669 VlSlOtles;qullmS
1198 5593 1247 5645 in
1271 5608 1433 5647 sensu
1456 5596 1684 5663 quodam
1717 5596 1908 5651 futura:

334 5691 648 5732 sanctorum
668 5679 1042 5744 beatitudinis,
1080 5695 1374 5750 eorumque
1403 5684 1647 5751 corporis
1677 5684 1907 5738 levitatis

335 5784 401 5824 ac
424 5770 693 5825 claritatis
719 5769 818 5824 iuit
847 5786 862 5836 ;
897 5787 999 5837 qua
1024 5770 1163 5826 Deus
1185 5789 1354 5842 genus
1384 5785 1630 5830 nostrum
1661 5776 1898 5841 ἑδὸξασε,

533 5867 805 5950 ΡΔτιιοιτ.
835 5867 955 5928 Gn.
983 5869 1158 5934 CLII.

2010 4582 2256 4635 laborans
2281 4584 2614 4652 cegritudine,
2639 4583 2818 4637 multis
2850 4588 3223 4642 certaminibus
3249 4589 3439 4643 victore
3461 4591 3593 4645 tole-

2011 4677 2412 4745 rantissimoque
2449 4695 2664 4747 corpore
2711 4696 2806 4734 suo
2872 4684 3173 4750 emigransr
3205 4685 3276 4735 ad
3314 4683 3595 4741 Dominum

2009 4771 2404 4838 commigrarat.
2443 4770 2597 4826 Hunc
2628 4774 2806 4841 itaque
2842 4773 3058 4842 ejusque
3100 4775 3390 4841 prccclsras
3425 4779 3592 4832 virtu.

2011 4871 2084 4915 tes
2117 4879 2178 4915 ac
2206 4861 2467 4928 facinora,
2502 4865 2639 4918 velut
2661 4865 2838 4933 utique
2862 4865 3172 4932 discipulus,
3198 4866 3275 4922 vir
3296 4869 3381 4923 hic
3407 4869 3592 4926 beatus

2005 4961 2126 5006 cum
2177 4952 2454 5022 explorata
2519 4953 2752 5019 haberet,
2783 4954 3000 5024 ejusque
3047 4958 3206 5012 vitam
3240 4964 3590 5028 apostolicam

2008 5041 2232 5110 perfecte
2256 5053 2426 5097 nosset
2455 5061 2474 5110 ;
2507 5043 2602 5098 Dei
2626 5061 2786 5113 opera
2809 5063 2872 5100 ac
2920 5048 3104 5105 dicina
3132 5053 3273 5108 dona
3316 5057 3460 5111 haud
3486 5057 3584 5112 do-

2009 5148 2123 5190 ctus
2162 5136 2427 5204 defodere,
2459 5138 2549 5191 sed
2583 5141 2874 5207 prtedicare
2903 5159 2964 5196 ac
2984 5145 3314 5214 collaudare,
3367 5151 3588 5204 laudum

2009 5229 2063 5282 in
2096 5245 2212 5282 eum
2256 5229 2462 5283 cantica
2493 5247 2555 5284 ac
2579 5234 2838 5300 encomia,
2897 5236 3076 5294 dicina
3108 5241 3419 5296 reuelatione
3456 5257 3586 5295 con-

2009 5321 2242 5389 scripsit,
2270 5321 2481 5392 ejusque
2517 5323 2680 5378 Vitam
2731 5342 2934 5382 onmem
2963 5329 3262 5386 litterarum
3291 5347 3588 5385 monumen-

2013 5414 2077 5466 tis
2105 5415 2450 5483 consignat'it.
2491 5413 2554 5468 Ut
2590 5435 2705 5470 vero
2736 5421 2896 5472 etiam
2931 5422 3141 5492 aliquos
3178 5424 3246 5475 ad
3275 5422 3585 5474 cumulatio-

2009 5520 2124 5556 nem
2155 5515 2475 5571 prouocaret,
2527 5520 2679 5577 atque
2714 5512 2807 5564 viri
2835 5511 3079 5566 laudibus
3115 5512 3185 5564 ad
3215 5511 3584 5576 imitationem,

2010 5611 2071 5647 ac
2101 5596 2308 5649 virtutis
2336 5599 2534 5651 cultum
2561 5601 2885 5664 accenderet,
2911 5602 3025 5668 ejus
3061 5608 3183 5669 quot
3212 5600 3364 5652 annis
3388 5616 3585 5654 mento-

2013 5688 2149 5739 riam
2178 5703 2328 5753 preco
2370 5704 2432 5740 ac
2463 5690 2757 5754 apostolica
2793 5691 3074 5741 traditione
3104 5687 3418 5755 accepimus,
3459 5705 3580 5741 cum

2010 5777 2209 5829 sanctis
2238 5777 2493 5840 omnibus,
2523 5779 2670 5845 festis
2710 5778 2919 5846 gaudiis
2951 5775 3265 5844 celebrabat,
3288 5780 3580 5847 conscripto

3051 5870 3089 5929 9
