4114 6306
568 277 677 341 261

1835 280 2229 347 MANUELIS
2268 286 2570 349 CALECIE

3725 295 3837 360 εδδ

566 399 779 456 virtutis
805 395 981 463 titulo,
1007 396 1155 453 illius
1180 396 1457 453 simulacri
1515 410 1596 452 ac'
1626 399 1869 469 iinaginis
1934 402 2143 471 depicta
2173 402 2219 461 Α
2253 413 2402 459 retur
2427 402 2663 458 allicere.
2690 399 2861 457 Nolim
2883 416 2979 475 ego
3000 405 3079 460 sic
3110 404 3261 476 nigro
3283 402 3459 459 virum
3485 402 3661 476 lapide
3682 408 3838 463 dam-

562 494 818 547 historia.
860 488 1137 545 "actenus
1165 489 1398 561 Symcon
1460 506 1524 546 ex
1559 492 1771 562 privata
1826 493 2154 549 revelatione

565 601 632 643 ac
664 586 912 653 scientia,
949 585 1254 655 plusculum
1274 584 1410 639 forte
1432 584 1533 639 sibi
1558 580 1859 647 indulsisse
1887 586 2151 654 videatur,

564 688 625 735 nt
667 689 979 734 sanctorum
1013 677 1198 746 plenos
1268 677 1502 732 honores
1558 674 1705 731 Patri
1770 691 1870 732 suo
1924 672 2150 745 spiritali

564 769 821 827 deferret.
862 768 1151 824 Laudande
1176 752 1395 837 quidem
1454 766 1544 821 illa
1582 766 1882 822 mconomia
1928 779 1993 820 ac
2024 780 2154 822 con-

566 862 672 919 silii
706 862 949 927 ratio,-ut
976 875 1071 916 eos
1096 858 1405 922 laudemus,
1440 871 1578 928 quos
1603 858 1761 912 nobis
1787 858 2017 928 aliisque
2041 861 2153 914 vir-

567 955 696 1009 tutis
720 954 970 1024 palcestra
992 954 1265 1007 antistites
1286 951 1536 1005 volumus
1555 965 1620 1005 ac
1634 952 1799 1006 duces
1828 968 1843 1005 :
1865 960 2151 1022 praestant-

560 1063 668 1118 que
688 1048 906 1117 egregie
936 1046 1166 1101 llomani
1198 1044 1513 1113 pontifices,
1547 1044 1836 1099 vindicatis
1889 1047 2146 1099 ordinum

564 1136 1403 1209 religiosorum‘institutoribus,
1423 1134 1515 1205 qui
1538 1134 1798 1189 clariores
1821 1137 1873 1189 in
1906 1134 2144 1190 Ecclesia

561 1234 851 1297 habentur,
916 1231 961 1284 si
997 1229 1088 1299 qui
1136 1228 1444 1283 sanctitatis
1505 1227 1672 1281 radiis
1703 1227 1974 1282 fulserunt
2002 1243 2016 1292 ;
2046 1239 2146 1281 nec

560 1324 826 1379 Romanis
859 1319 1323 1399 duntaxat’l'astis
1374 1319 1650 1387 ascriptis,
1700 1319 1794 1374 sed
1822 1325 1878 1372 et
1914 1318 2143 1372 solemni

559 1416 756 1477 uilicio,
793 1415 990 1468 nedum
1039 1413 1179 1483 apud
1211 1425 1358 1475 suos,
1384 1410 1480 1465 sed
1513 1419 1566 1465 et
1595 1420 1705 1465 toto
1734 1411 1868 1464 orhe
1900 1410 2143 1462 ltomano

560 1524 621 1563 ac
643 1506 885 1562 Ecclesia
914 1503 1128 1568 Latina,
1147 1502 1383 1557 donatis.
1410 1500 1465 1555 ld
1490 1512 1664 1558 tamen
1687 1509 1746 1555 ut
1775 1502 1877 1555 rite
1902 1500 2013 1564 liat,
2041 1514 2141 1555 nec

558 1600 811 1655 civilibus
835 1597 1123 1659 duntaxat,
1160 1594 1253 1649 sed
1273 1593 1536 1654 etsacris,
1557 1591 1769 1661 publice
1789 1590 1980 1645 saltem
2009 1605 2141 1645 con-

558 1701 844 1748 sectentur
881 1688 1201 1751 honoribus,
1230 1684 1536 1740 necessaria
1556 1683 1878 1752 episcoltalis
1902 1682 2139 1750 cognitio

2256 506 2417 546 nare.
2443 490 2646 547 Praeter
2665 493 2889 562 Scylitz.
2911 505 2963 549 et
2984 495 3148 550 Cedr.
3181 497 3294 566 ipse
3322 495 3841 565 Sthetatus,claris-

2253 581 2377 636 simi
2443 582 2699 645 nominis,
2766 598 2941 653 eoque
2987 585 3187 639 nedum
3245 585 3592 654 patriarchae,
3650 589 3837 644 sedet

2253 672 2568 742 imperatori
2623 673 3034 739 charissimam,
3068 689 3387 745 magnaeque
3422 680 3563 747 apud
3593 693 3686 733 eos
3730 694 3834 734 au-

2251 765 2541 829 cton‘tatis,
2570 781 2697 821 eum
2734 765 3284 830 scribit,iaci|limum
3311 767 3524 823 scilicet
3551 771 3833 825 solvendis

2252 857 2561 925 quibusque
2584 855 2764 911 dubiis
2795 870 2859 909 ac
2890 842 3301 925 questionibus,
3341 855 3485 925 λόγῳ
3507 858 3597 909 καὶ
3616 848 3831 925 ’γνώσει

2248 945 2358 998 τῶν
2386 945 2597 999 πολλῶν
2624 946 2917 1015 διαφέρων·
2941 945 3118 1017 Longe
3162 941 3316 1018 vulg'o
3370 948 3675 1016 priet-euersa
3716 948 3831 1002 elo-

2247 1039 2461 1107 quentia
2475 1053 2539 1091 ac
2570 1037 2811 1093 scientia.
2834 1036 3093 1106 Legatum
3109 1039 3175 1093 ad
3194 1030 3436 1094 Sclcrum
3457 1041 3574 1094 urbi
3591 1041 3702 1109 jam
3721 1040 3833 1094 itu-

2251 1131 2545 1186 miuentem
2568 1170 2584 1197 ,
2614 1144 2832 1201 suaque
2854 1131 3152 1203 tyrannidis
3195 1140 3455 1187 terrorem
3490 1132 3567 1187 illi
3592 1134 3837 1189 inferen-

2246 1228 2376 1287 tem,
2396 1233 2428 1274 a
2454 1219 2652 1276 Basilio
2682 1230 2739 1277 et
2756 1221 3112 1278 Constantino
3139 1223 3389 1285 missum,
3432 1238 3538 1292 qua
3569 1225 3835 1280 suadendi

2249 1311 2321 1375 vi,
2353 1314 2730 1384 sapientiaque
2756 1328 2820 1368 ac
2866 1315 3064 1368 virtute
3093 1316 3403 1384 praestabat,
3433 1317 3627 1371 docent
3671 1318 3835 1374 relati

2246 1401 2471 1474 Scylitz.
2504 1413 2559 1458 et
2608 1404 2770 1460 Cedr.
2817 1406 2906 1459 ‘Ev
2946 1407 3060 1476 ὅσῳ
3108 1407 3165 1459 δὶ
3211 1406 3385 1460 ταῦτα
3436 1407 3764 1487 ἐπράττετο,
3800 1413 3832 1461 ὁ

2246 1494 2543 1564 σύγκελλος
2570 1498 2848 1568 Στέφανος
2892 1501 2986 1552 καὶ
3015 1499 3113 1569 τῆς
3142 1499 3515 1570 Νικομηδεὶας
3542 1502 3831 1573 πρόεδρος,

2242 1589 2383 1660 ἀνὴρ
2412 1588 2723 1660 ἐλλόγιμος,
2759 1592 2848 1644 καὶ
2885 1592 2978 1645 ἐπὶ
3013 1592 3177 1661 σοφίᾳ
3201 1594 3295 1646 καὶ
3315 1594 3486 1664 ἀρετῇ
3513 1593 3826 1666 διαϐόητος.

2229 1681 2339 1734 ’καὶ
2391 1681 2571 1735 πειθοῖ
2620 1681 2857 1752 μαλάξαι
2908 1683 3092 1749 ἱκανὸς
3141 1683 3371 1755 γνώμην
3432 1685 3677 1755 σκληρὰν
3732 1688 3831 1743 καὶ

560 1790 636 1836 est
651 1823 664 1847 ,
679 1796 740 1836 ac
756 1779 1023 1847 probatio;
1043 1792 1205 1849 quam
1233 1773 1597 1845 itnpotcntiori
1614 1773 1729 1827 zelo
1751 1790 1851 1827 nou
1867 1784 2143 1840 exspecta-

2247 1774 2559 1838 ἁτίΘασσον,
2592 1775 2840 1847 πρέσόυς
2883 1778 2962 1839 εἰς
2994 1776 3085 1830 τὸν
3117 1776 3365 1848 Σκληρδν
3410 1778 3827 1844 ἀποστέλλεται,

559 1877 635 1930 vit
666 1873 1050 1945 Symeon,etsi
1089 1888 1148 1928 ea
1199 1879 1381 1926 scruta
1422 1875 1523 1924 est.
1563 1865 1757 1921 Subdit
1801 1866 1942 1920 enim
1984 1862 2144 1919 Sthe-

562 1976 607 2018 ιιι
620 1976 720 2020 tus.

634 2061 875 2112 Ἤκουσε
933 2059 1098 2112 ταῦτα
1154 2060 1244 2111 καὶ
1289 2060 1317 2108 ὁ
1369 2056 1589 2128 Σέργιος
1619 2062 1961 2131 πατριάρχης
1991 2059 2143 2126 ’,καὶ

561 2151 1062 2222 μεταπεμψάμενος
1091 2150 1182 2204 τὸν
1253 2150 1430 2219 ἅγιον,
1467 2150 1802 2205 πυνθάνεται
1837 2153 1965 2221 περὶ
2034 2150 2142 2203 τῶν

556 2246 934 2300 ἀκουσθέντων
966 2244 1137 2313 αὐτῷ.
1189 2244 1277 2304 Ὠς
1329 2243 1387 2295 δὲ
1418 2244 1543 2313 περὶ
1609 2243 1831 2296 πάντων
1893 2241 2139 2295 ἀνεδίδα-

559 2339 647 2403 ξεν
679 2336 840 2390 αὐτὸν
888 2338 915 2388 ὁ
952 2336 1249 2404 μακάριος,
1286 2335 1382 2386 καὶ
1428 2334 1580 2396 ὅπως
1633 2335 1701 2385 ἐκ
1732 2333 1883 2396 Θείας
1920 2335 2138 2386 ἀποκαρ-

557 2432 770 2499 scaeui,-
808 2429 1014 2483 ἄνωθεν
1043 2428 1431 2496 ὲμπνευσῦεὶς,
1461 2426 1590 2488 τοὺς
1617 2424 1822 2494 ὕμνους
1861 2426 1938 2495 τῷ
1966 2426 2139 2495 [ἰατρὶ

558 2525 879 2588 ἁνετὰξατο,
910 2521 1005 2574 καὶ
1038 2521 1128 2572 τὸν
1157 2520 1269 2589 βίον
1315 2519 1486 2572 αὐτοῦ
1531 2518 1934 2586 συνεγράψατο.
1980 2520 2167 2582 Ζητεῖ

556 2616 731 2669 ταῦτα
763 2612 1012 2678 διελθεῖν,
1044 2613 1139 2665 καὶ
1163 2613 1345 2674 αὐτοῖς
1379 2613 1626 2680 ἐντυχεῖν
1680 2612 1795 2673 τοῖς
1827 2609 1921 2662 ὑπ’
1970 2609 2139 2663 αὑτοῦ

557 2709 987 2779 γεγραμμένοις.
1017 2704 1213 2768 Λαϐὼν
1241 2701 1334 2758 οὖν
1385 2706 1479 2756 ἐπὶ
1541 2706 1733 2775 χεῖρας
1787 2705 1879 2757 ταὶ
1917 2703 2140 2773 βίϐλους

555 2805 583 2855 ὁ
611 2799 1091 2872 πατριάρχης,καὶ
1118 2798 1340 2852 ἅπασαν
1394 2799 1491 2866 τὴν
1546 2798 1937 2869 πραγματείαν
1985 2797 2139 2864 φιλο-

557 2895 735 2957 πόνως
767 2893 1016 2969 cllidis,
1043 2891 1265 2960 ἠγάσθη
1298 2889 1392 2942 ἐπὶ
1413 2888 1490 2959 τῷ
1509 2889 1815 2958 πράγματι,
1850 2891 1943 2943 καὶ
1966 2889 2137 2943 πολλὰ

558 2984 1022 3054 προσεπαινέσας,
1052 2981 1146 3031 καὶ
1174 2981 1237 3032 τὸ
1269 2979 1490 3049 βέὄαιον
1546 2980 1648 3049 τῆς
1671 2978 1841 3033 αὐτοῦ
1895 2978 2148 3041 πίστεως.

556 3073 931 3144 ἑγχωμιάσας,
955 3071 1246 3133 ἀπέλυσεν,
1270 3070 1711 3140 ὑπομιμνήσκειν
1734 3069 1885 3140 αὐτῷ
1906 3086 2138 3140 προτρε-

554 3166 799 3234 ψάμενος
820 3162 962 3215 κατὰ
982 3162 1074 3214 τδν
1092 3159 1282 3230 καιρὸν
1305 3159 1405 3228 τῆς
1427 3157 1759 3241 τοῦῇΠατρὸς
1783 3161 2029 3230 μνήμης,
2062 3158 2138 3223 ὡς

559 3257 624 3309 ἂν
642 3257 734 3308 καὶ
753 3254 913 3314 αὐτὸς
929 3270 999 3322 κη
1010 3252 1137 3319 pob;
1160 3251 1252 3303 καὶ
1279 3251 1426 3322 μύρα
1447 3252 1686 3322 παρέχῃ,
1705 3251 1798 3305 καὶ
1821 3251 2141 3320 ἀφοσιοῦται

558 3349 655 3419 τὴν
697 3347 887 3416 τιμήν.
932 3344 1142 3396 Audiuit
1192 3343 1366 3397 lurcet
1405 3342 1752 3411 patriarcha;
1788 3343 2143 3412 accersitoque

556 3450 839 3504 sancto',e.’c
858 3438 948 3491 illo
971 3447 1324 3506 percontatur,
1343 3436 1407 3490 de
1439 3436 1516 3489 his
1553 3451 1670 3506 qute
1690 3436 1956 3490 audierat.
1986 3434 2142 3490 Docet

559 3535 647 3587 ille
687 3533 921 3586 onznium
977 3529 1553 3609 rationem,divinaque
1591 3528 1793 3597 pridem
1832 3528 2143 3583 reuelatione

559 3633 714 3694 atque
738 3624 935 3693 afflatu,
957 3622 1163 3675 cantica
1181 3619 1554 3689 composuisse,
1594 3625 1656 3673 ite
1683 3620 1841 3674 vitam
1858 3619 2002 3675 illius
2020 3636 2143 3674 con-

558 3718 843 3779 scripsisse.
868 3715 1068 3781 Qttazrit
1085 3714 1392 3782 patriarcha
1411 3711 1522 3766 lucc
1556 3727 1882 3783 percurrere,
1925 3712 2141 3781 ipsaque

558 3813 622 3865 ab
641 3830 697 3866 eo
720 3812 910 3879 scripta
931 3809 1201 3879 pellegere.
1236 3808 1470 3875 Sumptis
1494 3807 1667 3876 itaque
1689 3809 1741 3860 in
1761 3823 1946 3863 manus
1969 3806 2139 3870 libris,

555 3906 851 3974 cunctisque
891 3904 1166 3968 diligenter
1212 3899 1444 3966 pellectis
1472 3916 1533 3953 ac
1574 3899 1815 3963 evolutis,
1850 3914 1902 3952 re
1932 3898 2141 3967 gavisus

554 4007 652 4059 est,
690 3997 972 4060 multisque
1037 3992 1281 4044 laudibus
1333 3991 1644 4055 cumulatis;
1687 3990 1997 4063 ﬁrmamque
2029 3989 2142 4057 ejus

557 4094 707 4155 ﬁdem
733 4085 1008 4156 magniﬁce
1030 4085 1420 4148 commendans,
1446 4082 1671 4147 dimisit;
1692 4096 1904 4134 monens
1947 4081 2140 4148 ipsum,

561 4184 864 4250 ittbettaque,
898 4187 951 4229 ut
981 4177 1225 4241 temporis
1284 4192 1384 4245 quo
1415 4173 1726 4227 celebranda
1772 4171 1904 4240 foret
1963 4167 2157 4239 Patris_

558 4272 806 4327 memoria
842 4274 1114 4324 certiorem
1164 4269 1375 4337 faceret,
1407 4277 1464 4319 ut
1493 4276 1539 4320 et
1574 4266 1681 4334 ipse
1713 4278 1884 4317 cereos
1912 4278 2145 4332 unguen-

2164 3111 2207 3169 C

2246 1866 2299 1917 εἴ
2327 1883 2410 1919 πω
2445 1866 2646 1937 δυνηθῇ
2677 1869 2860 1921 πεῖσαι
2900 1868 3090 1922 τοῦτον
3118 1869 3419 1923 ἀποθέσθαι
3452 1871 3517 1923 τὰ
3544 1871 3703 1925 ὅπλα.
3734 1870 3832 1926 Iss-

2245 1958 2399 2012 terim
2427 1958 2725 2027 Stephanus
2780 1958 3080 2030 Syncellus,
3138 1960 3467 2017 Nicomedia:
3487 1963 3714 2031 praesul,
3745 1966 3831 2019 uir

2244 2053 2487 2106 eruditus
2517 2062 2566 2106 et
2589 2053 2858 2124 eloquens,
2887 2056 3257 2125 sapientiaque
3305 2072 3367 2110 ac
3395 2055 3583 2111 virtute
3622 2059 3824 2125 clarus,

2244 2145 2537 2216 durumque
2557 2148 2793 2200 animum
2844 2162 2909 2200 ac
2956 2147 3273 2201 indomitum
3317 2151 3502 2203 suada:
3522 2150 3827 2207 uiemollira

2244 2238 2485 2303 idoneus,
2513 2238 2719 2309 legatus
2750 2239 2819 2293 atl
2861 2238 3101 2294 Sclerum
3128 2241 3381 2308 mittitur,
3420 2258 3542 2296 nunt
3588 2243 3726 2313 forte
3751 2246 3825 2299 ad

2244 2344 2394 2382 arma
2421 2330 2662 2398 ponenda
2685 2330 2850 2385 verbis
2876 2348 3057 2401 cogere
3084 2333 3271 2403 possit.
3301 2333 3531 2389 Miratur
3573 2335 3634 2392 P.
3657 2336 3847 2393 Goar.‘

2243 2420 2396 2476 Notis
2429 2425 2544 2480 suis
2568 2427 2634 2479 ad
2664 2425 2831 2481 Cedr.
2862 2427 3135 2496 quomodo
3181 2428 3457 2499 syncellus
3493 2428 3824 2496 Stephanus,

2243 2513 2397 2580 quasi
2460 2513 2786 2580 patriarcha:
2833 2515 3240 2582 concellanetts,
3312 2515 3499 2584 illique
3550 2516 3824 2582 assiduus,

2242 2604 2333 2672 qui
2361 2600 2688 2659 Nicomedia:
2716 2606 2911 2674 pracsul
2939 2615 3105 2671 esset,
3139 2607 3323 2677 ihique
3358 2623 3455 2678 pro
3485 2607 3647 2663 ollicii
3700 2624 3824 2663 mu-

2242 2709 2393 2759 nere,
2454 2695 2636 2764 potius
2696 2711 2861 2766 quam
2897 2697 3371 2770 Constantinopoli
3414 2702 3465 2756 in
3505 2700 3824 2772 patriarcha:

2240 2786 2472 2851 aedibus,
2520 2788 2687 2842 vitam
2740 2800 2964 2859 ageret;
3007 2805 3108 2847 nec
3147 2792 3473 2860 patriarcha:
3520 2807 3822 2859 successor,

2239 2882 2385 2949 quod
2422 2881 2535 2937 iere
2558 2883 2925 2955 syncellorum
2961 2883 3269 2951 videbatur,
3302 2885 3618 2956 designatus
3658 2897 3822 2942 esset.

2238 2970 2515 3030 Potuisset
2566 2973 2853 3030 Sthetatus
2884 2973 2932 3031 si
2955 2975 3076 3046 ejus
3101 2978 3256 3046 copia
3291 2975 3502 3044 fuisset,
3542 2978 3677 3035 lucis
3714 2979 3818 3035 ali-

2240 3065 2370 3133 quid
2390 3065 2605 3122 allerre.
2643 3066 2809 3122 Docet
2843 3068 3024 3137 itaque
3040 3081 3190 3135 eum,
3218 3067 3472 3126 abdicato
3507 3072 3821 3143 episcopatu

2244 3158 2325 3214 sic
2356 3159 2570 3213 assidue
2591 3149 2869 3215 versatum
2897 3173 3020 3215 cum
3050 3160 3381 3228 patriarcha,
3418 3175 3482 3217 ac
3513 3176 3636 3218 vere
3685 3178 3818 3234 syns

2244 3249 2365 3305 celli
2393 3259 2573 3320 partes
2602 3249 2879 3321 implesse,
2916 3267 3021 3308 nou
3056 3251 3175 3307 solo
3225 3253 3384 3309 titulo
3417 3261 3581 3324 atque
3606 3257 3823 3311 nomine

2243 3353 2495 3398 ornatum
2532 3343 2700 3399 fuisse
2729 3360 2745 3410 ;
2777 3344 2891 3400 sive
2914 3344 3050 3400 alias
3100 3345 3346 3401 inhiabat
3371 3347 3487 3402 sedi
3546 3346 3811 3404 Constauo
3870 3346 3877 3351 ’

2247 3435 2638 3506 tinopolitame,
2688 3450 2862 3507 eoque
2931 3451 3156 3493 munere
3212 3437 3315 3493 sibi
3346 3438 3413 3493 ad
3450 3452 3572 3494 eain
3597 3441 3816 3512 gradum

2218 3528 2473 3597 parabat
2514 3544 2529 3581 :
2564 3542 2729 3611 quam
2761 3543 2827 3584 ne
2855 3537 3264 3599 assequeretur,
3298 3528 3351 3584 in
3381 3544 3548 3586 causa
3586 3545 3710 3589 esse
3728 3548 3821 3603 pos

2246 3614 2712 3692 tuitlon'gaﬁergii
2747 3630 2878 3676 actas
2919 3635 2984 3675 ac
3007 3623 3164 3677 sedes
3194 3635 3461 3678 annorum
3488 3626 3705 3696 viginti,
3737 3628 3820 3681 iu—

2244 3725 2326 3769 tra
2354 3730 2493 3785 quos
2525 3714 2661 3770 nihil
2691 3724 2833 3787 vetat
2857 3713 3192 3778 Stephanum
3227 3717 3479 3773 humanis
3501 3720 3821 3786 excessisse,

2243 3816 2297 3861 et
2329 3808 2417 3862 ubi
2458 3816 2624 3861 totum
2688 3807 2741 3859 in
2805 3804 3134 3876 Symeonem
3173 3805 3416 3862 fabulam
3451 3809 3680 3874 luserat,
3723 3828 3819 3880 per

2243 3900 2400 3969 Cujus
2434 3899 2517 3952 vel
2558 3912 2789 3952 mortem
2854 3898 2937 3952 vel
2971 3898 3437 3967 ingravescentem
3467 3911 3701 3965 atatem,
3729 3904 3819 3959 ille

2243 3989 2589 4059 postmodum
2638 4004 2771 4058 pace
2815 3991 3023 4061 potitus
3080 3990 3173 4053 sit,
3226 3991 3507 4063 libereque
3536 3991 3682 4049 Patri
3719 4011 3820 4051 suo

2245 4081 2497 4152 spiritali,
2520 4081 2773 4152 Symeoni
2797 4084 3398 4151 venerabili,solemnes
3429 4101 3638 4142 annuos
3657 4088 3825 4143 hono-

2248 4190 2337 4231 res
2359 4175 2711 4247 persolverit;
2746 4180 2861 4234 sive
2886 4178 3019 4232 nihil
3061 4192 3180 4232 eam
3217 4178 3399 4233 sedem
3433 4180 3679 4234 ambiens
3723 4179 3825 4250 (ut

2247 4284 2353 4323 non
2406 4279 2523 4325 erat
2574 4279 2723 4326 certa
2784 4269 2962 4325 ullove
3006 4269 3127 4338 jure
3161 4270 3365 4326 sancita
3399 4284 3464 4324 ac
3516 4271 3820 4327 necessaria

558 4385 714 4433 taque
772 4363 1052 4432 conferret,
1120 4378 1181 4414 ac
1231 4371 1412 4414 sancto
1472 4360 1722 4412 honorem
1802 4334 2160 4425 impenderet:
2247 4361 2683 4434 syncellorumgin
2710 4378 2830 4418 eam
2863 4360 3368 4431 sedemsuccessio)
3393 4359 3819 4418 velututiliot‘cm

563 4462 682 4515 Visa
739 4462 872 4524 lucc,
934 4473 1030 4527 pro
1084 4454 1340 4510 Ecclesia:
1392 4449 1996 4519 Constantinopolitanae
2033 4450 2142 4506 ritu
2177 4454 2219 4509 D
2244 4455 2410 4510 rebus
2440 4454 2826 4511 ecclesiasticis
2860 4463 3160 4509 navaturus
3190 4470 3434 4525 operam,
3466 4456 3544 4511 sic
3575 4470 3603 4509 a
3636 4455 3812 4512 consi-

559 4554 831 4611 sulltciens
892 4549 1176 4622 Symeonis
1245 4544 1518 4606 Studitzc,
1585 4542 1714 4596 dicti
1762 4538 2135 4609 Venerabilis,

561 4645 853 4700 vindicatio
890 4682 906 4707 ,
945 4652 1000 4697 et
1050 4647 1107 4693 ut
1146 4638 1322 4693 sancti
1378 4635 1537 4688 titulo
1590 4632 1837 4702 publicos
1895 4632 1946 4687 itt
2006 4635 2140 4691 urbe

559 4739 576 4811 (
614 4749 706 4792 aut
735 4746 881 4792 certe
915 4737 965 4789 in
995 4731 1169 4786 aunt-ti
1229 4727 1513 4783 llatnatttis
1558 4724 1930 4797 monasterio)
1964 4726 2165 4802 houo—_

561 4848 645 4886 res
702 4831 943 4884 haberet.
1011 4825 1175 4891 Inque
1236 4822 1377 4874 hunc
1438 4818 1654 4871 modum
1717 4832 1890 4875 annos
1945 4822 2141 4877 sexde-

557 4928 660 4977 cim
720 4925 838 4990 ejus
887 4919 1093 4972 cultum
1137 4915 1403 4966 illibatum
1459 4923 1859 4979 perseverasse,
1896 4913 2141 4969 celebra-

559 5024 719 5079 taque
775 5007 1040 5078 frequenti
1096 5003 1348 5073 religioso
1390 5013 1658 5057 conventu
1708 5005 1995 5071 solemnia,
2045 5021 2142 5060 au-

558 5116 677 5157 ctor
695 5102 997 5156 Sthctatus:
1022 5100 1195 5151 donec
1235 5094 1542 5165 Stephanus
1570 5095 1806 5151 Alexintc
1828 5111 1893 5152 ex
1938 5109 2145 5153 metro-

561 5197 723 5267 polita
784 5189 1185 5247 Nicomedicusi
1223 5228 1236 5253 ,
1271 5187 1445 5256 Sergii
1508 5189 1832 5256 patriarcha:
1922 5192 2141 5261 syncel-

560 5296 664 5355 lus,
715 5302 778 5342 eo
828 5284 1048 5339 nomine
1105 5283 1272 5351 cwpit
1323 5281 1597 5350 exagitare
1636 5323 1650 5347 ,
1692 5282 1852 5352 inque
1913 5284 2142 5355 Symeo-

561 5400 628 5439 ne
684 5376 978 5435 venerabili
1040 5377 1284 5445 quaedam
1361 5373 1786 5442 reprehendere,
1852 5376 2142 5446 ipsumque

558 5474 786 5547 proinde
826 5469 942 5540 ejus
965 5468 1274 5538 religiosum
1321 5468 1551 5534 cultum,
1578 5467 1659 5523 sic
1700 5470 1996 5537 praesertim
2029 5481 2141 5525 tota

561 5568 696 5623 urbe
722 5565 1042 5629 solemnem,
1077 5561 1403 5632 improbare.
1425 5561 1620 5616 Totum
1651 5562 1928 5617 Sthetatus
1976 5565 2141 5618 ascri-

558 5657 896 5723 bitinvidim,
932 5669 994 5710 ac
1023 5654 1167 5724 quod
1218 5655 1508 5724 utriusque
1552 5650 1840 5721 Syuteonis
1871 5653 2137 5707 sanctitas

560 5766 622 5808 ac
655 5752 902 5817 scicntia,
935 5747 1081 5804 illius
1104 5744 1260 5801 lania:
1298 5744 1539 5799 scicntia:
1571 5755 1632 5796 ac
1664 5742 1969 5797 sanctitatis
1997 5745 2137 5799 vide-

2246 4544 2333 4602 liis
2369 4546 2717 4615 patriarchae,
2750 4546 2801 4599 in
2824 4545 3054 4618 regenda
3087 4546 3338 4600 universa
3380 4546 3625 4615 tlimcesi,
3653 4562 3812 4616 quant

2243 4640 2288 4693 si
2324 4653 2489 4693 unam
2527 4637 2765 4708 aliquam
2810 4639 3082 4694 civitatem
3141 4639 3224 4695 vel
3251 4639 3423 4709 ipsam
3475 4641 3812 4710 metropolim

2243 4730 2529 4800 episcopus
2574 4738 2825 4800 regeret;
2878 4730 3095 4800 velipse
3150 4743 3362 4801 sponte,
3413 4732 3496 4786 vel
3560 4735 3820 4789 invitante

2243 4820 2571 4891 patriarcha,
2602 4823 2719 4877 slve
2747 4821 2911 4878 etiam
2944 4824 3385 4894 imperatoribus,
3421 4839 3519 4894 pro
3565 4827 3680 4894 ejus
3711 4841 3811 4881 uo-

2248 4913 2406 4969 minis
2436 4914 2770 4983 celebritate,
2797 4928 2859 4969 ea
2894 4915 3105 4982 relicta,
3140 4915 3605 4988 Cottstantitmpoli
3663 4919 3816 4989 quasi

2245 5006 2572 5075 patriarcha:
2615 5021 2881 5074 assessor,
2939 5008 3120 5080 illique
3155 5010 3378 5063 intimus
3412 5026 3475 5066 ac
3511 5010 3815 5074 latitiliaris,

2244 5099 2571 5155 consederit.
2600 5098 2716 5166 Quo
2744 5100 2856 5155 fere
2884 5102 3062 5167 modo,
3092 5101 3230 5171 apud
3262 5099 3506 5168 Latinos,
3538 5102 3700 5156 etiam
3726 5116 3813 5156 ar-

2244 5191 2575 5261 chiepiscopi
2614 5190 2668 5246 iu
2700 5193 3001 5251 cardinales
3041 5204 3244 5250 sanctae
3275 5192 3533 5249 Romanas
3561 5193 3816 5249 Ecclesia:

2246 5286 2589 5357 presbyteros
2621 5287 2819 5356 passim
2850 5297 3210 5357 cooptantur;
3235 5295 3534 5356 vacantque
3558 5288 3677 5359 ipso
3696 5284 3817 5358 jure

2245 5389 2322 5429 εις
2380 5385 2779 5443 assumptorum
2812 5378 2991 5442 sedes,
3046 5381 3188 5442 quod
3226 5390 3332 5430 non
3357 5379 3492 5431 satis
3524 5379 3816 5432 conveniat

2246 5470 2465 5539 utrique
2497 5471 2709 5524 muneri
2739 5469 2793 5523 in
2824 5485 2930 5525 uno
2953 5469 3205 5524 homine:
3243 5479 3303 5524 ut
3336 5471 3458 5540 quis
3488 5470 3699 5526 scilicet
3723 5469 3819 5524 ad-

2244 5561 2424 5616 dictus
2454 5560 2524 5613 sit
2559 5560 2812 5615 Rumantc
2846 5561 3007 5615 curiae
3049 5560 3279 5629 ejusque
3302 5564 3453 5618 urbis
3482 5562 3648 5627 clero,
3678 5571 3734 5617 et
3758 5570 3819 5616 ut

2245 5653 2517 5721 pontilicis
2571 5665 2753 5723 partes
2802 5653 2990 5709 seuulo
3025 5665 3377 5724 exsequatur,
3401 5655 3454 5709 iu
3484 5652 3724 5711 Ecclesia
3755 5669 3820 5711 ac

2245 5744 2439 5815 plebe,
2491 5746 2576 5801 cui
2628 5745 2913 5816 pra-lectus
2958 5747 3243 5817 episcopus
3298 5759 3381 5804 cst
3412 5767 3427 5816 ;
3459 5747 3599 5818 juris
3635 5758 3819 5805 tamen
