4078 6258
326 275 440 340 269

1085 262 1182 333 DE
1226 246 1594 334 ESSENTIA
1630 273 1724 331 ET
1765 273 2275 334 OPERATIONE.
2315 273 2828 335 —-PR)EFATIO.

3469 261 3576 335 27d

329 390 571 450 ﬁctione,
600 385 830 454 ejusque
855 386 1003 440 velut
1041 387 1226 439 fraude
1260 387 1516 453 quadam,
1551 385 1751 438 saniem
1777 385 1903 440 illis.
1934 386 1983 444 Α
2012 387 2194 440 tudine
2241 387 2304 439 ad
2363 386 2481 455 ejus
2534 387 2826 454 quotannis
2873 383 3153 440 solemnia.
3181 383 3428 439 Derivata
3465 387 3578 438 iure

331 497 394 535 ac
421 482 748 551 quandoque
799 479 1034 546 majores
1056 478 1212 530 sedes
1242 477 1733 538 commendantur;
1772 483 1827 528 et
1857 475 1902 524 si

329 589 436 626 non
471 572 668 624 desunt
731 570 821 636 qui
878 580 1111 635 utroque
1161 583 1381 622 munere
1427 568 1684 634 praeclare
1713 565 1904 624 functi.

330 675 444 717 tum
474 676 768 730 purpuram
800 669 1089 723 oruarunt,
1119 669 1230 711 tum
1258 667 1316 712 et
1345 661 1516 727 magis
1540 658 1756 721 infulas,
1783 672 1908 711 san~

331 755 434 807 etis
473 751 721 805 moribus
765 751 1065 815 composito
1092 766 1254 820 grege
1288 751 1620 818 peculiarius
1670 751 1904 810 credito.

334 844 578 912 nihilque
603 845 696 896 illo
741 841 1040 894 secundum
1082 841 1271 902 Deum.
1293 841 1404 894 sive
1421 856 1714 909 purpuram
1737 841 1908 899 dicas,

335 939 448 991 sive
469 937 600 1005 quid
623 935 767 988 aliud
792 934 1043 988 humana:
1080 933 1386 1000 dignitatis,
1409 932 1684 999 antiquius
1707 932 1902 984 haben-

339 1038 438 1094 tes,
470 1029 701 1102 ejus-que
731 1041 862 1080 cura
891 1024 1176 1093 pervigiles
1203 1039 1220 1085 ;
1255 1025 1365 1076 veri
1392 1023 1597 1077 scilicet
1637 1023 1908 1083 Pastor-rs,

336 1121 653 1188 Christique
673 1115 1099 1187 Ἀρχιποίμενος
1116 1116 1337 1182 vestigia
1378 1114 1564 1168 sedulo
1582 1123 1908 1182 prementes,

339 1213 685 1275 deerrarunt;
709 1210 762 1262 in
782 1208 979 1278 quibus
999 1209 1077 1260 sol
1097 1207 1312 1274 quidam
1331 1205 1531 1260 effulsit
1545 1205 1770 1259 Carolus
1784 1205 1912 1257 Bor-

343 1316 574 1354 rommus
597 1316 615 1364 ;
640 1301 811 1352 secuti
850 1299 1032 1364 plures
1061 1297 1259 1350 eximio
1295 1296 1564 1364 exemplo,
1588 1294 1914 1350 Francist-us

336 1389 653 1442 Suur'lisius
673 1388 1094 1455 Burdigalensis,
1131 1399 1285 1438 meus
1312 1384 1426 1452 ipse
1467 1384 1807 1452 metropolita
1837 1383 1914 1435 vi-

337 1491 512 1551 taeque
537 1480 806 1551 regularis
825 1489 1066 1534 assertor
1082 1490 1135 1532 et
1161 1479 1354 1532 vindex
1379 1479 1430 1530 in
1452 1477 1781 1533 sanctissimi
1810 1476 1917 1530 Ro-

335 1575 463 1629 sarii
491 1573 599 1627 FF.
619 1574 1041 1628 Praedicatorum
1064 1571 1438 1640 Burdigalensi
1456 1571 1784 1636 coenobian
1811 1587 1918 1641 quo

333 1677 382 1718 et
417 1680 616 1718 nomen
647 1664 905 1717 sanctiori
933 1663 1185 1717 instituto
1219 1662 1236 1728 (
1263 1672 1452 1717 sancto
1477 1677 1601 1716 vere
1623 1674 1772 1726 tunc,
1805 1679 1918 1715 mo-

2006 476 2194 529 eadem
2214 476 2278 528 ad
2312 476 2526 530 diversa
2561 475 2661 528 alia
2713 475 2978 530 rtenohia.
3004 473 3156 527 Nulla
3191 476 3444 544 deinceps
3474 476 3577 545 Sy;

2010 567 2185 620 meoni
2217 576 2397 621 creata
2426 567 2691 621 molestia.
2727 565 3036 620 Exstinctos
3057 566 3206 620 brevi
3243 573 3364 634 post
3421 566 3580 618 resti-

2011 665 2181 710 tutum
2231 655 2554 726 Symeonem
2595 659 2898 725 patriarcha
2929 657 3177 727 Sergius.
3208 659 3364 724 eique
3387 656 3583 710 sttbro'é

2011 755 2163 814 gatus
2216 745 2553 808 Eusthatius.
2601 745 2756 813 Cujus
2801 761 2962 801 omne
2983 757 3194 813 tempus
3225 747 3580 800 videaturvi-

2012 840 2156 890 xisse
2177 836 2432 906 Symeon,
2453 847 2507 890 et
2524 837 2590 889 ad
2617 837 2788 906 ipsum
2813 837 3009 899 Alexii,
3041 837 3132 905 qui
3164 835 3340 890 fuerat
3361 835 3581 890 Studia-

2013 942 2114 980 nus
2172 926 2490 988 monachus,
2545 927 2872 992 pervenisse.
2926 925 3256 995 Stephanus,
3312 926 3396 980 vel
3436 926 3575 992 ipse,

2011 1031 2120 1084 quo
2145 1025 2390 1085 tempore
2425 1017 2670 1086 Sergius,
2703 1018 2842 1072 diem
2889 1016 3108 1080 obierit,
3137 1016 3220 1070 vel
3254 1031 3320 1071 eo
3345 1017 3578 1080 sublato,

2015 1110 2230 1162 animos
2263 1108 2550 1176 posuerit;
2603 1108 2726 1162 aliis
2753 1107 2885 1174 ojam
2943 1107 3270 1177 patriarchis
3324 1108 3583 1178 Symeoni

2016 1201 2369 1267 aequioribus,
2435 1200 2768 1270 major-isque
2799 1215 2909 1270 prae
2941 1200 3139 1270 Sergio
3166 1200 3460 1266 (inuitatis,
3492 1202 3582 1270 qui

2017 1296 2237 1360 probata
2273 1293 2556 1363 Symeonis
2587 1295 2816 1348 instituti
2850 1295 3062 1349 ratione
3092 1295 3318 1351 colendo
3368 1296 3584 1352 Patrem
3649 1331 3662 1342 -

2016 1398 2192 1443 suum,
2222 1399 2328 1450 non
2361 1384 2547 1436 debuit
2574 1385 2905 1438 ohtttndente
2928 1383 3201 1454 Syncello,
3243 1399 3418 1454 eaque
3447 1385 3587 1438 dun-

2021 1486 2170 1528 taxat
2198 1477 2426 1537 ratione,
2458 1491 2522 1531 ac
2555 1477 2656 1532 nisi
2692 1487 2841 1532 certo
2881 1477 3215 1547 deprehenso
3243 1493 3457 1533 errasse
3479 1477 3584 1533 sibi

2022 1567 2317 1630 calculum,
2387 1582 2486 1622 nec
2515 1583 2636 1621 eum
2678 1576 2946 1630 sanctum.
3007 1569 3101 1624 sed
3131 1568 3212 1623 vel
3248 1570 3584 1643 hypocritatn

2021 1658 2101 1710 vel
2162 1657 2474 1710 haereticum
2526 1672 2668 1718 esse.
2733 1672 2763 1710 a
2813 1659 3121 1712 constantia
3175 1659 3404 1712 resilire.
3462 1657 3587 1712 Huic

334 1757 510 1822 doque
544 1754 820 1819 sodalitio)
861 1753 980 1808 dedi
1016 1770 1031 1816 ;
1062 1723 1398 1807 Galaminius
1426 1761 1631 1814 noster,
1689 1723 1910 1821 aliique.
1951 1723 1990 1778 Β
2020 1764 2228 1801 summa
2268 1745 2403 1800 Viue
2462 1747 2770 1818 Symeonis,
2803 1764 2926 1817 quae
2956 1749 3114 1818 longe
3143 1749 3306 1802 multa
3341 1749 3591 1818 impleret

403 1842 719 1909 Stephanus
766 1855 917 1908 ergo.
969 1841 1062 1892 τὸν
1099 1840 1200 1908 τῆς
1234 1839 1540 1909 ἐπισκοπῆς
1570 1839 1912 1910 παραιτησά-

337 1952 496 2002 μενος
524 1934 738 2003 θρόνον,
773 1933 939 1999 συνῆν
963 1933 1052 1984 ἀεὶ
1077 1932 1155 2001 τῷ
1180 1933 1522 2005 πατριάρχῃ,
1545 1934 1640 1985 καὶ
1669 1933 1912 2002 μεγάλην

335 2025 566 2093 ἐφέρετο
625 2025 778 2092 παρὰ
807 2026 942 2077 πᾶσι
995 2024 1093 2094 τὴν
1126 2027 1317 2092 φήμην
1354 2029 1450 2092 τῆς
1487 2026 1764 2088 γνώσεως.
1815 2023 1916 2076 Re-

335 2119 560 2183 pudiata
583 2120 707 2170 sede
743 2117 1055 2186 episcopali,
1087 2132 1203 2169 cum
1229 2117 1534 2185 patriarcha
1563 2133 1766 2184 semper
1797 2132 1912 2168 ver-

336 2211 584 2271 sabatur,
619 2225 913 2279 magnaque
938 2209 1078 2277 apud
1109 2225 1285 2261 attines
1307 2211 1540 2262 scientiis
1561 2211 1915 2263 (estimation

336 2314 470 2356 erat.
526 2301 709 2356 Potuit
743 2317 874 2370 ergo
921 2303 1006 2354 vir
1058 2303 1302 2355 eruditus
1340 2313 1653 2368 suspectum
1691 2303 1912 2365 habere,

336 2395 476 2460 quod
503 2395 669 2446 and»
721 2392 1020 2461 Symeones
1061 2393 1161 2445 viri
1199 2391 1454 2446 illitterati
1483 2408 1546 2446 ex
1598 2393 1711 2446 solo
1757 2394 1912 2463 quasi

337 2482 516 2536 afﬂatu
545 2484 610 2536 de
645 2480 756 2535 Deo
791 2481 1098 2548 divinisque
1129 2489 1275 2532 tanta
1328 2477 1713 2546 loquebantur;
1746 2482 1917 2549 quod-

339 2588 443 2640 que
487 2574 648 2636 alter,
698 2571 926 2626 alterius
951 2573 1061 2639 jam
1095 2571 1335 2624 defuncti
1364 2572 1679 2626 memoriam
1727 2585 1916 2626 conse-

339 2679 523 2728 crans,
557 2664 623 2716 ad
655 2664 774 2730 ejus
798 2662 1058 2717 solemnia
1110 2672 1275 2716 totam
1320 2661 1436 2717 fere
1474 2673 1686 2730 cogi-ret
1719 2663 1915 2716 civita-

339 2766 485 2820 tem;
516 2767 569 2808 ut
593 2755 707 2822 jam
743 2771 932 2823 inagna
967 2755 1163 2808 civium
1191 2771 1338 2823 pars,
1378 2755 1512 2808 nihil
1547 2755 1914 2810 uisisanctum

337 2848 624 2910 haberent,
650 2847 794 2913 quod
817 2846 922 2899 illis
947 2846 1261 2900 auctoribus
1289 2847 1645 2914 accepissent.
1672 2845 1915 2900 Primum

338 2937 525 3005 itaque
555 2937 633 2988 illi
663 2942 869 2989 tentata
915 2933 1197 3004 Symeonis
1248 2933 1316 2988 de
1351 2935 1460 2988 Deo
1485 2937 1766 2991 doctrina:
1803 2946 1914 2989 tum

2020 1840 2163 1892 folia.
2201 1841 2277 1894 Ex
2323 1853 2385 1894 ea
2421 1841 2664 1906 planum,
2695 1855 2854 1909 quam
2888 1855 2996 1894 non
3029 1845 3080 1894 in
3112 1843 3344 1896 obscuro
3367 1857 3590 1896 manse-

2019 1935 2130 1986 rint
2167 1949 2254 1988 res
2284 1933 2423 2002 ejus,
2461 1942 2580 2001 post
2608 1934 2770 1986 breve
2811 1933 2978 1999 ipsius
3017 1933 3268 1987 exsilium
3323 1942 3379 1986 et
3407 1947 3591 1988 carce-

2017 2040 2150 2087 rem,
2178 2039 2274 2078 nec
2301 2023 2453 2092 quasi
2483 2023 2752 2076 oblivione
2806 2022 2924 2090 ejus
2963 2023 3169 2091 srpulta
3206 2023 3440 2087 cantica,
3477 2037 3592 2077 sere

2017 2129 2328 2183 monesque,
2357 2129 2420 2168 ac
2452 2112 2654 2182 scripta
2679 2113 2783 2166 alia
2812 2131 2827 2178 ;
2860 2121 2915 2166 ut
2945 2115 3047 2167 sibi
3081 2115 3230 2167 visus
3251 2115 3420 2167 fuerat
3451 2114 3591 2167 divi-

2017 2221 2148 2261 nare
2193 2202 2303 2259 Leo
2359 2203 2610 2264 Allatius.
2668 2205 2808 2270 quod
2858 2220 2982 2259 eum
3037 2204 3336 2259 defecerint
3406 2213 3588 2260 vetera

2017 2306 2385 2352 monumenta.
2440 2295 2608 2366 Egre
2658 2295 2796 2359 fero,
2832 2305 2892 2351 ut
2925 2308 3132 2350 tantum
3167 2298 3340 2351 virum
3374 2308 3471 2365 pro
3495 2300 3589 2349 ad-

2017 2391 2270 2444 versariis
2299 2399 2448 2443 stare
2509 2388 2819 2453 admittam,
2847 2389 2928 2442 vel
2965 2389 3348 2442 Palamitarum
3384 2388 3590 2461 fontem

2018 2496 2161 2546 esse,
2202 2480 2305 2535 nisi
2335 2480 2437 2535 hoc
2498 2480 2697 2542 solum,
2728 2482 2872 2548 quod
2906 2480 2980 2535 illi
3005 2481 3307 2549 simplicius
3346 2483 3394 2535 ei
3424 2482 3590 2542 dicta.

2020 2573 2293 2640 nimiaque
2324 2568 2593 2638 emphasi,
2621 2570 2688 2624 de
2731 2570 2821 2626 Dei
2857 2571 3056 2626 unione
3087 2587 3151 2626 ac
3177 2571 3410 2632 visione.
3445 2571 3594 2640 ejus-

2019 2661 2263 2733 queluce
2294 2676 2357 2715 ac
2383 2661 2686 2721 divinitate.
2717 2661 2769 2715 itt
2802 2677 2954 2716 suam
2975 2661 3081 2717 nisi
3104 2673 3236 2717 sunt
3268 2664 3596 2730 detorquere

2021 2751 2346 2804 sententiam
2378 2767 2393 2814 ;
2429 2751 2502 2803 uti
2531 2759 2585 2802 et
2613 2750 2703 2803 illo
2742 2754 3108 2817 superiorum,
3174 2751 3439 2820 Dionysii.
3489 2750 3595 2802 Ba-

2022 2842 2148 2904 silii.
2178 2840 2338 2908 Greg.
2370 2842 2566 2911 Chrys.
2598 2840 2814 2893 Maximi
2845 2857 2859 2893 :
2893 2842 3092 2910 vixque
3133 2841 3274 2894 ullus
3314 2852 3593 2903 occurrat,

2023 2948 2210 2987 eorum
2244 2933 2335 3002 qui
2363 2933 2648 3002 mySticam
2687 2939 2850 3000 atque
2879 2931 3080 2985 amoris
3118 2927 3442 3001 theologiam
3473 2947 3597 3000 pro-

339 3027 695 3081 Sollicitatum
735 3025 910 3079 Patris
938 3025 1029 3077 ille
1089 3025 1284 3089 honor,
1317 3040 1516 3078 annum
1552 3041 1713 3079 unmn
1752 3039 1916 3094 atque
1943 3045 1988 3106 ρ
2026 3027 2245 3096 pcnsius
2293 3025 2584 3087 tradidere,
2645 3025 2729 3078 cui
2784 3039 2890 3076 non
2929 3022 3163 3090 proclive
3225 3025 3298 3077 sit
3349 3027 3596 3078 eamdem

343 3119 598 3180 alterum,
649 3117 956 3182 patriarcha
995 3132 1058 3169 ac
1079 3117 1352 3184 episcopis
1386 3131 1528 3186 ξρετε
1564 3119 1914 3174 assentienti-

343 3213 464 3276 bus,
497 3219 559 3263 ut
588 3211 933 3271 damnarent,
954 3209 1098 3278 quod
1122 3208 1230 3274 jam
1257 3217 1381 3264 ante
1407 3210 1506 3276 ipsi
1527 3211 1914 3279 approbarant.

344 3301 554 3368 Raptus
611 3299 826 3352 tandem
880 3298 931 3350 in
984 3297 1269 3350 concilium
1303 3300 1606 3352 eonomine
1661 3299 1916 3368 Sytneon,

317 3393 572 3460 ipsaque
617 3389 794 3444 Patris
842 3391 1016 3458 imago
1045 3391 1185 3442 divis
1216 3390 1516 3446 honoribus
1549 3404 1865 3445 consecrata
1896 3409 1911 3446 :

341 3485 547 3554 ejusiu
575 3501 642 3537 eo
677 3483 932 3535 ventilata
978 3497 1138 3535 causa
1174 3493 1272 3546 ;et
1328 3483 1480 3552 longa
1519 3485 1800 3552 Symeonis
1829 3502 1919 3536 εει-

345 3577 611 3638 tisl'actio,
637 3588 734 3642 pro
765 3588 824 3626 se
845 3574 1193 3640 acimagine:
1224 3574 1376 3642 juxta
1408 3589 1474 3627 ex
1500 3573 1586 3625 illa
1607 3574 1772 3626 oblini
1816 3588 1920 3626 vox

356 3670 414 3722 Ὀ
454 3666 718 3731 ἈΓΙυΣ;
757 3665 970 3719 abolita:
1011 3675 1066 3720 et
1099 3679 1288 3719 Omnes
1338 3665 1456 3718 alia
1475 3664 1612 3732 ejus,
1661 3666 1711 3718 in
1746 3664 1920 3717 sancti

348 3759 664 3822 Mamantis,
698 3757 980 3824 imagines.
1013 3755 1196 3809 Altera
1241 3766 1425 3808 coacta
1459 3756 1665 3826 synodo
1694 3772 1709 3819 ;
1739 3755 1923 3823 jussus

351 3852 588 3922 Symcon
619 3861 711 3904 aut
743 3867 771 3902 a
802 3849 978 3904 I‘atris
1016 3849 1120 3902 illis
1153 3848 1403 3902 laudibus
1428 3862 1668 3910 cessare.
1692 3859 1784 3909 aut
1815 3861 1925 3902 (τω-

350 3945 512 3999 nobio
546 3960 560 4004 ;
591 3943 836 4009 urbeque
881 3942 1167 3995 excedere.
1218 3937 1428 3993 Nolenti
1459 3939 1675 4000 cedere.
1709 3940 1922 3992 decreta

351 4036 614 4108 synodico
641 4035 819 4088 exsilii
847 4049 1026 4100 paena.
1055 4035 1376 4102 Deportatus
1412 4031 1480 4085 ad
1523 4031 1922 4102 Chrysopolim.

354 4129 403 4180 in
429 4127 746 4196 Oppidulum
778 4125 922 4193 quod
944 4123 1336 4176 Palusiatarum
1369 4130 1582 4175 voeant.
1623 4121 1826 4174 Nactus
1855 4120 1924 4171 ibi

351 4220 651 4274 oratorium
685 4216 1074 4286 pettedirttluut
1100 4224 1261 4281 atque
1281 4215 1575 4276 desertum,
1627 4214 1676 4264 in
1709 4228 1776 4266 eo
1803 4227 1924 4266 cum

355 4309 621 4377 discipulo
655 4307 923 4360 considet.
945 4306 989 4356 A
1015 4304 1406 4373 Christ0phoro
1433 4304 1692 4356 senatorii
1718 4304 1927 4356 ordinis

2031 3133 2195 3188 prope
2225 3133 2288 3172 ac
2319 3117 2570 3187 Symeoni
2616 3117 2816 3169 inferre
2842 3115 3190 3170 calumniam.
3221 3115 3311 3170 Sic
3336 3125 3391 3169 et
3411 3113 3598 3171 Thau-

2030 3212 2140 3266 lero
2171 3220 2355 3265 nostro
2385 3210 2484 3263 visi
2523 3209 2688 3278 aliqui
2753 3209 3059 3270 detrahere.
3097 3223 3256 3275 quem
3288 3207 3598 3262 Ludovicus

2031 3304 2238 3356 Blosius
2270 3303 2350 3355 vir
2379 3301 2626 3355 eruditus
2648 3316 2711 3354 ac
2737 3301 2880 3369 pius,
2908 3301 3008 3354 rite
3028 3300 3288 3355 vindicat.
3316 3299 3598 3363 Visioilla,

2028 3399 2238 3466 aliaque
2262 3396 2379 3462 ejus
2409 3398 2641 3464 generis.
2672 3407 2864 3464 gustus
2895 3396 3113 3464 quidam
3151 3404 3238 3448 est
3269 3402 3599 3462 exspectatas

2030 3490 2329 3548 fclicitatis.
2356 3489 2624 3556 altiorque
2655 3487 2955 3555 praesentiae
2990 3488 3130 3541 Deus
3179 3487 3410 3555 ejusque
3436 3487 3600 3539 unio-

2033 3580 2117 3632 uis
2143 3580 2194 3630 in
2219 3577 2494 3646 perfectis,
2511 3562 2728 3641 sensus,
2745 3591 2906 3644 quam
2927 3578 3162 3646 Symeou
3192 3576 3246 3630 in
3267 3577 3348 3630 eis
3373 3591 3594 3646 negare.

2033 3668 2302 3730 lia-reseos
2351 3673 2544 3727 notat;
2606 3679 2704 3718 nec
2758 3665 2896 3718 forte
2957 3666 3103 3718 aliud
3142 3667 3192 3718 in
3238 3681 3325 3729 eo,
3373 3667 3602 3736 ejusque

2033 3760 2195 3814 Patre
2241 3756 2493 3823 spitilali.
2559 3753 2827 3826 Symeone
2893 3757 3222 3819 Venerabili.
3293 3757 3603 3827 Stephanus

2037 3847 2477 3914 reprehendebat.
2519 3845 2674 3900 Libet
2716 3861 2782 3900 ex
2813 3847 2931 3913 ejus
2957 3846 3107 3900 Orat.
3135 3864 3148 3900 :
3180 3847 3314 3916 Περὶ
3349 3848 3607 3922 γνώσει,ρῖ

2035 3939 2318 4008 ἀληθινῆς.
2356 3939 2512 4018 cujus
2540 3937 2658 3991 init.
2683 3938 2794 3990 Καὶ
2820 3937 2914 3989 νῦν
2939 3938 3205 4010 εὐκαίρως
3238 3937 3402 3993 καλὸν
3431 3941 3606 3993 εἰπεῖν

2039 4035 2151 4086 lucc
2177 4034 2508 4087 exscribere.
2542 4032 2616 4083 Th
2654 4033 2996 4102 μορφοῦσθαι
3024 4035 3081 4084 ὲν
3135 4035 3268 4104 ἡμῖν
3297 4033 3388 4088 τὸν
3436 4035 3608 4096 ὅντως

2037 4125 2164 4176 ὄντα
2196 4123 2418 4184 Gabini
2454 4125 2625 4186 ἐστιν,
2649 4125 2698 4176 εἰ
2727 4125 2802 4193 μὴ
2843 4125 2904 4176 τὸ
2936 4126 3086 4195 ἡμᾶς
3129 4125 3327 4190 αὐτοὺς
3385 4125 3610 4192 πάντωζ

2042 4217 2355 4285 μεταποιεῖν
2409 4231 2468 4267 τε
2525 4215 2620 4267 καὶ
2662 4216 3030 4270 ἀναπλάττειν
3073 4220 3169 4270 καὶ
3217 4221 3299 4279 ei;
3351 4219 3451 4290 τὴν
3499 4221 3608 4289 ἴῆς

2044 4309 2298 4376 Θεότητος
2326 4308 2511 4361 εἰκόνα.
2548 4309 2984 4379 μεταμορφοῦνς
3045 4306 3158 4363 οἷον
3203 4311 3455 4381 ἔγνωμεν
3495 4313 3608 4382 ἄρα

358 4404 492 4464 viro,
525 4400 682 4467 cujus
707 4400 1217 4467 possessiooiscrat,
1244 4400 1418 4465 ipsum
1455 4398 1597 4450 dono
1631 4397 1920 4458 obtinet,ea

2041 4401 2298 4467 γεγονότα
2327 4399 2422 4452 καὶ
2452 4401 2548 4466 τὸν,
2572 4399 2728 4466 ἆγιον
2765 4401 3060 4471 Συμεώνην
3093 4402 3185 4454 τὸν
3229 4403 3474 4472 Εὐλαὸἣε
3515 4405 3609 4457 τὸν

357 4496 693 4556 cooditione,
729 4503 785 4546 ut
809 4494 852 4545 si
887 4494 1024 4546 Dens
1059 4492 1239 4544 mitius
1279 4492 1376 4559 ἱῃςὶ
1404 4490 1635 4552 dederit,
1667 4501 1935 4542 monaste-

364 4589 493 4639 rium
523 4589 574 4639 in
601 4567 673 4639 eo.
698 4597 962 4638 exsu'uat.
993 4585 1093 4637 Per
1125 4600 1267 4642 cum.
1293 4583 1534 4650 aliosque
1551 4582 1665 4647 ejus
1693 4581 1933 4648 discipua

366 4678 440 4728 los
472 4680 520 4731 dt
543 4679 669 4730 lata:
696 4677 930 4742 querelae
957 4676 1021 4727 ad
1064 4675 1452 4740 patriarcham.
1490 4673 1796 4724 “emeatus
1822 4672 1938 4738 ipse

365 4770 416 4824 in
440 4772 626 4822 urbem
652 4786 666 4832 ;
696 4779 895 4821 tentata
931 4781 1119 4819 rursus
1145 4766 1469 4828 constantia,
1488 4765 1652 4816 oblati
1681 4767 1932 4827 honores,

366 4861 753 4931 tnctropolitica
810 4859 991 4923 sedes,
1027 4859 1192 4910 nobili
1254 4858 1434 4926 aliqua
1483 4857 1720 4916 civitate,
1776 4857 1935 4907 modo

365 4957 626 5022 tantisper
659 4951 1064 5005 contentionem
1093 4948 1660 5015 retnittcret..Cunctis‘
1689 4949 1934 5006 immoto.

368 5045 502 5100 facta
536 5045 751 5098 licentia
785 5041 994 5105 colendi
1051 5041 1264 5094 Patrem
1319 5048 1375 5093 ut
1414 5039 1628 5092 libuerit
1677 5055 1738 5092 ac
1773 5042 1852 5092 vel
1884 5041 1934 5092 in

368 5141 518 5201 urbe,
549 5139 844 5206 prioreque
876 5133 1125 5186 emnobio
1148 5132 1395 5198 degendi,
1423 5131 1504 5184 vel
1536 5132 1586 5183 in
1625 5146 1760 5183 nova
1802 5133 1934 5184 soli-

370 5229 566 5281 tudine.
604 5226 824 5279 Dell'Clﬂ
853 5222 1086 5276 solitudo
1120 5238 1134 5284 ;
1167 5222 1218 5274 in
1242 5236 1307 5274 ea
1336 5228 1557 5273 coactus
1587 5234 1757 5272 novus
1785 5234 1936 5286 grex,

366 5329 700 5376 exstructum
735 5318 967 5384 egregiis
997 5315 1203 5369 milibus
1227 5313 1402 5366 nobile
1430 5312 1766 5373 coenobium,
1801 5327 1938 5364 cun-

367 5415 466 5466 ctis
497 5416 562 5468 ad
599 5417 730 5465 vitae
762 5409 1012 5464 ascetica:
1059 5406 1384 5460 necessariis
1408 5409 1542 5459 satis
1564 5407 1885 5458 instructum
1921 5420 1936 5466 ;

366 5519 561 5560 sanctae
584 5505 817 5559 Mat-inte
845 5509 1054 5553 vocant.
1081 5499 1136 5551 In
1162 5513 1226 5552 eo
1269 5507 1424 5549 aucta
1459 5495 1744 5568 bymeonis
1764 5496 1940 5550 Vene-

362 5597 542 5652 rabilis
574 5591 778 5660 religio
809 5597 864 5644 ct
897 5588 1090 5653 cultus,
1118 5586 1514 5642 confluentem;
1546 5590 1656 5655 ipsa
1680 5589 1811 5639 urbe
1829 5587 1941 5639 Au-

363 5697 540 5758 gusta,
593 5691 828 5749 totaque
855 5677 1076 5742 vicinia,
1135 5679 1416 5730 innumera
1444 5677 1721 5730 hominum
1759 5677 1943 5729 inulti-

2036 4495 2094 4544 ἐν
2125 4495 2188 4561 τῇ
2243 4496 2377 4564 μονῇ
2426 4493 2522 4546 τοῦ
2587 4495 2842 4548 Στουδίου
2905 4498 3276 4566 ἀσκήσανταο
3335 4503 3402 4569 τῇ
3439 4501 3608 4570 πείρᾳ

2037 4585 2174 4653 αὐτῇ
2225 4585 2290 4638 τὰ
2354 4586 2482 4656 περὶ
2535 4585 2700 4638 αὐτοῦ
2744 4585 3155 4656 βεϐαιωθέντες.
3196 4590 3274 4659 Τῇ
3323 4591 3430 4662 γὰρ
3478 4593 3611 4644 ἁπο-

2037 4676 2265 4742 καλύψει
2289 4677 2384 4728 τοῦ
2438 4679 2496 4726 ἐν
2544 4677 2692 4745 αὐτῷ
2763 4679 3099 4746 Πνεύματος,
3163 4680 3262 4749 τὴν
3301 4683 3382 4743 εὶς
3447 4682 3611 4754 auehe

2038 4769 2222 4820 πίστιν
2305 4768 2853 4836 ὲπισφραγίσαντες,
2930 4771 3337 4841 ἁναντιρρήτως
3403 4775 3611 4843 ταύτην

2037 4860 2397 4927 φυλάττομεν.
2468 4861 2686 4912 Μᾶλλον
2750 4861 2842 4925 δὲ,
2911 4863 2974 4913 ἐκ
3027 4863 3121 4914 τοῦ
3173 4865 3337 4916 αὑτοῦ
3392 4868 3610 4933 φωτὸς,

2037 4952 2111 5012 ὡς
2163 4953 2225 5003 ὲκ
2253 4950 2537 5020 λαμπάδος
2584 4951 2762 5016 τινος,
2825 4953 2913 5004 τὸν
2970 4954 3067 5020 τῆς
3101 4953 3280 5024 ψυχῆς
3331 4955 3490 5025 ἡμῶν
3523 4958 3615 5010 λύ-

2038 5059 2165 5111 χνον
2201 5043 2560 5112 μεταδοτικῶς
2583 5044 2908 5112 ἀνάψαντες,
2937 5045 3198 5098 ἆσῦεστον
3221 5047 3611 5120 διατηροῦμεν.

2037 5135 2159 5194 ταῖς
2211 5131 2420 5185 ἐκείνου
2479 5133 2665 5202 εὐχαῖς
2695 5134 2788 5186 καὶ
2815 5136 3136 5204 πρεσῆεἱαις
3192 5140 3614 5210 φρουρούμενοι.

2057 5221 2196 5286 Quid
2227 5232 2301 5275 est
2340 5223 2562 5290 formari
2585 5226 2637 5276 in
2663 5227 2831 5291 nobis,
2854 5243 2994 5287 eum,
3023 5230 3112 5295 qui
3131 5242 3204 5282 est
3245 5247 3380 5294 rere,
3415 5231 3573 5282 Deam
3592 5249 3614 5294 ;

2042 5315 2145 5366 nisi
2177 5331 2268 5366 nos
2293 5317 2435 5383 ipsos
2467 5318 2678 5370 omnino
2731 5327 3116 5386 trans-nutare,“
3149 5332 3196 5374 ct
3228 5324 3280 5374 in
3324 5323 3613 5390 imaginem

2040 5406 2333 5458 diuinitatis
2363 5422 2472 5460 suo:
2521 5411 2947 5478 transformare?
2983 5411 3202 5476 Qualem
3241 5413 3414 5480 utique
3442 5413 3610 5465 etiam

2042 5500 2266 5552 evasisse
2313 5500 2551 5552 norimus
2605 5513 2842 5554 sanctum
2897 5501 3187 5555 Simeonem
3227 5500 3611 5563 Venerabilem.
3652 5532 3667 5547 ο

2042 5594 2132 5658 qui
2154 5593 2210 5642 in
2240 5593 2557 5642 monasterio
2595 5590 2772 5646 Studii
2794 5595 3026 5646 exercuit
3054 5610 3072 5655 ,-
3103 5595 3212 5657 ipso
3253 5595 3504 5658 periculo,
3537 5599 3614 5647 rri

2043 5681 2156 5748 ejus
2189 5687 2326 5732 certo
2354 5680 2594 5732 natiiiam
2618 5684 2808 5749 adepti.
2847 5681 3026 5732 Divim’
3051 5682 3184 5731 enim
3219 5682 3272 5736 in
3292 5699 3350 5735 eo
3382 5684 3616 5741 Spiritus
