4114 6306
406 217 526 285 2τ9

1693 241 2090 307 MANUELIS
2128 246 2435 312 CALECE

3590 257 3764 322 280

416 341 927 436 tionAem‘invebere.
961 343 1115 401 Haud
1167 346 1383 417 quidem
1430 348 1806 421 inﬁciandum,
1856 356 1991 411 viris
2021 364 2065 420 Α
2094 374 2199 428 que
2219 328 2374 416 'forte
2409 362 2547 417 alter
2575 360 2733 417 alteri
2753 361 2990 434 Symcon
3015 373 3067 419 et
3097 365 3384 436 Syucellus
3409 381 3765 436 opposue-

412 431 681 507 perl'ectis,
706 448 770 488 ex
801 436 1107 491 divinorum
1138 436 1191 493 in
1227 440 1307 495 eis
1356 456 1518 511 sensu
1569 459 1632 501 ac
1671 457 1864 517 gustu,
1903 448 1989 502 iu-

414 518 631 603 gentem
681 527 981 595 quamdam
1021 530 1151 586 oriri
1186 535 1619 611 persuasionem,
1665 542 1807 607 quod
1853 540 1987 609 justi

413 615 543 691 sint,
580 630 645 689 ac
677 618 801 671 vere
833 618 941 673 sint
976 622 1229 693 templum
1267 623 1397 692 Dei,
1448 626 1671 699 ejusque
1700 644 1822 685 esse
1854 646 1989 698 quos

416 708 694 770 patiuntur
725 709 934 764 divinos
968 712 1190 769 ardores
1226 730 1289 770 ac
1320 718 1710 776 illustratioues
1735 739 1749 776 :
1777 722 1991 778 seclusa

415 805 592 865 tamen
624 797 970 863 rewlatione,
997 796 1156 870 quam
1186 814 1247 867 et
1273 806 1362 862 Dei
1393 824 1517 864 esse
1548 821 1699 866 certo
1726 815 1851 881 quis
1886 829 1987 869 no-

412 884 569 950 verit,
601 900 760 941 nemo
789 903 849 961 se
866 888 1073 958 justum
1105 894 1182 948 sic
1205 896 1430 951 omnino
1447 898 1766 953 existimare
1790 910 1985 969 potest,

410 984 469 1029 ut
504 991 609 1030 non
640 978 709 1032 sit
747 978 981 1036 formido
1010 984 1191 1052 aliqua
1216 989 1472 1055 oppositi,
1502 997 1560 1045 ut
1590 1007 1810 1047 necesse
1843 994 1913 1047 sit
1936 1004 1989 1048 et

408 1067 481 1120 illi
511 1069 691 1125 dicere
720 1087 843 1126 cum
877 1075 1139 1144 Apostolo
1167 1093 1182 1131 :
1216 1078 1371 1133 Nihil
1400 1083 1528 1136 mihi
1558 1085 1799 1140 conscius
1830 1102 1948 1140 sum
1970 1126 1986 1152 ,

406 1158 501 1242 sed
526 1175 630 1213 non
655 1162 709 1215 in
740 1163 837 1216 hoc
864 1164 1197 1235 justiﬁcatus
1228 1186 1371 1225 sum.
1398 1172 1454 1223 ln
1478 1180 1599 1227 actu
1626 1183 1803 1229 tamen
1832 1189 1991 1231 exer-

406 1251 537 1316 cito,
577 1261 635 1304 ut
671 1254 985 1320 loquuntur.
1022 1259 1101 1312 sic
1150 1260 1460 1318 alﬁciuntur
1484 1304 1499 1328 ,
1532 1273 1591 1318 ut
1619 1281 1783 1321 unum
1818 1266 1999 1325 Deum.

405 1346 672 1412 cogitent,
705 1361 805 1402 nee
858 1349 927 1403 ab
958 1364 1022 1405 eo
1067 1352 1292 1429 ejusque
1323 1370 1507 1410 amore
1537 1370 1596 1411 se
1637 1374 1874 1424 unquam
1906 1360 1988 1415 di-

404 1435 529 1488 velli
553 1450 708 1504 posse
730 1448 937 1505 putent.
968 1439 1138 1507 Quem
1174 1442 1424 1499 aﬂ'ectum
1459 1448 1725 1517 expressit
1755 1448 1982 1514 Paulus,

406 1538 527 1579 cum
562 1527 669 1581 ait:
694 1527 824 1592 Quis
850 1547 942 1586 nos
974 1536 1239 1600 separabit
1266 1554 1297 1590 a
1339 1536 1598 1594 cltaritate
1622 1539 1716 1594 Dei
1740 1540 1762 1593 7
1786 1540 1989 1610 Sicque

405 1629 538 1701 sane
583 1617 927 1689 intelligenda
974 1623 1063 1677 illa
1105 1623 1386 1695 Symeonis
1412 1667 1429 1693 ,
1466 1645 1587 1698 quze
1615 1631 1737 1701 plus
1777 1634 1981 1702 aliquid

2100 452 2233 505 rint.
2272 453 2426 518 Quod
2462 452 2625 508 refert
2665 454 2902 523 Symcon
2938 454 3197 509 Eustratii
3243 458 3519 525 martyris,
3577 459 3655 512 vi
3672 475 3749 513 r-

2095 554 2210 598 tute
2236 544 2550 608 clarissimi,
2584 546 2916 615 exemplum,
2950 538 3080 601 rem.
3103 564 3213 602 non
3249 547 3503 612 conficit;
3535 552 3753 617 quod

2092 635 2303 690 scilicet
2332 636 2523 691 dixerit
2554 653 2567 689 :
2596 636 2709 689 Νῦν
2764 637 2934 706 ἔγνων
2965 639 3047 691 ὅτι
3102 639 3228 702 ναὸς
3250 639 3391 692 Θεοῦ
3424 640 3564 708 εἰμι,
3598 642 3751 695 καὶ

2090 722 2151 776 τὸ
2181 725 2403 793 Πνεῦμα
2428 727 2596 780 αὐτοῦ
2626 728 2767 781 οἰκεῖ
2786 730 2849 780 ὲν
2876 729 3019 798 ἐμοί.
3049 747 3067 780 t
3090 728 3392 798 Ἀπόστητε
3413 731 3506 783 ἀπ’
3538 731 3743 799 ἐμοῦ

2091 815 2295 879 πάντες
2308 818 2357 870 οἱ
2369 818 2602 886 ἐργάται
2618 819 2715 887 τῆς
2727 819 2980 887 ἀνομίας.
3012 839 3029 871 ›
3053 820 3194 889 Πρὸς
3209 820 3265 874 δὲ
3280 824 3370 873 τὸν
3386 822 3576 886 δικὰζο
3586 840 3742 875 ἰτα

2091 904 2380 975 τύραννον,
2428 907 2492 960 Et
2542 925 2625 961 σοι
2682 907 2751 961 τὰ
2789 908 3124 979 αἰσθητήρια
3179 910 3291 962 τῶν
3345 912 3563 979 φρενῶν
3622 913 3740 982 μὴ

2093 993 2381 1063 ἠλλοίωτο,
2414 998 2513 1050 καὶ
2559 998 2638 1067 τῷ
2686 999 2794 1051 τῶν
2846 999 3037 1051 παθῶν
3072 1000 3357 1069 φυράματι
3394 1002 3470 1070 μὴ
3512 1020 3738 1054 κατε-

2096 1084 2374 1140 σκεύαστο
2432 1087 2569 1157 πρὸς
2615 1088 2678 1141 τὸ
2735 1089 2935 1156 γεῶδες
2990 1091 3202 1161 ήψυχή
3236 1107 3356 1154 σου,
3390 1092 3572 1155 ἔδειξα
3636 1096 3741 1147 ἄν

2091 1191 2175 1228 σοι
2201 1176 2293 1229 τὸν
2336 1175 2786 1246 Ἐσταυρωμὲνον
2845 1179 3057 1244 τοῦτον,
3090 1181 3322 1250 Σωτῆρα
3351 1184 3446 1233 καὶ
3471 1183 3736 1251 λυτρω-

2088 1267 2187 1338 τὴν
2206 1269 2307 1323 καὶ
2337 1270 2637 1339 εὐεργέτην
2669 1273 3035 1339 τυγχάνοντα.
3088 1272 3247 1325 Nunc
3271 1275 3506 1341 cognovi.
3538 1276 3725 1341 quod

2094 1358 2341 1431 templum
2389 1357 2484 1415 Dei
2523 1376 2661 1423 sum,
2712 1373 2758 1414 et
2804 1360 3033 1426 Spiritus
3076 1364 3191 1430 ejtts
3240 1363 3440 1415 nubth
3488 1365 3539 1414 in
3584 1381 3725 1417 me.

2094 1468 2112 1501 t
2158 1449 2423 1505 Discedite
2456 1469 2485 1504 a
2520 1468 2621 1515 me,
2658 1468 2839 1506 omnes
2862 1456 3093 1521 operarii
3126 1456 3450 1522 iniquitatis.
3484 1474 3503 1505 ι
3532 1454 3593 1505 Et
3625 1456 3727 1508 ad

2092 1539 2397 1610 Tyrannum
2425 1541 2713 1612 judicent:
2748 1542 2871 1603 Nisi
2900 1546 2994 1597 tibi
3027 1562 3209 1599 sensus
3242 1547 3425 1598 mentis
3448 1546 3707 1598 erarirui

2090 1643 2283 1695 essent,
2330 1634 2641 1703 animusque
2674 1635 2927 1698 vitiorum
2960 1635 3182 1690 colluvie
3209 1647 3256 1689 et
3292 1639 3581 1705 aﬁ'cctnttm
3624 1640 3703 1691 in

406 1709 682 1785 ettlpltasis
714 1711 912 1766 habere
959 1715 1234 1771 videntur.
1272 1716 1426 1774 Facit
1455 1730 1508 1774 et
1557 1722 1686 1777 illttd
1738 1724 1985 1793 ejusdem
2020 1697 2063 1752 Β
2095 1735 2355 1780 terrenum
2384 1726 2617 1779 habitum
2656 1728 2955 1790 transisset,
2988 1731 3326 1782 ostemlissem
3362 1730 3544 1795 utique
3574 1731 3697 1781 tibi

405 1799 647 1875 Apostoli
675 1818 688 1855 :
719 1800 821 1856 Vos
846 1804 984 1873 ipsos
1006 1808 1243 1875 probate,
1268 1811 1313 1863 si
1337 1813 1464 1866 estis
1490 1813 1543 1867 in
1579 1814 1703 1885 ﬁde,
1750 1817 1807 1870 in
1854 1817 1992 1871 dite-

406 1891 594 1975 etioue.
623 1893 701 1967 Atl
731 1908 849 1948 eam
875 1898 1245 1966 probationem
1282 1884 1547 1970 spectant,
1571 1921 1692 1975 qua:
1723 1922 1890 1962 serm.
1926 1907 1993 1966 de

407 1981 621 2039 Judicio
668 1985 747 2042 sic
790 1987 948 2045 habet
982 2006 995 2043 :
1052 2010 1082 2043 .t
1119 1992 1389 2057 Ἕκαστος
1426 1996 1584 2066 ἡμῶν
1630 1998 1822 2051 ἑαυτὸν
1861 1998 1990 2052 θεα-

409 2076 617 2138 σάσθω.
650 2079 698 2131 εί
728 2078 821 2131 τὸν
865 2080 996 2134 Θεδν
1024 2084 1201 2151 Λόγον
1232 2087 1455 2142 ἐλθόντα
1497 2088 1710 2153 ἐλαϐεν,
1742 2091 1775 2154 ἢ
1801 2091 1990 2144 τέκνον

407 2166 543 2227 Θεοῦ
584 2170 881 2236 ὲγένετο,εί
922 2174 1021 2225 οὐκ
1066 2174 1127 2237 ἐξ
1153 2176 1385 2244 αἵματος
1435 2178 1529 2231 καὶ
1566 2179 1770 2247 σαρκὸς
1803 2180 1988 2249 μόνον,

406 2257 543 2309 ἀλλὰ
563 2260 657 2310 καλ⁵
688 2261 751 2312 ἐκ
775 2260 913 2327 Θεοῦ
941 2264 1254 2339 γεγένηται,
1279 2266 1328 2317 εἰ
1360 2265 1502 2332 ἔγνω
1528 2267 1621 2319 τὸν
1639 2269 1991 2338 σαρκωθέντα

407 2350 580 2416 Λόγον
617 2352 979 2429 σκηνὼσαντα
1009 2356 1067 2407 ὲν
1100 2356 1272 2427 αὐτῷ,
1296 2358 1391 2412 καὶ
1416 2359 1466 2411 εί
1485 2358 1750 2413 ἐθεάσατο
1782 2360 1881 2432 τὴν
1904 2362 1990 2414 δό-

410 2443 510 2511 ξαν
541 2444 728 2519 αὐτοῦ,
753 2444 907 2510 δόξαν
930 2445 1004 2510 ὡς
1036 2448 1379 2515 Μονογενοῦς
1415 2451 1567 2522 παρᾶ
1592 2453 1826 2523 Πατρός.
1863 2451 1993 2507 Ἰδοὺ

408 2523 601 2601 γέγονε
632 2535 980 2605 Χριστιανὸς,
1011 2539 1106 2590 καὶ
1132 2539 1571 2611 ἀναγεννηθέντα
1615 2542 1808 2597 ἑαυτὸν
1844 2542 1993 2598 ὲθεά-

410 2642 565 2693 σιτο,
588 2627 789 2681 καὶτὸν
808 2630 1146 2699 γεννήσαντα
1162 2631 1323 2686 αὑτὸν
1344 2634 1566 2705 Πατέρα
1591 2634 1906 2703 ἐγνώρισεν,
1931 2635 1991 2688 οὐ

409 2720 555 2789 λόγῳ
588 2723 774 2790 μόνον,
805 2723 924 2777 ἀλλ’
969 2724 1118 2799 ἔργῳ
1148 2726 1367 2798 χάριτος
1406 2729 1500 2782 καὶ
1546 2728 1823 2798 ἀληθείας.
1871 2728 1995 2798 Ἐμ-

412 2812 688 2889 μένωμενί
706 2815 945 2885 ἀδελφοὶ,
964 2818 1021 2870 ὲν
1039 2818 1211 2887 τούτῳ
1227 2819 1306 2890 τῷ
1325 2820 1574 2890 ἐσόπτρῳ
1593 2819 1688 2889 τῆς
1712 2819 1993 2891 ἀληθείας,

409 2907 504 2957 καὶ
530 2906 858 2981 ἀποστῶμεν
885 2911 981 2977 τῆς
1016 2909 1287 2979 βλαϐερᾶς
1314 2910 1411 2963 καὶ
1440 2909 1801 2979 αἱρεσιώδους
1845 2912 1993 2965 διδα-

2092 1818 2229 1872 Ιιιιηε
2265 1818 2600 1886 cruci/iram,
2630 1820 2720 1890 qui
2741 1818 2989 1873 Salvator
3014 1830 3061 1872 et
3089 1823 3381 1883 redemptor
3402 1822 3465 1873 a'c
3485 1822 3699 1888 bene/i—

2095 1927 2185 1966 cus
2215 1912 2301 1966 sit.
2326 1909 2441 1966 Non
2465 1912 2609 1971 enim
2632 1913 2898 1980 sequitur,
2928 1914 3071 1980 quod
3098 1911 3171 1965 ita
3206 1913 3440 1981 Symeun
3464 1913 3629 1963 ἰιιτιιιοι
3663 1931 3682 1964 :

2094 1997 2248 2065 Εἶδες
2286 2003 2403 2065 πῶς
2437 2004 2469 2073 ἡ
2523 2002 2707 2063 πίστις
2742 2005 2849 2056 τῶν
2886 2004 3066 2073 ἔργων
3094 2005 3239 2073 νδίχα
3288 2008 3460 2072 νεκρά
3515 2007 3631 2057 ἐστι
3664 2022 3685 2069 ς

2096 2092 2212 2160 Πρὸ
2275 2093 2386 2160 γὰρ
2425 2091 2522 2144 τοῦ
2565 2091 2831 2144 εἰσελθεῖν
2890 2094 2970 2152 είς
3026 2092 3155 2153 τοὺς
3213 2091 3308 2143 τοῦ
3368 2093 3689 2159 μαρτυρίου

2095 2182 2314 2249 ἀγῶνας
2358 2184 2450 2235 τὸν
2499 2182 2677 2250 ἅγιον,
2711 2182 2904 2251 ἐπειδὴ
2938 2182 3037 2251 τὴν
3089 2182 3278 2234 πίστιν
3313 2180 3484 2248 μόνην
3510 2177 3690 2249 εἶχεν,

2096 2276 2197 2328 οὐκ
2227 2270 2342 2343 εἶχε
2391 2265 2454 2327 τὸ
2507 2274 2732 2342 Πνεῦμα
2772 2273 2834 2326 τὸ
2886 2274 3040 2340 ἅγιον
3085 2274 3142 2324 ἐν
3179 2273 3351 2342 αὐτῷ·
3381 2272 3469 2323 ὅτε
3514 2273 3569 2323 δὲ
3617 2276 3695 2323 ἐκ

2095 2367 2205 2420 τῶν
2234 2365 2417 2437 ἔργων
2446 2364 2552 2436 τὴν
2588 2366 2777 2419 πίστιν
2809 2364 3001 2430 ἔδειξε,
3034 2364 3155 2417 τότε
3191 2366 3283 2416 καὶ
3316 2365 3444 2416 ναὸν
3492 2365 3692 2417 iam?”

2098 2457 2236 2513 Θεοῦ
2260 2458 2499 2528 ἐπέγνω,
2534 2459 2631 2513 καὶ
2657 2457 2720 2510 τὸ
2753 2456 2984 2526 Πνεῦμα
3018 2456 3187 2509 αὑτοῦ
3212 2456 3271 2508 τὸ
3310 2456 3470 2521 aqu.»
3500 2453 3688 2506 οἱκοῦ)

2096 2551 2155 2607 ὲν
2203 2549 2385 2618 ἐαυτῷ
2422 2549 2742 2618 γνωπικῶς
2770 2551 2884 2611 τοῖς
2933 2551 3138 2619 νοεροϊς
3173 2547 3473 2617 ὀφθαλμοῖς
3519 2548 3678 2597 £0532-

2098 2660 2247 2699 σατο.
2283 2640 2425 2701 Vides
2448 2642 2704 2710 quomodo
2732 2640 2861 2706 fides
2893 2641 3006 2694 sine
3043 2638 3283 2708 operibus
3323 2648 3527 2691 mortua
3551 2648 3622 2689 est
3657 2637 3688 2689 Ρ

2094 2734 2413 2805 Priusquam
2438 2733 2577 2787 enim
2606 2741 2822 2787 sanctus
2856 2732 3099 2799 martyrii
3127 2731 3424 2783 certamina
3453 2729 3671 2785 subiret,

2096 2827 2237 2896 quod
2254 2825 2423 2880 solam
2451 2824 2606 2893 ﬁdem
2637 2824 2870 2899 (iuberet,
2897 2838 3000 2875 non
3023 2822 3245 2875 habebat
3270 2820 3323 2872 in
3347 2837 3401 2874 se
3429 2820 3683 2888 Spiritum

2097 2928 2360 2972 sanctum.
2392 2916 2497 2970 Ubi
2518 2926 2695 2969 autem
2723 2930 2788 2967 ex
2819 2914 3061 2981 operibus
3089 2912 3246 2981 ﬁdem
3277 2912 3528 2969 ostendit.
3564 2922 3686 2962 tunc

412 2996 640 3060 σκαλίας
697 3001 789 3050 καὶ
845 2999 1105 3061 ἀπονοίας
1132 2999 1260 3080 ,τῶν
1316 2986 1581 3067 λεγόντων
1649 3002 1724 3071 μὴ
1780 3002 1994 3055 ἀποκα-

2100 3018 2146 3063 et
2187 3026 2240 3062 se
2276 3009 2372 3062 Dei
2416 3007 2666 3077 templum
2712 3022 2826 3060 esse
2871 3006 3119 3074 agnovit,
3157 3006 3368 3073 eiusque
3417 3003 3678 3069 Spiritum

411 3086 713 3140 λύπτεσθαι
747 3089 841 3151 νῦν
886 3090 947 3155 ὲν
991 3091 1125 3159 ημῖν
1173 3092 1284 3152 ταῖς
1320 3095 1533 3155 πιστοῖς
1573 3093 1669 3164 τὴν
1704 3094 1862 3159 δόξαν
1894 3094 1993 3163 τῆς

2096 3109 2337 3155 sanctum
2369 3100 2427 3152 in
2459 3115 2513 3153 se
2539 3098 2805 3162 habitare,
2837 3096 3102 3165 sapienter
3137 3099 3322 3148 mentis
3357 3096 3522 3147 oculis
3558 3110 3683 3146 rou-

416 3179 688 3249 Baotqrq;
740 3180 837 3234 τοῦ
900 3181 1109 3251 Κυρίου
1154 3181 1330 3251 Ἰησοῦ
1390 3182 1482 3235 διὰ
1535 3184 1634 3253 τῆς
1695 3184 1789 3237 τοῦ
1835 3184 1993 3252 ἁγίου

2100 3192 2284 3262 spexit.
2328 3189 2661 3247 Undexenim
2700 3189 2779 3241 \‘ir
2818 3189 2906 3241 ἐπ’
2939 3188 3112 3258 ἀρετῇ
3149 3186 3493 3256 περιὸόητος,
3527 3186 3685 3239 Chri-

415 3272 741 3345 ῑινεύματος
766 3272 999 3341 δωρεᾶς.
1032 3272 1096 3325 Ἦ
1124 3273 1233 3343 γὰρ
1254 3272 1434 3342 δωρεὰ
1464 3277 1523 3328 ὲν
1550 3278 1619 3346 τῇ
1651 3276 1994 3346 ἀποκαλύψει

413 3364 648 3418 δίδοταιο
709 3365 805 3423 καὶ
834 3366 869 3435 ἠ
919 3363 1265 3434 ἀποκάλυψις
1300 3364 1388 3419 διὰ
1438 3366 1538 3436 τῆς
1582 3366 1791 3437 δωρεᾶς
1840 3370 1995 3438 svsp-

412 3459 593 3526 γεῖται
620 3473 633 3487 ο
666 3456 895 3527 Quisque
919 3465 1156 3529 nostrum
1182 3458 1376 3522 uideat,
1406 3471 1531 3515 nunt
1563 3458 1732 3513 Deum
1769 3458 1995 3514 Verbum

412 3551 699 3605 uenientem
732 3551 1038 3617 susceperit,
1065 3565 1186 3623 num
1218 3549 1311 3605 Dei
1342 3548 1514 3605 Filius
1540 3553 1754 3621 eﬁ'ectus
1784 3553 1855 3607 sit
1877 3569 1897 3617 ;
1926 3568 1996 3608 an

414 3659 521 3705 non
583 3657 647 3695 ea:
698 3642 956 3710 sanguine
993 3642 1164 3701 solum
1210 3652 1258 3698 et
1314 3660 1470 3698 carne
1497 3683 1511 3708 ,
1562 3645 1653 3699 sed
1686 3656 1732 3699 et
1778 3660 1843 3698 ex
1889 3645 1998 3701 Deo

416 3744 576 3789 natus
604 3733 711 3797 sit;
751 3750 870 3787 num
919 3733 1143 3788 Verbum
1173 3737 1513 3789 incarnatum
1545 3736 1602 3797 in
1649 3753 1703 3790 se
1746 3738 1996 3791 habitans

418 3827 739 3895 cognoverit,
771 3835 816 3881 et
844 3828 1071 3897 gloriam
1110 3827 1247 3894 ejus,
1280 3827 1506 3897 gloriam
1534 3828 1699 3896 quasi
1736 3826 2000 3897 Unigeniti

420 3936 454 3976 tt
482 3919 646 3975 Patre
677 3918 906 3972 viderit?
937 3921 1071 3985 Ecce
1100 3916 1436 3987 Christianus
1459 3922 1646 3986 euasit,
1674 3935 1830 3987 seque
1857 3935 2001 3989 rege-

418 4022 661 4064 neratum
698 4010 866 4079 vidit,
915 4020 1093 4081 etquo
1142 4022 1296 4064 natus
1344 4020 1442 4075 est,
1487 4009 1703 4064 Patrem
1737 4011 1999 4079 cognovit,

316 4172 319 4173 ν
418 4119 524 4172 non
551 4102 700 4159 verbo
727 4103 918 4166 solum,
941 4102 1031 4163 sed
1058 4118 1211 4170 opere
1236 4103 1427 4171 gratia:
1448 4110 1495 4155 et
1520 4101 1779 4163 veritatis.
1812 4099 2003 4159 Perse-

418 4212 671 4264 veremus,
703 4196 918 4264 fratres,
948 4195 1003 4247 in
1045 4195 1281 4251 veritatis
1315 4193 1410 4248 hoc
1443 4192 1674 4262 speculo,
1700 4202 1748 4247 et
1776 4209 1809 4246 a
1841 4193 1999 4246 noxia

418 4305 483 4341 ac
503 4288 750 4342 heretica
771 4287 1014 4341 doctrina
1037 4286 1399 4355 sententiaque
1428 4300 1607 4341 eorum
1636 4283 2001 4347 abscedamus,

2096 3282 2272 3343 stiana
2312 3280 2521 3335 scilicet
2557 3278 2754 3333 virtute
2786 3278 3121 3347 conspicuus
3144 3316 3158 3339 ,
3188 3278 3304 3332 sola
3338 3276 3463 3337 title,
3512 3292 3681 3345 eaque

2098 3374 2235 3441 adeo
2282 3382 2493 3427 mortua
2550 3370 2851 3441 praeditus?
2902 3368 3015 3423 lmo
3071 3369 3259 3422 habuit
3316 3379 3368 3421 et
3420 3366 3687 3433 Spiritum

2098 3472 2348 3529 sanctum
2386 3471 2441 3517 et
2469 3463 2694 3525 donum,
2726 3462 2818 3515 sed
2852 3461 2995 3533 inter
3020 3459 3315 3513 certamina
3360 3459 3530 3525 magis
3573 3460 3670 3511 Im—

2098 3555 2215 3613 buit
2246 3565 2303 3610 et
2326 3553 2565 3629 agnovit,
2593 3552 2671 3606 uti
2700 3550 3060 3619 Augustinus,
3093 3550 3145 3603 in
3176 3548 3339 3604 Joan.‘
3361 3550 3426 3603 de
3453 3549 3687 3619 promis-

2099 3647 2248 3704 sione
2287 3645 2520 3716 Spiritus
2548 3644 2812 3714 apostolis
2845 3640 3011 3705 facta,
3044 3642 3289 3708 exponit.

2172 3736 2323 3801 Unus
2354 3736 2508 3791 locus
2538 3744 2644 3799 est,
2688 3750 2849 3803 quem
2883 3732 3049 3787 refert
3081 3731 3188 3787 Leo
3213 3732 3445 3785 Allttius
3475 3748 3541 3785 ex
3574 3732 3677 3800 Sy-

2103 3829 2312 3885 meonis
2365 3826 2628 3883 Sermone
2683 3827 2718 3881 '5
2766 3827 2832 3881 de
2871 3812 3128 3881 Oratione
3181 3840 3275 3880 seu
3328 3825 3683 3887 Attentionc,

2103 3935 2262 3991 quem
2304 3920 2467 3975 etiam
2510 3918 2688 3989 Nipho
2739 3918 3034 3981 Monachus
3092 3918 3356 3972 adversus
3410 3916 3685 3970 Palamatu

2104 4020 2280 4081 urget,
2310 4012 2399 4081 qui
2434 4026 2532 4065 nec
2583 4019 2935 4079 apparentem
2992 4008 3342 4074 medicinam,
3398 4021 3690 4063 sensuune

2107 4105 2275 4160 ullum
2309 4104 2682 4167 commodum,
2718 4103 2969 4159 videatur
2996 4102 3263 4172 recipere.
3295 4101 3413 4156 Non
3452 4101 3690 4155 occurrit

2106 4197 2241 4253 mihi
2273 4195 2361 4251 ille
2396 4195 2587 4251 Sermo
2619 4182 2839 4250 in‘Cod.
2877 4196 2935 4249 E.
2969 4194 3129 4251 Card.
3164 4194 3361 4251 Mazar.
3399 4208 3464 4248 ac
3493 4208 3595 4250 ncc
3634 4194 3684 4245 in

2109 4287 2219 4344 illis
2251 4304 2373 4358 quae
2401 4288 2681 4351 Pontanus
2712 4288 2879 4344 latine
2909 4287 3099 4342 edidit.
3131 4286 3291 4341 Certe
3341 4288 3386 4342 si
3445 4288 3515 4340 ita
3555 4286 3689 4340 scri-

418 4380 509 4448 qui
532 4380 734 4443 dicunt,
763 4396 865 4435 non
895 4377 1112 4432 revelari
1149 4394 1285 4432 nunc
1307 4376 1457 4459 nobis
1484 4376 1755 4444 ﬁdelibus,
1782 4375 1995 4429 Dontini
2033 4373 2075 4429 D
2102 4382 2211 4451 psit
2254 4380 2524 4451 Symeon,
2560 4396 2665 4436 non
2699 4381 2884 4434 divino
2913 4378 3117 4447 Spiritu
3142 4419 3156 4442 ,
3191 4379 3284 4433 sed
3331 4395 3452 4442 suo,
3489 4380 3689 4445 illoque

418 4472 547 4537 Iesu
582 4472 806 4525 Deitatis
841 4471 1159 4539 claritatem,
1196 4487 1288 4539 per
1325 4471 1519 4540 donum
1550 4470 1723 4526 sancti
1746 4468 2000 4536 Spiritus.

419 4566 628 4621 Donum
665 4567 805 4617 enim
853 4564 908 4619 in
945 4563 1258 4626 reuelatione
1299 4565 1493 4629 datur‘,
1540 4572 1591 4625 et
1633 4561 1877 4618 revelatio
1910 4577 2003 4621 seu

421 4656 801 4726 niauifestatio,
854 4672 945 4725 per
994 4658 1187 4725 donum
1231 4664 1539 4727 pijtestatitr.
1587 4652 1847 4709 Videntur
1892 4654 2006 4708 hate

422 4749 584 4818 paulo
610 4750 849 4817 duriora,
898 4751 999 4822 nisi
1048 4749 1423 4821 ittlclligalttur
1455 4747 1522 4802 de
1567 4759 1731 4805 sensu
1771 4747 2003 4816 quodam

420 4855 485 4895 ac
511 4852 668 4911 gustu
698 4842 753 4896 in
786 4840 1056 4913 ﬁdelibus,
1086 4840 1388 4913 praesertim
1417 4838 1754 4908 sapientibus
1788 4848 1842 4894 et
1874 4853 2004 4909 per-

422 4933 603 5003 fectis,
641 4948 777 5002 quos
808 4932 1350 5001 ϐνειξοίγνῳστικοὺς
1400 4940 1620 4996 vocant.
1671 4930 2003 5000 Quandoque

378 5018 383 5022 ’
420 5025 584 5089 etiam
642 5026 695 5078 iu
748 5024 1139 5095 incipientibus
1177 5032 1230 5077 ct
1274 5022 1664 5092 pmuiteutibus
1696 5023 1748 5077 in
1786 5023 2003 5081 fervore

422 5116 612 5180 animi,
642 5114 997 5187 quosvidere
1026 5115 1265 5174 divinum
1299 5116 1475 5171 lumen
1509 5116 1582 5177 ait
1619 5116 1876 5186 Symeon,
1907 5116 2001 5171 sed

423 5223 531 5263 'uon
572 5184 823 5287 adipisci,
850 5184 994 5281 quod
1036 5207 1325 5262 ulteriores
1352 5184 1681 5277 paenitentiae
1712 5207 1925 5262 labores
1949 5217 2004 5264 et

424 5282 728 5362 certamina
764 5282 1108 5372 detrectent.
1164 5296 1277 5356 Nec
1329 5302 1533 5369 absque
1577 5314 1764 5357 errore
1818 5298 2006 5367 negari

427 5398 624 5461 pelest.
650 5388 801 5458 Quod
835 5399 1016 5445 autem
1047 5406 1258 5459 omnes,
1297 5393 1349 5447 in
1385 5393 1582 5463 quibus
1616 5391 1789 5462 gratia
1824 5405 2007 5446 secre-

423 5482 539 5541 tius
576 5491 867 5556 operatur;
903 5498 1003 5540 nec
1030 5494 1117 5540 est
1144 5485 1237 5553 illa
1270 5485 1529 5542 revelatio
1558 5500 1652 5541 seu
1695 5482 2008 5539 manifesta-

424 5577 532 5642 tio,
562 5576 703 5645 quod
729 5575 962 5649 Sytneon
1003 5576 1217 5635 videtur
1249 5578 1493 5649 exigere,
1525 5586 1791 5632 mortuam
1842 5576 2003 5631 [idem

412 5671 687 5754 habeant,
701 5670 925 5771 mequo
950 5670 1039 5728 ille
1070 5671 1220 5746 velit,
1256 5670 1481 5749 majoris
1506 5668 1710 5725 erroris
1738 5668 1827 5723 sit.
1857 5667 2006 5731 iliac-

2108 4482 2352 4537 errante,
2380 4471 2623 4541 scripsit.
2668 4470 2759 4525 Sic
2792 4482 2975 4524 autem
3025 4471 3334 4536 scripsisse;
3366 4481 3419 4523 et
3445 4471 3499 4522 in
3530 4469 3689 4521 dist-i-

2105 4564 2260 4635 pulos
2289 4566 2555 4634 sparsisse
2571 4579 2692 4633 qua:
2715 4562 3019 4618 Messaliani
3049 4573 3104 4617 et
3128 4562 3581 4631 Outphalopsythi
3604 4563 3687 4613 iu-

2109 4667 2192 4713 ter
2231 4672 2433 4728 paucos
2462 4658 2725 4711 duntaxat
2759 4656 3034 4725 magisque
3066 4654 3250 4708 ﬁdeles
3282 4656 3639 4707 mttssilahaut
3663 4688 3679 4709 .

2106 4731 2161 4805 ct
2190 4750 2245 4803 in
2276 4749 2386 4805 illis
2421 4750 2675 4807 damnata
2711 4754 2870 4799 crant
2894 4786 2908 4811 ,
2946 4760 3053 4799 non
3091 4746 3248 4800 facile
3290 4745 3421 4798 mihi
3460 4758 3686 4813 persua-

2108 4841 2300 4905 deant;
2337 4840 2478 4909 quod
2522 4838 2580 4893 in
2629 4838 2751 4901 aliis
2798 4837 2934 4893 locis
2987 4838 3122 4892 nihil
3157 4837 3421 4906 ejusmodi
3472 4837 3686 4891 habeat.

2109 4932 2290 5001 Exigit
2319 4933 2406 4987 ille
2440 4931 2685 5001 quidem,
2734 4939 2791 4983 ut
2836 4940 2890 4985 et
2938 4930 3134 4999 reliqui
3180 4928 3415 4998 mystici,
3450 4929 3517 4983 ad
3550 4925 3690 4980 ret-i-

2109 5024 2362 5093 piendum
2390 5022 2627 5078 divinum
2676 5022 2877 5092 lumen,
2905 5022 3143 5091 aliquam
3176 5021 3228 5073 in
3277 5020 3433 5073 nobis
3478 5033 3685 5087 prmpue

2114 5115 2417 5179 rationem;
2451 5115 2739 5183 puritatem
2784 5113 2988 5174 cordis,
3022 5112 3434 5171 contritiouem,
3470 5107 3688 5161 humili-

2114 5214 2317 5270 tatem;
2348 5219 2565 5259 omnem
2597 5204 2834 5273 denique
2869 5202 3164 5263 ἀπάθειαν,
3202 5212 3257 5255 et
3282 5211 3339 5253 ut
3382 5200 3541 5253 homo
3568 5213 3688 5252 scu-

2113 5297 2262 5353 sibus
2292 5297 2521 5355 excedat
2551 5298 2741 5365 eisque
2778 5296 3059 5360 moriatur,
3100 5308 3219 5359 qua:
3252 5300 3379 5347 sunt
3410 5290 3568 5359 quasi
3607 5302 3691 5341 rc~

2116 5404 2360 5453 movens,
2390 5374 2529 5458 quod
2563 5389 2803 5445 adlatum
2839 5387 3079 5441 divinum
3111 5384 3395 5453 prohibeat
3422 5399 3435 5435 :
3471 5380 3560 5449 qui
3593 5392 3693 5445 ure

2116 5482 2230 5549 ipse
2258 5482 2339 5536 his
2368 5479 2675 5537 necessario
2706 5494 2892 5535 comes
2924 5479 2994 5533 sit
3021 5519 3036 5542 ,
3068 5478 3160 5531 sed
3194 5484 3352 5545 prout
3380 5473 3578 5529 sederit
3604 5471 3691 5524 di-

2114 5574 2252 5629 vina:
2284 5573 2575 5639 voluntati,
2608 5587 2672 5627 ac
2691 5584 2763 5627 se
2809 5569 3054 5640 Sponsus
3099 5568 3419 5639 dignabitur
3467 5575 3688 5633 sponsae

2116 5668 2483 5725 manifestare.
2520 5664 2574 5732 lu
2610 5680 2713 5735 qua
2755 5665 2868 5732 ipsa
2902 5678 2958 5718 re
3002 5661 3307 5733 necessaria
3352 5660 3421 5715 sit
3453 5652 3687 5723 maxima

4021 2650 4037 2859 ε

4024 2940 4037 3171 l
