4078 6258
1570 348 1621 365 r

500 420 610 484 283

1760 389 2159 479 MANUE'Lts
2200 415 2509 477 CALECE

3654 415 3760 481 284

500 531 723 600 (quippe
749 526 986 583 auctoris
1017 542 1120 583 non
1146 526 1367 583 omnino
1398 525 1623 598 laudati)
1652 542 1756 581 non
1786 502 2077 581 admodum
2109 534 2153 588 Α
2182 526 2282 590 dit,
2316 529 2513 593 (fumus
2543 538 2602 580 se
2627 532 2914 595 patronum
2952 525 3266 582 Cernlarius
3298 527 3569 597 praeberet
3594 565 3610 589 ,
3645 528 3767 582 hinc

499 626 789 688 premeret.
835 617 1113 671 l’otuerint
1162 618 1365 683 annuli,
1417 632 1554 687 quos
1605 626 1786 685 tantos
1844 616 2074 687 Syme’on

498 724 692 779 passus
724 716 827 773 est,
863 709 967 762 hoc
1003 708 1075 761 illi
1114 707 1388 777 alliugere,
1435 718 1492 762 ut
1540 718 1621 763 est
1676 707 1859 771 facile,
1910 722 2073 761 unum

503 800 740 867 aliquem
771 799 1035 869 ejusmodi
1072 808 1384 866 tractatum,
1412 800 1495 854 vel
1528 814 1829 854 sermonem
1859 799 1943 851 vel
1965 797 2079 866 epi-

499 894 712 955 stolam,
742 907 845 944 nou
881 901 1040 944 tanta;
1074 890 1231 945 molis
1261 900 1352 945 aut
1390 892 1687 955 industrite,
1720 892 1801 944 vel
1841 890 1960 960 ejus
1998 891 2077 942 iu-

498 985 730 1038 famandi
789 999 996 1048 causa,
1043 984 1124 1038 vel
1175 984 1453 1051 eaptandm
1505 984 1863 1049 auctoritatis,
1917 984 2076 1038 alteri

499 1077 748 1129 subdere.
777 1074 915 1128 llinc
942 1076 1221 1128 innumera
1254 1075 1338 1128 illa
1364 1075 1822 1144 ἐπιγραφομένων
1844 1088 1999 1139 seges
2022 1082 2075 1127 et

500 1166 967 1236 ψευδεπιγράφων
1026 1168 1164 1235 apud
1222 1167 1438 1221 Graecos
1490 1169 1692 1235 pariter
1734 1176 1789 1221 et
1830 1166 2075 1221 Latinos.

503 1255 731 1309 Michael
782 1255 1013 1318 Pscllus,
1060 1264 1197 1309 orat.
1251 1270 1345 1307 sua
1391 1255 1456 1307 ad
1502 1254 1761 1323 synodum
1822 1253 1873 1306 in
1914 1267 2077 1306 causa

504 1348 792 1412 Ct-rnlarii,
827 1347 954 1401 sede
979 1345 1118 1416 pulsi
1148 1345 1394 1401 saculari
1426 1355 1708 1414 potestate,
1734 1360 1797 1398 ac
1828 1344 2075 1411 synodali

505 1442 815 1508 cognitione
866 1438 1202 1501 damnandi,
1239 1453 1403 1507 quam
1442 1437 1535 1492 ille
1569 1437 1967 1491 damnationem
2013 1450 2077 1489 ac

503 1528 897 1596 depositiouem
952 1529 1095 1581 serio
1138 1538 1390 1596 urgeret;
1428 1528 1539 1582 visa
1592 1530 1705 1594 illa,
1745 1529 1942 1597 quibus
1975 1527 2078 1582 ali-

503 1621 633 1687 quid
666 1636 770 1674 non
808 1621 939 1672 satis
968 1619 1328 1673 Christianam
1356 1621 1554 1673 decens
1588 1620 1946 1683 honestatem,
1978 1635 2074 1672 ex-

505 1727 610 1779 que
669 1711 759 1765 Dei
815 1721 868 1764 et
924 1720 1236 1764 sanctorum
1287 1711 1612 1774 rationibus,
1665 1711 2073 1774 immisceatur;

506 1801 772 1855 diabolica
802 1810 1107 1855 commenta
1135 1816 1254 1856 esse
1286 1804 1515 1871 probat;
1545 1800 1848 1869 cujustnodi
1891 1808 2077 1854 osten-

2186 618 2509 685 gravissime
2546 631 2828 673 arcessens
2858 617 3217 683 Chaldaismi,
3249 628 3307 672 ut
3339 628 3500 672 vocat
3528 635 3543 683 ;
3574 633 3764 687 super-

2186 709 2424 763 stitiouis
2455 707 2661 763 scilicet
2692 710 2980 778 spirituum
3007 718 3061 764 et
3089 710 3389 765 animorum
3413 748 3428 772 ,
3456 724 3599 778 quae,
3633 710 3768 763 alia-

2185 813 2287 866 que
2316 797 2371 871 i_n
2403 811 2524 849 eum
2554 797 2699 853 dicta
2727 800 3045 869 scriptaque
3071 840 3087 863 ,
3128 816 3227 855 nec
3260 800 3551 868 injucunda
3586 799 3724 854 lectu
3752 841 3766 864 ,

2184 906 2287 948 nec
2319 897 2530 951 inutilia
2571 893 2685 945 fore
2726 907 2905 960 spero,
2944 892 2993 944 itt
3021 891 3289 961 vnlgando
3320 908 3348 944 a
3388 906 3471 944 me
3522 888 3767 943 Iliston'a:

2184 983 2497 1056 Byzantina:
2548 993 2866 1054 exspectato
2927 992 3075 1037 tomo
3105 1025 3119 1047 ,
3167 996 3273 1051 quo
3326 986 3445 1036 Suis
3492 983 3765 1035 coloribus

2186 1078 2399 1147 egregie
2423 1078 2622 1146 depicti
2647 1086 2806 1142 atque
2826 1075 3065 1140 expressi
3094 1073 3417 1143 prodantur,
3447 1074 3538 1143 qtti
3564 1073 3764 1129 GTEEClS

2184 1167 2495 1222 scltismatis
2529 1175 2778 1219 auctores
2806 1163 3106 1229 exstitere;
3140 1165 3471 1231 nequissima
3514 1178 3642 1217 vere
3674 1180 3763 1216 ca.

2184 1259 2295 1327 pita
2324 1297 2338 1319 ,
2376 1268 2427 1311 et
2458 1258 2546 1326 qui
2602 1264 2760 1309 tantm
2794 1255 2968 1325 gentis
2999 1264 3053 1308 ct
3102 1254 3355 1308 Et-cltsia-
3388 1254 3509 1307 labe
3539 1271 3603 1308 ac
3633 1256 3762 1307 ἀπο-

2187 1348 2409 1418 στασία,
2434 1348 2530 1402 ulti
2555 1348 2682 1408 sint,
2714 1360 2848 1411 quas
2878 1344 3200 1398 videbantur
3222 1345 3453 1411 injurias
3476 1345 3579 1412 ipsi
3613 1360 3762 1397 acet--

2184 1416 2498 1506 pisseaﬂree
2532 1436 2816 1497 hactenus,
2843 1434 2991 1503 justo
3017 1432 3159 1485 forte
3187 1430 3759 1500 παρεκϐατικώτερον,

2187 1528 2240 1579 in
2282 1528 2478 1596 quibus
2523 1525 2655 1593 ipsis
2703 1525 2925 1578 meliora
2978 1534 3251 1591 exspecto,
3300 1525 3345 1575 si
3394 1522 3521 1591 quis
3574 1521 3762 1573 docere

2184 1619 2420 1682 habeat,
2473 1632 2537 1671 ac
2582 1616 2665 1670 vel
2716 1618 3040 1687 Sytneonem
3083 1616 3291 1688 certius
3322 1613 3631 1676 vindicare,
3683 1612 3760 1666 vel

2184 1710 2346 1763 etiant
2410 1724 2558 1762 reum
2614 1708 2828 1769 facere,
2879 1716 3127 1774 superest
3181 1720 3351 1775 pauca
3414 1704 3667 1773 quzedam
3712 1702 3760 1756 itt

2186 1801 2356 1868 ipsam
2387 1798 2594 1852 Calcca:
2635 1797 3066 1852 lucubrationetu
3103 1813 3168 1850 ex
3203 1810 3353 1852 more
3406 1795 3692 1850 adnotare.

1699 2163 1837 2219 ΤΟΥ
1867 2163 2268 2219 ΣΟΦΩΤΔΤΟΥ
2297 2163 2560 2217 ΚΥΡΙΟΥ

1026 2484 1029 2487 ,
1120 2328 1957 2476 ΜΑΝΟΥΗΛ
2034 2347 2092 2470 Ὶ

2200 2341 2381 2472 )Υ
2457 2254 3197 2467 KAAEKA.

2062 2568 2219 2619 ΠΕΡΙ

1474 2728 1870 2819 ΟΥΣΙΑΣ
1943 2727 2140 2815 ΚΑΙ
2228 2729 2369 2814 EN
2376 2727 2826 2813 ΕΡΓΕΙΑΣ

2092 2936 2167 2953 ιιι-

1759 3064 2335 3129 SAPIENTISSIMI
2382 3062 2550 3127 VIBI

1234 3206 2206 3409 MANUELts
2269 3244 3057 3487 CALECfE

1752 3537 1945 3583 ORDIN
1949 3539 2004 3583 IS

2056 3536 2560 3583 PREDICATORUM

1092 3702 1241 3790 DE
1420 3702 1981 3791 ESSENTIA
2101 3700 2248 3789 ET
2392 3695 3215 3790 OI’ERATIONE.

1231 3893 1300 3954 F.
1335 3890 1672 3952 Francisco
1707 3886 2093 3964 Combeﬁsio,
2128 3888 2401 3968 ejusdem
2432 3887 2717 3961 Ordinis,
2753 3888 3113 3966 interprete.

605 4214 664 4269 Id
696 4214 856 4270 nobis
881 4214 968 4270 hic
996 4214 1118 4282 loci,
1142 4213 1297 4284 quasi
1333 4213 1776 4283 defungentibus,
1814 4215 1937 4271 linis
1966 4231 2092 4286 pro-

2274 4214 2482 4277 Σκοπὺς
2527 4214 3033 4284 αὐτοσχεδιάζουσιν
3079 4210 3336 4278 ἑνταῦθα,
3380 4212 3481 4284 τὴν
3525 4213 3648 4282 περὶ
3679 4206 3764 4263 τοῦ

537 4308 748 4375 positus
778 4315 881 4367 est,
913 4316 973 4361 ut
997 4307 1159 4359 latam
1186 4321 1215 4360 a
1247 4305 1453 4376 synodo
1483 4308 1553 4362 de
1621 4308 1801 4363 divina
1864 4309 2100 4361 essentia

534 4398 826 4466 divinaque
855 4397 1177 4464 operatione.
1211 4395 1385 4464 deque
1406 4396 1512 4451 illis
1540 4406 1681 4452 mota
1736 4400 2036 4468 quaastione
2081 4440 2096 4464 ,

535 4490 882 4551 sententiam,
941 4489 1143 4544 clarius
1200 4498 1511 4544 retexamus
1551 4505 1565 4554 ;
1599 4504 1705 4559 quo
1760 4490 1990 4556 scilicet,
2068 4492 2101 4543 ii

537 4581 629 4647 qui
668 4566 1063 4632 modulationem
1086 4580 1299 4648 quidem
1323 4580 1651 4644 habent,sed
1678 4597 1781 4637 non
1807 4585 2102 4637 secundum

537 4671 816 4724 scicnt’am
845 4670 885 4735 ί,
905 4671 1221 4724 crudiantur
1242 4672 1306 4725 ad
1335 4671 1571 4741 legitime
1599 4674 1933 4736 certandum,
1965 4675 2108 4729 unde

538 4764 637 4816 sibi
668 4770 721 4815 et
750 4776 1003 4816 coronam
1061 4762 1375 4831 acquirunt;
1406 4763 1497 4831 qui
1551 4772 1728 4817 autem
1756 4778 1819 4817 ex
1855 4764 2123 4832 simplici!

540 4861 646 4905 tate
676 4853 943 4921 ignorant,
976 4852 1306 4920 doceantur;
1344 4868 1487 4919 nam,
1535 4862 1593 4908 ut
1644 4866 1831 4908 auctor
1861 4862 1946 4911 est
1974 4856 2110 4910 divi-

540 4955 637 4993 nus
656 4941 971 5007 Apostolus:
994 4944 1096 5008 Qui
1125 4945 1354 5013 ignorat,
1375 4945 1707 5014 ignorabitur
1721 4946 1741 4977 ¹
1762 4963 1777 5012 ;
1806 4946 1955 5015 iique
1973 4948 2109 5000 adeo

540 5031 725 5098 etiam,
755 5034 845 5101 qtti
896 5034 1133 5100 prodire
1160 5073 1176 5099 ,
1209 5050 1304 5089 seu
1356 5038 1534 5103 potius
1565 5046 1771 5092 temere
1830 5053 1894 5092 ae
1950 5038 2109 5091 mali-

543 5136 645 5188 gne
679 5122 812 5177 alios
848 5125 1276 5190 ealnmniantur,
1313 5128 1504 5194 eisque
1529 5128 1819 5181 detrahunt
1844 5167 1860 5191 ,
1886 5128 2109 5197 injusti-

544 5222 628 5277 tiat
650 5224 965 5285 arguantur.
1010 5215 1156 5271 llauc
1193 5218 1451 5273 nimirqu
1482 5222 1830 5283 sententiam,
1859 5221 2107 5275 universa

543 5308 803 5378 synodus,
859 5309 1181 5375 prazsldente
1269 5311 1613 5378 imperatore,
1675 5312 1869 5380 saepius
1916 5325 2111 5366 conve-

546 5400 721 5465 uicus,
748 5397 859 5465 ipsa
894 5398 1238 5467 promulgatis
1269 5409 1431 5467 atque
1464 5400 1834 5462 conscribens,
1857 5410 2110 5469 tauquam

547 5497 707 5542 rectae
775 5488 894 5542 dei
958 5489 1262 5543 columnam
1324 5490 1429 5543 sibi
1486 5491 1906 5557 proposuit,ae
1970 5493 2111 5545 velut

2209 4305 2519 4376 ζητήματος
2548 4308 2647 4374 τῆς
2693 4306 2840 4365 θείας
2871 4306 3090 4369 οὐσίας
3134 4304 3229 4357 καὶ
3271 4305 3421 4368 θείας
3476 4303 3767 4372 ἐνεργείας

2206 4401 2356 4467 παρὰ
2385 4399 2485 4468 τῆς
2538 4398 2756 4451 συνόδου
2805 4397 3229 4467 προενεχθείσαν
3264 4395 3559 4463 ἀπόφασιν,
3616 4392 3769 4459 σαφέ-

2208 4506 2398 4560 στερον
2451 4489 2750 4557 ὲξυφάναιο
2799 4489 2874 4552 ὡς
2916 4488 3002 4553 ἂν,
3056 4489 3106 4541 οἱ
3158 4487 3258 4557 μὲν
3309 4488 3496 4557 ζῆλον,
3551 4486 3609 4538 οὐ
3656 4482 3766 4537 κατ’

2208 4578 2504 4646 ἐπίγνωσιν
2528 4578 2582 4630 δὲ
2610 4580 2850 4648 ἔχοντες,
2902 4578 3271 4631 παιδευθῶσιν
3303 4576 3659 4645 ἀγωνίζεσθαι
3687 4590 3768 4625 vo-

2212 4652 2417 4738 μίμους,
2447 4669 2506 4732 ιξ
2531 4662 2592 4722 οὗ
2634 4671 2727 4722 καὶ
2773 4670 2802 4721 ὁ
2850 4668 3149 4737 στέφανος·
3179 4669 3234 4721 οἵ
3275 4686 3335 4721 τε
3380 4668 3437 4734 ἐξ
3483 4666 3768 4734 ἁπλότητος

2210 4758 2554 4825 ἀγνοοῦντες,
2594 4759 2843 4827 μάθωσιν
2872 4775 2885 4789 °
2921 4759 3045 4811 ἐπεὶ
3067 4759 3208 4811 κατὰ
3233 4758 3324 4812 τὸν
3352 4759 3493 4812 θεῖον
3531 4755 3770 4809 Ἀπόστο-

2209 4850 2323 4915 λον,
2365 4852 2427 4903 ’0
2455 4849 2688 4919 ἀγνοῶν
2740 4850 3181 4918 ἀγνοηθήσεται
3205 4864 3220 4880 ·
3248 4850 3346 4903 καὶ
3368 4849 3433 4919 δὴ
3464 4848 3557 4902 καὶ
3581 4848 3627 4899 οἱ
3653 4844 3769 4904 τοὺς
3816 4886 3838 4905 ,

2211 4941 2403 5003 ἄλλους
2435 4945 2762 5011 προχείρως,
2793 4942 2833 5011 ἦ
2879 4942 3078 5011 μᾶλλον
3103 4941 3315 5008 ἀλόγως
3349 4942 3444 4993 καὶ
3489 4936 3766 5004 κακοήθως

2214 5037 2674 5103 συκοφαντοῦντες
2722 5036 2815 5088 καὶ
2872 5033 3256 5095 διαϐάλλοντες
3308 5031 3636 5100 ἐλεγχθῶσιν
3666 5025 3768 5078 ast-

2215 5127 2456 5193 κοῦντες.
2486 5128 2588 5179 Ἦν
2610 5126 2743 5196 δῆτα
2795 5127 3070 5193 ἀπόφασιν
3108 5126 3203 5193 ὅλη
3256 5126 3474 5187 σύνοδος
3518 5119 3768 5192 βασιλέως

2214 5220 2714 5290 προκαθεςομένου,
2762 5219 3027 5282 πολλάκις
3084 5218 3438 5280 συνελθοῦσα,
3505 5217 3769 5279 tit-mmm-

2218 5314 2353 5380 μένῃ
2417 5316 2512 5366 δια)⁸
2565 5312 3035 5381 συγγραψαμένη,
3085 5312 3159 5374 ὡς
3213 5310 3419 5380 στήλην
3479 5303 3769 5376 ὀρθοδοξίας

2217 5404 2381 5472 ἑαυτῇ
2414 5401 2716 5470 προῦθηκε.
2744 5405 2856 5464 τοῖς
2889 5419 2948 5454 τε
3001 5402 3181 5463 ἄλλοις
3216 5399 3471 5468 κατέχειν
3501 5395 3663 5463 αὐτὴν
3701 5390 3770 5447 ὼς

2218 5494 2343 5562 ὅρον
2374 5493 2657 5555 εὐσεϐείας
2681 5494 3035 5565 παραδέδωκε
3057 5507 3072 5522 ο
3107 5493 3202 5545 καὶ
3238 5492 3300 5560 δὴ
3329 5492 3425 5543 καὶ¹
3464 5488 3641 5551 Τόμον
3671 5478 3769 5533 τοῦ

546 5579 759 5650 pietatis
801 5579 1060 5649 regulam,
1112 5580 1334 5647 reiiquis
1387 5580 1672 5633 tenendam
1732 5582 2092 5641 tradidile

2222 5548 2473 5652 [λαλαμᾱ
2514 5548 2718 5651 ταύτην
2763 5548 3194 5651 ἐπονομάζεσθαι
3253 5548 3561 5649 διωρίσατο.
3612 5569 3768 5624 Τοῦτο

550 5685 655 5724 neu
680 5673 897 5724 Tantum
931 5670 1171 5727 Palamat
1198 5671 1575 5740 appellandam
1614 5676 1813 5728 sanxit.
1846 5672 1902 5727 ιιι
1938 5675 2112 5729 enim-

626 5825 832 5882 ⁸1ἶοιη.
870 5843 921 5892 x,
959 5825 1010 5878 1.
1089 5826 1106 5854 ¹
1135 5822 1153 5877 ι
1184 5822 1309 5876 Cor.
1348 5838 1458 5887 xlv,
1494 5825 1582 5879 58.

2229 5675 2409 5744 μέντοι
2455 5673 2732 5744 γνώριμον
2781 5675 2898 5736 ταῖς
2946 5671 3207 5735 διανοίαις
3252 5672 3361 5762 τξῦν
3423 5668 3489 5722 τὰ
3541 5661 3766 5731 παρόντα
