4114 6306
347 442 454 504 935

1373 443 1470 504 DE
1517 444 1885 504 ESSENTIA
1934 441 2030 502 ET
2062 444 2580 536 ΟΡΕΒᾹΤΙΟΝΕ.

3488 449 3597 514 236

347 554 817 622 ἀναγνωσομένων
872 554 1309 624 προὺποκείσθω.
1351 556 1425 618 ὡς
1469 552 1537 625 ἦν
1569 556 1782 627 καιρὸς,
1826 557 1914 610 ὅτε

2031 571 2149 609 vero
2204 571 2392 611 eorum
2423 559 2513 627 qui
2543 559 2643 611 ista
2692 556 2882 610 lecturi
2912 565 3056 622 sunt,
3111 564 3235 612 ante
3256 560 3440 613 omnia
3479 565 3597 614 ani-

347 648 379 715 ἡ
421 645 714 714 Ἐκκλησία
746 645 884 715 αῦτη
920 645 1020 709 τῆς
1057 646 1388 716 ἀποφάσεως
1417 648 1621 716 ταύτης
1648 649 1912 718 πρότερον

344 739 539 808 ἑτέραν
571 739 822 792 ἐναντίαν
855 738 1152 809 ἐξήνεγκειέ
1204 740 1300 792 καὶ
1338 739 1707 810 μαρτυροῦσιν
1733 739 1780 790 οἱ
1826 738 1919 790 καὶ

343 830 439 882 νῦν
468 830 548 882 ἐτι
581 830 783 894 ζῶντες
811 833 877 900 τῇ
921 831 1126 900 συνόδῳ
1167 829 1290 882 τότε
1335 830 1796 899 παραγενόμενοι,
1825 829 1921 878 κοιλ⁸

344 921 402 972 αί
432 921 706 990 προόᾶσαι
762 923 1037 975 συνοδικαὶ
1067 921 1299 991 πράξεις
1353 921 1445 972 ἐπὶ
1493 917 1726 980 τούτοις.
1765 917 1921 986 βασι-

345 1009 598 1071 λεύοντος
643 1010 1007 1078 Ἀνδρονίκου,
1037 1015 1132 1065 καὶ
1160 1011 1227 1063 τα
1253 1008 1616 1079 ἱστορούμενα
1651 1009 1776 1076 περὶ
1800 1005 1922 1058 τού-

343 1118 486 1152 των’
520 1101 653 1154 ὥστ’
685 1102 984 1170 ἀμφίϐολον
1024 1098 1163 1155 εἶναι
1200 1103 1404 1169 ποτέρα
1449 1101 1557 1154 τῶν
1592 1102 1922 1167 ἀποφάσεων

346 1192 554 1246 τούτων
577 1193 807 1264 τάληθὲς
843 1195 962 1264 μεθ’
993 1193 1194 1262 ἑαυτῆς
1228 1193 1340 1263 ἔχει
1369 1209 1382 1222 ⁶
1415 1195 1514 1262 τὴν
1543 1193 1654 1262 γὰρ
1691 1192 1920 1260 ἀντίφα-

351 1300 435 1335 σιν
468 1285 541 1354 μὴ
571 1286 835 1340 δύνασθαι
861 1286 1268 1356 συναληθεύειν,
1292 1281 1388 1340 καὶ
1420 1287 1500 1339 ὅτι
1528 1285 1789 1338 ἀδύνατον
1822 1285 1920 1353 τὴν

291 1415 301 1425 .
346 1372 651 1444 λεγομένην
682 1377 774 1430 καὶ
823 1378 1223 1447 πιστευομένην
1255 1376 1549 1446 καθολικὴν
1591 1375 1921 1446 Ἐκκλησίαν

346 1465 518 1536 αὑτὴν
553 1461 718 1531 εἶναι,
747 1467 850 1543 τὴν
884 1469 1013 1539 περὶ
1044 1469 1152 1521 τῶν
1194 1469 1373 1523 αὑτῶν
1420 1472 1515 1538 τῆς
1550 1469 1783 1531 πίστεως
1823 1459 1919 1518 κε·

348 1558 596 1626 φαλαίων
641 1561 736 1612 νῦν
792 1560 888 1628 μὲν
919 1559 1114 1625 οὕτως,
1153 1561 1250 1612 νῦν
1279 1561 1324 1613 δ’
1357 1561 1578 1629 ἐκείνως
1624 1560 1921 1612 τάναντιὼ-

343 1666 486 1703 τατα
553 1648 850 1720 κρίνουσαν
924 1653 1020 1704 καὶ
1089 1652 1421 1721 κρατοῦσαν,
1479 1651 1578 1703 καὶ
1635 1651 1920 1721 παρρησίᾳ

344 1744 636 1811 γράμμασι
670 1744 762 1795 καὶ
810 1744 1129 1814 πράγμασιν
1181 1747 1644 1817 ἀποφαινομένην.
1697 1748 1785 1797 Δεῖ
1813 1745 1922 1816 γὰρ

343 1832 442 1901 τὴν
487 1832 781 1904 καθολικὴν
833 1834 1160 1905 Ἐκκλησίαν
1189 1836 1477 1906 ἀληθεύειν
1508 1838 1625 1891 ἀεί·
1662 1839 1783 1890 ἐπεὶ
1828 1841 1920 1890 καὶ

343 1925 435 1976 τὸν
468 1925 851 1995 παρακούοντα
879 1925 1085 1998 ταύτης
1122 1928 1334 1980 ἐθνικὸν
1360 1930 1454 1980 καὶ
1485 1929 1724 1999 τελώνην
1755 1929 1783 1980 ό
1813 1929 1922 1981 Κύ-

346 2031 462 2084 ριος
502 2013 641 2069 εἷναι
671 2016 984 2086 διωρίσατο.
1604 2082 1612 2100 ι

418 2107 534 2160 Ἵνα
572 2107 754 2163 τοίνυν
784 2109 929 2162 κατὰ
955 2109 1156 2162 σκοπὸν
1187 2111 1506 2182 ἀρξάμενοι,
1539 2113 1636 2184 τὴν
1669 2115 1796 2183 περὶ
1827 2113 1920 2167 τοῦ

347 2196 661 2270 ζητήματος
694 2201 792 2270 τῆς
819 2201 968 2264 Θείας
998 2203 1187 2266 οὐσίας
1225 2205 1316 2256 καὶ
1349 2204 1630 2274 ἐνεργείας
1661 2204 1755 2255 νῦν
1788 2223 1925 2272 κρα-

347 2287 551 2341 τοῦσαν
603 2289 881 2359 ἀπόφασιν
928 2292 1302 2360 ἐξυφάνωμεν,
1356 2297 1449 2348 καὶ
1500 2296 1703 2363 ταύτην
1754 2297 1922 2364 αὐτὴν

347 2378 435 2446 ἐφ’
469 2381 670 2450 ἑαυτῆς
716 2383 864 2446 ὅπως
916 2383 1030 2452 ἔχει
1061 2383 1378 2454 θεωρῶμεν,
1430 2387 1630 2440 εἰδέναι
1691 2387 1793 2457 χρὴ
1839 2389 1919 2440 ὅτι

345 2469 422 2539 τῷ
465 2472 683 2542 ῥηθέντι
727 2474 891 2543 Τὸμῳ
920 2475 1018 2541 τῆς
1050 2477 1270 2529 συνόδου
1307 2476 1366 2541 ἐξ
1397 2479 1666 2545 κεφαλαια
1704 2482 1796 2531 καὶ
1820 2479 1920 2548 ζη-

344 2562 569 2632 τήματα
616 2568 711 2618 καὶ
751 2567 1195 2637 συμπεράσματα
1245 2568 1530 2640 πρόκειται
1581 2571 1772 2635 δείξαι,
1829 2573 1922 2622 καὶ

347 2655 480 2722 περὶ
511 2654 716 2710 τούτων
750 2658 979 2712 καθόλου
1030 2660 1480 2730 πραγματεύεται
1506 2677 1520 2693 ο
1556 2657 1632 2715 ὧν
1679 2663 1918 2731 πρῶτον,

345 2747 430 2799 ὅτι
469 2746 618 2800 ἐστιν
649 2750 739 2801 ἐπὶ
768 2750 903 2803 Θεοῦ
937 2752 1208 2822 διάκρισις
1248 2744 1434 2816 οὐσίας
1478 2755 1572 2807 καὶ
1599 2757 1882 2824 ἐνεργείας
1908 2774 1922 2788 ⁸

344 2835 600 2920 δεύτερον
633 2840 714 2891 ὅτι
745 2840 1003 2910 ἐνέργεια
1037 2842 1173 2910 αῦτη
1206 2843 1356 2894 ἐστὶν
1397 2845 1649 2906 ἄκτιστος
1675 2860 1688 2874 ο
1718 2845 1924 2911 τρίτον,

346 2925 495 2994 ὅτιιὴ
549 2927 822 2998 διάκρισις
855 2929 993 3002 αὕτη
1026 2934 1121 2986 καὶ
1161 2935 1195 3003 ἠ
1226 2933 1460 3003 διαφορὰ
1510 2936 1566 2988 ἐν
1594 2935 1672 3004 τῷ
1717 2935 1837 3004 Θεῷ
1865 2937 1926 2990 οὑ

349 3021 500 3071 ποιεί
528 3020 781 3076 σύνθεσιν
815 3023 872 3074 ἐν
902 3024 1050 3092 αὑτῷ
1073 3040 1088 3056 ·
1121 3025 1183 3079 τὸ
1235 3027 1513 3096 τέταρτον,
1545 3028 1624 3080 ὅτι
1658 3029 1719 3080 τὸ
1759 3027 1930 3097 ὄνομα

276 3158 284 3164 .
348 3108 451 3178 τῆς
503 3111 770 3176 Θεότητος
800 3113 898 3166 οὐκ
930 3117 1022 3167 ἐπὶ
1067 3115 1168 3184 τῆς
1219 3118 1404 3182 οὐσίας
1451 3117 1612 3188 μόνον
1648 3120 1739 3174 τοῦ
1791 3118 1925 3172 Θεοῦ

2024 648 2126 702 mis
2167 655 2338 700 ratum
2371 659 2490 702 esto
2519 663 2582 701 ac
2611 647 2992 713 constitutum,
3025 648 3194 704 fuisse
3243 660 3453 720 tempus
3471 668 3593 707 cum

2023 739 2136 793 lucc
2163 739 2421 801 Ecclesia,
2485 739 2812 792 sententiam
2876 739 3038 792 aliam
3091 739 3217 794 huic
3267 746 3594 797 cantrariam

2023 841 2146 911 aute
2172 831 2376 892 edidit;
2415 845 2478 883 ac
2513 837 2802 894 testantur,
2825 831 2916 900 qui
2944 831 3112 884 etiam
3148 848 3272 885 num
3335 838 3597 902 supersti-

2026 935 2124 986 tcs,
2151 925 2354 995 synodo
2383 925 2454 978 illi
2482 925 2868 988 interfuerunt,
2902 925 3174 994 Actusqne
3210 927 3306 993 ipsi
3333 939 3395 977 eo
3419 927 3470 977 in
3501 943 3592 979 ne-

2024 1017 2167 1084 getio
2194 1017 2494 1084 syuotlales,
2529 1017 2841 1071 Andronico
2889 1019 3217 1086 imperatore
3243 1059 3258 1081 ,
3292 1017 3456 1069 habiti
3488 1034 3502 1075 ;
3537 1033 3599 1069 ac

2024 1110 2251 1177 denique
2275 1124 2393 1176 qu:e
2429 1110 2492 1161 de
2522 1109 2627 1162 illis
2651 1117 2922 1176 gestorum
2963 1109 3325 1160 monumentis
3354 1111 3595 1160 (OIISt‘l’i-

2024 1208 2112 1268 pta
2146 1208 2266 1251 εηιιι
2305 1215 2319 1252 :
2351 1200 2601 1267 quocirca
2633 1200 2850 1252 dubium
2884 1208 2990 1264 est,
3020 1207 3137 1251 utra
3157 1197 3350 1251 harum
3379 1209 3599 1251 senten-

2025 1290 2218 1342 tiarum
2255 1289 2483 1344 veritate
2508 1291 2733 1344 nitatur.
2771 1289 2962 1360 Liquet
2987 1292 3130 1343 enim
3161 1289 3274 1342 lieri
3301 1304 3407 1341 non
3440 1303 3599 1356 posse

2025 1389 2080 1434 ut
2108 1381 2396 1435 aliirmatio
2426 1392 2474 1436 et
2508 1384 2722 1452 negatio
2759 1383 2919 1435 simul
2960 1369 3098 1435 vera!
3147 1383 3279 1443 sint,
3315 1381 3395 1434 vel
3423 1392 3478 1431 ut
3512 1380 3598 1431 illa

2023 1472 2230 1525 dicatur
2254 1481 2412 1542 atque
2452 1473 2706 1526 credatur
2770 1472 3005 1525 Ecclesia
3051 1471 3337 1533 catboliea,
3375 1485 3494 1539 qua:
3533 1470 3602 1523 de

2023 1563 2210 1616 iisdem
2241 1564 2360 1617 lidei
2385 1565 2633 1632 capitulis
2658 1565 2817 1617 modo
2843 1564 2946 1628 sic,
2993 1576 3150 1615 ιηοςιυ
3187 1563 3344 1615 aliter
3377 1602 3392 1626 ,
3428 1562 3603 1614 maxi—

2025 1667 2110 1707 me
2144 1655 2417 1707 contraria
2456 1657 2732 1718 decernat,
2777 1661 3064 1723 teneatque
3093 1663 3148 1706 et
3181 1653 3356 1720 palam
3385 1650 3604 1716 scriptis

2026 1744 2290 1812 factisque
2339 1745 2844 1800 enuntiet.Necesse
2905 1752 2989 1799 est
3044 1746 3210 1806 enim,
3247 1750 3304 1794 ut
3361 1741 3600 1794 Ecclesia

2027 1835 2292 1890 catholica
2336 1849 2526 1890 verum
2563 1851 2774 1904 semper
2803 1837 2984 1900 dicat;
3016 1849 3136 1888 nam
3162 1844 3216 1887 et
3245 1833 3336 1902 qui
3354 1847 3471 1884 eam
3497 1844 3601 1884 non

2030 1927 2287 1988 audierit,
2324 1927 2597 1981 etlmicum
2634 1935 2686 1981 et
2735 1926 3082 1996 publicanum
3147 1925 3287 1993 fore,
3343 1923 3604 1978 Dominus

2028 2015 2218 2071 statuit
2238 2015 2277 2070 ³.

2097 2105 2167 2161 Ut
2195 2108 2362 2177 igitur
2415 2116 2565 2161 certa
2597 2108 2664 2161 ad
2715 2107 2987 2162 destinata
3047 2107 3260 2162 ratione
3303 2107 3602 2169 ordientes,

2025 2199 2140 2268 ejus
2168 2216 2287 2268 qua:
2317 2214 2457 2252 nunc
2490 2200 2716 2264 obtinet,
2753 2201 2820 2253 de
2862 2199 3040 2252 divina
3065 2200 3297 2252 essentia
3325 2213 3386 2252 ac
3418 2211 3610 2265 opera-

2027 2293 2189 2354 tione,
2220 2293 2537 2360 quacstiouis
2583 2293 2909 2346 sententiam
2981 2301 3310 2354 retexamus,
3359 2291 3606 2358 hancque

2026 2383 2196 2452 ipsam
2224 2383 2277 2437 in
2305 2386 2502 2454 scipsa,
2540 2383 2835 2453 cujusmodi
2877 2383 3382 2454 sit,_contucamur,
3419 2380 3608 2434 obser-

2026 2475 2254 2529 vandum
2283 2487 2363 2530 est
2391 2495 2407 2543 ;
2441 2476 2515 2530 illi
2539 2490 2698 2544 quem
2722 2474 2830 2528 dixi
2863 2515 2877 2539 ,
2914 2451 3105 2545 synodi
3153 2471 3348 2533 Tomo,
3379 2487 3473 2527 ses
3503 2485 3605 2524 ca-

2026 2574 2134 2642 pita
2180 2587 2241 2624 ac
2285 2574 2614 2638 qumstiones
2689 2568 3204 2636 conclusionesque,
3265 2566 3602 2619 ostendenda

2027 2662 2295 2732 prOposita
2327 2675 2469 2723 esse,
2504 2661 2676 2718 deque
2700 2659 2806 2710 illis
2843 2660 3143 2711 universim
3181 2667 3438 2710 tractare.
3477 2655 3604 2706 Pri-

2029 2770 2174 2806 mum
2202 2765 2303 2817 est,
2337 2768 2466 2806 esse
2485 2755 2538 2804 in
2556 2753 2668 2805 Deo
2687 2752 3084 2804 distinctionem
3117 2751 3369 2803 essen'ixn
3391 2760 3443 2800 et
3465 2763 3600 2815 ope-

2034 2845 2278 2898 ratiouis.
2305 2845 2567 2905 Alterum,
2596 2842 3112 2908 hancoperationem
3132 2839 3427 2892 int-reatum
3464 2853 3604 2891 esse.

2030 2936 2294 3001 Tertium,
2316 2935 2695 2990 discretionem
2737 2935 2872 2986 banc
2893 2945 2954 2985 ac
2975 2929 3373 2985 distinctionem
3412 2930 3464 2982 in
3496 2929 3607 2982 Deo

2030 3045 2136 3084 non
2167 3030 2346 3086 facere
2377 3031 2427 3086 in
2461 3047 2526 3085 eo
2551 3031 3019 3092 compositionem.
3048 3027 3334 3093 Quartum,
3379 3025 3606 3078 Deitatis

2030 3135 2224 3176 nomen
2260 3137 2364 3175 nou
2409 3122 2583 3175 solum
2617 3121 2717 3173 dici
2744 3121 2807 3173 de
2838 3119 2928 3172 Dei
2951 3117 3209 3182 essentia,
3232 3130 3416 3169 verum
3439 3114 3603 3167 etiam

346 3200 591 3268 λέγεται,
627 3203 763 3256 ἀλλὰ
809 3207 903 3258 καὶ
946 3207 1037 3259 ἐπὶ
1070 3208 1170 3277 τῆς
1213 3210 1361 3274 θείας
1405 3214 1684 3284 ἐνεργείας
1714 3213 1881 3267 αὑτοῦ
1905 3228 1921 3245 ·

2031 3213 2092 3268 de
2129 3212 2308 3268 divina
2340 3213 2673 3280 operatione.
2697 3211 2979 3276 Quintum,
3021 3207 3112 3263 Dei
3147 3204 3606 3261 essentiamillius

347 3294 626 3361 πέμπτον,
656 3295 736 3348 δτι
766 3297 796 3364 ή
831 3297 986 3351 οὐσία
1009 3298 1104 3352 τοῦ
1135 3299 1268 3353 Θεοῦ
1300 3303 1623 3374 ὑπέρκειται
1655 3305 1752 3376 τῆς
1777 3308 1925 3376 ἐνερ-

345 3387 500 3451 γείας
529 3385 697 3438 αὐτοῦ
723 3403 738 3418 ·
771 3387 953 3454 ἕκτον,
999 3391 1080 3444 ὅτι
1113 3393 1140 3445 ό
1170 3392 1301 3457 Θεὸς
1345 3395 1404 3447 οὑ
1442 3398 1728 3467 μετέχεται
1783 3400 1924 3452 κατά

346 3477 446 3545 τὴν
475 3478 666 3531 οὐσίαν
691 3481 879 3547 αὑτοῦ,
913 3483 1047 3537 ἀλλὰ
1083 3489 1225 3539 κατὰ
1253 3490 1354 3556 τὴν
1383 3490 1688 3560 ἐνέργειαν.
1734 3492 1828 3545 Ἐκ
1859 3494 1924 3561 δὴ

347 3570 457 3622 τῶν
491 3570 749 3625 τοιούτων
783 3574 1136 3644 ζητημάτων,
1170 3579 1205 3632 ἆ
1232 3582 1322 3632 καὶ
1353 3583 1763 3653 φιλοτιμότερον
1795 3587 1928 3638 ἀπο-

352 3660 716 3726 δεικνύουσιν,
759 3665 834 3727 ὡς
883 3667 1106 3734 οἴονται,
1142 3671 1174 3739 ἡ
1205 3673 1314 3722 τῶν
1363 3673 1568 3742 ἀνδρῶν
1595 3674 1800 3728 τούτων
1841 3676 1930 3726 πί-

358 3767 475 3813 στις
507 3753 756 3820 φαίνεται
783 3772 795 3786 ·
817 3757 967 3825 ὅμως
989 3759 1045 3810 δὲ
1077 3762 1169 3812 καὶ
1198 3762 1253 3826 ἐξ
1285 3759 1360 3816 ὧν
1395 3762 1636 3832 λέγουσι,
1666 3766 1929 3834 σαφέστε-

363 3861 453 3912 ρον
490 3845 673 3930 αὑτοῖς
716 3847 925 3916 ῥήμασι
967 3849 1309 3919 δειχθήσεται
1337 3871 1349 3883 ·
1385 3857 1459 3918 ὡς
1492 3857 1557 3908 ἂν
1601 3859 1628 3910 ό
1653 3859 1763 3912 τῶν
1793 3879 1928 3929 προ-

315 3957 322 3962 λ
353 3937 618 3990 τεθέντων
677 3940 881 4003 σκοπὸς
911 3940 1288 4012 λαμπρότερον
1317 3947 1562 4018 ἀναφανῇ
1590 3991 1603 4011 ,
1665 3952 1758 4003 καὶ
1813 3954 1929 4021 ἅμα

359 4031 547 4100 μηδεὶς
603 4034 802 4097 αὐτοὺς
847 4037 1300 4104 συκοφαντεῖσθαι
1348 4039 1793 4111 ῆδιαὸάλλεσθαι
1843 4064 1927 4099 νο-

360 4122 512 4192 μὲσῃ.

427 4215 667 4282 Φανερδν
705 4216 807 4286 μέν
840 4217 932 4270 οὑν
961 4219 1024 4270 ἐκ
1055 4220 1155 4290 τῆς
1189 4223 1249 4284 ἐν
1287 4222 1364 4294 τῷ
1405 4224 1568 4295 Τόμῳ
1597 4227 1928 4295 ἀποφάσεως

360 4304 443 4356 ὅτι
469 4307 530 4358 οὑ
564 4308 692 4376 περὶ
715 4309 810 4378 τῆς
833 4309 1160 4381 διακρίσεως
1187 4312 1400 4383 ἐκείνης
1433 4318 1776 4386 προτιθέασι,
1808 4319 1928 4372 καθ’

357 4398 428 4469 ἢν
457 4401 484 4452 ό
515 4395 594 4462 είς
629 4401 760 4464 Θεὸς
791 4402 1116 4471 ἁφθέγκτως
1143 4409 1264 4469 ταῖς
1297 4407 1629 4463 ὑποστάσεσι
1661 4410 1932 4478 διακρίνε-

357 4508 488 4546 ται·
542 4494 788 4546 τουτέστι
846 4495 986 4547 κατὰ
1022 4497 1120 4558 τὰς
1153 4499 1304 4566 τρεῖς
1343 4499 1669 4561 ὑποστάσεις
1717 4503 1810 4557 καὶ
1861 4504 1928 4558 τὰ

360 4581 487 4651 τρία
536 4584 838 4653 πρόσωπα·
890 4583 982 4638 τοῦ
1014 4585 1228 4656 Πατρὸς
1265 4589 1358 4641 καὶ
1413 4591 1505 4643 τοῦ
1537 4591 1666 4644 Υἱοῦ
1693 4594 1803 4647 πκαὶ
1834 4593 1926 4646 τοῦ
1957 4580 2008 4639 Ῑ)

362 4673 520 4738 ἁγίου
561 4674 910 4742 Πνεύματος·
954 4676 1155 4745 μᾶλλον
1183 4679 1259 4742 δὲ,
1292 4679 1383 4731 τὸν
1429 4681 1648 4753 Πατέρα
1680 4685 1769 4736 καὶ
1802 4684 1932 4737 Υίὸν

361 4770 456 4820 καὶ
483 4768 542 4820 τὸ
572 4768 725 4835 ἅγιον
759 4769 1006 4838 Πνεῦμα,
1043 4773 1270 4842 ἐπείπερ
1303 4775 1334 4844 ἡ
1369 4775 1468 4844 μὲν
1503 4775 1633 4843 ἁγία
1676 4777 1845 4846 Τριὰς
1874 4779 1932 4830 ἓν

358 4861 475 4912 ἐστι
506 4863 736 4929 πρᾶγμα
779 4862 806 4914 ὅ
834 4863 889 4914 τί
923 4864 1054 4918 ποτέ
1092 4866 1208 4918 ἐστι
1249 4868 1340 4920 καὶ
1389 4867 1488 4938 μία
1520 4870 1706 4923 οὐσία⁹
1745 4871 1839 4924 καὶ
1867 4872 1928 4923 οὑ

358 4948 420 5001 τὸ
452 4951 550 5018 μὲν
585 4951 694 5004 τῶν
741 4953 1052 5022 προσώπων
1082 4955 1358 5028 ὑφέστηκε
1410 4958 1533 5012 καθ’
1563 4961 1745 5024 ἐαυτδ,
1782 4963 1842 5014 τὸ
1871 4961 1929 5015 δὲ

358 5043 457 5112 οὑχ
492 5044 800 5112 ὑφέστηκεν
825 5063 839 5077 ο
873 5047 994 5100 οὐδὲ
1034 5048 1095 5101 τὸ
1138 5050 1236 5119 μὲν
1278 5052 1545 5121 μεθεκτδν
1585 5054 1706 5108 καθ’
1745 5057 1930 5122 ἑαυτὸ,

357 5133 420 5185 τὸ
441 5133 496 5185 δέ
529 5133 832 5203 ἀμέθεκτον
853 5153 866 5166 ·
900 5139 992 5191 καὶ
1026 5140 1266 5209 παρίημι
1299 5141 1367 5194 τὰ
1396 5143 1588 5211 πλείω,
1623 5145 1658 5199 ἃ
1686 5149 1813 5219 περὶ
1837 5150 1931 5200 οὑ-

263 5270 272 5274 -
361 5224 481 5280 σίας
505 5225 600 5276 καὶ
631 5225 906 5293 ἐνεργείας
939 5226 1159 5294 λέγουσι
1189 5229 1582 5298 διακρίνοντες,
1610 5233 1685 5297 ὡς
1719 5235 1933 5305 δειχθή-

364 5331 518 5366 σεται
541 5331 554 5344 ο
586 5312 719 5366 ἀλλὰ
742 5316 880 5368 κατά
905 5333 1027 5369 τινα
1055 5315 1225 5387 ἄλλην
1251 5318 1525 5388 διάκρισιν
1553 5320 1932 5391 ὲπινοηθείσαν

361 5407 546 5468 αὐτοῖς
572 5423 584 5436 ·
619 5406 742 5459 καθ’
776 5407 840 5477 ἢν
881 5407 956 5471 ὡς
998 5407 1298 5477 βούλονται,
1331 5409 1670 5482 διακρίνεται
1716 5411 1877 5474 αὐτὸς
1905 5415 1932 5466 ὁ

357 5498 783 5565 τρισυπόστατος
817 5499 945 5562 Θεὸς
977 5500 1056 5561 είς
1091 5500 1277 5552 οὐσίαν
1309 5501 1401 5577 καςι
1441 5502 1719 5570 ἐνέργειαν
1747 5519 1758 5530 ·
1791 5504 1930 5573 μᾶλ-

358 5589 451 5644 λον
482 5591 537 5650 δὲ
568 5591 760 5644 οὐσίαν
787 5592 879 5645 καὶ
909 5593 1211 5663 ἐνεργείας.
1245 5594 1479 5665 Φανερὺν
1509 5595 1561 5647 δὲ
1592 5598 1684 5648 καὶ
1723 5597 1804 5650 ὅτι
1833 5596 1931 5668 τὴν

359 5684 644 5753 ἐνέργειαν
696 5685 902 5756 ταύτην
956 5687 1048 5740 καὶ
1101 5688 1343 5758 Θεότητά
1393 5705 1562 5756 φασι·
1620 5689 1820 5761 μᾶλλον
1873 5691 1928 5745 δὲ

434 5866 454 5898 ³
477 5865 668 5922 Matth.
732 5883 885 5931 xvut,
920 5864 1004 5926 i7.

2033 3304 2334 3376 operationi
2369 3305 2607 3357 enuinere
2632 3316 2692 3354 ac
2713 3301 3045 3369 superiorem
3069 3313 3211 3351 esse.
3229 3295 3475 3352 Sextum.
3503 3309 3608 3344 non

2034 3396 2344 3469 participari
2380 3396 2540 3452 Deum
2573 3395 2782 3448 ratione
2805 3391 3076 3453 essentize,
3109 3390 3200 3441 sed
3233 3388 3444 3440 ratione
3475 3400 3606 3451 ope-

2037 3475 2280 3547 rationis.
2321 3491 2396 3543 Ex
2457 3487 2718 3560 ejusmodi
2782 3501 2913 3538 sane
2949 3480 3359 3550 quaestionibus,
3388 3492 3524 3560 quas
3551 3484 3608 3528 et

2036 3584 2386 3642 luculentius,
2427 3592 2481 3632 ut
2512 3580 2610 3632 sibi
2649 3579 2920 3639 videntur,
2947 3576 3237 3626 ostendunt
3267 3586 3329 3623 ac
3357 3571 3604 3638 probant,

2037 3687 2280 3740 quaenam
2312 3673 2379 3723 sit
2399 3672 2624 3723 istorum
2651 3668 2927 3719 hominum
2949 3663 3080 3716 ﬁdes
3107 3671 3272 3730 patet;
3298 3665 3604 3728 quanquam

2038 3764 2198 3817 etiam
2228 3777 2290 3815 ex
2326 3763 2406 3813 liis
2439 3775 2555 3828 quae
2588 3759 2793 3819 dicunt,
2829 3755 2960 3824 ipsis
2995 3767 3179 3806 eorum
3221 3752 3420 3812 verbis,
3456 3765 3483 3800 a
3514 3763 3610 3800 no-

2040 3856 2120 3908 bis
2152 3852 2554 3906 tuOtislrandmtt
2587 3857 2673 3902 est
2710 3862 2724 3912 ;
2761 3861 2865 3915 quo
2916 3843 3194 3902 nimirum,
3241 3855 3427 3924 corum
3489 3852 3609 3902 quze

2039 3944 2310 4014 propesita
2336 3951 2480 4002 Simt,
2515 3951 2710 4006 scopus
2762 3934 2958 3995 clarius
3012 3932 3124 4002 ipse
3184 3931 3475 3989 eluccscat,
3509 3938 3610 3978 nec

2039 4041 2321 4110 quisquam
2361 4051 2452 4106 per
2473 4031 2798 4089 calumniam
2829 4027 3027 4097 aliquid
3049 4027 3125 4081 eis
3157 4040 3186 4079 a
3239 4023 3393 4077 nobis
3443 4017 3605 4089 objici

2040 4135 2360 4189 arbitretur.

2110 4224 2302 4294 Liquet
2319 4230 2594 4287 autem,ex
2607 4233 2668 4272 ea
2688 4233 2807 4288 quin
2825 4217 2876 4270 iu
2893 4213 3061 4268 Tomo
3080 4207 3604 4279 babetnr,sententia

2037 4334 2146 4374 non
2183 4313 2530 4386 proposuisse
2566 4325 2680 4372 eos,
2704 4310 2768 4363 de
2809 4307 2895 4362 illa
2925 4307 3298 4366 distinctione,
3337 4318 3442 4372 qua
3466 4319 3613 4359 unus

2038 4409 2207 4473 Deus,
2231 4406 2393 4461 nullis
2429 4403 2607 4458 verbis
2645 4399 3197 4471 explicabiliratioue,
3231 4395 3608 4466 liypostasibus

2040 4497 2601 4563 discernitur;tribus
2655 4493 2863 4546 scilicet
2921 4488 3289 4545 subsistentiis
3339 4501 3400 4540 ac
3437 4484 3610 4538 tribus

2035 4586 2304 4664 personis.
2342 4588 2520 4642 Patris
2565 4596 2618 4639 et
2671 4583 2791 4638 Filii
2822 4591 2876 4637 et
2914 4583 3150 4652 Spiritus
3208 4578 3380 4633 sancti
3419 4593 3434 4640 ;
3477 4577 3605 4646 quin

2036 4687 2216 4758 potius
2246 4683 2404 4736 Patre
2439 4689 2491 4734 et
2519 4676 2656 4732 Filio
2693 4685 2746 4732 et
2776 4674 2980 4744 Spiritu
3013 4680 3227 4735 sancto,
3271 4666 3611 4739 quandoqui-
3694 4678 3703 4687 ‘

2037 4783 2157 4833 dem
2177 4784 2359 4832 sancta
2391 4771 2635 4826 Trinitas
2667 4785 2769 4822 una
2795 4781 2880 4820 res
2910 4775 2993 4821 est
3022 4774 3362 4833 quaecunque
3389 4762 3604 4814 tandem

2041 4869 2130 4923 illa
2168 4871 2258 4930 sit,
2280 4880 2495 4934 unaque
2527 4860 2791 4924 essentia;
2829 4872 2928 4911 nec
2949 4869 3299 4926 personarum
3354 4852 3455 4904 alia
3488 4850 3610 4922 qui-

2037 4960 2157 5015 dem
2189 4974 2284 5027 per
2301 4973 2362 5012 se
2382 4953 2624 5010 subsistit
2648 4964 2882 5018 vereque
2902 4955 3005 5013 est,
3032 4945 3133 5000 alia
3158 4960 3259 4999 non
3286 4958 3378 5010 per
3403 4956 3460 4996 se
3483 4943 3613 4998 sub-

2038 5051 2188 5108 sistit
2222 5064 2320 5104 nec
2350 5058 2433 5104 est
2461 5061 2622 5102 vere:
2656 5044 2737 5098 vel
2760 5043 2864 5096 alia
2899 5041 2980 5094 sui
3007 5040 3121 5110 ipsa
3150 5037 3360 5092 ratione
3387 5038 3611 5107 partici-

2036 5139 2226 5209 pabilis
2256 5146 2359 5202 est,
2399 5135 2501 5188 alia
2527 5149 2589 5186 ex
2615 5147 2672 5186 se
2694 5129 3003 5200 participari
3025 5143 3128 5181 non
3154 5134 3350 5195 postet.
3385 5124 3610 5192 Aliaqne

2038 5230 2313 5301 complura
2343 5229 2504 5282 missa
2527 5224 2689 5290 facio,
2713 5239 2831 5289 quae
2849 5223 2915 5276 de
2944 5220 3174 5276 essentia
3203 5228 3255 5270 et
3285 5217 3608 5284 Operatioue

2036 5318 2756 5392 loquuntur,distinguendo
2806 5330 2869 5369 ac
2923 5315 3301 5375 tliSeerneudo,
3343 5317 3399 5360 ut
3459 5321 3610 5357 tuon-

2035 5417 2299 5472 strabitur
2329 5429 2345 5479 ;
2379 5411 2472 5466 sed
2529 5409 2825 5464 secundum
2856 5405 3015 5460 aliam
3085 5403 3484 5457 distinctionem
3546 5408 3610 5445 ac

2040 5506 2447 5567 discretionem,
2480 5501 2635 5570 cujus
2689 5498 2790 5566 ipsi
2856 5508 3103 5550 auctores
3149 5491 3417 5545 cx~istuut
3454 5501 3469 5536 :
3504 5499 3607 5552 qua

2042 5600 2249 5669 utique,
2277 5605 2333 5650 ut
2360 5596 2432 5649 illi
2463 5594 2804 5651 existimant,
2840 5589 2954 5656 ipse
2985 5590 3122 5638 licus
3154 5583 3290 5630 trlue
3308 5573 3608 5630 subsiswns

2041 5692 2094 5748 in
2115 5691 2408 5750 essentiam
2441 5682 2890 5758 etoperatiOnem
2939 5677 2958 5748 (
2995 5688 3086 5727 seu
3119 5669 3288 5740 magis
3330 5669 3382 5722 in
3419 5681 3604 5721 essen-
