4114 6306
509 407 614 470 3i5

1778 410 2178 471 MANUELIS
2217 408 2519 470 CALECrE

3648 406 3785 472 διο

504 531 884 583 occurrerunt.
931 521 1037 578 Nec
1073 525 1213 579 enim
1256 524 1343 580 hie
1386 525 1540 582 nobis
1572 530 1880 596 propositus
1928 527 2071 592 linis,

2199 525 2420 593 ιεὶμενοι
2443 524 2708 591 δόγμασιν
2730 524 3053 595 εὑρέθησαν.
3078 524 3152 577 Οὑ
3177 522 3285 592 γάρ
3307 522 3606 578 ἐκτεθείναι
3627 528 3774 580 πάν-

512 620 568 663 ιιι
622 624 813 666 omnes
890 613 1377 683 impratsentiarum
1435 630 1926 685 reprmsentemus;
1979 620 2074 672 sed

510 716 771 769 quantum
794 703 1023 769 sufﬁcit,
1068 716 1126 760 ut
1169 722 1357 761 eorum
1388 707 1735 775 impudentia:
1788 694 2073 763 audaciam

512 805 577 844 ae
634 793 1354 865 temeritatem,novatzeque
1402 796 1525 852 fidei
1571 799 1776 853 crimen
1814 798 2072 853 ostenda-

514 895 653 944 mus,
708 896 815 949 quo
868 885 1125 939 nimirum
1171 890 1831 957 uuumperfectissimum
1868 887 2077 957 simpli-

513 972 902 1043 cissimumque
975 976 1142 1031 Deum
1229 978 1284 1031 in
1339 991 1594 1033 sexcenta
1626 1018 1643 1045 ,
1698 994 1970 1049 parvaque
2023 989 2078 1035 et

519 1078 754 1131 magna,
809 1066 997 1135 sicque
1043 1068 1294 1133 diversa,
1358 1071 1690 1137 diviserunt;
1749 1080 1804 1126 et
1864 1071 1932 1125 ad
1984 1087 2077 1125 eo-

518 1169 632 1206 rum
707 1155 1051 1227 blasphemite
1124 1159 1451 1227 prodendam
1524 1162 1855 1227 falsitatem,
1930 1163 2075 1231 quod

514 1258 639 1295 cum
687 1246 800 1299 haec
846 1247 1057 1315 aliaque
1089 1249 1207 1317 ejus
1253 1251 1466 1319 generis
1526 1254 1827 1305 damnanda
1869 1252 2084 1305 temeri-

518 1341 628 1409 tate
691 1334 839 1388 circa
884 1336 1050 1389 Deum
1092 1350 1446 1405 praesumant,
1506 1351 1694 1409 postea
1745 1341 2080 1405 inliciantur,

520 1422 726 1490 liiisque
763 1424 862 1477 hac
916 1426 967 1479 in
1009 1437 1163 1496 parte
1196 1432 1514 1496 ascribunt,
1572 1448 1799 1501 quorum
1841 1432 1914 1485 illi
1958 1429 2085 1499 jure

523 1512 597 1565 rei
636 1522 958 1581 teneantur;
992 1518 1058 1572 ad
1095 1520 1297 1574 erroris
1338 1521 1463 1575 item
1495 1523 1915 1592 magnitudinem
1947 1537 2082 1590 pau-

517 1604 599 1659 cis
628 1606 697 1660 ob
744 1608 928 1661 oculos
974 1613 1305 1679 ponendam,
1342 1612 1409 1665 iis
1449 1612 1540 1679 qui
1588 1614 1893 1678 ignorantia
1931 1613 2087 1666 labo-

521 1705 663 1760 rant,
727 1705 785 1750 ut
835 1701 1104 1766 noverint,
1156 1716 1340 1771 quam.
1382 1703 1751 1772 imprudentes
1809 1704 1966 1757 fidem
2008 1713 2088 1756 te-

519 1794 705 1851 neant,
762 1795 815 1841 et
863 1788 915 1842 in
970 1791 1112 1860 quod
1167 1792 1471 1859 periculum
1537 1796 1737 1847 animae
1783 1796 2089 1862 praecipites

2181 634 2276 679 τις
2296 615 2529 669 ἐνταῦθα
2560 617 2828 685 προύτέθη
2848 618 3068 683 σκοπὸς,
3088 616 3205 670 ἀλλ’
3224 618 3347 669 ὅσον
3370 618 3465 687 τῆς
3485 619 3771 683 ἀναιδείας

2184 706 2365 760 αὐτῶν
2384 706 2481 774 τὴν
2506 706 2714 775 τόλμην
2750 712 2843 760 καὶ
2871 707 2969 776 τὴν
2994 707 3346 775 καινοτομίαν
3374 708 3711 773 ἐνδείξασθαι
3743 726 3762 742 ·

2183 798 2307 851 καθ’
2324 799 2391 867 ἠν
2403 800 2493 851 τὸν
2508 799 2604 851 ἕνα
2620 799 2715 852 καὶ
2731 799 3084 862 τελειότατον,
3102 801 3195 854 καὶ
3215 800 3585 853 ἁπλούστατον
3597 800 3764 864 Θεὸν,

2181 891 2261 952 εἰς
2296 890 2485 959 μυρία,
2508 891 2681 960 μικρά
2698 907 2757 942 τε
2783 892 2875 944 καὶ
2893 891 3122 959 μεγάλα,
3147 891 3242 944 καὶ
3261 889 3404 945 οὕτω
3427 890 3768 959 διαφέροντα.

2183 982 2402 1042 διεῖλον,
2462 981 2726 1050 καὶπρὸς
2772 981 2833 1034 τὸ
2885 983 2983 1050 τῆς
3028 981 3379 1051 βλασφημίας
3450 981 3764 1049 ἐκκαλύψαι

2182 1073 2245 1127 τὸ
2276 1072 2470 1135 ψεῦδος
2492 1089 2507 1103 ·
2537 1073 2660 1124 ἐπεὶ
2710 1072 2887 1127 ταῦτα
2930 1074 3022 1125 καὶ
3068 1071 3292 1127 τοιαῦτα
3310 1075 3439 1142 περὶ
3495 1072 3586 1125 τοῦ
3618 1073 3761 1125 Θεοῦ

2144 1230 2147 1231 ν
2185 1165 2515 1233 τολμῶντες,
2551 1164 2742 1217 ἔπειτα
2773 1165 3087 1234 ἀρνοῦνται,
3120 1165 3349 1217 κάκεῖνα
3375 1167 3488 1226 τοῖς
3541 1165 3765 1217 εὐσεϐέ-

2189 1271 2275 1312 etv
2333 1256 2392 1307 ὲν
2451 1255 2628 1322 τούτῳ
2678 1255 2754 1322 τῷ
2823 1255 2981 1324 μέρει
3040 1256 3410 1317 ἀνατιθέασιν,
3467 1249 3549 1316 οἷς
3606 1256 3764 1308 αὑτοὶ

2184 1345 2408 1407 δικαίως
2445 1346 2658 1413 ἔχονται
2676 1362 2694 1379 ο
2735 1348 2829 1400 καὶ
2865 1346 2929 1417 δὴ
2957 1347 3050 1398 καὶ
3080 1346 3215 1416 πρὸς
3250 1346 3311 1399 τὸ
3340 1346 3441 1415 τῆς
3465 1346 3671 1416 πλάνης
3693 1347 3759 1398 τὸ

2190 1435 2422 1505 μέγεθος
2453 1440 2563 1499 τοῖς
2599 1437 2886 1505 ἀγνοοῦσιν
2917 1439 3008 1489 ὑπ’
3031 1437 3153 1507 ὄψιν
3173 1438 3231 1503 ἐξ
3259 1438 3453 1507 ὀλίγων
3506 1439 3769 1509 ἀγαγεῖν,

2187 1525 2261 1588 ὡς
2300 1527 2365 1579 ἂν
2398 1529 2575 1595 γνοῖεν
2609 1527 2728 1579 οἵαν
2772 1528 2953 1580 πίστιν
3001 1530 3323 1598 κατέχοντες
3354 1530 3631 1596 ἀγνοοῦσι,
3669 1540 3763 1583 καὶ

2162 1618 2266 1685 ,είς
2290 1617 2407 1669 ὅλον
2449 1618 2691 1670 κίνδυνον
2764 1617 2942 1688 ψυχῆς
3016 1619 3436 1691 καταφέρονται,
3487 1616 3598 1685 οἶός
3646 1624 3761 1676 ἐστι

2191 1704 2452 1766 κάκεῖνος
2485 1705 2585 1774 τῆς
2634 1707 2900 1775 διαφορᾶς
2948 1711 2975 1761 ὁ
3033 1710 3254 1779 τρόπος,
3311 1711 3368 1774 ὃς
3397 1713 3547 1765 οὐδὲν
3596 1710 3760 1785 ἧττον

2195 1794 2512 1864 ῥηθήσεται,
2548 1796 2677 1866 πρὸς
2714 1796 2937 1869 ἔνδειξιν
2960 1800 3054 1852 τοῦ
3089 1800 3169 1853 ὅτι
3215 1801 3311 1853 καὶ⁸
3365 1802 3516 1858 ἀλλοι
3548 1806 3769 1868 πλείους-

523 1885 699 1940 ruant,
733 1879 1036 1946 cuiusmodi
1057 1891 1139 1938 est
1178 1890 1232 1940 et
1274 1884 1365 1940 ille
1408 1885 1775 1940 distinctionis
1804 1888 1994 1940 modus
2015 1924 2030 1949 ,
2060 1900 2088 1937 a

2199 1884 2373 1952 ὅμοιοι
2405 1889 2535 1959 παρ’
2574 1891 2781 1955 αὑτοῖς,
2807 1891 2881 1953 ὡς
2906 1892 3145 1961 εἴρηται,
3185 1895 3344 1949 εἰσίν.

523 1967 677 2026 nobis
721 1972 1073 2030 nihilominus
1131 1976 1418 2046 dicendus,
1462 1979 1528 2033 ad
1572 1978 1910 2051 probandum
1953 1978 2083 2032 alios
2124 1967 2337 2047 quoque
2373 1979 2557 2047 plures
2640 1980 2950 2037 istiusmodi
3001 1985 3143 2053 apud
3194 1984 3348 2050 illos,
3415 1989 3492 2041 uti
3565 1988 3761 2043 dictum

519 2070 600 2114 est
615 2099 629 2124 ,
662 2071 903 2118 exstare.

593 2149 725 2206 Nam
767 2154 867 2209 hoc
910 2172 1129 2227 quoque
1162 2158 1382 2213 effutire
1433 2159 1553 2214 ausi
1611 2169 1762 2224 sunt,
1795 2158 2094 2215 essentiam

522 2244 739 2312 quidem
776 2247 858 2299 sui
893 2248 1103 2301 ratione
1157 2248 1517 2302 immortalem
1546 2262 1691 2312 esse,
1730 2248 2100 2317 operationem

522 2352 674 2400 vero,
704 2339 913 2393 ratione
959 2339 1181 2407 quidem
1226 2340 1502 2407 essentiaz,
1539 2322 2097 2398 essedmmortalem:

525 2429 618 2484 sui
651 2438 830 2482 autem
867 2430 1098 2493 ratione,
1125 2430 1394 2499 νέκρωσιν
1424 2432 1601 2499 (quasi
1640 2431 1793 2485 dicas
1819 2468 1836 2494 ,
1872 2430 2105 2483 mortifi-

525 2519 798 2573 cationem
832 2536 897 2575 ac
940 2522 1133 2576 mortis
1172 2521 1496 2589 auctorem).
1550 2521 1639 2575 Ait
1678 2537 1909 2589 namque
1941 2520 2099 2574 Pala-

531 2625 668 2675 mas,
698 2609 749 2662 in
785 2610 924 2664 libro
963 2609 1039 2664 De
1076 2611 1256 2665 divina
1298 2623 1347 2664 et
1398 2612 1589 2681 dei/ica
1645 2612 2055 2680 participatione
2087 2626 2104 2663 :

526 2698 622 2755 Sin
653 2712 826 2755 autem
857 2702 939 2757 illi
977 2720 1070 2773 per
1100 2703 1237 2757 hunc
1273 2705 1485 2759 modum
1525 2713 1572 2757 et
1625 2704 1996 2761 immortaliter
2038 2703 2112 2757 vi-

536 2802 659 2847 vunt
714 2803 761 2846 et
812 2795 1143 2861 moriuntur,
1198 2798 1456 2867 multique
1500 2798 1589 2867 qui
1636 2814 1741 2851 wvo
1777 2797 1872 2851 hoc
1910 2798 2107 2862 vivunt,

539 2887 733 2938 mortui
760 2897 904 2953 sunt,
937 2890 1014 2942 uti
1048 2890 1275 2944 ostendit
1302 2890 1392 2956 qui
1422 2891 1541 2943 vita
1572 2906 1633 2942 ac
1673 2890 1854 2942 mortis
1909 2887 2111 2940 arbiter

529 2977 722 3043 est;ﬁt
758 2994 880 3047 ergo
913 2991 965 3032 ut
998 2991 1044 3033 et
1074 2980 1255 3034 Deitas
1277 2982 1615 3048 mortiﬁcatio
1638 2998 1698 3033 ac
1718 2982 1903 3033 mortis
1925 2988 2111 3035 auctor

530 3071 771 3133 exsistat,
815 3087 930 3122 cum
949 3087 1042 3138 per
1072 3082 1320 3125 naturam
1349 3071 1662 3125 immortalis
1695 3082 1935 3123 maneat.

603 3158 930 3214 Conclusam
984 3161 1163 3228 itaque
1193 3172 1298 3224 est,
1329 3176 1436 3214 non
1485 3161 1722 3225 aliunde,
1762 3163 1857 3215 sed
1904 3176 1970 3214 ex
2026 3161 2106 3216 eis

530 3264 653 3317 quae
685 3247 897 3314 publice
927 3251 1185 3319 synodica
1228 3252 1981 3321 coguitionepromulgarunt
2002 3290 2020 3317 ,
2053 3260 2107 3305 et

531 3346 597 3396 ad
634 3342 756 3397 fidei
784 3341 1069 3398 formulam
1117 3359 1179 3425 ac
1230 3342 1631 3399 confessionem
1663 3343 2105 3409 conscripserunt

533 3448 598 3489 ac
653 3434 1036 3500 crediderunt;
1092 3417 1338 3505 quinimo
1388 3437 1640 3500 credunt,
1693 3445 1856 3504 atque
1880 3450 1971 3490 eos
2005 3412 2168 3504 quiC

534 3544 638 3581 non
672 3527 802 3595 ipsis
822 3532 1048 3583 credunt
1078 3544 1141 3584 ac
1179 3545 1383 3584 morem
1429 3538 1657 3596 gerunt,
1704 3530 1839 3584 diris
1874 3529 2102 3599 publicis

534 3618 827 3684 subjiciunt
854 3636 868 3686 ;
897 3635 1015 3675 esse
1039 3621 1291 3675 nimirum
1330 3622 1382 3676 in
1425 3621 1535 3677 Deo
1563 3622 1970 3678 distinctionem
2024 3622 2103 3675 di-

534 3713 677 3767 vime
700 3714 949 3768 essentia:
978 3725 1032 3768 et
1055 3714 1249 3769 divina}
1278 3715 1629 3783 operationis,
1658 3730 1818 3784 quam
1842 3731 1938 3782 per
1961 3716 2103 3769 hunc

537 3800 649 3857 fere
683 3805 898 3858 modum
921 3804 1262 3873 eXplicarunt
1296 3823 1309 3859 :
1341 3805 1493 3869 Quod
1548 3807 1599 3858 in
1635 3806 1746 3859 Deo
1805 3806 1949 3859 aliud
1983 3804 2103 3873 qui-

534 3897 654 3950 dem
678 3906 759 3950 est
804 3897 892 3950 Dei
918 3897 1151 3950 essentia
1175 3936 1191 3961 ,
1217 3896 1359 3950 aliud
1406 3906 1588 3950 autem
1638 3912 1743 3950 non
1777 3908 1859 3951 est
1903 3897 1991 3949 Dei
2020 3912 2107 3951 es-

535 3988 941 4055 sentia;atque
992 3988 1137 4041 aliud
1189 3987 1410 4055 quidem
1480 3998 1563 4041 est
1615 3987 1754 4039 trine
1800 3986 2105 4042 subsistens

538 4090 751 4141 natura,
795 4077 940 4129 aliud
999 4078 1179 4130 autelu
1236 4092 1340 4129 non
1385 4086 1466 4129 est
1496 4076 1839 4129 subsistentia
1868 4093 1960 4130 seu
1988 4093 2103 4145 per-

534 4183 713 4233 sona;
758 4167 903 4221 aliud
928 4168 1110 4232 habet,
1146 4168 1289 4221 aliud
1320 4168 1579 4233 habetur;
1611 4169 1755 4223 aliud
1794 4184 1958 4224 unum
1998 4178 2102 4235 est,

536 4258 683 4312 aliud
725 4256 1009 4311 multitudo
1039 4274 1054 4323 ;
1083 4256 1229 4311 aliud
1286 4268 1475 4311 auctor
1525 4267 1607 4313 est
1641 4269 1696 4313 et
1728 4275 1926 4325 causa,
1960 4260 2104 4315 aliud

537 4353 680 4420 quod
734 4352 801 4407 ab
824 4359 1045 4405 auclore
1067 4360 1117 4406 et
1152 4367 1315 4406 causa
1366 4361 1486 4419 est;
1540 4352 1681 4406 aliud
1722 4364 1804 4406 est
1850 4370 2103 4422 operans,

538 4446 682 4501 aliud
713 4457 1024 4514 operatum;
1068 4446 1211 4500 aliud
1249 4447 1387 4515 quod
1434 4445 1743 4515 insignitur,
1792 4447 1939 4502 aliud
1975 4448 2106 4501 insi-

537 4541 766 4607 gniens;
824 4540 966 4594 aliud
1021 4540 1494 4607 imparticipabile,
1547 4540 1693 4594 aliud
1722 4539 1864 4608 quod
1887 4539 2108 4608 partici-

538 4632 650 4697 pari
706 4640 925 4699 potest;
989 4632 1133 4686 aliud
1176 4631 1505 4686 indivisibile
1538 4672 1552 4698 ,
1610 4632 1753 4685 aliud
1802 4630 2100 4694 divisibile;

2274 2158 2615 2229 Τετόλμηται
2644 2161 2751 2229 γὰρ
2787 2163 2881 2216 καί
2920 2162 3098 2229 τοῦτο,
3131 2166 3213 2223 ὅτι
3249 2166 3285 2234 ἠ
3309 2166 3411 2236 μὲν
3436 2167 3597 2225 οὐσία
3638 2168 3776 2222 ἀθά-.

2207 2252 2367 2312 νατός
2396 2252 2511 2304 ἐστι
2564 2252 2636 2305 δι’
2657 2254 2860 2321 ἑαυτήν
2885 2269 2899 2285 ⁸
2932 2256 2965 2323 ἠ
2988 2255 3032 2306 δ’
3053 2258 3328 2325 ἐνέργεια,
3380 2257 3469 2311 διὰ
3527 2259 3629 2328 μὲν
3672 2261 3764 2327 τὴν

2202 2340 2391 2394 οὑσίαν
2425 2342 2728 2406 ἀθάνατος,
2780 2344 2847 2397 δι’
2898 2345 3097 2416 ἑαυτὴν
3166 2346 3224 2399 δὲ
3305 2348 3594 2417 νέκρωσις.
3663 2349 3765 2402 Καί

2206 2446 2340 2499 φησι
2375 2432 2639 2499 Παλαμᾶς
2670 2435 2727 2485 ὲν
2760 2435 2837 2504 τῷ
2900 2438 3038 2503 Περὶ
3098 2438 3263 2501 θείας
3340 2439 3440 2493 καί
3496 2440 3777 2493 θεοποιοῦ-

2199 2522 2513 2590 μεθέξεως,
2543 2528 2608 2585 El
2637 2526 2702 2578 δ’
2728 2528 2941 2582 ἐκεῖνοι
2974 2530 3186 2583 τοῦτον
3230 2532 3336 2584 τὸν
3394 2533 3615 2599 τρόπον
3668 2532 3769 2585 καί

2208 2609 2386 2671 ζῶσιν
2407 2612 2673 2669 ἀθάνατα
2705 2617 2802 2670 καί
2836 2618 3184 2685 τεθνήκασι,
3225 2621 3321 2674 καί
3380 2622 3596 2674 πολλοὶ
3651 2621 3769 2674 τῶν

2205 2702 2467 2759 ἐνταῦθα
2526 2705 2755 2766 ζῶν-των
2800 2710 3023 2776 νεκροὶ,
3054 2710 3317 2779 καθάπερ
3394 2715 3429 2765 ό
3478 2712 3622 2778 ζωῆς
3665 2712 3770 2765 καί

2209 2797 2467 2852 θανάτου
2510 2800 2715 2867 κύριος
2762 2801 3016 2869 ἔδειξεν,
3056 2803 3229 2858 ἔστιν
3261 2804 3372 2870 ἄρα
3412 2805 3507 2856 καὶ
3554 2805 3762 2871 θεότης

2207 2890 2518 2971 νέκρωσις,
2551 2892 2851 2959 ἀθάνατος
2876 2893 3025 2951 κατὰ
3048 2896 3241 2965 φύσιν
3273 2895 3566 2966 μένουσα.

2282 3161 2757 3230 Συνῆκταιτοίνυν
2783 3163 2883 3216 οὑκ
2920 3163 3162 3229 ἄλλοθεν,
3209 3163 3327 3217 ἀλλ’
3378 3164 3436 3230 ἐξ
3483 3156 3558 3217 ὧν
3603 3163 3773 3232 δημοο

2215 3252 2306 3322 alq.
2369 3254 2661 3315 σννοδικῶς
2712 3253 3083 3323 ἀπεφήναντο,
3153 3258 3246 3308 καὶ
3282 3258 3362 3317 εἰς
3400 3256 3617 3309 ἔκθεσιν
3684 3254 3772 3309 καὶ

2214 3341 2503 3410 ὁμολογίαν
2558 3332 2794 3407 πίστεως
2855 3344 3169 3414 ἀνέγραψαν
3243 3346 3335 3396 καὶ
3403 3343 3762 3403 ἐπίστευσαν,

2205 3433 2405 3502 μᾶλλον
2458 3434 2515 3487 δὲ
2572 3435 2909 3502 πιστεύουσι,
2969 3439 3063 3490 καὶ
3106 3438 3233 3500 τοὺς
3292 3435 3366 3506 μὴ
3419 3437 3768 3507 πειθομένους

2205 3525 2364 3594 ἀραῖς
2391 3525 2666 3593 ὑπάγουσι
2689 3526 2996 3595 δημοσίαις,
3032 3527 3287 3586 ὃτιέστιν
3317 3526 3411 3578 ἐπὶ
3466 3527 3604 3581 Θεοῦ
3666 3527 3772 3579 δια-

2204 3617 2347 3687 φορὰ
2387 3618 2537 3681 θείας
2560 3619 2747 3681 οὐσίας
2777 3621 2870 3671 καὶ
2892 3607 3041 3680 θέίας
3060 3621 3368 3689 ἐνεργείας,
3397 3618 3589 3671 τοῦτον
3620 3635 3779 3688 προε-

2204 3711 2505 3779 νηνεγμένη
2540 3711 2629 3763 τὸν
2659 3711 2859 3779 τρόπον
2886 3712 2967 3762 ὅτι
3000 3711 3092 3763 ἐπὶ
3118 3710 3250 3763 Θεοῦ
3298 3710 3358 3762 τὸ
3391 3711 3490 3779 μὲν
3546 3711 3694 3762 ἐστιν
3741 3712 3772 3777 ὴ

2204 3801 2361 3854 οὐσία
2390 3801 2479 3855 τοῦ
2505 3802 2664 3867 Θεοῦ,
2695 3802 2754 3855 τὸ
2794 3800 2839 3854 δ’
2877 3804 2977 3855 οὑκ
3006 3801 3154 3854 ἔστιν
3184 3805 3217 3871 ἡ
3252 3802 3409 3855 οὐσία
3444 3802 3539 3855 τοῦ
3602 3801 3736 3855 Θεοῦ
3757 3816 3771 3831 ο

2206 3891 2299 3945 καὶ
2329 3891 2523 3960 τὸνμὲν
2557 3890 2703 3945 ἐστιν
2727 3893 2759 3962 ἡ
2785 3893 3219 3962 τρισυπόστατος
3250 3896 3449 3959 φύσις,
3489 3892 3552 3944 τὸ
3585 3891 3632 3944 δ’
3678 3892 3778 3944 οὑκ

2206 3980 2354 4032 ἔστιν
2379 3981 2679 4043 ὑπόστασις
2699 3998 2712 4011 ·
2752 3982 2926 4035 καὶτὸ
2958 3981 3057 4050 μὲν
3091 3982 3226 4052 ἔχει,
3260 3982 3320 4034 τὸ
3351 3981 3397 4034 δ’
3429 3981 3610 4051 ἔχεται
3634 3999 3645 4011 ·
3681 3983 3779 4032 καὶ

2205 4070 2264 4128 τὸ
2297 4072 2393 4139 μὲν
2424 4070 2505 4135 ἓν,
2544 4072 2603 4124 τὸ
2642 4072 2698 4125 δὲ
2740 4074 2982 4140 πλῆθος
3014 4074 3197 4128 καὶτὸ
3251 4075 3355 4143 μὲν
3404 4075 3597 4136 αι’τιον,
3650 4071 3709 4124 τὸ
3729 4070 3776 4123 δ’

2207 4163 2448 4221 αἰτιατόν
2471 4178 2483 4191 ·
2522 4165 2694 4217 καὶτὸ
2728 4165 2827 4233 μὲν
2862 4166 3141 4235 ἐνεργοῦν,
3175 4166 3235 4217 τὸ
3263 4166 3309 4219 δ’
3338 4164 3735 4236 ὲνερχοὺμενον
3759 4180 3776 4195 ’

2207 4260 2302 4313 καὶ
2330 4262 2391 4313 τὸ
2422 4262 2522 4331 μὲν
2553 4263 3116 4332 χαρακτηριζὸμενον,
3145 4263 3207 4316 τὸ
3234 4263 3291 4317 δὲ
3322 4259 3730 4333 χαρακτηρίζον
3755 4275 3775 4293 ⁶

2207 4350 2386 4407 καὶτὸ
2419 4352 2516 4421 μὲν
2550 4352 2875 4422 ἀμέθεκτον,
2898 4353 2958 4405 τὸ
2980 4352 3035 4407 δὲ
3068 4352 3363 4423 μεθεκτόν’
3427 4353 3523 4406 καὶ
3550 4353 3610 4408 τὸ
3664 4353 3767 4422 μὲν

2208 4443 2523 4513 ἀμέριστον,
2556 4444 2618 4498 τὸ
2655 4444 2713 4497 δὲ
2769 4445 3023 4514 μεριστάν
3046 4462 3059 4475 ο
3123 4445 3299 4499 καὶτὸ
3329 4446 3431 4515 μὲν
3471 4444 3777 4513 ἀνώνυμον,

2206 4536 2267 4588 τὸ
2290 4537 2346 4590 δὲ
2366 4537 2766 4608 ὀνομαζόμενον
2796 4553 2810 4567 ’
2831 4539 2924 4592 καὶ
2953 4539 3013 4591 τὸ
3050 4539 3149 4608 μὲν
3185 4539 3566 4609 ἀπερινόητον,
3596 4537 3661 4590 τὸ
3720 4535 3779 4591 δὲ

2209 4629 2501 4699 νοούμενον
2526 4631 2675 4683 ’,καί
2704 4629 2764 4685 τὸ
2795 4628 2895 4698 μὲν
2928 4630 3183 4701 ἀόρατον,
3225 4631 3285 4683 τὸ
3308 4629 3363 4683 δὲ
3394 4629 3586 4698 ὁρατόν
3611 4642 3628 4658 ⁶
3686 4627 3782 4679 καὶ

538 4720 682 4773 aliud
710 4723 943 4776 nominis
978 4737 1193 4791 expers,
1227 4723 1373 4778 aliud
1403 4724 1548 4792 quod
1582 4722 1925 4785 nominatur;
1958 4721 2098 4775 aliud

2209 4722 2269 4778 τὸ
2301 4723 2400 4791 μὲν
2423 4721 2705 4792 ἀκίνητον,
2734 4720 2799 4775 τὸ
2836 4721 2893 4774 δὲ
2920 4721 3139 4792 κίνησις
3166 4738 3180 4753 ο
3205 4722 3300 4775 καὶ
3331 4721 3394 4774 τὸ
3451 4720 3554 4788 μὲν
3617 4721 3780 4788 ἄσχε-

539 4813 685 4866 nullo
716 4816 913 4871 mentis
942 4817 1181 4886 cegitatu
1226 4814 1582 4884 perceptibile
1607 4852 1623 4877 ,
1663 4812 1807 4865 aliud
1842 4815 1987 4881 quod
2025 4814 2103 4869 in-

540 4904 849 4973 telligatur;
915 4906 1059 4959 aliud
1111 4905 1415 4969 invisibile,
1467 4904 1617 4959 aliud
1676 4902 2105 4969 visibile;aliud

540 4995 839 5059 inunobile,
900 4995 1048 5048 aliud
1104 5006 1323 5059 motus;
1381 4993 1525 5047 aliud
1578 4993 1913 5058 abSolutum,
1958 4994 2105 5049 aliud

543 5084 760 5138 affectio
784 5102 878 5139 seu
915 5085 1138 5141 habitus
1169 5102 1234 5141 ac
1266 5086 1525 5142 habitudo
1550 5102 1564 5152 ;
1591 5086 1736 5141 aliud
1763 5088 2106 5151 inimitabile,

539 5178 687 5230 aliud
714 5178 986 5244 imitatio;
1020 5180 1169 5235 aliud
1208 5182 1379 5248 prius,
1419 5182 1564 5233 aliud
1602 5183 1866 5248 posterius
1900 5199 1916 5248 ;
1959 5181 2102 5236 aliud

539 5270 794 5339 superius
819 5313 832 5335 ,
868 5271 1012 5325 aliud
1046 5272 1312 5337 inferius;
1359 5286 1522 5341 atque
1567 5275 1713 5328 aliud
1749 5275 2005 5341 quidem,
2048 5282 2108 5327 ut

539 5366 834 5421 secundum
879 5375 1161 5430 naturam,
1194 5367 1387 5434 praeit,
1442 5366 1588 5420 aliud
1622 5383 1784 5430 vero,
1826 5378 1877 5418 ιιι
1916 5377 2107 5434 praeter

542 5471 811 5522 naturam,
845 5457 1111 5525 sequitur,
1140 5473 1234 5511 seu
1292 5457 1365 5510 illi
1406 5472 1587 5511 eomes
1620 5468 1699 5510 est
1738 5474 1750 5509 :
1795 5472 1858 5510 ae
1887 5457 2103 5524 quidem

2209 4832 2324 4879 τον,
2358 4817 2419 4869 τὸ
2443 4815 2501 4868 δὲ
2564 4816 2790 4885 σχέσις·
2832 4816 2927 4871 καὶ
2970 4819 3031 4869 τὸ
3104 4814 3205 4885 μὲν
3258 4814 3554 4884 ἀμίμητον,
3612 4813 3674 4866 τὸ
3723 4812 3782 4866 δὲ

2212 4906 2471 4976 μίμησις·
2504 4906 2597 4959 καὶ
2629 4907 2691 4958 τὸ
2732 4906 2833 4975 μὲν
2860 4906 3147 4975 πρότερον,
3185 4905 3245 4957 τὸ
3285 4904 3343 4959 δὲ
3369 4903 3625 4973 δεύτερον
3645 4920 3659 4934 ·
3687 4900 3783 4954 καὶ

2208 4996 2270 5049 τὸ
2305 4997 2402 5063 μὲν
2436 4995 2726 5065 ἀνώτερον,
2762 4996 2822 5048 τὸ
2847 4995 2903 5049 δὲ
2935 4995 3276 5066 κατώτερον·
3320 4996 3415 5047 καὶ
3456 4994 3517 5046 τὸ
3553 4994 3674 5062 μὲν,
3702 4989 3779 5053 ὡς

2210 5085 2267 5138 τὸ
2298 5086 2436 5140 κατά
2465 5085 2648 5154 φύσιν,
2679 5091 3000 5157 προηγεῖται
3028 5126 3043 5152 ,
3114 5088 3176 5141 τὸ
3225 5088 3270 5141 δ’
3310 5088 3385 5151 ὼς
3416 5087 3566 5156 παρά
3591 5084 3776 5154 φύσιν,

2211 5176 2402 5233 ἕπεται
2435 5193 2449 5207 ο
2491 5176 2668 5230 καὶτὸ
2693 5178 2812 5245 μὲν,
2842 5179 2923 5242 ὡς.
2942 5179 3267 5249 ἁμέοεκτον,
3297 5180 3589 5250 ἀπειράκις
3622 5177 3782 5230 ἀπείο

2216 5286 2322 5337 ρως
2382 5271 2735 5339 ὑπέρκειταιο
2794 5271 2854 5324 τὸ
2904 5273 2947 5326 δ’
3001 5273 3077 5335 ὡς
3138 5274 3435 5341 μεθεκτὸν,
3490 5272 3780 5341 ἀπειράκις

2212 5362 2454 5429 ἀπείρως
2514 5365 2766 5430 ὑφεῖται·
2817 5366 2990 5417 καὶτὸ
3051 5364 3171 5433 μὲν,
3229 5364 3304 5425 ὡς
3356 5363 3426 5416 τὰ
3457 5362 3587 5415 ὅντα
3626 5362 3780 5427 am,

2214 5454 2470 5522 ὑπερέχει
2495 5469 2507 5482 '
2544 5454 2602 5505 τὸ
2634 5454 2701 5519 δ’,
2736 5454 2810 5516 ὼς
2842 5456 2908 5508 τὰ
2932 5456 3031 5508 οὐκ
3070 5455 3199 5507 ὄντα
3244 5455 3395 5522 ἆγιι,
3425 5456 3778 5524 ὑπερέχεται.

542 5551 708 5616 aliud,
747 5563 804 5605 ut
835 5551 1306 5621 impartieipabile,
1357 5549 1617 5602 inﬁnities
1658 5549 1866 5602 infinite
1901 5547 2308 5616 supereminet;
2346 5546 2491 5599 aliud
2527 5560 2672 5611 vero,
2738 5558 2798 5601 ut
2848 5548 2990 5615 quod
3062 5557 3143 5601 est
3187 5546 3566 5617 partieipabile
3593 5586 3608 5610 ,
3656 5544 3782 5597 iuli‘
3814 5582 3815 5585 η

547 5649 705 5702 nities
760 5648 966 5702 infinite
1012 5646 1239 5701 inferius
1273 5653 1388 5709 est;
1450 5660 1511 5696 ae
1539 5643 1683 5695 aliud
1724 5642 1948 5710 quidem
1975 5682 1988 5705 ,
2039 5653 2093 5693 ut
2127 5655 2246 5708 qua:
2273 5652 2459 5693 saneta
2492 5651 2618 5693 sunt
2645 5679 2659 5703 ,
2693 5643 2925 5705 eminet;
2979 5641 3123 5699 aliud

546 5755 662 5795 sunt
700 5756 905 5808 sancta,
937 5745 1197 5812 subjaeet.

627 5836 720 5893 lla:
753 5840 969 5907 quidem
989 5839 1288 5895 antitheses
1321 5854 1383 5894 eo
1412 5835 1601 5893 ordine
1630 5833 1952 5900 distributae,
1974 5829 2115 5901 quod

3200 5640 3357 5708 vero,
3392 5653 3452 5696 ut
3506 5655 3627 5709 quae
3674 5654 3778 5691 nun

2295 5820 2462 5882 Αὑται
2498 5826 2594 5894 μὲν
2621 5824 2711 5880 οὖν
2763 5826 3064 5890 ἀντιθέσεις
3107 5828 3199 5896 τὴν
3252 5826 3400 5891 τάξιν
3454 5826 3661 5896 ταύτην
3689 5840 3782 5894 me
