4114 6306
412 313 514 377 3‘9
1667 317 1996 378 MANUEL

2095 319 2405 380 εΑιΕΕίΕ
3542 315 3703 379 3Ξι)

409 443 737 495 omnemque
786 437 1093 482 sanctorum
1138 428 1463 486 doctrinam.
1524 430 1643 483 Non
1697 433 1841 486 enim
1889 432 1969 486 sic

2094 432 2282 485 τκάλων
2309 450 2321 464 ο
2358 432 2418 485 οὗ
2438 433 2541 501 γὰρ
2564 430 2625 483 ἂν
2648 429 2817 490 οὕτως
2845 426 3184 496 ἀναίσθητοι·
3209 425 3266 479 es
3291 425 3353 477 ἐκ
3375 425 3682 495 suam”

410 520 557 571 omni
586 533 746 571 sensu
777 533 840 572 ac
868 518 1074 587 judicio
1112 519 1357 573 destituti
1387 519 1598 583 Patres,
1633 528 1690 572 ut
1729 521 1871 589 quod
1908 536 1973 573 ex

2094 523 2380 586 συνεστὼς,
2438 517 2513 575 ὦν
2542 525 2570 575 ὁ
2601 521 2756 589 λόγος
2787 519 3042 587 διάφορος
3076 518 3170 570 καὶ
3221 518 3506 587 πράγματι
3551 519 3677 569 καὶ

334 646 337 647 ν
414 607 681 659 distinctis
710 621 773 660 ac
810 607 1037 661 diversis
1070 617 1306 673 constat,
1335 623 1567 677 quorum
1597 607 1855 662 distincta
1907 608 1979 663 sit

2094 614 2245 683 λόγῳ,
2286 614 2490 666 ἁπλοῦν
2539 609 2679 667 εἶναι
2713 610 3094 678 ἀπεφαίνοντο,
3136 608 3213 671 ὼς
3240 609 3394 661 αὐτοὶ
3423 608 3673 670 τούτους

416 697 736 763 diversaque
770 698 913 749 ratio
946 704 1054 751 tum
1100 713 1158 752 re
1212 709 1319 751 tum
1351 701 1579 763 ratione,
1616 698 1839 766 simplex
1862 713 1980 752 esse

2094 704 2454 765 Βιαὸἁλλοντές
2482 719 2668 771 φασιν,
2711 699 2993 761 ιουδαῖκῶς
3027 698 3167 750 κατὰ
3196 697 3257 749 τὸ
3291 698 3524 764 γράμμα
3547 702 3665 752 τά-

411 786 756 852 allirmarint,
792 786 866 840 uti
913 787 1013 855 ipsi
1056 802 1151 855 per
1180 788 1507 843 calumniam
1554 789 1666 845 illis
1716 790 1978 853 tribuunt,

411 876 718 931 Jndaeorum
753 892 900 931 more
931 877 995 930 ad
1030 877 1265 931 litteram
1312 878 1548 931 crassius
1582 877 1839 946 legentes,
1864 891 1983 945 qua:

416 971 483 1023 ab
529 970 605 1021 eis
651 969 957 1036 conscripta
995 978 1156 1032 sunt,
1206 971 1381 1036 deque
1427 968 1548 1022 aliis
1579 968 1741 1030 dicta,
1775 969 1841 1022 ad
1878 968 1982 1021 alia

419 1076 698 1126 perperam
728 1059 1048 1122 referentes,
1076 1059 1217 1126 quod
1245 1058 1441 1127 ubique
1461 1060 1664 1114 erroris
1692 1059 1796 1112 illis
1818 1074 1983 1114 causa

416 1152 513 1202 fuit
538 1168 553 1216 ;
577 1168 678 1203 non
710 1166 831 1203 raro
863 1149 1026 1203 etiam
1061 1150 1125 1202 ad
1154 1149 1386 1203 litteram
1414 1148 1567 1220 longe
1598 1150 1984 1205 alienissimam

417 1260 443 1293 a
481 1243 753 1312 magistris
782 1243 921 1296 viam
949 1241 1222 1308 ineuntes,
1268 1241 1412 1310 quod
1443 1252 1497 1296 et
1534 1242 1710 1311 ipsum
1753 1255 1987 1309 sequen-

417 1335 560 1387 tibus
592 1332 835 1401 liquebit.

493 1468 731 1537 Denique
765 1470 904 1536 quod
953 1484 1061 1523 non
1115 1470 1208 1524 ﬁat
1250 1470 1594 1539 compositio,
1637 1469 1713 1524 ait
1744 1468 1989 1523 Palamas

417 1560 473 1612 in
519 1559 660 1612 libro
722 1560 877 1628 cujus
933 1560 1189 1614 initium:
1256 1561 1494 1629 Afﬂante
1532 1559 1735 1628 Spiritu
1787 1559 1989 1613 dictata

421 1650 645 1703 Patruus
676 1665 697 1705 :
744 1650 1043 1705 Increatum
1094 1652 1366 1720 adjacens,
1426 1667 1587 1704 unam
1624 1660 1675 1704 et
1729 1652 1988 1721 aqualem

420 1744 826 1810 simplicemque,
854 1745 907 1796 in
935 1759 996 1795 ea
1024 1754 1353 1809 conspectam
1380 1743 1718 1808 discretione,
1743 1743 1989 1796 deitatem

420 1829 571 1896 facit.
613 1828 817 1883 Etenim
856 1832 1111 1899 quidquid
1169 1833 1461 1885 increatum
1515 1842 1613 1896 est,
1655 1835 1773 1901 pari
1824 1835 1930 1886 etia
1973 1876 1977 1880 .

419 1922 613 1990 gaudet
666 1921 858 1976 honore
903 1940 964 1976 ac
1010 1924 1216 1976 unitum
1259 1934 1371 1990 est;
1406 1940 1497 1977 nec
1533 1925 1585 1976 in
1619 1925 1687 1977 iis
1716 1940 1829 1993 qua:
1865 1934 1985 1977 sunt

422 2013 680 2076 increata,
718 2014 772 2066 in
825 2030 986 2066 unum
1029 2014 1355 2079 coeuntibus,
1400 2031 1512 2069 esse
1562 2019 1988 2084 compositionem

424 2119 656 2171 unquam
700 2104 995 2172 contigerit.
1034 2103 1091 2156 In
1126 2105 1232 2158 alio
1265 2119 1512 2172 quoque,
1544 2106 1700 2173 cujus
1731 2108 1939 2159 initium
1970 2122 1985 2161 :

426 2194 724 2246 Susurrans
752 2195 929 2262 itaque
947 2208 965 2245 :
1001 2193 1183 2262 Neque
1209 2210 1325 2247 vero
1352 2196 1449 2247 hoc
1478 2196 1767 2264 intelligere
1797 2200 1987 2262 potuit,

422 2286 514 2350 qui
545 2286 597 2337 in
630 2287 709 2336 bis
744 2286 1144 2349 compositiones
1173 2287 1479 2354 insipienter
1513 2289 1688 2340 animo
1718 2291 1989 2358 cogitavit,

427 2377 507 2427 Ea
537 2391 652 2440 qua:
679 2377 913 2427 increata
936 2391 1152 2444 vereque
1181 2376 1443 2443 simplicia
1482 2386 1629 2441 sunt,
1666 2378 1711 2430 si
1739 2380 1792 2430 in
1831 2395 1992 2431 unum

426 2465 755 2529 conveniant,
817 2466 1016 2520 nullum
1057 2466 1232 2533 facere
1285 2469 1732 2534 compositionem.
1773 2468 1989 2537 Quique

430 2554 737 2623 patriarcha
794 2555 894 2610 fuit
939 2556 1253 2613 Philotimus
1284 2559 1334 2612 in
1369 2574 1514 2612 nouo
1542 2574 1762 2614 suorum
1822 2561 1993 2628 ipsius

428 2646 664 2712 capitum
696 2663 711 2701 :
747 2646 863 2701 Nos
904 2665 1025 2703 vero
1050 2651 1140 2719 qui
1170 2665 1233 2702 ea;
1280 2659 1583 2704 sanctorum
1615 2652 1767 2705 dictis
1794 2651 1996 2703 noveri—

428 2754 564 2803 mus,
584 2756 646 2793 ne
671 2735 929 2795 hominem
961 2744 1170 2812 quidem
1194 2784 1208 2807 ,
1247 2743 1517 2797 naturales
1563 2744 1727 2810 ipsius
1755 2743 1994 2812 proprie-

428 2839 562 2885 tates
613 2832 789 2900 facere
834 2850 1065 2904 unquam
1105 2837 1447 2903 companitum
1472 2845 1567 2898 ;at
1600 2850 1760 2904 neque
1800 2837 1993 2888 artium

430 2922 663 2974 rationes
687 2939 750 2975 ac
774 2925 1040 2977 scientias.
1086 2922 1254 2975 Nemo
1307 2926 1445 2976 enim
1478 2939 1705 2988 unquam
1740 2925 1997 2978 hominem

428 3015 774 3076 compositum
806 3013 1021 3076 dixerit,
1057 3013 1194 3079 quod
1235 3022 1481 3065 naturam
1522 3013 1714 3066 habeat
1752 3023 1803 3066 et
1838 3024 1999 3066 natu-

2083 796 2278 847 κείνων
2307 793 2795 861 ἀναγινώσκοντες,
2832 791 2939 842 καὶ.
2960 788 3030 841 τὰ
3061 788 3145 840 ἐπ’
3175 788 3349 841 ἄλλων
3380 788 3659 856 εἰρημένα

2083 884 2171 936 ἐπ’
2195 886 2327 938 ἄλλα
2357 884 2782 953 παραφέροντες,
2818 882 2846 932 ὂ
2873 877 3150 947 πανταχοῦ
3180 879 3280 944 τῆς
3311 878 3517 946 πλάνης
3549 881 3661 929 αὐ-

2082 977 2193 1038 τοῖς
2252 976 2421 1029 αἴτιον
2483 976 2736 1043 ὲγὲνετο’
2812 972 3074 1032 πολλάκις
3118 970 3175 1022 δὲ
3224 972 3320 1023 καὶ
3378 970 3517 1021 una
3585 969 3653 1021 τὸ

2088 1068 2328 1136 γράμμα
2373 1066 2470 1136 τὴν
2514 1063 2915 1131 ἐναντιωτάτην
2965 1064 3079 1124 τοῖς
3118 1060 3460 1122 διδασκάλοις
3494 1060 3659 1129 φερό-

2091 1175 2262 1228 μενοι,
2291 1158 2365 1221 ὡς
2384 1157 2477 1213 καὶ
2502 1155 2658 1211 τοῦτο
2684 1154 2930 1224 προϊοῦσι
2970 1152 3295 1224 φανήσεται.

2159 1471 2268 1527 Καὶ
2291 1468 2423 1537 γοῦν
2449 1470 2546 1522 καὶ
2568 1465 2811 1540 περὶτοῦ
2838 1468 2912 1538 μὴ
2940 1467 3180 1535 γίνεσθαι
3212 1465 3461 1520 σύνθεσίν
3483 1483 3659 1537 φησιν

2088 1563 2118 1614 ὁ
2156 1562 2419 1630 Παλαμᾶς
2456 1561 2515 1612 ιν
2543 1560 2687 1629 λόγῳ
2710 1554 2771 1614 οὗ
2808 1561 2841 1628 ἡ
2876 1559 3043 1628 ἁρχὴ.
3092 1557 3224 1623 Τοῖς
3258 1573 3662 1627 πνευματωτι-

2089 1651 2294 1717 νήτοις
2321 1648 2439 1704 τῶν
2468 1649 2769 1717 Πατέρων,
2804 1649 2936 1701 ὐτι
2963 1649 3032 1701 τὸ
3051 1648 3338 1701 ἄκτιστον
3377 1648 3664 1715 προσκεί-

2020 1771 2063 1830 B
2088 1761 2275 1813 μενον
2294 1745 2443 1813 μίαν
2470 1742 2868 1798 ἀποδείκνυσι
2890 1742 2992 1795 καὶ
3028 1741 3176 1805 Iam-
3199 1739 3297 1793 καὶ
3319 1739 3529 1807 ἁπλῆν
3545 1740 3663 1805 τὴν

2089 1836 2159 1889 ἐν
2188 1834 2264 1901 τῇ
2288 1834 2591 1901 διακρίσει
2634 1834 2823 1900 ταύτῃ
2879 1833 3189 1900 ὁρωμένην
3241 1832 3519 1897 Θεότητα.
3551 1832 3658 1883 Καὶ

2091 1926 2200 1994 τὰρ
2217 1924 2341 1983 πᾶν
2372 1923 2660 1978 ἄκτιστον
2686 1923 2784 1977 καὶ
2810 1923 3098 1992 όμότιμόν
3134 1923 3266 1976 ἐστι
3303 1922 3402 1975 καὶ
3428 1922 3658 1991 ἡνωμέ-

2089 2034 2232 2072 νονο
2265 2017 2361 2070 καὶ
2392 2013 2684 2080 σύνθεσίς
2714 2016 2784 2067 ἐν
2824 2013 2948 2079 τοῖς
2972 2014 3283 2078 ἁκτίστοις
3320 2016 3659 2083 ave-arando

2089 2124 2221 2172 νοις
2246 2111 2332 2172 είς
2364 2108 2435 2160 ἐν
2460 2108 2532 2160 οὐ
2567 2107 2653 2174 μή
2707 2106 2838 2159 ποτ’
2868 2107 2947 2160 ἂν
2974 2105 3229 2174 γένοιτο.
3263 2102 3375 2159 Καὶ
3407 2108 3463 2158 ὲν
3491 2107 3665 2176 ἑτέρῳ

2091 2192 2210 2267 eiii;
2272 2199 2439 2268 ἁρχὴ,
2511 2197 2991 2265 ’Υποψιθυρίσας
3049 2198 3285 2261 τοίνυν,
3354 2197 3464 2250 Kal
3519 2197 3661 2251 οὐδὲ

2091 2288 2267 2342 τοῦτο
2299 2288 2571 2342 συνιδεῖν
2596 2289 2858 2356 ισχυσεν
2887 2290 2919 2340 ό
2940 2288 3009 2339 ἐν
3042 2288 3275 2352 τούτοις
3303 2288 3409 2353 τὰς
3441 2288 3661 2340 συνθέο

2092 2394 2224 2442 σεις
2250 2379 2524 2444 ἀφρόνως
2543 2376 3003 2446 φανταζόμενος,
3027 2378 3106 2442 ὡς
3134 2376 3171 2443 ἠ
3224 2375 3341 2429 τῶν
3363 2378 3663 2430 ακτίστων

2094 2468 2191 2521 καὶ
2247 2468 2431 2534 ὅντως
2490 2469 2701 2522 ἁπλῶν
2746 2471 3115 2534 συνέλευσις
3159 2472 3245 2534 εἰς
3272 2467 3343 2521 ἐν
3366 2469 3659 2521 σύνθεσιν

2093 2558 2381 2628 οὐδεμίαν
2418 2560 2672 2629 ἐμποιεῖ.
2711 2561 2821 2613 Καὶ
2868 2562 2897 2613 ὁ
2928 2561 3007 2622 εἰς
3040 2560 3386 2631 πατριάρχην
3432 2559 3657 2617 τελέσας

2093 2652 2346 2712 Φιλόθεος
2399 2653 2455 2703 ὲν
2481 2648 2525 2702 θ’
2551 2650 2662 2702 τῶν
2696 2650 2840 2702 ἰδίων
2893 2648 3205 2717 κεφαλαίων
3230 2648 3413 2711 αὑτοῦ,
3453 2643 3649 2711 Ἡμεῖς

2091 2744 2387 2812 μαθόντες
2419 2741 2537 2795 ἀπὸ
2576 2740 2694 2794 τῶν
2714 2740 2901 2808 ἁγίων
2934 2740 3024 2793 ὅτι
3046 2742 3190 2794 οὐδὲ
3219 2739 3320 2793 τὸν
3342 2737 3659 2804 ἄνθρωπον-

2097 2832 2343 2888 ποιοῦσί
2400 2846 2545 2886 ποτε
2594 2832 2890 2886 σύνθετον
2941 2831 3015 2884 τὰ
3067 2832 3299 2899 φυσικὰ
3350 2827 3656 2895 ἰδιώματα,

2097 2926 2237 2980 ἀλλ’
2275 2925 2419 2979 οὐδὲ
2448 2926 2502 2977 ol
2528 2924 2795 2993 τεχνικοί
2825 2924 2993 2992 λόγοι
3026 2924 3124 2975 καὶ
3167 2920 3493 2990 ἐπιστῆμαι
3513 2937 3527 2952 ·
3561 2922 3659 2973 οὐ·

2098 3018 2225 3082 δεις
2251 3017 2361 3085 γὰρ
2393 3016 2473 3072 ἂν
2505 3017 2662 3069 sinat
2690 3015 2835 3069 ποτὲ
2861 3015 2965 3068 τὸν
2997 3014 3313 3083 ἄνθρωπον
3341 3014 3660 3073 σύνθετον.

431 3098 593 3151 ralem
623 3101 994 3165 operationem,
1025 3102 1103 3155 vel
1129 3100 1270 3168 quod
1303 3092 1555 3156 naturain
1575 3115 1622 3157 et
1653 3115 1842 3167 artem,
1867 3116 1995 3173 puta

2096 3107 2247 3159 διότι
2274 3108 2398 3173 ἔχει
2426 3107 2616 3173 φύσιν
2652 3106 2749 3158 ual
2778 3104 3083 3173 ἐνέργειαν
3114 3103 3411 3175 φυσικὴν,
3440 3102 3477 3168 ἢ
3515 3100 3664 3154 διότι

428 3193 857 3261 grammaticam,
919 3193 995 3247 vel
1068 3194 1356 3261 fabrilem,
1429 3204 1521 3248 aut
1581 3197 1995 3265 agriculturam.

433 3286 666 3354 Cumque
700 3302 753 3338 se
777 3288 853 3339 ita
880 3286 933 3339 in
961 3287 1259 3341 hominibus
1282 3304 1361 3341 res
1388 3284 1602 3353 habeat,
1635 3291 1762 3358 quid
1792 3290 1857 3342 de
1889 3290 1998 3344 Deo

434 3379 734 3440 dicendum,
766 3378 856 3448 qui
878 3380 1072 3432 eximia
1093 3382 1325 3446 quadam
1345 3382 1550 3434 ratione
1573 3399 1633 3434 ac
1661 3399 1821 3447 supra
1844 3400 2000 3452 quam

434 3471 567 3537 {erat
606 3482 822 3535 natura,
854 3473 1033 3526 omnia
1063 3474 1296 3527 habeat?
1327 3472 1427 3528 Sed
1458 3483 1581 3528 tunc
1609 3476 1815 3528 exsistit
1846 3487 1999 3545 atque

432 3563 632 3616 dicitur
660 3566 993 3631 compositio,
1031 3582 1145 3618 cum
1179 3567 1299 3620 dua!
1350 3582 1453 3631 res,
1488 3584 1602 3635 gnte
1630 3567 1849 3635 singula
1876 3582 2001 3637 pro-

434 3655 606 3721 priam
656 3657 1042 3711 subsistentiam
1074 3657 1322 3724 habeant,
1372 3668 1420 3711 et
1468 3654 1691 3727 quarum
1732 3659 1997 3728 quislibet,

435 3749 548 3813 ipsa
573 3764 663 3812 per
695 3764 748 3801 se
789 3749 983 3819 absque
1009 3750 1116 3803 alia
1151 3768 1261 3805 esse
1282 3760 1449 3817 potest
1473 3767 1535 3803 ac
1568 3750 1823 3820 intelligi;
1856 3768 1997 3815 cum,

433 3841 647 3907 inquam
676 3878 691 3903 ,
728 3841 858 3893 talia
892 3842 1318 3905 compositionem
1365 3858 1427 3893 ac
1458 3843 1703 3895 unionem
1749 3843 1884 3894 inter
1924 3856 1997 3905 se,

431 3930 480 3983 si
519 3936 677 3984 unam
718 3932 1039 3999 hypostasim
1093 3946 1357 3999 unumque
1394 3931 1718 3996 subsistens,
1764 3932 1997 3994 inierint,

370 4076 373 4081 ἴ
436 4020 572 4073 velut
606 4020 659 4072 in
690 4021 896 4074 homine
936 4037 1122 4087 corpus
1163 4036 1212 4073 et
1263 4021 1480 4084 anima;
1513 4021 1590 4073 vel
1624 4022 1675 4074 in
1721 4020 1875 4075 domo
1920 4022 2004 4076 la-

435 4110 580 4175 pides
635 4118 686 4162 et
738 4110 884 4178 ligna
937 4121 987 4164 et
1024 4112 1245 4175 larum.
1305 4109 1432 4163 Htec
1477 4112 1618 4165 enim
1654 4112 1865 4182 singula
1906 4128 2003 4180 per

412 4201 612 4269 iseipsa
663 4216 782 4253 cum
821 4202 926 4253 sint
977 4200 1248 4269 singulare
1278 4202 1566 4270 quoddam,
1602 4204 1656 4255 id
1683 4213 1795 4267 est,
1831 4200 2001 4274 hypoé

443 4293 624 4354 stasis,
658 4308 776 4344 cum
806 4293 944 4344 imer
992 4308 1045 4346 se
1078 4293 1498 4360 compositionem
1540 4294 1882 4363 unioncmqne
1921 4296 2004 4350 in-

436 4383 615 4447 ierint,
640 4392 762 4435 tunc
788 4384 984 4436 dicitur
1014 4384 1322 4451 compositio
1356 4385 1462 4438 sive
1485 4387 1630 4452 unio,
1666 4390 1891 4440 duarum
1926 4405 2004 4441 re-

441 4490 555 4528 rum
582 4515 597 4539 ,
629 4476 738 4530 sive
785 4476 941 4528 etiam
976 4475 1228 4544 plurium,
1258 4492 1350 4545 per
1376 4493 1429 4531 se
1468 4480 1851 4534 assistentium.
1885 4483 2010 4538 Hac

439 4578 617 4621 autem
649 4576 909 4635 quantum
934 4568 1033 4623 viri
1070 4569 1390 4624 dementiam
1427 4581 1678 4640 arguant.
1716 4589 1782 4627 ne
1814 4573 2008 4629 dicen-

440 4659 568 4712 dum
601 4660 839 4728 quidem.

513 4799 775 4856 Similiter
808 4816 1027 4872 quoque
1064 4800 1117 4857 in
1154 4798 1327 4858 Tomo
1352 4804 1722 4859 simulomues
1757 4820 2004 4875 pronun-

441 4892 614 4945 tiant:
649 4893 775 4947 Post
807 4895 916 4947 hac
938 4894 1274 4962 quasivitnus
1312 4911 1376 4948 ex
1406 4895 1628 4962 sanctis,
1668 4912 1795 4949 num
1846 4898 2004 4951 liceat

443 4984 674 5049 aliquam
701 4985 753 5036 in
786 4983 892 5037 Deo
920 4985 1210 5054 intelligere
1238 4988 1689 5052 compositionem,
1722 4988 1782 5041 ob
1820 4990 2010 5043 divina:

440 5074 681 5129 essentia:
718 5084 767 5127 et
798 5078 1116 5144 operationis
1146 5079 1535 5131 distinctionem
1569 5079 1593 5131 ξ)
1631 5077 2011 5149 Ostensumque

442 5174 517 5219 est
544 5164 772 5217 omnium
791 5178 1094 5217 sanctorum
1114 5167 1380 5218 communi
1399 5168 1709 5219 celebratum
1729 5171 2009 5233 prwconio,

444 5260 646 5312 nullam
689 5255 807 5309 inde
846 5254 898 5308 in
932 5255 1039 5308 Deo
1066 5255 1478 5309 existimandum
1521 5274 1634 5310 esse
1673 5261 2011 5327 compositio-

444 5367 582 5403 nem.
616 5348 720 5403 Sed
757 5354 810 5402 et
840 5346 892 5400 in
925 5346 1408 5399 Anathematismis
1444 5346 1560 5401 Suis
1594 5348 1644 5399 in
1681 5349 1793 5403 lucc
1847 5350 2011 5405 verba

444 5444 727 5497 enuntiaut
758 5459 771 5494 :
803 5440 874 5493 Iis
924 5437 1013 5507 qui
1042 5437 1272 5490 sentiunt
1315 5451 1377 5489 ac
1437 5440 1615 5491 dicunt
1655 5442 1867 5493 omnino
1893 5458 2015 5509 pro-

446 5544 623 5601 pterea
669 5533 901 5601 aliquam
968 5529 1021 5583 in
1083 5527 1186 5581 Deo
1242 5529 1361 5597 ﬁeri
1416 5529 1862 5595 compositionem,
1922 5549 2013 5585 nec

444 5625 600 5689 ﬁdem
643 5634 946 5675 sanctorum
996 5618 1250 5672 doctrinm
1311 5618 1516 5682 habent,
1577 5619 1895 5682 docentium,
1952 5637 2015 5673 ea:

448 5716 776 5770 naturalibus
796 5714 991 5767 nullam
1020 5715 1071 5766 in
1103 5722 1293 5767 natura
1322 5723 1531 5769 exstare
1560 5712 2009 5777 cornpositioncm,

2100 3197 2130 3250 ἔ
2135 3214 2225 3265 χει
2256 3197 2447 3264 φύσιν
2487 3195 2583 3248 καὶ
2610 3194 2835 3264 τέχνην
2862 3192 3299 3263 γραμματικὴν,
3343 3194 3379 3260 ἢ
3406 3208 3659 3245 τεκτονι-

2100 3287 2237 3354 κὴν,
2269 3287 2307 3353 ἢ
2336 3285 2666 3354 γεωργικὴν
2729 3288 2951 3353 τυχόνο
2985 3285 3113 3339 ἐπεὶ
3149 3283 3215 3336 δὲ
3259 3284 3357 3337 ἐπὶ
3398 3283 3520 3337 τῶν
3562 3284 3657 3336 dr-

2100 3377 2349 3445 θρώπων
2384 3376 2590 3442 οὕτως,
2614 3376 2717 3429 ἐπι
2756 3376 2863 3428 τοῦ
2893 3375 3041 3429 Θεοῦ
3077 3376 3134 3427 τί
3161 3373 3275 3442 χρὴ
3307 3374 3536 3442 λέγειν,
3559 3371 3662 3427 τοῦ

2100 3468 2299 3523 πάντα
2333 3465 2654 3535 ὑπερφυῶς
2686 3466 2974 3535 ﬁgor-tog;
3018 3466 3202 3520 Ἀλλὰ
3259 3465 3554 3530 σύνθεσις
3584 3463 3667 3533 τί·

2100 3578 2285 3623 νεται,
2328 3561 2423 3613 καὶ
2456 3560 2691 3627 λέγεται
2726 3560 2876 3618 τότε,
2910 3558 3056 3611 ὅταν
3088 3556 3198 3610 δύο
3252 3556 3566 3625 πράγματα
3596 3554 3667 3608 τὰ

2052 3668 2062 3678 '
2101 3653 2319 3721 ἔχοντα
2360 3652 2519 3705 ἰδίαν
2546 3650 2895 3706 ὑπόστασιν
2924 3647 2993 3702 ἓν
3020 3647 3307 3713 ἕκαστον,
3362 3647 3461 3703 καὶ
3490 3646 3665 3701 δυνά-

2095 3759 2284 3813 μενον·
2330 3743 2593 3796 ἕκαστον
2623 3736 2776 3794 εἶναι
2807 3739 2905 3793 καὶ
2936 3738 3281 3806 θεωρεῖσθαι
3328 3739 3460 3791 καθ’
3492 3738 3666 3813 saved

2100 3835 2240 3903 δίχα
2274 3834 2380 3887 τοῦ
2419 3833 2654 3900 ἐτέρου’
2719 3831 2865 3885 ὅταν
2898 3831 2969 3884 τὰ
3019 3828 3267 3884 τοιαῦτα
3330 3827 3669 3883 συντεθῶσι

2101 3929 2201 3982 καὶ
2232 3927 2538 3982 ἑνωθῶσιν
2594 3926 2893 3993 αλλήλοις
2954 3926 3043 3990 εἱς
3087 3926 3236 3992 μίαν
3300 3924 3667 3984 ὑπόστασιν,

2098 4016 2229 4076 οἷον
2273 4020 2475 4088 ὥσπερ
2502 4023 2572 4074 ἐν
2598 4018 2678 4086 τῷ
2704 4018 2991 4087 ἀνθρώδίῳ
3012 4016 3183 4086 ψυχὴ
3224 4016 3325 4069 καὶ
3365 4013 3542 4083 σῶμα
3566 4030 3579 4043 '
3626 4014 3664 4080 ἣ

2100 4112 2170 4166 ἐν
2207 4110 2280 4179 τῇ
2306 4113 2460 4178 οἰκίᾳ
2503 4112 2662 4166 λίθοι
2708 4110 2805 4164 καὶ
2840 4110 3000 4173 ξύλα
3036 4108 3135 4162 καὶ
3168 4107 3439 4175 σίδηρος.
3481 4106 3670 4159 Ταῦτα

2102 4202 2212 4273 γὰρ
2246 4202 2375 4256 καθ’
2404 4201 2585 4255 ἑαυτὰ
2632 4201 2860 4255 ἕκαστα
2913 4201 3259 4264 ὑπόστασις
3311 4198 3478 4262 ὄντα,
3527 4197 3671 4250 ὅταν

2099 4293 2437 4350 συντεθῶσι
2469 4295 2567 4348 καὶ
2595 4292 2899 4349 ἐνωθῶσιν
2918 4284 3240 4359 ἀλλήλοις,
3273 4292 3408 4345 τότε
3434 4277 3671 4359 λέγεται

2104 4387 2413 4451 σύνθεσις.
2450 4386 2583 4454 ἤτοι
2611 4384 2828 4450 ἕνωσις
2862 4382 3301 4438 ἐνυποστάτων
3347 4382 3456 4437 δύο
3484 4397 3673 4449 πραγ-

2040 4470 2085 4525 D
2109 4478 2333 4546 μάτων,
2353 4478 2390 4544 ἢ
2423 4478 2519 4530 καὶ
2552 4475 2868 4529 πλειόνων.
2888 4473 3074 4527 Ταῦτα
3094 4472 3150 4525 δὲ
3168 4474 3250 4525 ὅτι
3272 4472 3471 4542 πολλὴν
3487 4470 3673 4525 ἄνοιαν

2113 4571 2384 4640 μαρτυρεῖ
2418 4569 2493 4637 τῷ
2528 4569 2702 4639 ἀνδρὶ,
2736 4566 2857 4619 οὐδὲ
2884 4565 2988 4638 χρὴ
3009 4564 3207 4633 λέγειν.

2192 4792 2470 4853 Ὡσαύτως
2503 4791 2594 4842 καὶ
2624 4791 2681 4840 ὲν
2730 4788 2807 4856 τῷ
2840 4788 3001 4858 Τὸμῳ
3032 4791 3185 4859 κοινῇ
3211 4786 3414 4848 πάντες
3434 4786 3673 4855 ἀποφαίο

2112 4902 2313 4948 νονται,
2337 4882 2497 4937 Μετὰ
2523 4880 2698 4955 φῦτο
2731 4879 3115 4949 ἐζητήσαμεν
3155 4881 3315 4948 παρὰ
3336 4878 3455 4934 τῶν
3494 4878 3676 4948 ἁγίων

2110 4982 2163 5032 sl
2190 4976 2493 5047 μηδεμίαν
2525 4975 2655 5041 ἔχοι
2694 4991 2785 5039 τις
2805 4974 2883 5027 ἂν
2933 4972 3199 5028 ἐπινοεῖν
3248 4974 3547 5029 σύνθεσιν
3575 4971 3674 5026 ἐπὶ

2115 5070 2263 5124 Θεοῦ
2319 5069 2418 5122 διὰ
2472 5067 2587 5133 τὴν
2624 5064 2732 5134 τῆς
2761 5066 2926 5131 θείας
2971 5067 3189 5131 οὐσίας
3248 5060 3349 5119 καὶ
3377 5066 3677 5135 ἐνεργείας

2112 5158 2422 5228 διαφοράν.
2463 5156 2814 5225 Ἀπεδείχθη
2847 5152 2960 5210 οὖν
2993 5156 3155 5224 παρὰ
3175 5154 3294 5209 τῶν
3317 5158 3500 5226 ἁγίων
3530 5155 3676 5210 πάν-

2112 5242 2230 5304 των
2263 5250 2703 5318 κηρυττόμενον
2735 5248 2815 5314 ὡς
2862 5250 2974 5303 οὐκ
3018 5248 3152 5301 ἔστι
3198 5250 3501 5303 σύνθεσίν
3544 5267 3677 5304 τινα

2114 5347 2271 5410 παρὰ
2298 5344 2526 5395 τούτων
2554 5339 2811 5409 νομίζειν
2834 5340 2933 5392 ἐπι
2954 5339 3057 5392 τοῦ
3094 5340 3265 5393 Θεοῦ.
3299 5340 3459 5394 Ἀλλὰ
3483 5345 3576 5393 καί
3617 5342 3674 5392 ὲν

2113 5439 2224 5497 τοῖς
2278 5433 2769 5502 Ἀναθεματισμοῖς
2796 5431 2975 5485 αὐτῶν
3005 5430 3179 5493 οὕτως
3204 5433 3525 5501 ἑκφωνοῦσι,
3547 5431 3677 5497 Τοῖς

2115 5526 2407 5597 φρονοῦσι
2448 5526 2546 5577 καὶ
2579 5525 2831 5592 λέγουσι
2881 5524 3176 5577 σύνθεσίν
3214 5539 3350 5576 τινα
3377 5525 3532 5589 ὅλως
3582 5524 3678 5577 διὰ

2117 5619 2300 5673 ταῦτα
2332 5618 2599 5686 γίνεσθαι
2632 5614 2731 5667 ἐπὶ
2757 5615 2925 5678 Θεοῦ,
2974 5613 3057 5682 μὴ
3108 5616 3482 5681 πειθομένοις
3508 5614 3576 5668 δὲ
3606 5614 3677 5681 τῇ

2121 5710 2237 5765 τῶν
2260 5710 2441 5779 ἁγίων
2470 5706 2852 5773 διδασκαῑίᾳ,
2904 5706 3200 5772 μηδεμίαν
3226 5706 3520 5760 σύνθεσιν
3560 5707 3678 5761 duo
