4078 6258
492 375 651 438 ’339

1798 379 2194 465 MANUELIS
2234 378 2535 440 CALEC/E

3675 369 3790 435 310

549 495 705 550 silius
737 494 792 550 in
817 495 1220 563 Antirrheticis;
1248 497 1340 551 sed
1364 495 1429 550 de
1458 496 1660 552 virtute
1692 503 1746 550 et
1774 498 2106 564 operatione,

2232 495 2393 561 τάσης
2419 490 2831 557 καταληπτικῆς
2882 486 3126 548 ἑπινοίας
3176 482 3452 554 ἀνώτερον
3503 482 3591 538 ἀεὶ
3631 482 3790 551 εὕρι-

528 580 646 654 ροι·
691 602 851 650 quant
891 588 1046 641 habet
1091 586 1323 655 operari,
1375 596 1431 641 et
1487 587 1781 640 secundum
1833 602 1992 652 quam
2033 598 2117 641 est

530 658 797 745 Toperatio
845 692 942 732 ceu
1004 687 1180 739 actus,
1212 686 1266 729 et
1297 690 1394 731 ens
1424 685 1478 729 et
1533 674 1700 729 forma
1736 685 1791 743 et
1818 678 1924 729 vita
1953 684 2005 730 et
2035 692 2119 731 sa-

528 754 750 839 pientia
774 777 828 822 et
869 767 1098 834 bonitas,
1132 767 1214 820 vel
1266 770 1309 821 si
1339 767 1466 837 quid
1492 766 1635 853 aliud
1662 776 1761 831 est,
1798 767 1939 837 quod
1970 768 2116 822 omni

551 874 765 926 semper
812 857 1009 912 mentis
1041 858 1526 926 comprehensione
1554 859 1799 927 superius
1826 858 2116 912 invenitur.

527 932 663 1003 “Hoc
720 949 858 1003 enim
895 949 1038 1020 quod
1060 948 1134 1002 rei
1169 949 1359 1017 cuique.
1384 959 1468 1004 est
1496 950 1749 1022 ἐνεργείᾳ
1786 949 1976 1020 (quasi
2001 964 2119 1016 ope-

529 1022 779 1103 ‘mtione,
824 1049 946 1095 actu
987 1040 1241 1111 scilicet)
1269 1055 1424 1104 esse;
1460 1024 1720 1110 quidquid
1752 1043 1966 1094 tandem
1993 1040 2117 1094 illud

528 1128 646 1193 'sit,
683 1134 834 1202 quod
865 1130 1009 1185 velut
1034 1117 1043 1125 ’
1069 1129 1330 1201 perfectio
1380 1142 1429 1185 et
1463 1131 1656 1196 forma,
1693 1143 1739 1186 et
1775 1131 1870 1202 (ut
1901 1131 2116 1199 quidam

553 1228 750 1273 vocant
781 1217 801 1287 )
832 1218 1160 1290 ἐντελέχεια,
1189 1228 1342 1273 actus
1370 1219 1625 1273 nimirum
1657 1220 1915 1289 subjectae
1942 1220 2119 1291 cujus-

552 1323 657 1376 quo
719 1309 792 1361 rei
846 1309 1263 1368 consideratur;
1307 1308 1359 1361 in
1421 1307 1485 1362 iis
1525 1311 1738 1377 quidem
1767 1298 1887 1379 qua:
1938 1325 2118 1365 creafa

553 1405 702 1457 sunt.
742 1412 772 1450 a
821 1396 1086 1465 subjecto,
1121 1399 1174 1468 in
1213 1412 1318 1465 quo
1341 1408 1444 1464 est,
1484 1399 1850 1468 distinguitur,
1898 1416 1993 1468 pro
2038 1414 2122 1453 re-
2162 1423 2168 1429 ε

556 1502 673 1541 rum
701 1498 1004 1542 ereatarum
1058 1462 1369 1556 duplicitate
1389 1497 1443 1543 et
1485 1490 1829 1544 distinctione
1880 1504 1941 1543 ac
1972 1504 2122 1544 com-

532 1577 842 1645 ‘positione;
878 1579 1360 1634 velutseilieetens
1394 1589 1448 1633 et
1476 1595 1579 1633 non
1605 1595 1724 1657 eus_,
1752 1579 2046 1648 perfectum
2071 1590 2149 1634 et.

534 1668 958 1738 imperfectum,
988 1670 1128 1739 quod
1161 1671 1342 1726 tribuit
1374 1670 1603 1725 formam
1630 1681 1685 1726 et
1711 1671 1851 1738 quod
1895 1670 2121 1741 recipit:

560 1759 616 1813 in
647 1758 758 1814 Deo
789 1771 997 1824 autem,
1027 1761 1116 1830 qui
1152 1771 1295 1816 totus
1319 1761 1565 1830 operatio
1594 1762 1891 1815 subsistens
1916 1776 1980 1816 ac
2013 1776 2127 1829 per-

559 1847 697 1901 fecta
722 1858 826 1914 est,
880 1858 1163 1918 actusque,
1190 1858 1244 1903 et
1275 1866 1304 1904 a
1357 1864 1466 1918 quo
1488 1851 1671 1919 procul
1698 1851 1849 1906 abest
1876 1853 2014 1918 quod
2037 1861 2123 1905 est
2158 1833 2199 1886 Β

564 1939 827 2007 potentia,
881 1953 943 1992 ac
994 1938 1367 2006 imperfectum
1399 1950 1504 2005 est,
1550 1940 1619 1997 ob
1656 1955 1923 1997 summam
1951 1940 2125 2010 perfe-

560 2029 799 2085 ctionem
856 2039 910 2084 et
935 2030 1358 2099 simplicitatem,
1413 2032 1552 2086 idem
1585 2043 1668 2086 est
1714 2031 1830 2100 ejus
1857 2032 2123 2101 operatio.

562 2108 657 2176 seu
687 2132 855 2185 actus,
882 2137 1003 2176 cum
1029 2123 1286 2187 essentia,
1316 2138 1420 2193 qua
1449 2130 1554 2179 est.
1588 2122 1923 2191 Pcriudeque
1954 2124 2124 2186 dicas,

560 2214 701 2267 idem
742 2200 862 2268 esse
891 2215 1054 2267 vitam
1077 2227 1198 2268 cum
1241 2213 1357 2279 ejus
1382 2216 1615 2267 essentia
1647 2231 1664 2279 ;
1694 2215 1774 2269 sic
1804 2214 2053 2269 similiter
2075 2216 2125 2267 in

561 2303 703 2366 aliis,
751 2319 871 2371 qua:
893 2306 1142 2358 essentia:
1193 2305 1283 2358 Dei
1310 2305 1662 2360 tribuuntur:
1728 2305 1923 2375 alioqui
1961 2308 2125 2372 enim,

560 2404 675 2447 tum
701 2394 819 2463 ejus
848 2398 977 2456 vita.
1001 2410 1194 2463 expers
1214 2397 1459 2451 essentia:
1488 2405 1651 2462 esset,
1717 2405 1827 2450 tum
1872 2398 2127 2462 essentia,

559 2483 717 2549 vitae;
757 2485 1009 2554 quodque
1052 2486 1280 2539 alterum
1344 2486 1516 2540 altero
1568 2487 1635 2541 ad
1681 2488 2021 2541 existentiam
2069 2501 2131 2541 ac

562 2573 945 2641 perfectionem
962 2577 1196 2631 vicissim
1222 2577 1475 2645 indigeat,
1495 2575 1726 2646 primum
1761 2593 2133 2645 smnmumque

563 2663 762 2716 bonum
816 2666 1169 2733 compositum
1221 2677 1383 2735 atque
1424 2666 1802 2734 imperfectum
1888 2668 2125 2722 exhibet.

536 2750 824 2817 Quocirca
862 2768 965 2806 non
1023 2755 1422 2810 estalicendum
1480 2754 1644 2809 Deum
1700 2757 1898 2811 habere
1938 2772 2128 2823 opera-

563 2845 764 2895 tionem
793 2844 887 2897 aut
907 2844 1066 2896 vitam
1085 2854 1175 2897 aut
1200 2845 1492 2899 bonitatem
1531 2847 1615 2915 (id
1647 2848 1789 2901 enim
1821 2862 1939 2902 esse
1967 2848 2130 2903 Deum

565 2936 840 3004 quidpiam
875 2937 1202 3004 particulare
1221 2953 1284 2991 ac
1315 2936 1684 3005 imperfectum
1712 2938 1997 3009 designat).
2037 2941 2131 2995 sed

528 3032 743 3081 ~tutum‘
767 3042 887 3082 esse
930 3028 1326 3096 operationem,
1372 3039 1426 3083 et
1456 3037 1625 3083 totum
1656 3031 1844 3103 vitam,
1877 3040 1941 3085 et
1963 3042 2130 3086 totum

2221 587 2506 653 σκόμενον.
2540 583 2678 636 Αὐτὸ
2701 582 2808 650 γὰρ
2834 580 2897 633 τὸ
2939 577 3192 647 ἐνεργείᾳ
3230 572 3371 629 εἶναι
3409 574 3622 643 ἑκάστῳ
3652 573 3680 627 ὅ
3732 572 3790 626 τι

2221 681 2339 733 ποτ’
2388 678 2559 741 ἐστιν,
2617 676 2757 743 ὅπερ
2807 675 2884 735 ὡς
2942 670 3217 739 τελειότης
3242 667 3367 722 ’καὶ
3391 663 3547 735 εἶδος,
3587 665 3791 730 xum;
3852 713 3861 717 -
3912 680 3921 689 ·

2219 787 2367 833 τινες
2428 764 2603 831 εἷπον,
2659 765 2964 835 ἐντελέχεια
3042 758 3354 815 οὑτινοσοῦν
3416 759 3789 829 ὑποκειμένου

2222 861 2548 930 πράγματος
2588 858 2894 925 θεωρεῖται,
2929 854 3021 907 ἐπὶ
3054 851 3154 921 μὲν
3183 852 3289 905 τῶν
3318 851 3634 920 κτισμάτων
3685 848 3788 903 τοῦ

2223 950 2581 1019 ὑποκειμένου
2636 950 2696 1003 tv
2741 940 2786 1016 ᾧ
2845 948 2962 999 ἐστι
3026 943 3274 1015 διαφέρει
3301 940 3390 996 διὰ
3429 942 3530 1012 τὶν
3561 943 3617 995 tv
3669 943 3789 1005 τοῖς

2221 1046 2459 1107 κτιστοῖς
2478 1042 2699 1111 διπλόην
2732 1040 2823 1094 καὶ
2853 1038 3221 1107 διαφορότητα
3277 1037 3372 1089 καὶ
3410 1034 3680 1096 σύνθεσιν,
3706 1034 3790 1096 ὡς

2222 1136 2281 1190 τὸ
2303 1136 2363 1189 ὃν
2389 1134 2483 1199 τοῦ
2519 1134 2594 1203 μὴ
2616 1133 2795 1194 ὄντος,
2832 1133 2926 1185 καὶ
2959 1129 3019 1183 τὸ
3039 1129 3242 1183 τέλειον
3269 1127 3362 1180 τοῦ
3400 1124 3647 1188 ἀτελοῦς,
3689 1125 3792 1178 καὶ

2222 1226 2282 1281 τὸ
2318 1221 2619 1279 είδοποιοῦν
2647 1221 2745 1275 τοῦ
2778 1216 3220 1287 εἰδοποιουμένου
3245 1229 3261 1247 ο
3295 1213 3389 1267 ἐπὶ
3415 1211 3473 1264 δὲ
3507 1209 3602 1265 τοῦ
3624 1209 3788 1274 Θεοῦ,

2220 1320 2281 1382 ὅς
2336 1319 2484 1370 ἐστιν
2532 1314 2652 1379 ὅλος
2709 1313 2960 1382 ἐνέργεια
2993 1308 3290 1379 ὑφεστῶσα
3317 1306 3410 1359 καὶ
3440 1302 3642 1365 τελεία,
3688 1300 3793 1353 καὶ

2224 1407 2319 1462 ἀπ’
2353 1404 2518 1461 αὐτοῦ
2551 1404 2612 1458 τὸ
2658 1403 2886 1472 δυνάμει
2921 1400 3103 1455 καὶτὸ
3134 1399 3322 1460 ἀτελὲς
3364 1397 3552 1467 πόρῤω
3582 1393 3795 1462 ἀπελή-

2226 1498 2386 1550 λαται
2443 1494 2535 1547 διὰ
2579 1492 2678 1564 τὴν
2730 1493 2910 1561 ἄκραν
2950 1488 3267 1558 τελειότητα
3325 1486 3423 1539 καὶ
3484 1485 3791 1553 ἁπλότητα,

2225 1588 2425 1641 ταυτόν
2455 1588 2603 1638 ἐστιν
2632 1586 2672 1655 η
2695 1583 2942 1654 ἐνέργεια
2992 1580 3182 1642 αὐτοῦ,
3278 1580 3394 1630 ἔστι
3418 1579 3486 1647 τῇ
3511 1576 3669 1646 οὐσίᾳ
3693 1576 3796 1628 αὐ-

2203 1658 2321 1731 ’τοῦ
2353 1692 2367 1708 ⁶
2402 1678 2518 1731 ἴσον
2535 1675 2591 1728 δὲ
2619 1675 2815 1736 εἰπεῖν,
2839 1670 3036 1725 ταυτόν
3074 1668 3222 1723 ἔστιν
3258 1669 3291 1737 ἡ
3340 1666 3455 1734 ζωὴ
3503 1664 3666 1719 αὐτοῦ
3716 1667 3792 1734 τῇ

2228 1768 2385 1837 οὐσίᾳ
2437 1764 2641 1820 αὐτοῦ’
2716 1762 2811 1816 καὶ
2859 1761 3085 1814 ἐπὶτῶν
3137 1758 3312 1813 ἄλλων
3373 1755 3634 1818 ὡσαύτως
3680 1755 3798 1808 τῶν

2228 1857 2627 1927 ἀποδιδομένων
2654 1857 2721 1926 τῇ
2741 1854 2899 1922 οὐσία
2928 1851 3023 1905 τοῦ
3054 1849 3210 1906 Θεοῦ.
3250 1848 3458 1929 ’Ἄλλως
3491 1848 3597 1917 γὰρ
3660 1847 3696 1916 ἦ
3724 1861 3794 1898 τε

2227 1950 2340 2019 ζωὴ
2371 1947 2536 2002 αὐτοῦ
2563 1945 2809 2011 ἁνούσιος
2836 1943 2902 1998 ἂν
2931 1939 3020 2013 ἦν,
3079 1941 3114 2011 ἦ
3140 1957 3199 1993 τε
3237 1939 3394 1992 οὐσία
3418 1937 3592 2003 ἄζωος
3623 1951 3640 1967 ·
3687 1936 3795 1989 θα-

2227 2043 2387 2113 τερόν
2420 2058 2479 2094 τε
2511 2039 2741 2109 θατέρου
2772 2036 2908 2108 πρὸς
2942 2028 3176 2103 ὓπαρξιν
3202 2032 3293 2085 καὶ
3324 2030 3636 2099 τελειότητα
3677 2027 3799 2080 δεό-

2235 2150 2396 2203 μενον
2433 2131 2688 2185 σύνθετον
2724 2129 2819 2182 καὶ
2840 2125 3025 2188 ἀτελὲς
3059 2125 3300 2194 παρίστη
3338 2122 3399 2174 τὸ
3439 2120 3651 2191 πρῶτον
3697 2120 3798 2173 καὶ

2228 2224 2394 2293 ἄκρον
2423 2220 2642 2291 ἀγαθόν.
2670 2219 2832 2273 Ὥστε
2861 2216 2921 2271 οὐ
2958 2216 3151 2287 ῥητέον
3183 2214 3265 2267 ὅτι
3314 2213 3342 2265 ὁ
3374 2211 3508 2274 Θεὸς
3542 2208 3656 2280 ἔχει
3704 2211 3799 2261 tv-

2230 2314 2449 2384 έργειαν
2474 2311 2689 2384 ἢιηζωὴν
2718 2312 2749 2380 ἢ
2777 2310 3094 2379 ἀγαθότητα
3125 2322 3141 2339 ·
3203 2304 3363 2359 τοῦτο
3409 2301 3519 2373 γὰρ
3572 2300 3799 2372 μερικόν

2232 2423 2283 2460 τι
2316 2410 2413 2459 καὶ
2444 2405 2628 2467 ἀτελὲς
2662 2402 2904 2456 δείκνυσι
2954 2399 3044 2453 τὸν
3102 2397 3257 2462 Θεὸν,
3326 2393 3442 2448 ἀλλ’
3487 2388 3799 2456 ὅλοςῚστὶν

2230 2501 2479 2569 ἐνέργεια
2507 2498 2630 2552 καθ’
2664 2496 2866 2564 ἑαυτὴν
2898 2490 3209 2562 ὑφεστῶσα,
3233 2490 3329 2544 καὶ
3356 2488 3478 2550 ὅλος
3526 2483 3661 2552 ζωὴ,
3696 2482 3799 2535 καὶ

2231 2588 2350 2650 ὅλος
2389 2587 2691 2657 ἀγαθότης,
2716 2585 2783 2638 δι’
2810 2586 2986 2653 ἄκραν
3029 2581 3346 2650 τελειότητα
3379 2579 3480 2633 καὶ
3514 2578 3797 2646 ἁπλότητα

2222 2683 2326 2734 καὶ
2354 2680 2569 2733 ἓνωσιν.
2598 2678 2672 2729 Τὸ
2705 2677 2813 2746 γὰρ
2836 2675 2982 2746 ἕχον,
3015 2665 3075 2727 οὗ
3097 2672 3210 2744 ἔχει
3232 2671 3483 2741 διαφέρει
3509 2684 3524 2702 ο
3572 2670 3692 2720 ἐκεῖ
3735 2666 3799 2719 δὲ

2230 2770 2451 2834 οὐδεμία
2481 2770 2598 2822 ἐστὶ
2627 2756 2861 2837 διαφορὰ
2893 2763 3276 2835 πραγματικὴ.
3311 2760 3466 2815 Ἐπεὶ
3514 2760 3613 2813 οὐκ
3651 2760 3718 2812 ἂν
3762 2752 3799 2830 ᾗ

2230 2866 2257 2916 ό
2311 2861 2443 2925 Θεὸς
2508 2862 2606 2928 μία
2670 2858 2825 2913 οὐσία
2884 2856 2978 2911 καὶ
3007 2854 3090 2920 ἓν,
3118 2851 3146 2908 ὅ
3174 2854 3227 2907 τί
3259 2853 3375 2906 ποτ’
3413 2851 3568 2904 ἐστιν
3621 2850 3800 2903 ἐκεῖνο

2232 2955 2464 3024 πρᾶγμα
2492 2970 2505 2982 ·
2536 2950 2677 3020 πλὴν
2707 2949 2809 3018 τῆς
2848 2947 2993 3001 κατὰ
3019 2946 3088 3001 τὰ
3134 2944 3406 3016 πρόσωπα
3445 2940 3479 3013 ἢ
3514 2941 3616 3003 τὰς
3664 2940 3802 2994 ὐποὲ

2234 3045 2451 3101 στάσεις
2485 3039 2750 3109 διαφιρᾶς
2782 3042 2876 3091 καὶ
2909 3035 3254 3107 διαγρίσεως,
3285 3034 3405 3105 ἥτις
3425 3031 3485 3086 οὐ
3513 3029 3804 3101 διαφερόνο

565 3118 857 3171 bonitatem
885 3132 978 3187 per
1037 3132 1096 3173 se
1127 3116 1534 3184 subsistentem,
1601 3118 1670 3172 ob
1708 3134 1973 3173 summam
2011 3136 2131 3190 per-

2234 3151 2342 3185 των
2392 3130 2735 3198 πραγμάτιον
2785 3129 2910 3181 καθ’
2959 3128 3099 3181 αὐτὰ
3159 3126 3306 3178 ποιεῖ
3350 3120 3636 3192 διαφορὰν,
3685 3118 3801 3173 ἀλλ’

542 3212 854 3266 'feetionem
909 3221 963 3266 et
1006 3212 1406 3282 simplicitatem
1468 3223 1524 3266 et
1581 3213 1866 3267 unitatem.
1921 3215 2130 3271 Habens

566 3304 739 3370 enim,
766 3305 833 3357 ab
859 3318 923 3357 eo
950 3304 1333 3372 distinguitur;
1357 3306 1497 3373 quod
1533 3305 1778 3359 habetur.
1808 3307 1863 3358 in
1894 3308 1999 3360 Deo
2031 3322 2127 3359 att-

568 3401 675 3447 tem
732 3395 875 3447 nulla
937 3393 1097 3448 realis
1147 3395 1420 3448 distinctio
1451 3405 1571 3460 est,
1606 3395 1802 3465 alioqui
1855 3412 1957 3449 non
1988 3405 2134 3451 esset

473 3498 483 3505 ’
569 3483 826 3539 Deusuna
850 3485 1104 3548 essentia,
1137 3500 1443 3556 unumque,
1480 3486 1740 3554 quidquid
1794 3489 2008 3541 tandem
2065 3489 2129 3542 il-

567 3574 657 3628 lud
688 3575 1035 3644 sil,%xcepla
1062 3575 1321 3629 duntaxat
1348 3582 1826 3644 personarum'seu
1875 3576 2130 3643 byposta-

567 3680 696 3719 seen
713 3666 1061 3720 distinctione
1080 3680 1144 3720 ac
1167 3666 1511 3731 discretione,
1549 3680 1669 3734 quae
1695 3681 1799 3719 non
1832 3681 2010 3720 rerum
2046 3680 2139 3734 per

540 3772 627 3811 ‘sc
677 3756 1037 3813 diﬂ’ereutiam
1081 3767 1134 3811 et
1162 3757 1569 3812 distinctionem
1619 3758 1783 3819 facit;
1806 3759 1898 3810 seti
1950 3771 2138 3810 nume-

570 3866 687 3903 rum
729 3851 1065 3907 discretionis
1089 3850 1387 3919 personalis
1422 3864 1585 3918 penes
1634 3847 1952 3901 Trinitatem
1988 3848 2140 3901 indu-

548 3941 662 3994 .t-it.
714 3939 869 4004 Nam,
903 3951 958 3993 ut
1012 3949 1292 3993 auctorest
1328 3940 1691 3992 Damascenus
1714 3939 1779 3999 ‘°.
1805 3939 1856 3990 in
1883 3939 1967 3991 his
2000 3940 2135 3990 dun-

570 4038 720 4083 taxat
769 4029 940 4082 tribus
979 4014 1328 4099 Itypostaticis
1356 4027 1779 4095 proprietatibus
1804 4026 2142 4096 distinguun-

572 4127 657 4167 tur
690 4117 829 4169 inter
849 4131 927 4179 se,
952 4127 1061 4174 tres
1090 4128 1285 4170 sanetae
1311 4115 1622 4185 hypostases
1653 4131 1746 4173 seu
1771 4131 2032 4185 persome,
2052 4133 2147 4187 pa-

572 4205 844 4268 tnruitatc,
880 4206 1094 4258 tilietate
1124 4214 1177 4258 et
1202 4207 1564 4272 processione.
1595 4206 1670 4259 Ae
1698 4207 1833 4258 sicut
1868 4208 2145 4265 ridiculum

571 4311 709 4352 esset
734 4299 932 4362 direre,
958 4299 1097 4368 quod
1118 4312 1264 4351 mare
1278 4312 1466 4365 aquam
1485 4296 1692 4357 habeat,
1713 4300 2141 4368 quandoquidem

2232 3220 2473 3289 ἀριθμὸν
2496 3217 2821 3287 διακρίσεως
2866 3215 3224 3287 προσωπικῆς
3254 3214 3397 3266 κατὰ
3439 3211 3540 3280 τὴν
3595 3208 3805 3280 Τριάδα

2233 3312 2468 3378 εἰσάγει.
2513 3310 2666 3363 Ἐπεὶ
2693 3308 2838 3363 κατὰ
2866 3307 2956 3368 τόν
2981 3305 3342 3377 Δαμασκηνὸν
3375 3306 3436 3355 tv
3455 3303 3652 3372 μόναις
3675 3300 3806 3353 ταύ·

2234 3421 2356 3466 ταις
2379 3404 2500 3466 ταῖς
2525 3403 2913 3463 ὐποστατικαϊς
2944 3400 3168 3469 ἰδίοτησι
3190 3397 3536 3468 διαφέρουσιν
3563 3394 3807 3465 ἀλλήλων

2235 3497 2293 3548 αἱ
2324 3496 2477 3562 ἆγιαι
2508 3495 2655 3565 τρεῖς
2697 3492 3044 3554 ὑποστάσεις,
3093 3490 3412 3560 πατρότητι,
3471 3489 3676 3555 υῑότητι
3712 3486 3807 3538 καὶ

2243 3586 2586 3656 ὲκπορεύσει.
2606 3585 2716 3639 Καὶ
2747 3583 2936 3653 ὥσπερ
2964 3582 3171 3651 γελοῖον
3195 3582 3260 3635 ἂν
3283 3581 3369 3651 εἴη
3397 3580 3600 3647 λέγειν,
3646 3578 3729 3631 ὅτι
3771 3578 3807 3648 ἠ

2226 3676 2483 3729 ’θάλασσα
2519 3676 2637 3745 ἔχει
2665 3674 2830 3744 ὕδωρ,
2854 3675 2970 3741 εἴγε
2999 3672 3059 3725 τὸ
3106 3672 3360 3741 σύστημα
3388 3672 3489 3740 τῆς
3526 3668 3807 3738 θαλάσσης

2237 3768 2359 3820 ὅλον
2423 3765 2568 3835 ὕδωρ
2627 3764 2773 3818 ἐστίν
2799 3779 2814 3796 ο
2854 3763 2996 3817 οὕτω
3038 3761 3373 3832 γελοιότερον
3414 3758 3597 3827 λέγειν
3639 3759 3725 3812 ὅτι
3775 3757 3806 3809 ὁ

2236 3855 2366 3917 Θεὸς
2396 3854 2507 3924 ἔχει
2539 3852 2726 3906 οὐσίαν
2744 3853 2838 3906 καὶ
2853 3852 3058 3921 νόησιν,
3086 3849 3119 3919 ἢ
3150 3848 3298 3919 ζωήν
3323 3863 3339 3878 ⁸
3372 3845 3487 3900 ἀλλ’
3510 3845 3631 3909 ὅλος
3660 3847 3808 3902 ἐστὶν

2238 3943 2418 4002 οὐσία,
2451 3942 2546 3995 καὶ
2572 3941 2692 4002 ὅλος
2719 3939 2925 4008 νόησις,
2951 3938 3046 3990 καὶ
3073 3937 3190 3999 ὅλος
3229 3936 3364 4004 ζωή.
3410 3934 3690 3996 Ὡσαύτως
3714 3935 3810 3986 καὶ

2247 4025 2343 4086 ἐπὶ
2370 4034 2479 4086 τῶν
2502 4033 2676 4087 ἄλλων
2697 4032 2802 4085 τῶν
2833 4029 3018 4093 ἁπλῶς
3064 4028 3157 4081 καὶ
3197 4024 3617 4095 ἁπολελυμένως
3671 4025 3806 4077 ἀπο-

2250 4104 2543 4190 διδομένων
2576 4121 2652 4190 τῷ
2683 4121 2801 4192 Θεῷ
2828 4119 3040 4189 ῥητέον.
3066 4119 3233 4171 Τοῦτο
3286 4117 3344 4169 δὲ
3387 4116 3544 4186 δῆλον
3584 4115 3653 4168 ὲκ
3702 4114 3812 4168 τῶν

2253 4215 2650 4284 ὑπικειμένων.
2699 4213 2765 4265 Ἦ
2793 4212 2901 4282 γὰρ
2931 4210 3179 4278 θεολογία
3195 4207 3267 4272 εδ
3296 4206 3555 4278 προτεθὲν
3613 4207 3813 4276 ἀληθὲς

2249 4305 2541 4368 ἀποδείξει.

574 4406 676 4441 tua:
694 4391 721 4443 i.~
747 4393 921 4445 ouniis
941 4391 1155 4445 coalitio
1173 4404 1308 4459 aqua
1333 4400 1448 4455 est;
1473 4389 1550 4444 sic
1570 4391 1737 4460 magis
1757 4391 1976 4447 ridicule
1989 4395 2215 4462 dicatur,
2245 4396 2442 4452 habere
2467 4398 2940 4463 Deu-u,csseutiam
2970 4407 3024 4452 et
3047 4393 3478 4466 intelligentiam,
3501 4400 3596 4449 aut
3622 4391 3812 4446 vitam.

572 4486 663 4536 sed
692 4498 811 4537 esse
843 4492 1007 4535 totum
1020 4480 1303 4534 essentiam
1323 4492 1377 4535 et
1398 4491 1568 4535 totum
1594 4482 1996 4551 intelligentiam
2010 4497 2062 4540 et
2082 4489 2248 4541 totum
2263 4491 2707 4560 vitam.ltlemque
2731 4490 2798 4544 de
2814 4489 3029 4558 reliquis
3043 4489 3344 4553 dicendum,
3357 4498 3475 4555 qua:
3489 4484 3808 4555 simpliciter

574 4570 886 4626 t‘tnbsulttlt:
916 4568 1024 4621 Deo
1050 4571 1376 4621 tribuuntur.
1402 4571 1479 4622 Ac
1524 4569 1688 4637 liquet
1728 4586 1792 4623 ex
1833 4571 2150 4640 SU'IjllllC'iS.
2188 4577 2473 4649 Theologia
2503 4581 2646 4634 enim
2684 4580 3010 4648 propositam
3052 4581 3334 4632 veritatem
3367 4576 3635 4638 probabit.

554 4732 555 4735 η
648 4670 725 4717 Ac
762 4676 891 4715 sane
922 4660 1150 4729 primum
1180 4660 1296 4727 ipse
1321 4660 1583 4715 Dominus
1613 4662 1686 4715 ait
1711 4681 1723 4715 :
1762 4661 1870 4730 qu
1892 4680 2005 4716 sum
2029 4668 2132 4720 vita

2308 4674 2416 4727 Καὶ
2451 4673 2516 4745 δὴ
2548 4673 2765 4744 πρῶτον
2798 4672 2958 4736 αὐτὸς
2985 4673 3012 4724 ό
3060 4670 3263 4738 Κύριος
3305 4669 3475 4736 λέγει,
3523 4670 3676 4739 Ἐγώ
3731 4673 3815 4727 ει.

558 4771 620 4829 Ἶρι
664 4757 873 4813 veritas.
913 4763 962 4806 et
1003 4753 1176 4806 lumen
1200 4752 1246 4804 θ.
1282 4751 1337 4811 Si
1369 4752 1530 4826 igitur
1560 4748 1665 4807 non
1708 4764 1827 4807 erat
1867 4753 2038 4812 Filius
2076 4772 2133 4811 ac

2238 4782 2307 4833 ιιι
2335 4767 2373 4832 ἡ
2402 4765 2520 4831 ζωὴ
2552 4765 2648 4819 καί
2674 4766 2713 4832 ἡ
2744 4763 2994 4830 ἀλήθεια
3046 4763 3143 4816 κα)
3177 4762 3245 4816 τὸ
3298 4761 3445 4830 φῶς.
3513 4762 3578 4814 Et
3634 4763 3820 4817 τοίνυν

576 4847 806 4900 Verbum
841 4844 956 4906 Dei,
1002 4843 1090 4909 qui
1142 4843 1255 4894 haec
1301 4842 1641 4909 loquebatur,
1696 4843 1791 4898 sed
1819 4845 1967 4898 aliud
1999 4846 2127 4913 quid

578 4945 771 5003 praeter
811 4934 925 5001 ejus
959 4933 1285 4997 essentiam,
1313 4933 1561 4986 essentia:
1608 4949 1825 5001 expers,
1874 4927 1973 4989 nec
2015 4953 2142 4992 vere

577 5027 845 5079 ussiStens
872 5033 962 5076 aut
996 5024 1341 5090 subsistens;
1373 5024 1530 5090 quale
1566 5024 1795 5093 denique
1821 5027 2003 5083 volunt
2026 5044 2145 5083 esse

579 5119 744 5169 vitam
774 5125 830 5169 et
873 5115 1176 5181 veritatem,
1228 5128 1295 5167 ac
1341 5129 1564 5180 prorsus
1598 5117 2011 5184 operationem,
2051 5120 2144 5188 qui

581 5209 695 5261 haec
728 5207 870 5259 aliud
898 5206 1027 5273 quid
1050 5207 1118 5261 ab
1146 5206 1384 5261 essentia
1405 5219 1525 5260 esse
1549 5215 1818 5272 statuunt,
1843 5209 2150 5277 cujusuiodi

577 5298 736 5351 etiam
766 5297 950 5350 dicunt
979 5296 1180 5359 lumen,
1206 5296 1348 5363 quod
1385 5298 1436 5348 in
1461 5293 1758 5359 Thaboriu,
1789 5299 1842 5351 in
1872 5298 2144 5353 Dominica

556 5376 1060 5442 'trausfurntatione
1095 5386 1381 5456 apparuit?
1411 5387 1503 5440 Sic
1533 5402 1681 5450 vero,
1715 5391 1760 5442 si
1793 5393 1893 5444 hoc
1933 5392 2147 5446 dederi-

577 5497 698 5534 mus
725 5495 789 5534 ac
814 5494 1204 5548 suppunamus,
1234 5491 1578 5545 consequens
1612 5490 1695 5533 est
1730 5490 1908 5534 aetum
1937 5497 2055 5538 essn
2082 5485 2147 5537 de

562 5573 774 5624 divina!
806 5571 1192 5624 incarnationis
1214 5569 1489 5639 mysterio;
1524 5581 1637 5636 aut,
1669 5574 1935 5639 siquidem
1974 5576 2143 5643 ipsum

662 5750 818 5808 'Lib.
860 5768 894 5814 ι,
926 5768 974 5804 c.
1008 5753 1059 5805 8.
1137 5754 1156 5784 ³
1189 5752 1345 5807 Juan.
1382 5770 1491 5817 sn.
1536 5757 1588 5821 6,
1620 5755 1674 5821 9,
1712 5755 1795 5807 i2.

2245 4840 2346 4909 οὐκ
2373 4851 2484 4926 ἧνό
2518 4856 2643 4918 Υῑδς
2670 4856 2765 4908 καὶ
2799 4855 2968 4919 Λόγος
2998 4854 3092 4906 τοῦ
3113 4851 3270 4918 Θεοῦ,
3316 4855 3345 4905 ό
3396 4850 3565 4904 ταῦτα
3614 4852 3817 4920 λέγων,

2246 4947 2360 5001 ἀλλ’
2392 4947 2576 5016 ἕτερόν
2605 4965 2659 5000 τι
2692 4947 2844 5015 παρᾶ
2879 4946 2977 5017 τὴν
3000 4946 3187 4999 οὐσίαν
3214 4942 3403 5009 αὐτοῦ,
3435 4942 3689 4997 ἀνούσιον
3722 4946 3818 4998 καὶ

2245 5039 2640 5101 ἀνυπόστατον,
2684 5039 2777 5093 καὶ
2802 5032 2912 5090 οἷον
2946 5037 3223 5107 βούλονται
3254 5034 3392 5089 εἶναι
3415 5037 3512 5105 τὴν
3537 5035 3685 5106 ζωὴν
3722 5039 3818 5090 καὶ

2247 5128 2348 5197 τὴν
2375 5117 2656 5197 ἀλήθέιαν,
2688 5128 2782 5181 καὶ
2808 5129 2940 5189 ὅλως
2964 5128 3061 5197 τὴν
3087 5127 3389 5196 ἐνέργειαν,
3430 5128 3481 5178 oi
3507 5126 3816 5205 tlﬁtawt‘i;

2246 5220 2436 5283 οὐσίας
2473 5219 2662 5290 ἕτερον
2695 5219 2987 5289 τιθέμενοι,
3014 5214 3123 5270 οἷον
3152 5220 3244 5270 καὶ
3290 5217 3350 5269 τὸ
3388 5220 3446 5269 ἐν
3490 5215 3569 5286 τῷ
3619 5202 3813 5269 edem-

2250 5310 2351 5381 ρίῳ
2391 5311 2559 5378 φανὲν
2588 5310 2843 5378 λέγουσιν
2880 5309 2975 5362 ἐπὶ
3002 5308 3099 5377 τῆς
3132 5306 3224 5360 τοῦ
3266 5307 3472 5375 Κυρίου
3521 5314 3810 5377 μεταμορ-

2249 5400 2472 5469 φώσεως
2496 5401 2613 5469 φῷς
2645 5415 2660 5432 ⁸
2683 5399 2828 5454 οὕτω
2859 5399 2914 5452 δὲ
2944 5399 3228 5469 ἀναίρεσις
3257 5398 3322 5448 ὲκ
3364 5396 3463 5466 τῆς
3495 5396 3813 5458 ὑποθέσεως

2247 5492 2448 5561 ταύτης
2471 5492 2662 5546 ἕπεται
2694 5490 2788 5544 τοῦ
2824 5492 2920 5560 τῆς
2946 5489 3094 5552 θείας
3115 5488 3445 5558 σαρκώσεως
3465 5488 3768 5558 μυστηρίου
3791 5501 3807 5516 ⁶

2248 5578 2304 5647 ἢ,
2336 5581 2490 5649 εἴπερ
2517 5579 2678 5642 αὐτὸς
2702 5576 2768 5650 ἦν
2797 5579 3012 5649 ἀληθῶς
3038 5577 3065 5629 ό
3096 5575 3190 5629 τοῦ
3221 5574 3354 5629 Θεοῦ
3402 5577 3597 5643 Λόγος,
3650 5577 3680 5630 ό
3730 5570 3809 5639 εἷς
