4078 6258
568 387 674 452 343

1827 397 2216 460 MANUELIS
2279 402 2578 463 CALFC/E
2674 381 2698 403 ‘

3686 407 3783 474 344

569 505 782 558 sitatem
811 519 871 559 ac
897 505 1286 575 duplicitatem,
1312 507 1616 578 realemque
1642 509 2042 565 distinctionem
2073 509 2110 562 ir

2229 516 2573 590 διδάσκαλοι,
2635 518 2815 572 πᾶσαν
2874 515 3169 587 ἑτερᾶτητα
3220 518 3314 572 καὶ
3363 516 3632 589 διπλόην,
3695 525 3785 576 καὶ

571 593 684 649 Deo
722 595 935 649 tollunt.
967 596 1185 666 Magnus
1227 596 1453 652 Basilius
1491 601 1616 652 dum
1657 600 1842 654 scribit
1871 601 2110 653 Adversa;

2232 609 2625 681 πραγματικὴν
2681 607 2945 678 διαφορὰν
2998 609 3090 663 ἐπὶ
3138 609 3272 662 Θεοῦ
3316 609 3681 679 ἀφαιροῦντες
3712 628 3724 643 ⁸
3755 616 3782 667 ὁ

571 683 907 749 Eunomium,
940 685 1017 738 ait
1046 701 1059 737 :
1094 685 1157 738 In
1188 685 1284 739 Dei
1314 686 1507 754 forma,
1535 690 1589 742 in
1618 689 1712 742 Dei
1761 691 1988 743 essentia
2026 697 2124 743 est.

569 773 681 830 Nec
706 782 838 830 enim
867 778 1014 831 aliud
1063 777 1235 844 {arma
1265 787 1340 832 est
1364 819 1378 845 ,
1411 780 1655 850 aliudque
1683 781 1927 845 essentia,
1962 796 2026 833 ne
2055 782 2124 835 sit

564 864 900 931 compositus.
931 863 1110 918 Omnis
1135 866 1329 935 imago,
1360 875 1451 920 aut
1476 868 1709 920 essentia:
1755 878 1845 919 aut
1896 867 2080 934 forma!
2107 907 2122 926 .

568 962 657 1004 aut
693 954 902 1021 ﬁguris,
932 963 1022 1007 aut
1051 956 1265 1021 speciei,
1299 967 1392 1008 aut
1423 957 1614 1010 coloris
1645 958 1816 1024 imago
1842 965 1917 1008 est
1942 970 1960 1008 :
1989 954 2122 1011 Deus

561 1045 734 1094 a'utem
773 1043 825 1094 in
864 1044 1008 1096 nullo
1039 1044 1223 1098 horum
1251 1083 1266 1106 ,
1299 1046 1389 1097 sed
1440 1047 1496 1098 in
1537 1045 1760 1099 essentia
1799 1043 2123 1100 solummodo

557 1142 652 1185 est.
688 1133 880 1186 Beatus
915 1148 1131 1201 quoque
1172 1133 1406 1188 Joannes
1458 1134 1819 1187 Damascenus
1847 1131 1924 1186 ait
1960 1148 1972 1184 :
2019 1132 2122 1186 Es-

553 1225 719 1274 sentia
742 1231 791 1276 et
813 1223 987 1291 forma
1012 1232 1061 1276 et
1090 1231 1284 1276 natura
1340 1224 1476 1276 idem
1508 1232 1628 1276 sunt
1662 1224 1717 1276 in
1759 1220 1885 1277 Deo.
1910 1222 1975 1276 Et
2001 1238 2121 1275 rur-

555 1329 670 1377 sus,
697 1313 832 1366 Deus
863 1313 1084 1380 simplex
1104 1323 1181 1366 est
1205 1314 1470 1382 omnisque
1497 1328 1679 1380 expers
1704 1314 2116 1384 compositionis.

555 1403 705 1469 Quod
752 1414 934 1458 autem
984 1418 1051 1458 ex
1095 1404 1279 1458 multis
1319 1413 1478 1474 atque
1522 1406 1792 1460 distinctis
1829 1404 2118 1460 conﬂatum

551 1507 655 1558 εει,
679 1497 1033 1562 compositum
1059 1505 1160 1549 est.
1187 1497 1240 1548 Si
1271 1496 1428 1564 igitur
1450 1497 1770 1562 iucreatum,
1797 1496 2117 1562 immortale,

553 1587 803 1654 principii
835 1601 1048 1655 expers,
1085 1601 1204 1639 esse
1235 1597 1532 1642 creatorem
1559 1628 1574 1655 ,
1606 1597 1890 1650 aeternum,
1921 1587 2118 1642 habere

553 1677 965 1745 providentiam,
1004 1677 1319 1730 essentiales
1349 1677 1400 1730 in
1435 1677 1541 1731 Deo
1570 1677 1898 1732 differentias
1922 1678 2118 1732 dixeri-

552 1775 690 1836 inus,
721 1786 784 1824 ex
817 1780 923 1823 tam
955 1769 1136 1823 multis
1170 1767 1480 1832 conﬂatum,
1517 1769 1692 1839 ipsum
1731 1770 2114 1838 compositum,

553 1880 655 1916 non
704 1864 927 1932 simplex
976 1864 1101 1925 erit,
1162 1861 1309 1928 quod
1361 1872 1619 1916 extrema:
1670 1862 1961 1931 impietatis
2010 1869 2112 1916 est.

2234 704 2332 771 μὲν
2363 703 2536 772 μέγας
2566 701 2866 763 Βαοὶᾑιος,
2895 699 3016 752 κατ’
3046 699 3310 767 Εὐνομίου
3345 700 3599 770 γράφων,
3628 702 3779 769 φησι,

2232 793 2306 847 Τὸ
2363 793 2431 848 ἐν
2452 791 2659 862 μορφῇ
2699 792 2848 846 Θεοῦ
2887 793 3067 846 οὐσία
3111 789 3241 846 ἐστι
3281 791 3452 845 Θεοῦ.
3480 791 3633 844 οὐδὲ
3681 791 3781 860 γὰρ

2228 886 2383 938 ἄλλο
2410 883 2635 952 μορφὴ,
2661 883 2760 936 καὶ
2785 882 2940 937 ἄλλο
2969 881 3171 946 οὐσία,
3223 883 3325 935 ἵνα
3366 882 3457 950 μὴ
3490 882 3776 948 σύνθετος

2223 965 2286 1041 ᾖ.
2327 969 2495 1023 Πάλιν
2523 972 2550 1022 ὁ
2572 970 2756 1034 αὐτὸς,
2791 969 2964 1026 Πᾶσα
2989 971 3168 1023 εἰκὼν
3195 969 3234 1037 ἣ
3260 968 3528 1038 μορφῆς,
3561 970 3599 1038 ἢ
3634 972 3774 1040 σχῇ.

2221 1076 2408 1129 ματος
2441 1061 2479 1127 ἢ
2507 1059 2730 1125 εῖδους,
2755 1061 2793 1128 ἢ
2819 1059 3126 1129 χρώματός
3158 1060 3331 1113 ἐστιν
3358 1057 3544 1112 εἰκών
3571 1075 3586 1089 ·
3641 1059 3775 1123 Θεὸς

2224 1153 2293 1206 δὲ
2317 1154 2388 1206 ἐν
2419 1153 2622 1208 οὐδενὶ
2655 1153 2900 1218 τούτων,
2923 1152 2993 1205 ἐν
3021 1151 3091 1205 δὲ
3138 1151 3319 1217 οὐσίᾳ
3357 1151 3542 1219 μόνῃ.
3599 1151 3706 1202 Καὶ
3748 1151 3775 1203 ὁ

2225 1245 2366 1309 Beloc
2409 1244 2661 1314 Ἰωάννης
2690 1245 3050 1313 Δαμασκηνός
3068 1258 3224 1313 φησι,
3281 1241 3481 1297 Obuia
3513 1239 3611 1294 καὶ
3639 1258 3774 1309 μορ-

2221 1335 2307 1403 φὴ
2332 1335 2432 1388 καὶ
2469 1335 2654 1404 φύσις
2683 1333 2782 1386 ἐπὶ
2807 1334 2956 1388 Θεοῦ
2992 1333 3216 1386 ταυτόν
3243 1331 3398 1384 ἐστι.
3441 1331 3555 1384 Καὶ
3603 1329 3776 1394 πάλιν,

2225 1427 2301 1482 Τὸ
2334 1427 2505 1480 Θεῒον
2531 1425 2769 1482 ἁπλοῦν
2799 1425 2928 1478 ἐστι
2973 1424 3071 1477 καὶ
3099 1423 3461 1478 ἀσύνθετον.
3512 1418 3586 1472 Τὸ
3631 1421 3686 1474 δὲ
3718 1423 3775 1476 ἐκ

2220 1520 2432 1573 πολλῶν
2459 1521 2550 1574 καὶ
2578 1520 2851 1589 διαφόρων
2887 1517 3241 1585 συγκείμενον
3291 1515 3571 1567 σύνθετον.
3610 1512 3776 1568 Εἰοῦν

2219 1609 2280 1662 τὸ
2313 1609 2563 1662 ἄκτιστον
2592 1607 2689 1662 καὶ
2718 1607 2984 1662 ἀθάνατον
3011 1607 3103 1660 καὶ
3140 1606 3377 1673 ἄναρχον
3411 1605 3506 1656 καὶ
3524 1603 3586 1672 δη
3597 1619 3772 1671 μιουρ-

2219 1700 2373 1767 γικὸν
2402 1699 2496 1753 καὶ
2521 1699 2760 1760 αἰώνιον,
2789 1697 2884 1775 κα).
2906 1696 3262 1768 προνοητικὸν
3285 1692 3572 1755 οὐσιῶδεις
3603 1693 3774 1760 διαφο-

2225 1790 2322 1860 ρὰς
2343 1791 2568 1859 εἴπομεν
2593 1789 2683 1842 ἐπὶ
2714 1787 2873 1854 Θεοῦ,
2908 1788 2969 1840 τὸ
3000 1779 3063 1840 ἑκ
3099 1787 3375 1840 τοσούτων
3429 1784 3774 1853 συγκείμενον
3837 1779 3847 1795 “

2222 1881 2473 1934 σύνθετον
2497 1881 2674 1946 ἔσται,
2705 1881 2802 1950 οὐχ
2841 1877 3048 1933 ἁπλοῦν
3084 1892 3099 1909 ο
3155 1878 3288 1949 ὅπερ
3353 1878 3595 1947 ἐσχάτης
3656 1875 3772 1928 ἀσε-

551 1955 690 2007 Ιιιοηι
719 1969 733 2007 :
775 1953 896 2006 Non
922 1953 1068 2007 debet
1095 1954 1150 2006 in
1181 1953 1285 2008 Deo
1318 1954 1424 2007 dici
1453 1953 1710 2020 qualitas,
1744 1969 1807 2008 ne
1837 1969 1952 2008 eum
1976 1967 2110 2006 com-

2214 1973 2371 2036 θείας
2400 1973 2568 2028 ἐστίν.
2607 1973 2667 2028 '0
2702 1974 2882 2039 αὐτὸς,
2923 1973 3020 2028 -Οὐ
3068 1971 3184 2042 χρὴ
3229 1971 3440 2041 λέγειν
3486 1969 3591 2024 ἐπὶ.
3635 1968 3769 2023 Θεοῦ

547 2046 772 2113 positum
807 2046 1040 2098 dicamus
1079 2059 1144 2097 ex
1173 2047 1399 2099 essentia
1429 2055 1477 2098 et
1511 2040 1786 2113 qualitate.

621 2228 854 2281 Sanctus
887 2226 1169 2290 Maximus,
1207 2226 1484 2296 Capitibus
1527 2226 1638 2281 suis
1683 2226 1749 2280 ad
1790 2224 2058 2294 Elpidium
2099 2245 2112 2280 :

551 2321 737 2372 Omnis
785 2319 1067 2371 intellectio
1088 2357 1104 2380 ,
1133 2296 1269 2370 sicui
1301 2318 1353 2369 in
1395 2317 1692 2370 substantia
1731 2316 1942 2369 omnino
1974 2316 2115 2370 exsi-

548 2411 792 2464 stentiam
841 2409 990 2462 liabet
1037 2407 1174 2461 velut
1206 2407 1464 2474 qualitas,
1494 2409 1571 2460 sic
1620 2416 1669 2460 et
1695 2408 1836 2460 circa
1873 2409 2115 2461 substan-

550 2506 674 2556 tiam
705 2501 1048 2571 qualitatibus
1087 2500 1343 2572 imbutam
1372 2507 1569 2552 motum
1604 2499 1773 2553 habet.
1821 2498 1942 2553 Non
1975 2501 2113 2554 enim

547 2589 749 2658 aliquid
783 2587 1080 2642 absolutum
1126 2603 1190 2639 ac
1233 2587 1488 2656 simplex,
1547 2603 1637 2656 per
1665 2589 1888 2654 seipsum
1933 2588 2109 2641 subsi-

551 2690 718 2736 stens.
751 2686 916 2746 potest
945 2695 1059 2730 eam
1092 2680 1334 2746 recipere,
1370 2678 1509 2748 quod
1531 2695 1622 2732 nec
1637 2679 1753 2748 ipsa
1782 2678 2023 2735 absoluta
2052 2695 2112 2730 ac

546 2768 770 2837 simplex
808 2778 904 2821 est.
939 2768 1080 2821 Deus
1109 2781 1284 2821 autem
1315 2778 1530 2836 utroque
1563 2769 1718 2820 modo
1749 2771 1956 2844 omnino
1989 2769 2111 2821 sim-

544 2859 666 2925 νιιιπ
699 2857 946 2920 exsistit;
981 2872 1042 2909 ac
1072 2867 1181 2910 tum
1224 2851 1523 2910 substantia
1563 2865 1637 2911 est
1684 2858 1796 2910 sine
1842 2857 2108 2926 subjecto,

548 2957 657 2997 tum
685 2945 990 3008 intellectio,
1023 2947 1164 2998 omni
1204 2963 1418 3012 prorsus
1452 2963 1632 3000 carens
1681 2948 1931 3015 subjecto.
1969 2947 2110 2999 Idem

497 3053 499 3055 ί
547 3038 595 3087 in
629 3038 813 3088 iis-lem
837 3037 1117 3102 Capitibus
1143 3053 1155 3088 :
1184 3036 1346 3102 Deus,
1371 3038 1472 3091 sive
1487 3040 1830 3092 substantiam
1853 3039 2110 3100 dicamus,

547 3143 651 3178 non
682 3127 835 3180 habet
868 3128 1156 3194 potentiam
1187 3128 1512 3195 intelligendi
1547 3129 1623 3197 (ut
1654 3131 1728 3181 sic
1757 3131 1948 3198 dicam)
1986 3145 2110 3196 pas-

544 3221 669 3281 sive,
709 3232 826 3284 quia
865 3217 914 3272 ei
943 3218 1254 3272 naturaliter
1283 3219 1693 3287 cointelligatur,
1727 3237 1788 3274 ne
1814 3222 1932 3274 inde
1965 3237 2106 3275 com-

543 3311 746 3375 positus
787 3310 1046 3374 exsistat;
1094 3312 1199 3364 sive
1246 3311 1483 3365 dicamus
1531 3312 1954 3378 intellectionem,
2007 3331 2108 3367 non
2138 3285 2182 3344 ο

544 3403 698 3453 habet
724 3399 1043 3452 naturaliter
1069 3403 1166 3453 sibi
1194 3403 1481 3470 subjectum
1513 3402 1882 3465 substantiam,
1926 3404 1982 3456 in
2006 3419 2108 3470 qua

545 3491 1008 3560 recipiatur:sed
1056 3492 1228 3560 ipsum
1285 3495 1570 3546 secundum
1625 3495 1904 3548 essentiam
1968 3495 2108 3550 Deus

543 3584 830 3636 intellectio
857 3590 955 3651 est,
987 3591 1227 3651 totusque
1265 3600 1327 3636 ac
1357 3584 1527 3636 solum
1568 3585 1871 3649 intellectio,
1903 3586 2108 3653 ipsum-

541 3690 640 3742 que
667 3675 948 3728 secundum
977 3673 1380 3728 intellectionem
1405 3677 1656 3740 essentia,
1686 3685 1735 3729 et
1772 3687 1911 3731 totus
1939 3695 2112 3731 essen-

542 3766 616 3816 tia
646 3775 692 3818 et
723 3764 892 3817 solum
917 3803 934 3831 ,
977 3775 1040 3819 et-
1065 3781 1220 3833 super
1247 3768 1523 3820 essentiam
1552 3776 1692 3821 totus
1721 3805 1735 3830 ,
1771 3778 1820 3820 et
1852 3785 2010 3836 super
2033 3771 2113 3822 in-

543 3855 886 3908 tellectionem
919 3864 1058 3908 totus
1083 3897 1097 3919 ,
1136 3871 1196 3908 eo
1241 3857 1378 3924 quod
1419 3858 1597 3910 unitas
1665 3857 1892 3909 indivisa
1927 3867 1974 3910 et
2006 3860 2108 3910 im-

539 3945 800 4013 partibiiis
825 3954 876 3998 et
907 3946 1127 4012 simplex
1168 3949 1408 3999 exsistat.
1457 3945 1602 3999 ldem
1634 3962 1646 3999 :
1683 3946 1765 3999 Ne
1813 3947 2020 4000 habitus
2061 3957 2112 4002 et

539 4039 838 4092 habilitates
889 4029 1196 4107 quieras'in
1239 4036 1464 4104 simplici
1495 4047 1545 4090 et
1577 4039 1786 4106 inﬁnita
1817 4039 2110 4093 substantia

535 4140 742 4184 ‘tsancta
773 4130 1019 4182 nimirum
1047 4128 1347 4197 Trinitate),
1377 4143 1440 4181 ne
1482 4129 1625 4180 illam
1657 4141 1951 4183 creutorum
1971 4147 2112 4186 mare

539 4219 878 4286 compositam
945 4219 1131 4285 facias.
1185 4217 1328 4271 Idem
1380 4219 1433 4272 iu
1484 4218 1714 4273 Sclioliis
1762 4221 1815 4274 in
1862 4232 2106 4277 sanctum

543 4309 854 4380 Dionysium
885 4325 900 4361 :
931 4308 1090 4362 Solus
1127 4303 1263 4363 Deus
1296 4326 1410 4363 uere
1441 4328 1502 4362 ac
1532 4313 1742 4378 proprie
1763 4315 1984 4382 simplex
2007 4327 2105 4383 est,

536 4417 752 4468 uereque
780 4417 842 4454 ac
869 4401 1077 4471 proprie
1104 4418 1261 4454 unum
1295 4412 1343 4455 et
1378 4406 1550 4456 unitas
1576 4414 1624 4458 et
1659 4422 1839 4459 manas
1875 4423 1894 4460 :
1923 4419 2106 4462 cuncta

536 4509 652 4546 vero
674 4509 707 4544 a
747 4491 850 4545 Deo
879 4494 1127 4557 secunda,
1160 4491 1443 4548 rlualitates
1470 4506 1592 4548 sunt
1625 4497 1705 4562 (ut
1733 4497 1808 4549 sic
1835 4497 2032 4562 dicam)
2057 4507 2108 4551 et

536 4587 844 4653 composita.
889 4582 1098 4637 Etenim
1127 4587 1394 4651 spiritalia
1429 4600 1477 4639 et
1507 4605 1622 4656 (μιαί
1651 4598 1818 4642 mente
1860 4589 2106 4660 intelligi-

536 4691 674 4738 mus,
705 4663 770 4728 ξω
801 4675 1098 4729 substantia
1132 4685 1254 4729 sunt
1286 4686 1334 4730 et
1365 4679 1711 4732 constituente
1758 4679 2061 4747 differentia
2087 4721 2102 4746 ,

531 4779 635 4831 qua
665 4781 742 4818 res
773 4764 998 4834 singulae
1030 4766 1418 4820 discernuntur.
1445 4768 1712 4838 Quidquid
1737 4771 1874 4823 enim
1903 4771 2104 4841 aliquid

2217 2055 2525 2130 ποιότητα,
2555 2065 2656 2116 ἵνα
2701 2064 2786 2133 μὴ
2815 2065 3112 2118 σύνθετον
3149 2060 3336 2115 αὐτὸν
3387 2058 3644 2128 εἴπωμεν
3707 2057 3768 2118 ἐξ

2217 2157 2432 2221 οὐσίας
2455 2156 2554 2210 καὶ
2583 2159 2919 2222 ποιότητος.

2299 2243 2356 2297 '0
2380 2243 2535 2312 ἅγιος
2556 2245 2810 2312 Μάξιμος
2833 2246 2891 2297 ὲν
2924 2247 3035 2307 τοῖς
3056 2245 3192 2313 πρὸς
3229 2241 3499 2296 Ἐλπῐδιον
3531 2241 3641 2309 (Η)
3689 2256 3770 2292 κε-

2216 2335 2480 2400 φαλαίοις,
2517 2335 2690 2388 Πᾶσα
2707 2335 2939 2402 νόησις,
2970 2335 3169 2404 ὥσπερ
3199 2335 3268 2387 ἐν
3322 2333 3508 2398 οὐσίᾳ
3551 2332 3769 2398 πάντως

2213 2425 2339 2493 ἔχει
2367 2425 2482 2492 τὴν
2521 2423 2689 2478 θέσιν
2726 2426 2804 2490 ὡς
2829 2427 3096 2492 ποιότης,
3146 2423 3297 2477 οὕτω
3357 2423 3463 2476 και
3505 2423 3632 2489 περὶ
3679 2424 3769 2475 οὐ-

2214 2520 2358 2570 σίαν
2379 2515 2797 2585 πεποιωμένην
2845 2515 2971 2584 ἔχει
3021 2515 3136 2582 τὴν
3196 2517 3471 2581 κίνησιν.
3536 2514 3618 2568 Οὐ
3669 2512 3766 2581 γὰρ

2214 2607 2438 2674 ἄφετόν
2479 2623 2533 2658 τι
2573 2608 2668 2658 καὶ
2703 2607 2961 2668 ἁπλοῦν,
3010 2606 3139 2659 καθ’
3170 2605 3316 2660 αὐτὸ
3370 2604 3645 2682 ὑφεστὼς
3677 2603 3768 2654 6v-

2213 2700 2399 2755 νατὸν
2419 2699 2612 2764 αὐτὴν
2639 2699 3047 2761 ἐπιδέξασθαι,
3078 2698 3166 2750 ὅτι
3179 2697 3263 2765 μὴ
3287 2697 3509 2765 ἇφετός
3529 2696 3653 2750 ἐστι
3677 2694 3764 2748 καὶ

2213 2789 2399 2858 ἁπλῆ.
2443 2789 2505 2844 '0
2536 2790 2604 2842 δὲ
2644 2790 2787 2855 Θεὸς
2813 2788 2942 2842 aiat’
2991 2790 3163 2857 ἄμφω
3195 2791 3474 2862 ,πάμπαν
3527 2785 3765 2854 ὑπάρχει

2213 2882 2467 2947 ἁπλοῦς,
2499 2881 2594 2934 καὶ
2615 2882 2793 2934 οὐσία
2825 2881 2954 2934 ἐστὶ
2982 2881 3086 2934 τοῦ
3152 2878 3621 2948 ἐνυποκειμένου
3666 2892 3750 2944 κων

2207 2973 2326 3040 ρὶς,
2353 2971 2452 3024 καὶ
2505 2973 2722 3037 νόησις
2757 2970 2842 3041 μὴ
2892 2973 3121 3039 ἔχουσα
3149 2970 3426 3034 καθάπαξ
3471 2969 3764 3034 unone/pe-

2213 3080 2345 3117 νον.
2390 3063 2450 3116 '0
2487 3063 2649 3125 αὐτὸς
2677 3063 2734 3114 ἐν
2771 3064 2882 3126 τοῖς
2911 3063 3116 3128 αὐτοῖς,
3153 3063 3265 3117 Τὸν
3305 3066 3460 3117 Θεὸν
3503 3064 3620 3116 εἴτε
3673 3063 3760 3114 οὐ·

2214 3155 2358 3207 σίαν
2387 3152 2668 3220 εἴπωμεν,
2700 3153 2813 3206 οὐκ
2844 3152 2968 3220 ἔχει
3003 3131 3279 3221 ᾧυσικῶς
3322 3151 3486 3218 αὐτῷ
3527 3160 3763 3206 avrem-

2213 3243 2553 3310 νοουμένην
2581 3241 2695 3309 τὴν
2752 3242 2858 3295 τοῦ
2897 3243 3164 3296 νοεῖσθαι
3212 3243 3494 3310 δύναμιν,
3552 3243 3647 3294 ἵνα
3685 3237 3762 3308 μὴ
3851 3303 3856 3305 _

2217 3333 2508 3396 σύνθετος
2534 3325 2574 3401 ᾖ
2595 3331 2748 3384 ἐἴτε
2791 3333 3031 3398 νόησιν,
3067 3332 3178 3385 οὐκ
3210 3331 3333 3399 ἔχει
3369 3330 3640 3398 φυσικῶς
3681 3328 3765 3381 δε-

2217 3420 2432 3488 κτικὴν
2480 3421 2593 3488 τὴν
2641 3419 2750 3488 τῆς
2784 3424 3054 3489 νοήσεως
3082 3424 3494 3491 ὑποκειμένην
3535 3421 3759 3484 οὐσίαν,

2215 3513 2354 3567 ἀλλ’
2384 3512 2531 3566 αὐτὸ
2558 3512 2686 3566 κατ’
2712 3514 2934 3579 οὐσίαν
2955 3513 3172 3580 νόησίς
3195 3513 3365 3566 ἐστιν
3393 3517 3429 3568 ό
3472 3513 3631 3580 Θεὸς,
3674 3509 3762 3563 καὶ

2215 3605 2354 3671 ὅλος
2383 3605 2619 3672 νόησις,
2651 3605 2749 3658 καὶ
2772 3607 2965 3674 μόνον
2995 3605 3094 3657 καὶ
3127 3606 3460 3661 αὐτὸκατὰ
3491 3605 3602 3672 τὴν
3639 3605 3762 3667 νόη-

2215 3715 2320 3750 σιν
2348 3697 2530 3750 οὐσία
2561 3711 2574 3725 ·
2608 3697 2706 3750 καὶ
2735 3697 2874 3762 ὅλος
2905 3695 3086 3750 οὐσία
3109 3696 3205 3749 καὶ
3224 3696 3435 3764 μόνον,
3478 3697 3573 3748 καὶ
3625 3692 3760 3760 ὑπὲρ

2214 3789 2430 3841 οὐσίαν
2459 3788 2621 3853 ὅλος,
2654 3789 2750 3841 καὶ
2792 3788 2944 3855 ὑπὲρ
2968 3787 3187 3852 νόησιν
3217 3785 3378 3851 ὅλος,
3413 3785 3562 3839 cum
3586 3781 3760 3851 μονάς

2214 3880 2386 3932 ἐστιν
2409 3879 2741 3944 ἀδιαίρετος
2770 3878 2864 3930 καὶ
2891 3877 3118 3946 ἀμερὴς
3147 3876 3243 3930 καὶ
3266 3875 3456 3943 ἁπλῆ.
3505 3877 3564 3927 'O
3595 3874 3759 3934 αὑτδς,

2218 3971 2314 4038 Μὴ
2352 3971 2508 4037 ἕξεις
2535 3969 2626 4023 καὶ
2663 3967 3142 4036 ἐπιτηδειότητος
3197 3965 3473 4034 ζητήσῃς
3529 3963 3622 4016 ἐπὶ
3665 3961 3762 4026 τῆς

2217 4061 2420 4130 ἁπλῆς
2449 4060 2544 4115 καὶ
2575 4060 2822 4127 ἀπείρου
2865 4059 3100 4123 οὐσίας,
3134 4057 3245 4124 τῆς
3289 4058 3462 4124 ἁγίας
3516 4052 3760 4123 Τριάδος,

2217 4154 2317 4207 ἵνα
2339 4152 2424 4220 μὴ
2462 4153 2758 4205 σύνθετον
2787 4149 2982 4214 αὐτὴν
3009 4149 3275 4216 ποιήσῃς
3304 4146 3509 4211 ὥσπερ
3537 4147 3606 4198 τὰ
3651 4141 3760 4195 κτι-

2215 4259 2434 4310 σμιιτα.
2476 4243 2536 4296 '0
2562 4242 2722 4304 αὐτὸς
2765 4241 2822 4293 ὲν
2869 4242 2980 4301 τοῖς
3025 4240 3103 4302 εἰς
3161 4239 3253 4290 τὸν
3307 4238 3462 4304 ἅγιον
3507 4233 3761 4288 Διονύσιον

2211 4333 2468 4402 Σχολίοις,
2499 4333 2695 4397 Μόνος
2716 4334 2748 4384 ό
2797 4331 2938 4393 Θεός
2963 4330 3133 4381 ἐστιν
3157 4328 3391 4390 ἁπλοῦς
3421 4327 3647 4393 κυρίως.
3673 4317 3759 4373 καὶ

2209 4421 2351 4486 nec
2379 4420 2476 4473 καὶ
2501 4420 2692 4488 μονάς
2715 4434 2732 4452 ο
2753 4419 2951 4472 πάντα
2981 4417 3048 4470 δὲ
3065 4418 3214 4486 μετὰ
3237 4419 3385 4471 Θεὸν
3405 4415 3618 4477 δυάδες
3648 4408 3755 4463 εἱσι

2211 4511 2308 4564 καὶ
2331 4511 2611 4574 σύνθετα,
2639 4511 2687 4561 el
2723 4507 2821 4561 καὶ
2837 4508 2922 4578 μὴ
2945 4509 3182 4574 ἐπίσης.
3221 4507 3295 4560 Τὰ
3312 4507 3428 4575 μὲν
3451 4506 3558 4574 γὰρ
3585 4489 3756 4566 reniti

2210 4601 2279 4654 ἐκ
2308 4618 2372 4654 τε
2401 4601 2616 4665 οὐσίας
2645 4599 3013 4668 ὑπάρχουσι⁴
3073 4599 3170 4650 καὶ
3228 4593 3600 4660 συστατικῆς
3640 4593 3751 4656 δια-

2211 4691 2399 4760 φορᾶς
2424 4690 2820 4758 ἀφοριζούσης
2850 4689 3134 4742 ἕκαστον.
3161 4684 3292 4741 Πᾶν
3360 4686 3468 4752 γὰρ
3514 4685 3577 4736 τὸ
3621 4681 3755 4748 ἕχον

2210 4775 2834 4849 συνεπιθεωρούμενόν
2863 4798 2917 4832 τι
2942 4779 3090 4850 πρὸς
3119 4777 3389 4847 δήλωσιν
3416 4775 3523 4843 τῆς
3543 4771 3752 4833 οἰκείας

533 4858 687 4910 liabet
723 4858 859 4926 quod
900 4875 1006 4911 una
1049 4859 1383 4929 intelligatur
1421 4862 1487 4912 ad
1519 4861 1830 4916 substantia:
1860 4879 1972 4916 suae
2007 4879 2096 4916 seu

2214 4871 2518 4937 ὑπάρξεως
2535 4842 2664 4940 ὦχ’
2685 4870 2926 4925 ἁπλοῦν
2950 4842 3214 4939 κὶθριωςέ
3275 4869 3345 4923 τά
3402 4842 3480 4920 δέ
3509 4859 3750 4928 αισθητά

531 4950 765 5001 essentne
787 4948 1282 5018 manifestationem,
1306 4968 1410 5004 non
1435 4969 1546 5007 vere
1575 4968 1636 5006 ac
1659 4955 1864 5020 proprie
1887 4955 2105 5022 simplex

531 5039 782 5104 διείρων
815 5057 933 5093 vero
956 5041 1010 5094 in
1037 5058 1244 5096 sensum
1268 5043 1486 5109 cadunt,
1516 5060 1579 5098 ex
1609 5045 1832 5099 materia
1856 5055 1902 5099 et
1930 5045 2104 5114 forma

522 5143 651 5196 sunt
685 5133 988 5196 composita.

605 5242 867 5297 Praeterea
898 5245 1054 5300 divus
1087 5246 1373 5316 Dionysius
1407 5265 1422 5302 :
1461 5246 1580 5300 Non
1607 5249 1964 5310 ditidcndum,
2005 5250 2100 5314 ait,

605 5361 718 5429 (Il)
764 5364 864 5414 Ἐν
893 5362 1017 5427 τοῖς
1047 5365 1532 5432 πρὸςῈλπίδιον.
1567 5364 1757 5428 Capita
1784 5365 1996 5418 Maximi
2023 5365 2088 5417 ad

533 5431 801 5502 μύιμιιιιυιιι
849 5445 974 5484 sunt
1001 5431 1196 5501 quater
1228 5445 1454 5487 centena
1489 5436 1554 5488 de
1609 5434 1908 5499 Clinritatc,
1963 5436 2087 5502 qui-

531 5499 631 5553 bus
661 5504 872 5568 prmiixa
914 5508 977 5553 ad
1019 5499 1287 5571 Elpigiium
1335 5503 1582 5567 epistola.
1632 5504 1686 5556 lu
1739 5504 1842 5556 illis
1909 5499 2088 5557 tamen

531 5582 634 5642 non
660 5581 952 5642 accurrunt
977 5570 1094 5624 lucc
1121 5570 1358 5632 Maximi,
1387 5584 1444 5624 ut
1471 5588 1643 5639 nerine
1679 5574 1729 5626 in
1779 5575 2091 5642 quingentis

531 5637 652 5689 aliis
687 5640 810 5692 Pico
840 5642 1104 5704 vulgatis;
1141 5654 1332 5706 praeter
1354 5657 1472 5706 quae
1507 5637 1610 5696 alia
1639 5637 1941 5700 duceiitena
1962 5652 2090 5697 sunt

533 5719 662 5779 \ere
700 5713 996 5771 γνωττικὰ,
1029 5726 1092 5761 ac
1118 5710 1299 5761 uiuitis
1330 5711 1634 5774 subtiliora,
1695 5712 1823 5764 mibi
1885 5714 2086 5779 produ-

535 5775 724 5843 cenda,
757 5779 996 5845 exceptis
1037 5780 1199 5832 etiam
1226 5780 1316 5843 iis,
1354 5795 1470 5849 quae
1508 5782 1675 5836 Roma
1707 5775 1910 5850 accepi,
1971 5784 2083 5850 ipsa

2209 4961 2276 5026 ἐξ
2307 4962 2460 5028 ὕλης
2489 4962 2585 5016 καὶ
2612 4961 2830 5027 εἴδους.

2281 5253 2398 5304 Ἔτι
2426 5255 2450 5303 ὁ
2474 5251 2612 5313 θεῖος
2640 5250 2933 5316 Διονύσιος,
2969 5251 3054 5306 Οὐ
3083 5250 3429 5319 διαιρετέον,
3491 5243 3638 5316 φησι,
3678 5237 3736 5292 τὸ

2198 5369 2332 5422 bene
2365 5367 2532 5439 multa
2563 5383 2576 5419 :
2605 5367 2799 5434 quibus
2829 5367 3083 5439 omnibus
3121 5365 3252 5420 nihil
3281 5358 3751 5439 prastatur__MI§_!_f-

2198 5453 2338 5501 mus,
2376 5437 2485 5489 iere
2513 5429 2702 5488 couira
2734 5451 2960 5488 morem.
2992 5437 3128 5488 Num
3161 5429 3296 5490 vero
3335 5446 3390 5489 et
3427 5435 3510 5488 illa
3548 5429 3745 5501 Eipiiliq

2199 5494 2450 5571 iusci‘ipla
2483 5506 2728 5557 habuerit
2777 5504 3019 5564 Calecas,
3051 5504 3130 5556 vel
3179 5519 3300 5559 eum
3368 5503 3574 5562 fefellit,
3611 5494 3746 5571 "quod

2198 5565 2467 5644 Capitibus
2513 5576 2576 5626 (i8
2621 5575 2900 5627 Cbaritate
2950 5574 3016 5628 ad
3080 5565 3754 5644 Elpidiumbabueritsub:

2195 5637 2379 5712 jceta?
2418 5643 2546 5708 Quae
2572 5654 2750 5695 tamen
2784 5653 2962 5695 exstat
2988 5637 3254 5711 praefatio,
3287 5637 3357 5696 ad
3389 5643 3501 5696 sola
3555 5637 3748 5712 εβοξιςηι

2201 5703 2590 5780 ἱιιιαιιιὴιιέθιηιι
2626 5712 2711 5762 illa
2765 5712 2939 5776 capita
2989 5703 3066 5765 'tle
3109 5703 3406 5775 Charitate;
3462 5712 3511 5762 iu
3555 5703 3746 5780 auibus

2197 5770 2419 5836 liliotius
2435 5770 2557 5848 ‘prae
2575 5770 2844 5854 (omnibus-
2861 5781 2979 5836 aliis
3002 5780 3218 5836 Maximi
3254 5770 3517 5853 ingenium
3554 5770 3742 5831 laudat.
