4078 6258
299 421 409 485 345

1319 423 1414 485 DE
1455 423 1824 483 ESSENTIA
1868 411 1964 483 ET
2005 421 2514 487 OPER.~\TIONE.

3429 419 3534 486 846

299 531 494 584 «c.181-
523 529 617 584 καὶ
647 530 875 598 κάλλος
911 531 1005 584 ἐπὶ
1040 530 1151 601 τῆς
1172 534 1241 584 ἐν
1272 531 1362 585 ἐνὶ
1389 531 1461 584 τὰ
1495 533 1611 585 ὅλα
1658 546 1853 583 συνει-

1961 529 2233 597 pulchrum
2257 541 2305 585 et
2328 531 2787 599 pulchritudinem,
2817 533 2871 585 in
2900 539 3181 585 auctore-et
3209 547 3392 592 causa,
3416 547 3533 600 qua:

294 625 563 691 ,πηίου-ἀς
589 625 797 688 αιτιας.
835 624 1022 678 Ταῦτα
1050 627 1161 692 γὰρ
1215 625 1308 678 ἐπὶ
1336 624 1455 692 μὲν
1503 624 1624 675 τῶν
1676 623 1864 676 ὄντων

293 712 577 768 ἁπάντων
601 717 685 779 εις
699 715 960 781 μετοχὰς
987 714 1085 768 καὶ
1112 713 1443 784 μετέχοντα
1471 712 1860 781 διαιροῦντες,

293 806 488 858 καλὸν
505 805 622 873 μὲν
646 803 798 858 εἶναι
826 805 1084 874 λέγομεν
1126 806 1196 858 τὸ
1253 806 1525 869 κάλλους
1579 803 1858 873 μετέχον,

290 899 525 960 κάλλος
557 894 626 946 ΐὲ
649 894 765 961 τὴν
782 894 1050 963 μετοχήν
1072 910 1086 925 ⁸
1127 894 1195 947 τὸ
1215 893 1284 946 δὲ
1319 895 1686 961 ὑπερούσιον
1717 893 1861 946 κάλ-
1895 945 1900 948 ,

293 989 407 1048 ,ιος
431 985 494 1036 τὸ
524 985 668 1037 αὐτὸ
707 984 805 1037 καὶ
829 983 1061 1048 κάλλος
1093 985 1192 1036 καὶ
1224 983 1416 1036 καλὸν
1451 983 1706 1050 λέγεται.
1748 983 1859 1036 Καὶ

294 1079 479 1134 πάλιν,
532 1075 654 1128 οὐκ
703 1075 857 1128 ἄλλο
919 1074 987 1126 δὲ
1031 1075 1185 1128 εἶναι
1235 1075 1496 1144 τάγαθόν
1544 1091 1712 1142 φημι,
1757 1073 1858 1126 καὶ

292 1165 453 1218 ἄλλο
478 1165 590 1232 τὴν
618 1163 769 1232 ζωήν
799 1179 814 1194 '
843 1163 986 1218 οὐδέ
1008 1164 1212 1218 πολλὰ
1226 1165 1298 1218 τὰ
1323 1166 1503 1226 αἴτια,
1530 1165 1624 1216 καὶ
1656 1163 1863 1217 ἄλλων

295 1258 497 1321 ἄλλος
555 1257 880 1324 πρακτικὰς
935 1241 1236 1323 θεότὴτας,
1281 1258 1701 1324 ὑπερεχούσας
1758 1256 1856 1309 και

289 1348 635 1417 figet/terno.
663 1349 768 1402 Καὶ
803 1349 986 1411 πάλιν,
1012 1349 1082 1402 Ei
1105 1347 1158 1400 δ’
1185 1349 1256 1400 ἐν
1281 1346 1362 1412 τῷ
1391 1347 1513 1412 Θεῷ
1541 1347 1606 1400 τὸ
1634 1345 1861 1414 ἀγαθὸν

284 1438 551 1506 ὕπτιρείς
571 1439 757 1501 ἐστιν,
791 1439 963 1493 ἔσται
992 1441 1024 1492 ό
1056 1427 1448 1507 μεταϐάλλων
1467 1438 1536 1492 ἐκ
1583 1436 1688 1492 τοῦ
1719 1437 1860 1506 ἀγα-

290 1527 407 1581 θοῦ
440 1527 589 1580 ποτε
614 1526 732 1595 μὲν
757 1527 868 1592 ὢν,
889 1528 1036 1582 stort‘
1055 1526 1121 1582 δὲ
1145 1527 1229 1594 μὴ
1263 1527 1368 1580 ὢν.
1407 1527 1466 1581 Ὀ
1500 1526 1681 1591 αὐτὸς,
1717 1523 1858 1580 Εἶεν

285 1614 427 1680 οὖν,
455 1619 549 1672 ἐπ’
578 1618 774 1685 αὐτὴν
802 1618 918 1688 ἤδη
952 1618 1032 1684 τῷ
1067 1620 1228 1688 λόγῳ
1284 1619 1400 1687 τὴν
1437 1620 1856 1688 ἆγαθωνυμίαν

1969 625 2210 673 uttirersa
2241 624 2294 676 in
2327 639 2430 675 uno
2463 623 2871 692 comprehendit.
2924 623 3048 678 Hac
3083 625 3219 678 enim
3264 625 3318 677 in
3352 624 3532 692 quovis

1966 728 2078 770 eme
2106 717 2158 767 in
2178 717 2628 784 participationes,
2655 725 2705 769 et
2743 732 2804 769 ea
2827 732 2939 783 quat
2961 717 3277 783 participant
3297 717 3533 770 dividen-

1968 815 2058 869 tes,
2095 807 2370 875 pulchrum
2397 807 2639 870 dicimus,
2671 807 2811 877 quod
2843 807 3250 874 pulchritudinis
3271 809 3532 875 particeps

1963 907 2062 957 est.
2100 897 2541 962 pulchritudinem
2573 914 2712 958 vero.
2742 898 3201 966 participationem
3236 912 3255 951 :
3285 913 3528 962 superes-

1963 988 2204 1042 sentialis
2234 997 2410 1042 autem
2438 989 2795 1056 pulchritudo,
2827 989 3007 1042 eadem
3037 998 3086 1042 et
3119 988 3456 1054 pulchritudo
3479 997 3529 1041 et

1961 1078 2233 1140 pulchrum
2259 1089 2614 1146 nuncupatur.
2639 1079 2984 1148 Rursumque
3015 1095 3028 1130 :
3057 1079 3224 1132 Porro
3256 1094 3357 1131 non
3376 1075 3528 1131 aliud

1963 1168 2151 1222 bonum
2184 1187 2294 1225 esse
2334 1173 2474 1238 dico,
2506 1183 2663 1240 atque
2689 1172 3022 1225 aliud‘vitam
3043 1211 3058 1234 ,
3091 1187 3182 1225 nec
3225 1171 3398 1239 plures
3429 1186 3529 1222 an-

1960 1269 2126 1315 ctores
2159 1277 2248 1314 seu
2283 1278 2486 1318 causas.
2525 1262 2764 1333 aliasque
2792 1264 3016 1315 aliarum
3044 1262 3328 1330 effectrices
3351 1262 3527 1314 deita-

1959 1358 2054 1414 tes,
2084 1365 2200 1420 qua:
2228 1353 2666 1420 superemineant,
2695 1361 2744 1404 et
2789 1367 2904 1418 quae
2935 1352 3206 1420 inferiores
3239 1352 3521 1406 exsistant.

1959 1441 2025 1495 Et
2063 1458 2248 1497 rursus
2282 1462 2296 1497 :
2328 1442 2421 1498 Sin
2463 1454 2636 1497 autem
2670 1446 2721 1496 in
2751 1444 2856 1498 Deo
2880 1445 3068 1497 bonum
3100 1444 3402 1499 substantia
3423 1453 3521 1507 est,

1958 1532 2004 1586 is
2036 1535 2124 1600 qui
2154 1551 2184 1586 a
2220 1536 2347 1588 bona
2377 1545 2630 1599 mutatur,
2659 1517 2969 1602 quandoque
2988 1536 3195 1605 quidem
3223 1552 3334 1598 ens,
3357 1552 3523 1606 quan-

1956 1623 2121 1684 doque
2157 1641 2274 1678 vero
2309 1624 2440 1678 nihil
2477 1629 2592 1679 erit.
2629 1625 2773 1680 Idem
2810 1643 2824 1679 :
2862 1623 2992 1678 Esto
3025 1626 3211 1695 igitur,
3247 1629 3318 1682 ad
3351 1627 3520 1696 ipsum

286 1710 591 1778 χωρῶμεν,
623 1709 703 1777 ἢν
725 1709 1104 1780 ἐξῃρημένως
1128 1714 1183 1764 ol
1201 1712 1468 1780 θεολόγοι
1496 1711 1573 1780 τῇ
1595 1712 1853 1779 ὑπερθέῳ

1955 1714 2062 1780 iam
2090 1731 2326 1769 sermone
2358 1717 2701 1783 procedamus
2732 1718 2852 1771 boni
2874 1717 3335 1783 nuncupationem.
3358 1732 3517 1784 quam.

286 1801 534 1869 Θεότητι
572 1802 670 1855 καὶ
733 1801 852 1856 ἀπὸ
899 1802 1140 1856 πάντων
1183 1801 1586 1871 ἀφορῐζουσιν,
1637 1805 1852 1871 αὐτὴν,

283 1889 468 1959 οἶμαι,
497 1889 614 1960 τὴν
643 1891 967 1968 θεαρχικὴν
987 1892 1320 1961 ἀγαθότητα
1334 1893 1635 1961 λέγοντες.
1659 1895 1852 1959 Πάλιν,

289 1980 378 2046 τῷ
421 1979 580 2037 εἷναι
629 1984 890 2051 τάγαθὸν
951 1983 1033 2048 ὠς
1091 1981 1382 2050 οὐσιῶδες
1452 1983 1716 2049 ἀγαθὸν,
1764 1985 1851 2051 εις

286 2072 489 2127 πάντα
514 2074 586 2128 τὰ
621 2073 767 2127 ὄντα
788 2073 1065 2128 διατείνει
1079 2073 1197 2143 τὴν
1218 2073 1580 2143 ἁγαθότητα.

362 2231 485 2286 "Et:
511 2233 544 2300 ἠ
575 2235 722 2317 βατὰ
751 2235 1073 2305 Μανιχαίων
1106 2236 1372 2307 γενομένη
1428 2237 1647 2301 σύνοδός
1693 2255 1852 2309 φησι,

286 2327 330 2381 Τ
333 2327 367 2380 ὁ
411 2329 640 2398 ἀγαθὸν
699 2327 882 2382 οὐσία
917 2329 1091 2394 ἐστὶν
1135 2328 1233 2383 ἐπὶ
1265 2329 1412 2384 Θεοῦ
1438 2345 1452 2362 ·
1482 2331 1578 2383 ἐπὶ
1611 2330 1681 2384 δὲ
1733 2329 1855 2384 τῶν

283 2419 597 2489 γεννητῶν
620 2421 1021 2488 συμϐεϐηκός.
1067 2420 1187 2474 Ἔτι
1212 2423 1239 2475 ὸ
1278 2423 1450 2492 μέγας
1472 2422 1750 2485 Βασίλειος
1794 2425 1854 2478 ιν

282 2514 394 2574 τοῖς
427 2512 563 2582 πρὸς
603 2511 952 2582 ’Δμφιλόχιον
977 2513 1106 2583 περὶ
1145 2513 1240 2567 τοῦ
1307 2514 1463 2582 ἁγίου
1512 2515 1851 2584 Πνεὺματος,

270 2603 543 2670 ’Ἀγαθὸν
607 2605 676 2657 τὸ
742 2605 1005 2674 Πνεῦμα,
1040 2606 1120 2671 ὡς
1149 2605 1369 2674 ἀγαθὸς
1407 2609 1440 2660 ό
1487 2606 1710 2673 Πατὴρ,
1752 2605 1852 2660 και

281 2694 508 2759 ἀγαθὸς
537 2697 572 2746 ό
611 2695 682 2747 ἐκ
708 2697 814 2749 τοῦ
843 2695 1068 2763 ἀγαθοῦ
1097 2695 1426 2763 γεννηθεὶς,
1452 2697 1670 2750 οὐσίαν
1693 2695 1852 2765 ἔχων

270 2784 401 2850 »τὴν
423 2786 778 2853 ἁταθότητα.
808 2787 997 2850 Πάλιν,
1054 2785 1312 2855 Διαφορὰ
1359 2786 1426 2839 δὲ
1477 2785 1608 2853 ταῖς
1666 2787 1851 2854 θείαις

281 2876 580 2946 δυνάμεσι
607 2877 757 2944 πρὸς
788 2876 854 2930 τὸ
883 2871 1126 2946 Πνεῦμα
1147 2878 1212 2932 τὸ
1245 2877 1418 2946 ἄτιον
1446 2877 1621 2943 αὕτη,
1651 2877 1742 2931 ὅτι
1769 2877 1851 2944 τῷ

284 2970 396 3037 μὲν
429 2970 616 3038 φύσις
669 2970 709 3037 ἡ
753 2970 1081 3038 ἁγιωσύνῃ.
1141 2970 1266 3035 τοῖς
1294 2970 1363 3024 δὲ
1405 2971 1474 3024 ἐκ
1521 2963 1850 3038 μετουσίας

282 3059 541 3127 ὑπάρχει
567 3061 635 3113 τὸ
658 3060 851 3129 ἅγιον.
876 3060 988 3113 Καὶ
1014 3060 1188 3114 ταῦτα
1205 3059 1300 3113 τοῦ
1331 3060 1496 3114 αὑτοῦ
1525 3062 1582 3113 ἐν
1612 3063 1678 3131 τῇ
1711 3060 1849 3131 πρὸς

283 3152 408 3212 τοὺς
425 3149 837 3220 Νεοκαισαρέας
867 3151 1151 3222 ἐπιστολῇ,
1207 3154 1276 3206 El
1297 3152 1385 3220 μὴ
1435 3151 1674 3206 ἁπλοῦν
1717 3151 1847 3206 ἐστι

286 3243 350 3298 τὸ
391 3244 638 3313 Πνεῦμα
689 3246 756 3298 τὸ
803 3245 994 3314 ἅγιον,
1027 3245 1098 3308 ἐξ
1149 3245 1368 3307 οὐσίας
1391 3243 1492 3297 καὶ
1549 3243 1847 3311 ἀγιασμοῦ

286 3333 583 3402 συνέστη.
616 3333 722 3388 Kal
738 3335 830 3401 τις
848 3334 1036 3401 οὕτως
1065 3334 1342 3402 ἀνόητος,
1373 3331 1532 3388 ὥστε
1551 3334 1852 3389 σύνθετον

283 3427 476 3480 cisseis-
511 3427 584 3481 τὸ
613 3427 857 3498 Πνεῦμα
889 3427 957 3482 τὸ
986 3428 1198 3497 ἄτιον;

355 3541 482 3595 Ἔτι
512 3540 542 3594 ὁ
567 3539 707 3604 Gaio;
743 3539 1129 3612 Χρυσόστομος
1173 3541 1531 3612 ἐξηγούμενος
1572 3542 1655 3609 τὸ,
1706 3543 1848 3612 Ἐ’τώ

281 3635 399 3702 ειμι
419 3633 487 3686 τὸ
517 3631 644 3702 φῶς
667 3633 771 3687 τοῦ
790 3635 1043 3702 κόσμου,
1079 3635 1263 3703 φησὶν,
1293 3636 1368 3688 El
1387 3630 1490 3690 οὖν
1523 3634 1675 3689 ἄλλο
1707 3635 1846 3705 ζωὴ,

281 3725 492 3789 ἕτερον
524 3723 594 3775 δὲ
621 3725 687 3776 τὸ
716 3721 862 3792 φῶς,
915 3724 1121 3792 ἕτερον
1150 3723 1217 3776 δὲ
1249 3724 1282 3791 ἡ
1311 3727 1512 3790 οὐσία,
1555 3727 1851 3793 σύνθετος

279 3818 454 3871 ἔσται
497 3815 600 3870 καὶ
637 3817 750 3884 οὐχ
790 3816 1046 3881 ἁπλοῦς.
1115 3817 1221 3868 Καὶ
1257 3817 1440 3879 πάλιν,
1483 3815 1849 3886 ἐξηγούμενος

275 3907 359 3966 τὸ.
404 3907 507 3959 Ἐν-
553 3904 712 3973 ἁρχῇ
747 3901 826 3976 ἦν
862 3909 896 3961 ό
951 3906 1164 3975 Λόγος.
1206 3905 1427 3960 Τοῦτον
1465 3907 1580 3959 ἴδοι
1619 3922 1712 3972 τις
1773 3904 1850 3960 ἂν

269 3999 494 4068 μικρὸν
527 3997 787 4064 ὕστερον
813 3997 912 4050 καὶ
950 3995 1078 4064 φῶς
1106 3997 1453 4065 λεγόμενον,
1494 3998 1590 4051 καὶ
1621 3998 1687 4052 τὸ
1724 3997 1850 4066 φῶς
1871 4011 1886 4029 ο

273 4089 470 4144 πάλιν
501 4087 941 4157 ὀνομαζόμενον
969 4085 1142 4155 ζωὴν,
1171 4087 1268 4140 καὶ
1334 4087 1450 4154 τὴν
1503 4085 1658 4154 ζωὴν
1693 4088 1846 4154 (LM-

275 4184 468 4236 θειαν.
495 4178 667 4232 Πάλιν
699 4180 756 4230 ὲν
790 4179 903 4240 τοῖς
933 4177 1139 4240 αὐτοῖς,
1186 4175 1367 4231 Τοῦτο
1420 4175 1490 4230 δὲ
1546 4173 1698 4240 εἶπε,
1755 4177 1845 4242 τὸ,

280 4289 300 4320 ι
342 4271 448 4323 Ἐν
468 4267 633 4334 αὐτῷ
652 4265 762 4335 ζωὴ
782 4263 860 4338 ἦν
897 4285 916 4318 ι
946 4266 1250 4333 δηλονότι,
1293 4268 1405 4337 οὐχ
1431 4267 1531 4322 ἵνα
1556 4268 1850 4323 σύνθεσιν

272 4361 780 4429 ὑποπτεύσωμεν,
833 4360 974 4416 ἀλλ’
997 4360 1098 4413 ἵνα
1126 4359 1276 4429 μετὰ
1309 4359 1526 4428 μικρὸν
1572 4359 1845 4426 ἀναχθῶο

270 4471 389 4522 μεν
423 4456 514 4519 εις
548 4455 615 4506 τὸ
652 4451 771 4505 τῶν
807 4451 1120 4520 δογμάτων
1157 4452 1334 4518 ὕψος.
1393 4452 1554 4506 Ἐπεὶ
1589 4453 1698 4521 γὰρ
1735 4454 1848 4506 οὐκ

277 4543 356 4597 ἂν
391 4541 686 4608 ὲνενόησέ
709 4558 800 4607 τις
832 4542 1100 4605 εὐκόλως
1125 4540 1243 4594 τῶν
1265 4540 1515 4594 πολλῶν
1535 4540 1659 4607 πῶς
1679 4542 1851 4595 ἐστιν

276 4634 696 4698 ἐνυπόστατος
753 4631 938 4686 αὐτοῦ
993 4633 1030 4700 ἠ
1084 4629 1195 4698 ζωὴ
1221 4669 1236 4693 ,
1306 4634 1597 4698 πρότερον
1651 4630 1850 4684 ἐκεῖνο

277 4721 430 4788 εἷπε,
471 4724 540 4778 τὸ
577 4725 1020 4792 ταπεινότερον,
1055 4723 1261 4776 ἔπειτα
1275 4722 1669 4777 παιδευθέντα
1703 4722 1851 4790 πρὸς

280 4819 345 4870 τὸ
381 4815 768 4885 ὑψηλότερον
791 4815 938 4885 ἄγει.
984 4815 1046 4867 '0
1067 4814 1176 4883 γὰρ
1212 4813 1416 4879 εἰπὼν,
1453 4812 1587 4868 ’Ότι
1626 4811 1850 4866 ἔδωκεν

279 4906 442 4972 αὑτῷ
473 4905 627 4974 ζῖοὴν
657 4907 821 4976 ἔχειν
843 4923 858 4938 ·
897 4902 1074 4972 οὗτος
1099 4906 1285 4960 πάλιν
1309 4905 1521 4975 φησιν,
1560 4905 1707 4976 Ἐγώ
1731 4908 1849 4975 ειμι

282 5002 320 5065 ή
388 4998 524 5066 ζωή.
597 4999 705 5052 Καὶ
757 4999 1087 5067 σημείωσαι,
1129 4998 1248 5060 πῶς
1297 4997 1549 5052 σύνθεσιν
1604 5001 1632 5051 ὁ
1691 4999 1847 5063 ἅγιος

283 5091 518 5158 ἡγεῖται,
549 5090 708 5150 εἴτις
738 5087 866 5142 ἄλλο
901 5089 1002 5158 μὲν
1033 5088 1134 5157 τὴν
1171 5088 1320 5156 ζωὴν
1345 5090 1438 5140 ἐπὶ
1485 5086 1622 5142 Θεοῦ
1668 5087 1846 5156 λέγοι,

283 5179 470 5249 ἕτερον
499 5180 558 5233 δὲ
581 5180 642 5234 τὺ
680 5179 816 5250 φῶς,
852 5180 1040 5262 ἕτερον
1071 5180 1129 5234 δὲ
1156 5181 1256 5251 τὴν
1288 5179 1496 5248 οὐσίαν,
1544 5179 1618 5244 ὡς
1651 5180 1850 5235 ἀνωτέ-

291 5286 365 5338 ρω
393 5266 572 5324 εἷπεν.

361 5361 482 5414 Ἔτι
547 5365 576 5414 ὁ
620 5362 783 5428 θεῖος
813 5363 1079 5435 Κύριλλος
1137 5363 1194 5416 ἐν
1231 5365 1346 5428 τοῖς
1397 5366 1726 5434 Πρακτικοϊς
1747 5367 1848 5435 τῆς

292 5450 472 5517 τρίτης
533 5451 753 5504 συνόδοις
803 5455 985 5522 φησὶν.
1030 5453 1258 5521 Ὥσπερ
1287 5457 1325 5523 ἡ
1375 5455 1570 5524 μονὰς
1620 5457 1733 5510 οὐκ
1771 5456 1850 5512 ἂν

294 5540 528 5607 τμηθειη
546 5543 636 5607 εὶς
669 5541 938 5610 μονάδας
971 5543 1082 5597 δύο
1105 5559 1120 5576 ο
1162 5543 1201 5610 ἡ
1231 5544 1338 5612 τὰρ
1365 5547 1452 5610 εις
1483 5545 1670 5600 ταῦτα
1698 5541 1859 5600 διαί-ἕ

288 5633 546 5701 ρουμένη
579 5633 690 5688 οὐκ
735 5631 813 5687 ἂν
844 5634 937 5702 ειη
973 5635 1187 5704 μονὰς,
1226 5635 1388 5690 ἀλλὰ
1425 5635 1576 5698 δυάς
1617 5651 1632 5667 ’
1695 5637 1850 5691 οὕτω

1886 1854 1928 1909 Β

1875 3149 1920 3254 ἁ

1956 1804 2295 1874 singulariter
2329 1805 2552 1874 theologi
2591 1813 2750 1872 supra
2796 1821 2950 1871 quam
3001 1803 3108 1858 Deo
3148 1804 3334 1858 deitati
3381 1816 3428 1857 et
3459 1820 3526 1859 ex

1961 1896 2198 1950 omnibus
2236 1897 2490 1961 tribuunt,
2526 1897 2696 1964 ipsam
2744 1910 2868 1966 puto
2909 1899 3136 1951 diuinam
3171 1897 3522 1952 substantiam

1957 1987 2256 2043 Bonitatem
2295 1999 2555 2043 vocantes.
2593 1989 2796 2043 Rursus
2828 2006 2842 2043 :
2877 1990 3030 2055 Quod
3058 1990 3246 2044 bonum
3289 1991 3376 2053 sit,
3404 2001 3521 2044 tan-

1958 2096 2113 2147 quam
2142 2080 2417 2134 essentiale
2453 2079 2665 2145 bonum,
2702 2082 2757 2134 in
2794 2097 2854 2134 ea
2886 2096 3001 2146 qua:
3046 2090 3170 2134 sunt
3206 2083 3406 2149 omnia,
3433 2083 3525 2137 bo-

1959 2170 2174 2222 nitatem
2209 2171 2459 2228 extendit.

2027 2256 2331 2325 Prteterea,
2385 2275 2505 2331 qua:
2563 2262 2824 2317 adversus
2899 2261 3224 2317 Manichmos
3283 2265 3524 2334 synodus

1957 2361 2140 2407 concta
2177 2363 2276 2418 est,
2310 2353 2385 2408 ait
2417 2371 2429 2408 :
2470 2353 2675 2407 Bonum
2705 2353 2759 2407 in
2790 2352 2897 2406 Deo
2934 2354 3158 2407 essentia
3197 2364 3307 2419 est;
3339 2355 3394 2409 in
3427 2371 3517 2425 ge-

1958 2444 2080 2497 nitis
2130 2452 2302 2498 autem
2352 2461 2441 2499 seu
2472 2446 2666 2499 creatis
2715 2446 2976 2499 accidens.
3025 2445 3103 2500 Ad
3150 2446 3262 2501 haec
3296 2460 3525 2516 magnus

1957 2533 2186 2589 Basilius
2213 2536 2266 2592 in
2301 2537 2412 2592 suis
2440 2536 2507 2592 ad
2539 2537 2969 2605 Amphilochium
3003 2537 3066 2590 de
3101 2536 3303 2604 Spiritu
3336 2546 3524 2590 sancto

1957 2626 2204 2695 capitulis
2241 2645 2256 2681 :
2289 2625 2520 2696 Spiritus
2555 2637 2766 2680 sanctus
2820 2627 2984 2680 bonus
3013 2638 3132 2692 est,
3175 2627 3308 2680 sicut
3359 2627 3523 2681 bonus
3621 2647 3624 2649 ν

1954 2727 2029 2770 est
2064 2716 2239 2780 Pater,
2271 2726 2319 2771 et
2352 2716 2514 2770 bonus
2543 2719 2632 2786 qui
2658 2733 2722 2770 ex
2747 2718 2878 2771 bono
2909 2726 3065 2772 natus
3093 2725 3170 2771 est
3192 2757 3207 2783 ,
3241 2719 3523 2772 essentiam

1953 2805 2144 2859 habens
2175 2806 2478 2860 bonitatem.
2513 2805 2724 2860 Rursus
2755 2821 2780 2857 :'
2802 2805 3025 2860 Interest
3066 2817 3243 2861 autem
3273 2808 3370 2860 hoc
3392 2807 3525 2864 divi-

1953 2899 2036 2952 nis
2061 2898 2402 2965 potestatibus
2421 2915 2482 2953 ac
2500 2895 2727 2968 Spiritui
2751 2899 3110 2968 sancto,quod
3156 2898 3278 2952 huic
3314 2899 3522 2967 quidem

1953 2999 2144 3044 natura
2173 2992 2430 3046 sanctitas
2455 3002 2565 3058 est;
2595 2992 2702 3046 illis
2727 3008 2843 3047 vero
2873 3009 2938 3047 ex
2963 2993 3273 3046 commercio
3309 3009 3371 3046 ac
3393 3009 3523 3061 par-

1955 3082 2257 3151 ticipatione
2287 3092 2386 3147 est,
2415 3085 2556 3149 quod
2587 3095 2709 3138 sunt
2730 3093 2948 3139 sancttr.
2977 3083 3099 3138 Haec
3121 3099 3333 3152 quoque
3356 3084 3524 3153 ipsius

1954 3179 2078 3225 sunt
2107 3171 2160 3225 in
2204 3170 2443 3242 Epistola
2487 3173 2552 3228 ad
2584 3173 3050 3231 Neocmsarienses
3083 3188 3100 3229 :
3139 3173 3256 3228 Nisi
3285 3172 3519 3238 Spiritus

1953 3269 2166 3315 sanctus
2211 3262 2430 3328 simplex
2476 3271 2555 3318 est
2578 3302 2594 3326 .
2631 3279 2696 3318 ex
2733 3266 2961 3319 essentia
2993 3272 3044 3317 et
3080 3263 3366 3317 sanctitate
3395 3279 3521 3317 con-

1952 3359 2074 3406 stat.
2111 3351 2304 3421 Ecquis
2352 3357 2472 3406 ve'ro
2517 3355 2591 3408 sic
2633 3355 2868 3421 demens,
2901 3367 2955 3408 ut
2983 3353 3247 3424 Spiritum
3272 3361 3516 3408 sanctum

1950 3445 2286 3512 compositum
2319 3445 2459 3497 dicat
2483 3445 2510 3496 2

2020 3554 2286 3609 Prmterea
2336 3557 2490 3610 divus
2542 3554 2962 3626 Chrysostomus
3009 3569 3286 3624 exponens
3338 3553 3518 3608 illud:

1956 3661 1976 3696 ι
2007 3640 2126 3713 Ego
2153 3659 2270 3697 sum
2301 3642 2395 3697 lux
2441 3644 2626 3696 mundi
2659 3645 2725 3709 “,
2761 3646 2838 3698 ait
2870 3660 2884 3696 :
2919 3641 3092 3711 Igitur
3132 3644 3178 3696 si
3222 3644 3327 3698 vita
3371 3644 3519 3697 aliud

1949 3744 2058 3798 est,
2089 3735 2235 3788 aliud
2260 3750 2376 3789 vero
2406 3734 2498 3788 lux
2518 3771 2533 3796 ,
2579 3733 2730 3786 aliud
2760 3743 2935 3786 autem
2979 3735 3208 3788 essentia
3255 3746 3346 3788 aut
3397 3737 3521 3789 sub-

1950 3827 2168 3890 stantia,
2223 3827 2535 3896 compositus
2566 3827 2674 3896 erit
2709 3834 2757 3878 et
2790 3841 2897 3878 non.
2924 3825 3166 3892 simplex.
3213 3825 3282 3904 Et
3333 3842 3521 3882 rursus

1949 3934 2222 3990 exponens
2251 3921 2380 3974 illud
2409 3939 2421 3975 :
2448 3919 2515 3974 In
2533 3919 2792 3989 principio
2820 3928 2934 3973 erat
2963 3917 3182 3972 Verbum
3208 3919 3286 3973 "s
3317 3938 3338 3972 s
3366 3918 3520 3974 Istud

1950 4009 2090 4063 brevi
2110 4019 2224 4076 post
2251 4009 2442 4064 viderit
2467 4011 2583 4079 quis
2614 4012 2775 4065 etiam
2799 4013 2964 4066 lucem
2985 4011 3181 4064 dictum
3203 4028 3222 4076 ;
3248 4019 3361 4065 luce
3373 4027 3523 4078 mque

1949 4119 2134 4157 rursus
2169 4103 2328 4156 vitam
2363 4111 2742 4169 nuncupatam,
2779 4113 2829 4158 et
2859 4105 3020 4157 vitam
3051 4103 3347 4157 veritatem.
3388 4101 3524 4155 Rur-

1949 4211 2043 4252 sus
2074 4193 2270 4282 ih'tdem
2297 4210 2310 4246 :
2337 4192 2452 4247 Hoc
2480 4205 2655 4249 autem
2675 4195 2833 4258 dixit,
2858 4209 3041 4264 nempe
3072 4213 3090 4245 ι
3119 4192 3184 4247 In
3209 4194 3320 4261 ipso
3349 4204 3516 4257 erat,s

1924 4303 2054 4340 .non
2083 4293 2140 4338 ut
2175 4286 2522 4352 compositum
2564 4287 2859 4355 opinemur,
2917 4287 3005 4338 sed
3051 4294 3107 4338 ut
3158 4285 3415 4355 paulatim
3453 4286 3523 4337 ad

1950 4373 2088 4429 celsa
2137 4375 2344 4428 decreta
2387 4375 2752 4442 provehamur.
2813 4375 2951 4441 Quia
3000 4375 3136 4429 enim
3185 4392 3334 4430 nemo
3377 4376 3522 4442 uulgi
3571 4395 3576 4398 ·

1881 4512 1926 4571 D
1953 4466 2108 4535 facile
2134 4466 2190 4520 in
2218 4467 2451 4520 animum
2479 4467 2790 4521 inducturus
2812 4477 2948 4525 erat.
2994 4469 3255 4536 quomodo
3283 4468 3395 4536 ejus
3419 4470 3521 4521 vita

1953 4560 2066 4626 ipsa
2093 4573 2184 4625 per
2223 4573 2278 4611 se
2317 4573 2379 4610 ac
2408 4574 2524 4612 vere
2553 4559 2850 4623 exsisteret,
2883 4559 3029 4626 prius
3059 4558 3192 4611 dixit
3232 4558 3368 4628 quod
3407 4566 3521 4610 erat

1954 4646 2231 4709 humilius,
2262 4659 2483 4713 moxque
2511 4645 2772 4698 eruditum
2810 4646 3140 4710 auditorem,
3170 4646 3239 4699 ad
3281 4647 3334 4700 id
3380 4646 3522 4714 quod

1953 4739 2230 4794 sublimius
2267 4740 2523 4804 provehit.
2557 4737 2696 4792 Nam
2725 4739 2815 4807 qui
2843 4739 3048 4791 dixerat
3083 4753 3101 4792 :
3131 4757 3150 4790 ι
3190 4737 3343 4792 Dedit
3374 4739 3421 4791 ei
3451 4739 3523 4792 vi-

1957 4837 2064 4883 tam
2095 4830 2282 4884 habere
2309 4830 2406 4896 ";s
2443 4830 2528 4882 hic
2563 4845 2744 4883 rursus
2779 4829 2852 4882 ait
2889 4845 2909 4884 :
2945 4827 3088 4898 «Ego
3119 4843 3241 4883 sum
3279 4831 3386 4882 vita
3414 4829 3516 4883 η.»

1956 4919 2123 4975 Porro
2151 4919 2376 4976 observa
2398 4961 2414 4985 ,
2443 4923 2894 4991 quemadmodum
2925 4929 3143 4977 sanctus
3177 4921 3524 4991 compositio-

1955 5025 2076 5064 nem
2111 5009 2406 5076 existimet,
2442 5012 2486 5066 si
2527 5013 2649 5081 quis
2681 5011 2824 5066 aliud
2868 5013 2997 5081 quid
3045 5012 3208 5067 vitam
3261 5014 3312 5068 iu
3371 5013 3520 5078 Deo,

1956 5101 2100 5155 aliud
2140 5100 2335 5169 lucem,
2382 5101 2635 5173 aliudque
2662 5101 2957 5158 essentiam
2989 5103 3286 5182 existimet,
3325 5103 3398 5158 uti
3431 5119 3525 5159 su-

1955 5191 2137 5260 perius
2162 5191 2316 5246 dixit.

2026 5369 2290 5425 Praeterea
2336 5370 2489 5425 divus
2541 5369 2773 5443 Cyrillus
2823 5371 2874 5426 in
2918 5372 3066 5426 Actis
3109 5372 3278 5428 leriize
3330 5368 3520 5438 synodi
3629 5409 3636 5417 .

1957 5459 2034 5512 ait
2065 5475 2080 5511 :
2115 5458 2567 5524 Quemadmodum
2610 5461 2793 5514 unitas
2843 5477 3112 5528 nunquam
3161 5459 3431 5512 dividatur
3461 5458 3520 5512 in

1955 5551 2088 5603 duas
2119 5551 2365 5605 unitates.
2403 5550 2534 5615 Qua:
2565 5553 2702 5606 enim
2733 5552 2785 5605 in
2815 5552 2925 5603 hinc
2951 5550 3236 5611 dividatur,
3267 5563 3369 5600 non
3401 5547 3519 5601 uni-

1957 5652 2038 5697 tas
2075 5642 2273 5710 fuerit,
2301 5643 2389 5698 sed
2423 5643 2638 5710 biuitas,
2672 5653 2726 5697 ut
2770 5644 2845 5697 sic
2876 5641 3099 5705 loquar:
3125 5640 3199 5694 sic
3231 5649 3278 5693 et
3312 5654 3472 5694 unum
3498 5679 3515 5708 ,

367 5810 590 5870 "Joau.
625 5825 744 5879 vni.
773 5812 858 5871 12.
900 5775 914 5783 .
937 5816 978 5847 ¹³
1023 5813 1182 5872 Joan.
1224 5833 1262 5884 ι,
1297 5817 1345 5872 1.
1426 5815 1466 5850 η
1499 5815 1658 5872 Joau.
1691 5834 1736 5882 ν,
1767 5819 1850 5877 i6.

1955 5822 1973 5854 ⁵
2005 5823 2161 5881 Joan.
2201 5840 2334 5889 ,xtv,
2377 5827 2430 5879 6.
