4056 6288
427 355 524 419 351

1679 355 2074 415 MANUELlS
2113 356 2198 413 CA
2214 355 2414 415 LECtE

3553 355 3672 418 352

429 475 552 522 li’tm
597 467 862 538 designari
901 468 1262 536 intelligimus.
1319 470 1458 534 Quia
1503 487 1589 522 ros
1619 487 1840 537 quoque,
1872 486 1988 522 cum

2099 470 2295 534 ἕτερόν
2325 486 2398 533 τι,
2431 467 2568 522 ἀλλ’
2597 467 2792 532 αὐτὴν
2832 467 2944 535 τὴν
2982 466 3288 535 μακαρίαν
3323 468 3419 522 καί
3451 470 3663 534 ἀπλὴν

430 563 474 615 F'
480 563 626 614 ilium
657 576 722 613 ex
755 561 860 614 Deo
885 561 1145 615 dixeritis.
1177 562 1422 614 nimirum
1453 577 1520 614 ea:
1545 559 1719 614 Patris
1748 563 1990 614 substan-

430 656 502 705 tia
532 650 680 704 illum
708 666 812 704 esse
837 651 1062 704 dixistis.
1095 651 1236 704 l-Jcnt
1269 651 1321 704 in
1355 652 1538 704 eadem
1568 660 1742 705 nrat.:
1769 650 1991 704 Decebat

411 759 514 795 'ros
562 741 810 810 (Arianos
861 740 1128 800 nimirum)
1161 756 1262 794 non
1296 741 1469 793 dicere
1514 741 1707 794 Filium
1736 756 1800 794 ea:
1832 739 1990 794 Patre

430 849 560 896 esse,
585 833 675 885 sed
706 847 770 884 ex
796 831 862 885 iis
894 848 1009 900 ante
1035 842 1156 884 sunt
1182 832 1323 884 circa
1350 833 1542 895 ipsum,
1575 841 1628 884 ut
1665 833 1760 884 hoc
1802 848 1989 884 caven-

431 937 524 990 tes,
556 943 617 978 ne
649 923 808 977 Deum
842 940 956 976 vere
996 923 1209 976 Patrem
1241 923 1502 986 diceretis,
1543 924 1620 976 sic
1649 924 1989 985 compositura

430 1033 546 1069 eum
575 1016 663 1084 qui
688 1014 908 1079 simplex
935 1025 1031 1078 est,
1057 1022 1102 1066 et
1129 1029 1434 1076 corporeum
1457 1013 1822 1082 intelligentes,
1849 1012 1992 1065 inso-

429 1103 665 1156 lentioris
712 1085 1042 1173 blasphemia:
1069 1117 1307 1156 auctores
1349 1105 1678 1157 exsisteretis.
1713 1102 1877 1156 Porro
1923 1117 1990 1155 ex

430 1196 606 1248 sancti
639 1194 798 1264 hujus
826 1194 987 1247 dictis
1035 1195 1236 1263 liquet,
1271 1210 1461 1249 nomen
1495 1193 1636 1248 Deus
1668 1203 1719 1247 et
1748 1193 1908 1247 Pater
1937 1201 1992 1247 et

431 1287 674 1348 Creator,
710 1293 765 1337 et
788 1285 1163 1339 universorum
1193 1295 1558 1351 conservator,
1588 1286 1754 1354 ipsam
1782 1287 1988 1339 beatam

431 1377 725 1429 essentiam
771 1375 1112 1444 signiﬁcare;
1151 1375 1359 1431 tametsi
1405 1375 1547 1429 nulla
1599 1375 1815 1428 nomina
1862 1376 1989 1444 quid

435 1467 523 1520 illa
573 1467 642 1520 sit
690 1474 1103 1535 repraesentant,
1130 1479 1348 1535 eosque,
1377 1467 1470 1533 qui
1502 1466 1645 1519 circa
1687 1465 1848 1518 Deum
1884 1465 1988 1520 alia

431 1559 675 1628 quitedam
706 1568 902 1626 praeter
933 1556 1047 1626 ejus
1076 1557 1370 1612 essentiam
1399 1571 1514 1610 esse
1540 1557 1742 1621 dicunt,
1780 1567 1992 1610 natura-

434 1650 499 1701 Iiu
537 1649 644 1702 Deo
670 1657 724 1700 et
751 1645 1057 1701 essentialia
1091 1663 1152 1699 ac
1189 1648 1423 1700 incicata
1451 1687 1465 1709 ,
1496 1645 1608 1700 sive
1653 1648 1835 1710 vitam,
1878 1647 1992 1701 sive

433 1740 728 1793 bonitatem
752 1777 768 1802 ,
795 1739 906 1791 sive
937 1737 1148 1804 quidvis
1179 1737 1392 1791 tandem
1437 1751 1643 1801 eorum,
1685 1754 1750 1791 ex
1796 1738 1990 1805 quibus

435 1833 589 1884 aiunt
619 1829 784 1883 Deum
815 1830 1088 1897 cognosci,
1122 1844 1352 1897 eumque
1375 1829 1464 1896 qui
1493 1829 1783 1882 secundum
1807 1842 1991 1882 essen-

435 1925 563 1976 tiam
601 1919 883 1975 invisibilis
913 1930 990 1993 est
1020 1962 1033 1984 ,
1064 1920 1361 1975 secundum
1400 1919 1486 1972 illa
1517 1920 1785 1975 visibilem
1831 1919 1943 1972 ﬁeri
1972 1963 1987 1983 ,

431 2021 784 2080 statuuntqne
816 2024 934 2063 esse
960 2009 1206 2078 qnazdam
1235 2025 1352 2078 quae
1380 2007 1495 2075 ejus
1529 2011 1821 2063 essentiam
1847 2025 1994 2064 com-

433 2105 633 2170 pleant,
677 2103 840 2156 Deum
879 2101 968 2170 qui
1019 2100 1244 2166 simplex
1291 2099 1382 2159 sit,
1413 2100 1766 2166 compositum
1799 2113 1995 2167 corpo-

436 2206 693 2263 reumqne
717 2191 1097 2260 intelligente-5,
1127 2187 1489 2242 insolentioris
1525 2185 1870 2255 blasphemia:
1903 2203 2000 2241 au-

431 2295 611 2338 ctores
631 2283 914 2346 exsistere,
938 2280 1188 2348 aliudque
1209 2277 1482 2347 quidpiam
1507 2275 1649 2330 circa
1671 2277 1787 2345 ejus
1814 2291 2000 2331 essen-

433 2374 563 2426 tiam
587 2372 872 2440 ﬁngentes,
903 2370 1043 2437 quod
1073 2378 1126 2422 et.
1162 2349 1396 2434 cogita'tu
1430 2365 1650 2433 impium
1672 2366 1763 2427 sit,
1789 2365 1989 2420 dicere.

2091 561 2187 614 xui
2221 559 2648 625 ἀκατάληπτον
2684 561 2792 612 τοῦ
2824 559 3000 624 ὄντος
3034 560 3254 612 οὐσίαν
3300 559 3659 628 σημαινομέ-

2090 669 2208 718 νην
2256 649 2535 719 νοοῦμεν.
2582 651 2875 716 Είρήιιατε
2925 649 2993 703 δὲ
3049 649 3147 704 καί
3207 652 3376 719 ὑμεῖς
3419 651 3488 703 ἐκ
3548 650 3658 705 τοῦ

2093 741 2241 797 Θεοῦ
2291 742 2397 793 τὸν
2442 741 2596 809 Υιόν,
2636 739 2831 805 δῆλον
2867 741 2955 793 ὅτι
3007 740 3075 794 ἐκ
3120 739 3230 805 τῆς
3288 743 3506 808 οὐσίας
3545 745 3652 799 τοῦ

2091 830 2320 897 Πατρός
2375 831 2563 882 αὐτὸν
2615 829 2910 898 ειρήκατε.
2977 829 3036 882 ὐ
3071 831 3234 894 αὐτὸς
3285 832 3342 883 ὲν
3373 831 3448 901 τῷ
3482 833 3652 902 αὐτῷ,

2096 920 2256 973 Ἔδει
2288 919 2375 988 μὴ
2403 918 2652 988 γράφειν
2680 920 2856 988 ὑμᾶς,
2888 921 3031 986 τοὺς
3068 922 3409 990 ’Δρειανοὺς
3437 925 3654 992 δηλον-

2092 1011 2202 1075 ότι,
2241 1011 2308 1065 ἐκ
2351 1011 2456 1065 τοῦ
2500 1013 2732 1079 Πατρός
2780 1013 2887 1066 τὸν
2935 1011 3104 1077 Υίὸν,
3145 1013 3305 1067 ἀλλὰ
3345 1014 3464 1069 τῶν
3518 1019 3652 1084 περὶ

2091 1099 2296 1162 αὐτὸν,
2350 1100 2452 1151 ἵνα
2479 1100 2808 1166 φεύγοντες
2865 1099 3065 1169 λέγειν
3123 1103 3360 1169 ἀληθῶς
3425 1109 3656 1174 Πατέρα

2090 1189 2197 1242 τὸν
2241 1188 2410 1252 Θεὸν,
2441 1190 2737 1243 σύνθετον
2765 1190 2917 1244 οὕτω
2957 1191 3064 1245 τὸν
3111 1194 3369 1253 ἁπλοῦν.
3405 1198 3500 1250 καί
3540 1213 3657 1251 σω-

2091 1279 2344 1347 ματικὸν
2395 1279 2808 1346 ἐπινοοῦντες,
2862 1282 3211 1350 καινοτέρας
3256 1285 3657 1354 βλασφημίας

2089 1371 2402 1439 ἐφευρεταί
2489 1369 2849 1438 γενήσεσθε.
2903 1373 2996 1425 Ἐκ
3047 1373 3104 1426 δὲ
3160 1374 3271 1427 τῶν
3329 1375 3424 1428 τοῦ
3496 1378 3655 1444 ἁγίου

2091 1462 2283 1514 τούτου
2313 1461 2473 1530 δῆλον
2507 1462 2587 1515 ὅτι
2628 1463 2689 1516 τὸ
2719 1462 2853 1525 Θεὸς
2897 1463 3067 1535 ὄνομα
3094 1465 3187 1518 καὶ
3219 1465 3278 1517 τὸ
3309 1465 3520 1536 Πατὴρ,
3567 1469 3661 1522 καὶ

2091 1552 2427 1622 Δημιουργὸς
2455 1553 2546 1606 καὶ
2574 1553 2993 1624 Παντοκράτωρ.
3026 1555 3196 1624 αὑτὴν
3222 1556 3322 1624 τὴν
3373 1559 3652 1628 μακαρίαν

2091 1641 2279 1694 οὐσίαν
2322 1642 2598 1710 σημαίνει,
2634 1643 2682 1694 εί
2730 1643 2822 1695 καὶ
2870 1643 3034 1712 μηδὲν
3075 1645 3184 1697 τῶν
3218 1645 3500 1714 ὀνομάτων
3554 1667 3662 1701 πα·

2094 1732 2363 1800 ρίστησιν,
2393 1732 2423 1786 ὅ
2457 1733 2509 1785 τί
2563 1733 2680 1786 iros‘
2735 1733 2886 1787 ἔστιν
2933 1735 3134 1805 ἐκείνη·
3186 1737 3278 1789 καὶ
3315 1738 3397 1790 ὅτι
3443 1741 3490 1791 οἱ
3537 1741 3662 1810 περὶ

2093 1823 2186 1875 τὸν
2216 1822 2348 1876 Θεὸν
2373 1820 2512 1876 εἷναί
2553 1841 2677 1879 τινα
2703 1824 2979 1892 λέγοντες,
3007 1826 3173 1894 ἕτερα
3203 1826 3303 1893 τῆς
3335 1827 3527 1884 οὐσίας
3567 1829 3665 1881 αὖ·

2095 1909 2212 1976 τοῦ,
2265 1913 2466 1979 φυσικὰ
2519 1913 2614 1967 καὶ
2664 1913 2898 1983 οὐσιώδη
2956 1914 3049 1969 τοῦ
3101 1913 3238 1967 Θεοῦ
3282 1917 3375 1967 καὶ
3409 1916 3662 1980 ἄκτιστα,

2099 2004 2209 2057 εἴτε
2243 2003 2386 2075 ζωὴν
2407 2046 2421 2070 ,
2459 2006 2568 2058 εἴτε
2601 2005 2939 2074 ἀγαθότητα,
2991 2006 3108 2058 εἴτε
3159 2007 3446 2073 ὁτιδήποτε
3501 2011 3559 2075 ἐξ
3593 2005 3665 2063 ὧν

2101 2099 2130 2150 ὁ
2173 2097 2325 2161 Θεὸς,
2364 2097 2518 2165 φασὶ,
2566 2097 2920 2165 γινώσκεται,
2961 2099 3103 2150 κατὰ
3137 2099 3236 2168 τὴν
3275 2101 3465 2154 οὖσίαν
3501 2101 3667 2170 ἀόρα-

2101 2204 2196 2250 τος
2237 2187 2445 2254 γίνεται
2476 2187 2600 2242 κατ’
2649 2190 2855 2254 δκεῐνα,
2905 2189 3115 2242 τιθέασί
3171 2208 3231 2242 τε
3266 2185 3406 2243 εἷναί
3448 2209 3572 2247 τινα
3599 2194 3669 2247 τὰ

2107 2277 2534 2348 συμπληροῦντα
2589 2279 2754 2332 αὐτοῦ
2794 2280 2894 2348 τὴν
2949 2280 3138 2333 οὐσίαν
3172 2282 3265 2332 καὶ
3317 2284 3408 2336 τὸν
3461 2285 3666 2338 ἁπλοῦν

2103 2368 2235 2422 Θεὸν
2294 2369 2549 2423 σύνθετον
2600 2369 2693 2424 καὶ
2725 2372 3041 2442 σωματικὸν
3087 2373 3450 2438 ἐπινοοῦντες,
3483 2392 3665 2427 καινο-

429 2463 593 2530 τέρας
627 2461 969 2531 βλασφημίας
1019 2459 1305 2527 ὲφευρεταὶ
1353 2457 1632 2525 γίνονται*
1677 2458 1770 2510 καὶ
1795 2457 1980 2529 ἕτερόν
2011 2475 2067 2514 τι
2141 2462 2268 2532 περὶ
2337 2461 2441 2534 τὴν
2502 2462 2690 2516 οὐσίαν
2743 2464 2910 2518 αὑτοῦ
2968 2465 3423 2531 ἀναπλάττοντες,
3478 2468 3668 2526 ἀσεϐὲς

432 2559 528 2611 καὶ
570 2557 728 2625 μόνον
759 2555 1156 2624 ἐντεθυμῆσθαι
1187 2553 1472 2622 λέγουσιν.

504 2653 572 2703 At
622 2651 876 2718 theologi,
934 2662 989 2702 ut
1021 2663 1082 2702 eo
1133 2665 1189 2704 se
1236 2649 1473 2704 absurdo
1517 2649 1826 2716 expediant,
1875 2663 1994 2718 qua:

432 2743 574 2799 dicta
611 2752 738 2797 sunt
766 2758 862 2812 pro
894 2757 1120 2797 munere
1145 2744 1341 2797 docent
1374 2757 1436 2796 ac
1475 2751 1730 2795 tractant.
1763 2742 1996 2795 Eadem-

432 2852 536 2904 que
576 2837 814 2898 ratione,
865 2851 999 2905 quas
1029 2835 1082 2889 in
1115 2836 1221 2890 Deo
1269 2837 1500 2890 dicimus
1532 2851 1708 2889 rerum
1739 2836 1995 2898 rationes,

434 2927 564 2980 nihil
593 2929 658 2980 ab
705 2927 820 2994 eius
851 2927 1086 2980 essentia
1120 2927 1270 2979 aiunt
1310 2925 1551 2979 (ἥσει-το.
1585 2925 1728 2980 Sane
1779 2927 1991 2992 quidem

433 3015 590 3068 divus
642 3015 1064 3084 Cbrysostomus
1119 3027 1390 3085 exponens
1437 3013 1567 3067 illud
1623 3032 1639 3068 :
1709 3031 1727 3064 ι
1791 3012 1856 3066 In
1888 3031 1989 3080 quo

2178 2650 2343 2706 Ἀλλὰ
2397 2649 2556 2704 τοῦτο
2593 2651 2652 2705 τὸ
2683 2650 2882 2704 ἄτοπον
2923 2652 3288 2720 ἐκφεύγοντες
3319 2653 3370 2705 οε
3419 2653 3654 2721 θεολόγοι

2095 2742 2163 2794 τὰ
2215 2743 2587 2812 προειρημένα
2634 2741 2994 2808 θεολογοῦσιν.
3034 2744 3141 2796 Καὶ
3186 2742 3265 2810 τῷ
3314 2745 3461 2814 αὑτῷ
3501 2745 3661 2814 λόγῳ,

2098 2834 2192 2885 κοιλ¹
2226 2833 2320 2896 οὓς
2351 2851 2532 2904 φαμεν
2563 2833 2624 2886 ἐν
2661 2833 2739 2903 τῷ
2769 2833 2888 2902 Θεῷ
2932 2832 3129 2902 λόγους
3159 2836 3268 2888 τῶν
3298 2835 3487 2900 ὅντων,
3519 2837 3667 2889 οὐδέν

2102 2941 2233 2988 φασι
2265 2925 2552 2995 διαφέρειν
2575 2926 2673 2994 τῆς
2704 2925 2891 2988 οὐσίας
2919 2924 3107 2978 αὐτοῦ.
3149 2923 3210 2978 '0
3245 2926 3344 2992 μὲν
3372 2925 3478 2995 γὰρ
3521 2927 3666 2990 Belo;

2101 3016 2486 3087 Χρυσὸστομος
2535 3016 2921 3087 ἐξηγούμενος,
2979 3017 3040 3070 τὸ
3087 3011 3262 3085 Ἑνῷ
3291 3020 3345 3071 ol
3379 3018 3671 3085 θησαυροί

433 3119 550 3156 sum
607 3103 841 3155 thesauri
874 3103 1140 3170 sapientia’
1171 3111 1221 3156 et
1255 3104 1482 3158 scientia:
1509 3105 1575 3167 ¹⁸,
1616 3122 1635 3156 ι
1663 3104 1757 3168 ait,
1788 3122 1803 3159 :
1845 3105 1996 3168 Vide,

2103 3085 2214 3178 τῆς
2253 3085 2477 3177 σοφίας
2511 3085 2760 3177 καὶτῆς
2817 3108 3113 3180 γνώσεως,
3160 3111 3343 3178 φησὶν,
3403 3107 3564 3178 Ὅρα,
3622 3113 3672 3166 εί

435 3189 641 3243 tametsi
698 3189 902 3243 videtur
953 3205 1195 3256 magnum
1242 3191 1442 3259 aliquid
1492 3192 1678 3253 dicere,
1741 3209 1915 3246 verum
1949 3193 2002 3246 id

433 3298 636 3352 quoque
665 3280 991 3335 submissius
1038 3282 1194 3345 dixit,
1229 3292 1440 3351 promer
1468 3282 1847 3349 simpliciores;
1880 3300 2003 3337 nam

434 3379 549 3443 ipsa
575 3390 692 3428 vere
741 3373 1021 3442 sapientia,
1067 3390 1183 3428 vere
1223 3376 1439 3429 scientia
1474 3385 1574 3430 est.
1611 3376 1846 3431 Sanctus
1878 3391 2004 3431 vero

433 3465 700 3520 Maximus
751 3481 1024 3534 exponens
1094 3467 1270 3535 magni
1340 3467 1574 3538 Dionysii
1624 3469 2000 3523 auctoritatem

433 3557 704 3610 dicentem
733 3574 746 3609 :
779 3554 1044 3627 Imagines
1073 3559 1332 3626 quasdam
1371 3567 1421 3613 et
1451 3561 1738 3614 simulacra
1795 3561 2002 3614 divino-

432 3661 550 3701 rum
612 3648 725 3715 ejus
782 3649 1161 3718 exemplarium
1227 3668 1241 3705 :
1312 3649 1680 3725 Unitersorum
1737 3655 1998 3717 auctoris,

434 3741 625 3806 inquit,
679 3741 1016 3806 exemplaria,
1069 3756 1186 3810 qua:
1242 3740 1413 3803 habet,
1465 3752 1673 3796 (eterna:
1728 3752 1849 3795 sunt
1903 3741 2000 3796 Dei

433 3833 798 3899 cogitationes,
828 3847 918 3898 per
950 3849 1101 3901 quas,
1121 3841 1176 3902 et
1220 3848 1284 3884 ex
1311 3849 1532 3896 quarum
1580 3835 1784 3884 ratione
1816 3835 1992 3885 omnia

433 3925 490 3978 in
516 3940 572 3976 eo
611 3932 783 3986 erant,
836 3940 949 3976 cum
999 3923 1106 3974 alia
1137 3928 1199 3972 ab
1233 3938 1291 3974 eo
1332 3939 1432 3974 non
1461 3935 1650 3976 essent.
1687 3923 2003 3991 Rursusque

435 4016 492 4068 in
549 4014 738 4067 iisdem
796 4012 1062 4065 sclmliis:
1104 4006 1316 4078 Neque’
1349 4010 1487 4064 Deus
1518 4013 1569 4064 in
1602 4012 1714 4064 loco
1760 4021 1858 4075 est,
1911 4029 2001 4065 nec

432 4119 550 4172 qua:
579 4113 698 4155 sunt
724 4103 775 4154 iu
806 4118 886 4163 eo,
923 4102 976 4153 in
1004 4103 1115 4167 ipso
1137 4109 1256 4154 sunt
1288 4110 1340 4152 ut
1369 4101 1421 4152 in
1458 4101 1592 4166 loco,
1619 4083 1708 4154 sed
1740 4119 1800 4154 ea
1825 4102 1999 4167 habet,

431 4192 570 4246 velut
601 4193 688 4257 qui
719 4193 941 4256 seipsum
993 4192 1200 4254 habent,
1258 4200 1305 4244 et
1330 4191 1384 4242 in
1414 4190 1518 4243 illis
1555 4204 1706 4260 atque
1735 4191 1828 4244 illa
1859 4194 2002 4245 exsi-

431 4293 560 4339 stat.
612 4281 861 4353 Ejusdem
892 4295 955 4334 ex
991 4281 1179 4335 iisdem
1229 4281 1489 4334 :Etenim
1511 4282 1558 4335 si
1602 4282 1715 4350 ejus
1776 4283 2003 4336 essentia

432 4375 544 4429 alia
565 4383 661 4438 est,
695 4389 811 4442 qua:
835 4387 953 4425 vero
975 4372 1217 4442 intelligit
1249 4374 1358 4428 alia
1385 4382 1508 4428 sunt
1541 4380 1604 4427 ab
1632 4375 1765 4444 ipso,
1795 4375 1994 4429 carebit
2030 4403 2074 4460 ο

431 4472 542 4540 ipse
567 4466 935 4537 intelligentia,
980 4466 1036 4519 id
1063 4476 1164 4530 est,
1213 4467 1326 4533 ejus
1357 4467 1602 4521 essentia.
1644 4463 1702 4520 Si
1729 4467 1855 4536 quid
1880 4483 1998 4522 vero

438 4561 614 4626 habet,
643 4562 751 4627 ipse
779 4575 810 4612 a
839 4573 914 4620 se,
952 4575 1055 4612 non
1081 4561 1144 4611 ab
1171 4557 1276 4630 alio
1306 4556 1482 4612 habet.
1520 4556 1670 4623 Quod
1697 4557 1795 4610 sia
1824 4558 1996 4628 seipso

431 4662 481 4706 et
549 4665 613 4704 ea:
641 4651 805 4719 seipso
853 4650 1124 4720 intelligit,
1188 4650 1294 4718 ipse
1315 4667 1377 4705 ea
1433 4659 1511 4706 est
1567 4665 1684 4720 qua:
1733 4650 1998 4720 intelligit.

433 4743 605 4813 Igitur
633 4759 750 4797 cum
795 4745 862 4798 sit
895 4760 1008 4799 vere
1041 4744 1352 4809 mens,novit
1405 4760 1467 4798 ea
1493 4761 1612 4816 qua:
1637 4757 1786 4812 sunt,
1827 4755 1884 4799 ut
1913 4747 2000 4807 qui

433 4844 531 4889 est.
569 4834 706 4907 Ergo
745 4838 790 4891 si
828 4853 882 4891 se
921 4839 1030 4908 ipse
1069 4838 1423 4909 intelligendo,
1501 4855 1562 4893 ea
1603 4855 1725 4909 quae
1763 4849 1887 4894 sunt
1917 4841 1999 4894 in-

435 4923 638 4993 telligit,
670 4927 780 4993 ipse
810 4935 884 4981 est
912 4943 972 4980 ea
995 4939 1110 4998 gnte
1136 4931 1411 4985 exsistunt.

495 5019 670 5084 Atque
689 5017 802 5071 hac
819 5018 1102 5085 hactenus,
1124 5037 1300 5091 exque
1327 5022 1507 5078 multis
1529 5022 1857 5093 pauca.’Nos
1876 5037 2008 5080 vero

365 5149 380 5158 ,
435 5121 498 5162 ea
532 5120 652 5177 quae
682 5104 822 5159 dicta
857 5118 982 5160 sunt
1018 5109 1356 5176 colligentes,
1414 5113 1784 5168 concludendo
1818 5113 2008 5168 obser-

435 5215 646 5266 vamus,
667 5213 733 5252 ex
751 5197 908 5253 dictis
927 5199 1212 5261 inaniteste
1241 5203 1524 5270 probatum
1569 5205 1683 5259 fore
1726 5206 1956 5274 primum
1991 5221 2006 5259 :

439 5295 495 5348 Si
520 5292 666 5347 aliud
714 5289 932 5360 quidem
989 5289 1081 5346 Dei
1129 5295 1365 5346 essentia
1419 5303 1524 5358 est,
1566 5296 1668 5349 alia
1713 5310 1839 5350 vero
1885 5311 2007 5367 quas

440 5395 566 5439 sunt
590 5385 640 5440 in
667 5384 782 5453 ipso
829 5399 845 5439 :
875 5389 1022 5452 puta,
1058 5380 1167 5435 vita
1208 5393 1262 5437 et
1288 5383 1552 5452 sapientia
1606 5397 1657 5440 et
1688 5385 1918 5452 bonitas,
1955 5396 2005 5440 et

441 5475 485 5528 si
514 5475 640 5542 quid
695 5470 968 5545 ejusmodi
1019 5469 1266 5527 absolute
1297 5470 1408 5526 Deo
1459 5473 1732 5541 tribuitur,
1788 5490 1910 5543 quae
1940 5475 2008 5530 ab

443 5565 699 5632 essentia,
751 5566 976 5637 ipsaque
1033 5564 1175 5622 inter
1221 5564 1526 5623 serealiter
1578 5566 2006 5636 distinguantur,

525 5737 567 5770 “'
624 5738 833 5798 Coloss.
867 5755 925 5808 ιι,
959 5745 1013 5799 3.

2104 3201 2204 3256 καὶ
2233 3199 2398 3254 δοκεῖ
2421 3217 2477 3254 τι
2523 3200 2675 3268 μέγα
2715 3200 2927 3262 εἰπεῖν,
2959 3200 3120 3254 ἀλλὰ
3166 3202 3265 3254 καὶ
3306 3201 3480 3254 τοῦτο
3524 3217 3664 3268 συγ·

2103 3290 2506 3355 καταϐατικῶς
2545 3285 2678 3342 εἷπε
2715 3288 2812 3342 διὰ
2870 3289 3016 3354 τοὺς
3044 3290 3533 3358 ἁπλουστέρους
3560 3291 3657 3342 αύ-

2102 3383 2356 3452 τοσοφια
2395 3383 2504 3452 γάρ
2553 3382 2682 3437 ἐστι
2734 3382 2833 3437 καί
2890 3383 3261 3453 αὐτογνῶσις
3290 3397 3306 3412 ·
3339 3385 3366 3436 ὁ
3404 3384 3462 3438 δὲ
3526 3384 3665 3449 ἅγιος

2103 3473 2381 3542 Μάξιμος,
2415 3473 2515 3544 τὴν
2541 3473 2634 3527 τοῦ
2671 3473 2909 3544 μεγάλου
2943 3474 3220 3527 Διονυσίου
3258 3474 3417 3542 ῥῆσιν
3450 3473 3672 3542 ἐξηγού-

2105 3582 2286 3633 μενος,
2317 3566 2652 3634 φάσκουσαν,
2693 3566 2949 3631 Εἰκόνας
2990 3563 3164 3632 τινὰς
3197 3565 3294 3618 καὶ
3344 3563 3675 3634 ὁμοιώματα

2101 3656 2220 3711 τῶν
2269 3658 2446 3711 ’θείων
2498 3657 2686 3711 αὑτοῦ
2735 3656 3262 3724 παραδειγμάτων,
3332 3657 3447 3724 Τῆς
3504 3658 3676 3724 ἐχού,

2094 3761 2240 3814 anc,
2291 3747 2457 3816 φησὶ,
2509 3745 2954 3815 παραδείγματα
3013 3746 3134 3799 τῶν
3182 3746 3426 3800 πάντων
3484 3748 3674 3811 αἰτίας

2102 3837 2161 3888 al
2197 3836 2375 3890 ἀΐδιοι
2417 3835 2666 3904 νοήσεις
2695 3835 2814 3888 εἰσὶ
2848 3834 2955 3888 τοῦ
2989 3835 3159 3899 Θεοῦ,
3190 3835 3267 3888 δι’
3285 3835 3357 3900 ἃς
3399 3837 3498 3888 καὶ
3545 3833 3672 3888 καθ’

2101 3923 2174 3990 ἀς
2198 3925 2434 3978 ἅπαντα
2485 3920 2564 3994 ἦν
2603 3925 2673 3977 ἐν
2715 3923 2893 3986 αὐτῷ,
2946 3925 3060 3993 οὐχ
3096 3924 3268 3991 ἔτερα
3296 3925 3440 3978 ὄντα
3465 3924 3672 3980 αὑτοῦ.

2103 4015 2269 4068 Πάλιν
2299 4018 2356 4067 ἐν
2398 4017 2510 4076 τοῖς
2543 4016 2748 4080 αὐτοῖς,
2785 4015 2936 4068 οὔτε
2976 4018 3009 4069 ό
3042 4015 3188 4081 Θεὸς
3217 4016 3289 4069 ἐν
3316 4017 3498 4082 τόπῳ,
3539 4016 3674 4068 οὔτε
3770 4048 3776 4058 ι

2100 4105 2172 4159 τὰ
2201 4107 2269 4158 ἐν
2309 4104 2469 4169 αἱ)τῷ
2529 4105 2611 4169 ὡς
2662 4105 2729 4157 ἐν
2780 4107 2970 4170 τόπῳ·
3027 4106 3167 4160 ἀλλ’
3217 4105 3344 4176 ἔχει
3397 4105 3549 4169 αὐτὰ
3595 4106 3672 4170 ὡς

2100 4195 2324 4275 ἑαυτὸν
2357 4195 2535 4262 ἔχων,
2576 4195 2675 4247 καί
2706 4194 2862 4248 ἐνὼν
2911 4196 3122 4262 αὐτοῖς
3173 4197 3273 4251 καὶ
3326 4196 3532 4250 ταῦτα.
3567 4197 3670 4248 Τ(ιῦ

2103 4264 2270 4340 αὐτοῦ
2297 4288 2361 4340 ἐκ
2398 4287 2507 4339 τῶν
2553 4285 2754 4348 αὐτῶν,
2801 4285 2903 4340 Καὶ
2952 4286 3085 4355 γὰρ,
3133 4289 3184 4342 εί
3213 4287 3329 4356 μὲν
3353 4289 3536 4345 οὐσία
3569 4264 3727 4350 aii-3;
3765 4346 3777 4353 _

2101 4376 2208 4432 τοῦ
2239 4376 2398 4442 ἄλλη
2433 4374 2622 4442 ἐστίν,
2658 4373 2698 4429 ἃ
2727 4375 2796 4429 δὲ
2830 4375 2961 4432 νοεῖ
3002 4377 3176 4444 ἔτερα
3226 4376 3449 4441 αὑτοῦ..
3492 4378 3695 4440 αὐτός’

2100 4469 2354 4537 ἀνόητος
2384 4436 2619 4530 -ἕσται,
2671 4466 2866 4535 ἤγουν
2919 4467 2958 4533 ἠ
3013 4436 3197 4520 οὐσία
3241 4436 3453 4520 αὐτοῦ.
3498 4466 3573 4518 El
3621 4436 3676 4516 τὶ
3697 4436 3750 4478 ’δ”

2101 4559 2170 4614 δὲ
2206 4561 2354 4630 ἔχει,
2376 4559 2512 4626 παρ’
2539 4556 2759 4612 ἑαυτοῦ
2791 4557 2938 4626 ἔχει,
2970 4558 3044 4610 οὐ
3071 4555 3209 4623 παρ’
3239 4557 3456 4609 ἄλλου.
3493 4555 3564 4607 El
3609 4553 3676 4606 ss

2101 4655 2239 4721 παρ’
2276 4651 2497 4707 ἑαυτοῦ
2529 4650 2630 4704 καὶ
2667 4649 2736 4714 ἐξ
2766 4647 2988 4703 ἑαυτοῦ
3045 4650 3194 4714 νοεῖ,
3229 4648 3410 4712 αὐτός
3445 4647 3613 4700 ἐστιν
3639 4643 3677 4699 d

2101 4745 2253 4801 νοεῖ.
2295 4742 2534 4798 Οὐκοῦν
2577 4741 2725 4805 νοῦς
2768 4739 2854 4794 ὢν
2884 4740 3093 4806 ὅντως,
3129 4738 3262 4793 νοεῖ
3288 4737 3361 4792 τὰ
3402 4739 3551 4790 ὄντα
3593 4736 3674 4801 ὡς

2101 4835 2205 4889 ὢν.
2261 4836 2331 4887 El
2378 4828 2493 4887 οὖν
2539 4830 2701 4885 νοῶν
2755 4829 2974 4884 ἑαυτὸν
3002 4828 3076 4883 τὰ
3101 4829 3261 4900 ⁸ὄντα
3301 4827 3448 4894 νοεῖ,
3494 4825 3674 4887 αὑτός

2105 4927 2236 4981 ἐστι
2264 4924 2338 4978 τὰ
2369 4925 2533 4978 ὄντα.

2178 5015 2360 5069 Ταῦτα
2393 5015 2492 5085 μὲν
2535 5014 2628 5068 ἐπὶ
2666 5011 2918 5068 τοσοῦτον
2943 5053 2959 5078 ,
2990 5015 3085 5067 καὶ
3130 5013 3195 5066 ἐκ
3239 5010 3450 5065 πολλῶν
3498 5008 3670 5074 ὀλίγα.

2121 5107 2314 5177 Ἡμεῖς
2361 5107 2419 5160 δὲ
2453 5105 2880 5172 ἐπισυνάγοντες
2935 5103 3003 5156 τὰ
3052 5103 3346 5174 εἰρημένα,
3400 5115 3675 5170 συμπερα-

2115 5199 2398 5271 σμιτικῶς
2448 5195 2923 5267 ὲπισημειούμεθα
2981 5194 3062 5247 ὅτι
3106 5196 3171 5246 ὲκ
3221 5191 3327 5245 τῶν
3372 5189 3675 5261 εἰρημένων

2113 5289 2270 5359 δῆλον
2296 5290 2486 5357 γέγονε
2518 5288 2734 5358 πρῶτον
2768 5287 2866 5355 μὲν
2913 5286 3018 5348 ὅτι,
3062 5284 3111 5336 εἰ
3163 5283 3296 5336 ἄλλο
3332 5281 3433 5353 μὲν
3463 5283 3496 5352 ή
3522 5278 3677 5333 οὐσία

2114 5381 2208 5436 τοῦ
2241 5383 2376 5436 Θεσῦ
2401 5423 2414 5446 ,
2447 5382 2580 5435 ἄλλα
2613 5381 2669 5434 δὲ
2701 5380 2769 5432 τὰ
2804 5379 2862 5431 ιν
2894 5374 3066 5450 αὐτῷ,
3093 5368 3205 5428 οἷον
3237 5373 3350 5445 ζωὴ
3382 5373 3476 5426 καὶ
3515 5370 3676 5440 σοφία

2115 5476 2208 5528 καὶ
2241 5474 2533 5543 ἁγαϐότης,
2574 5473 2669 5527 καὶ
2706 5472 2759 5524 εί
2787 5488 2840 5523 τι
2867 5467 3111 5521 τοιοῦτον
3139 5465 3564 5533 ἀπολελυμὲνως
3597 5461 3676 5533 τῷ

2115 5564 2233 5629 Θεῷ
2266 5563 2674 5635 ἀποδιδόμενον,
2704 5560 2804 5631 τῆς
2834 5574 2894 5615 τε
2945 5557 3138 5622 οὐσίας
3171 5556 3267 5611 καὶ
3301 5553 3545 5624 ἀλλήλων
3569 5552 3682 5607 δια-

2632 5735 2705 5778 !"
2718 5733 2732 5745 ⁴

2586 5783 2628 5851 τί

3989 1663 3991 1750 4

3989 1861 3991 1922 ι
