4056 6288
381 238 488 301 353

368 357 620 424 ,φέροντα
650 353 1054 422 πραγματικῶς
1075 393 1092 420 ,

313 447 322 454 “
383 460 506 496 πονο
541 444 636 496 καὶ
670 443 843 506 οὕτως
891 443 1081 511 ἔχοντα
1123 443 1260 512 πρὸς
1307 443 1408 513 τὴν
1441 442 1650 506 οὐσίαν,
1681 441 1754 503 ὡς
1783 441 1951 507 αὐτῆς

382 529 514 581 ἄνευ
549 529 627 598 μὴ
663 529 735 581 ἂν
769 529 1068 598 ὑποστῆναι
1104 529 1364 583 δύνασθαι
1399 529 1521 583 καθ’
1561 529 1751 595 ἑαυτὰ,
1803 529 1878 591 ὠς
1924 530 1951 581 ὁ

381 619 558 686 Τόμος
596 622 740 674 κατὰ
788 621 888 691 τὴν
943 621 1036 675 τοῦ
1097 621 1332 688 Παλαμᾶ
1381 622 1565 675 πίστιν
1590 621 1823 690 διέκρινε
1857 621 1951 672 καὶ

380 711 665 779 ἐκήρυξεν,
693 713 879 766 ἐκεῖνα
897 715 1111 778 πάντως
1139 715 1214 778 ὡς
1229 718 1286 768 ὲν
1309 713 1654 782 ὑποκειμένῳ
1691 715 1757 784 τῇ
1791 711 1952 782 οὐσίᾳ

383 801 615 863 ἔσονται,
649 805 744 855 καὶ
768 803 909 874 αὕτη
940 806 1142 859 τούτων
1170 806 1324 859 ἔσται
1349 806 1593 874 δεκτική·
1632 807 1729 858 καὶ
1754 804 1784 873 ἢ
1823 803 1948 873 ὕλη,

383 893 417 959 ἦ
462 893 723 960 ἀνάλογον
773 899 842 966 τῇ
893 896 1015 968 ῦλῃο
1066 898 1127 950 τὸ
1167 899 1277 967 γὰρ
1338 898 1707 966 ὑποκείμενον
1772 897 1949 965 ιτέρῳ

386 984 517 1054 πρδ;
573 985 810 1052 ὓπαρξιν
861 987 894 1054 ἢ
943 987 1042 1057 ῦλη
1089 989 1259 1050 ἐστὶν,
1311 987 1346 1056 ἢ
1387 987 1650 1053 ἀνάλογον
1697 988 1764 1056 τῇ
1797 985 1902 1058 ὕλῃ
1929 1003 1944 1018 ⁸

386 1081 481 1130 καὶ
523 1078 663 1131 οὕτω
717 1083 780 1148 τῇ
827 1079 927 1148 μὲν
991 1081 1151 1149 οὐσίᾳ
1201 1077 1460 1150 στέρησις
1520 1080 1614 1133 καὶ
1667 1076 1945 1147 παθητικὴ

385 1169 613 1240 δύναμις
645 1171 899 1240 ὑπάρξευ
944 1171 1013 1224 τὰ
1044 1172 1090 1224 δ’
1126 1171 1283 1241 αὐτῇ.
1319 1165 1431 1224 οἷον
1466 1169 1608 1234 ἔξεις
1653 1169 1746 1223 καὶ
1797 1168 1946 1220 ποιό-

381 1277 563 1330 τητες,
597 1263 692 1314 καὶ
727 1262 843 1332 εἴδη
872 1262 904 1332 ἢ
944 1263 1220 1332 ινίργειαι
1252 1261 1599 1314 τελιιωτικαὶ
1625 1260 1724 1328 τῆς
1755 1257 1942 1320 οὐσίας

381 1349 536 1402 ἔσται
585 1351 786 1419 ταύτης
817 1368 833 1383 ·
889 1352 986 1405 καὶ
1035 1354 1103 1422 τῇ
1152 1352 1426 1422 συνδρομῇ
1471 1350 1578 1403 τῶν
1630 1348 1839 1401 πολλῶν
1885 1346 1944 1400 ἓν

379 1441 534 1494 ἔσται
571 1443 664 1494 καὶ
711 1443 771 1495 τὸ
817 1444 880 1496 ἐκ
923 1443 1129 1496 τούτων
1159 1443 1434 1497 σύνθετον.
1478 1443 1542 1495 Ἦ
1593 1441 1700 1512 γὰρ
1738 1442 1802 1493 lx
1849 1438 1944 1493 δύο

376 1517 734 1598 τούλάχιστον
786 1533 1128 1600 πραγμάτων
1177 1535 1255 1595 είς
1309 1533 1367 1585 ἓν
1414 1533 1742 1593 συνέλευσις,
1774 1522 1848 1584 ὧν
1882 1529 1943 1581 τὸ

379 1616 438 1669 ἓν
478 1619 576 1675 οὐκ
628 1619 742 1672 ἐστι
796 1621 872 1690 τῷ
930 1622 1101 1692 ἑτέρῳ
1147 1623 1340 1676 ταυτὸν
1389 1623 1482 1676 καὶ
1521 1622 1810 1690 πράγματι
1845 1621 1940 1672 καὶ

381 1710 545 1778 λόγῳ,
581 1713 613 1780 ἢ
651 1717 710 1763 τὸ
757 1713 998 1766 δεκτικὸν
1040 1715 1228 1782 ἑτέρου
1265 1714 1392 1783 παρ’
1425 1712 1575 1783 αὺτῷ
1610 1713 1740 1782 πρὸς
1771 1712 1948 1779 ῦπαρ-

2056 1708 2190 1762 idem
2243 1725 2297 1762 re
2325 1720 2375 1764 et
2418 1709 2626 1764 ratione
2680 1726 2804 1764 cum
2847 1711 2950 1764 alia

381 1801 483 1865 ξιν,
542 1798 617 1854 ὧν
655 1805 687 1871 ἡ
730 1803 944 1866 σύνοδος
992 1803 1049 1856 ἓν
1098 1805 1375 1867 ἀποτελεῖ,
1425 1803 1458 1870 ἢ
1495 1803 1556 1855 τὸ
1607 1803 1822 1864 πολλοῖς
1870 1804 1952 1864 είς

379 1893 542 1945 ταυτδ
572 1892 845 1946 συνιοῦσιν
879 1892 1342 1963 ἀπαρτιζόμενον,
1375 1893 1409 1963 ἢ
1447 1894 1593 1956 ὅπως
1643 1893 1816 1956 ἄλλως
1856 1909 1943 1956 τις
1967 1913 1982 1925 ι

379 1983 694 2052 ὁριζόμενος
758 1983 936 2050 λέγειν
1001 1984 1296 2053 ἐνδέχεται,
1347 1984 1602 2037 σὺνθετόν
1658 1985 1828 2036 ἐστιν.
1879 1984 1952 2037 Τὸ

381 2074 488 2140 γὰρ
520 2074 1010 2159 συμπληρούμενον
1053 2075 1223 2143 ἑτέρῳ
1261 2079 1390 2142 τινὶ,
1415 2076 1464 2129 εί
1510 2076 1605 2129 καὶ
1639 2074 1947 2147 ἀχώριστόν

384 2163 532 2216 ἐστιν
567 2163 760 2229 αὑτοῦ,
793 2165 1048 2218 σύνθετόν
1078 2167 1245 2219 ἔστιν.

447 2476 730 2545 Δεύτερον,
762 2476 847 2530 ὅτι
895 2477 953 2528 et
1003 2477 1189 2540 ἀτελὲς
1240 2477 1331 2529 ἐπὶ
1380 2474 1516 2529 Θεοῦ
1573 2475 1758 2546 χώραν
1813 2477 1945 2541 ἕξει.

1396 237 1496 299 DE
1534 231 1899 299 ESSENﬁl‘lA
1933 233 2026 292 ET
2058 232 2561 298 OPERATIONE.

1149 352 1242 408 τδν
1291 353 1528 424 προηριθ
1537 371 1610 422 μη
1619 354 1777 423 μένον
1821 351 1945 420 τρό-

2056 352 2314 418 quomodo
2344 351 2398 403 in
2451 349 2824 419 superioribus
2874 348 3508 418 recensuimusnicque
3558 352 3626 402 ad

3516 234 3621 299 354

2057 440 2351 492 essentiam
2400 448 2800 506 comparantur,
2836 449 2894 491 ut
2919 438 3035 492 sine
3087 439 3199 502 illa,
3256 439 3368 506 ipsa
3400 437 3626 506 persub-

2061 530 2260 584 sistere
2315 544 2418 581 non
2480 530 2726 598 possint,
2781 530 3233 596 quemadmodum
3293 526 3495 582 Tomus
3561 542 3627 580 ex

2057 619 2287 674 Palatina:
2333 619 2453 674 ﬁdei
2482 621 2783 675 rationibus
2813 620 3050 675 decrevit
3077 632 3130 675 et
3162 635 3270 688 pra:
3293 623 3487 683 !icar‘t.
3537 620 3630 674 illa

2054 709 2275 763 omnino
2329 711 2379 763 in
2427 711 2662 764 essentia
2716 710 2827 764 sint
2879 721 2934 764 ut
2984 713 3035 764 In
3079 710 3250 780 subjet
3269 719 3342 774 to,
3406 713 3630 780 ipsaque

2057 799 2272 854 illorum
2307 799 2379 854 sit
2407 815 2574 869 capax
2609 818 2623 854 :
2655 802 2830 870 sitque
2864 802 2997 854 adeo
3025 803 3269 866 materia,
3322 805 3400 854 vel
3431 803 3618 870 hujus-

2060 891 2205 944 modi
2247 891 2389 960 quod
2437 892 2678 946 materia
2706 891 3053 959 respondeat.
3087 890 3238 957 Quod
3290 893 3431 943 enim
3468 892 3622 945 alteri

2054 981 2239 1036 subest
2273 993 2329 1035 ut
2365 982 2416 1035 in
2449 996 2513 1036 eo
2541 983 2783 1044 exsistat,
2816 987 2908 1034 aut
2934 990 3016 1034 est
3041 979 3284 1042 materia,
3321 987 3413 1033 aut
3435 979 3630 1049 aliquid

2053 1073 2296 1126 materia:
2337 1073 2549 1137 simile;
2587 1072 2771 1142 sicque
2806 1072 2945 1126 adeo
2991 1071 3238 1126 essentia:
3269 1073 3483 1140 quidem
3518 1070 3631 1137 prl-

2051 1162 2197 1215 vatio
2253 1163 2412 1217 inerit
2468 1179 2531 1218 ac
2566 1165 2647 1218 vis
2674 1166 2920 1234 passiva:
2956 1179 3074 1234 quae
3123 1181 3250 1218 vero
3289 1166 3338 1218 in
3373 1180 3434 1217 ea
3493 1173 3624 1217 sunt

2052 1253 2198 1307 Velut
2233 1253 2454 1308 habitus
2477 1265 2529 1308 et
2573 1257 2867 1324 qualitates
2921 1264 2976 1310 et
3005 1257 3190 1311 forma:
3238 1267 3330 1310 aut
3361 1257 3633 1326 operatio-

2050 1361 2166 1408 nes.
2216 1346 2580 1416 perfectiones
2608 1357 2766 1402 erunt
2815 1348 2974 1403 istius
3026 1348 3314 1402 essentne:
3364 1347 3621 1415 quodme

2049 1441 2214 1491 multa
2251 1447 2598 1502 concurrant,
2657 1453 2821 1491 unum
2861 1447 3170 1506 consurget,
3205 1452 3268 1492 ac
3317 1441 3420 1491 erit
3469 1451 3621 1489 com-

2050 1529 2279 1596 positum
2315 1531 2455 1598 quod
2487 1545 2550 1583 ex
2582 1529 2687 1583 illis
2715 1539 2817 1584 est.
2858 1531 3092 1582 Duarum
3139 1529 3283 1582 enim
3334 1529 3615 1580 minimum

2051 1631 2228 1672 rerum
2285 1619 2337 1672 in
2391 1634 2557 1673 unum
2603 1635 2918 1681 concursus,
2975 1634 3202 1687 quarum
3249 1634 3354 1672 una
3387 1633 3490 1672 non
3545 1627 3631 1673 cst

3006 1727 3020 1764 :
3069 1718 3160 1762 aut
3212 1709 3352 1776 quod
3403 1709 3630 1763 alterius

2052 1799 2376 1867 suscipiendi
2429 1813 2594 1865 capax
2629 1809 2733 1861 est,
2802 1800 2856 1852 in
2902 1814 3010 1865 quo
3070 1799 3198 1852 illud
3249 1799 3624 1852 exsistcntiazn

2055 1891 2286 1951 habeat.
2343 1890 2540 1960 quibus
2593 1891 3040 1944 convenientibus
3101 1887 3366 1942 conﬁatur
3418 1905 3624 1950 unum,

2055 1983 2133 2035 vel
2165 1980 2305 2050 quod
2360 1980 2546 2033 multis
2603 1981 2655 2034 in
2710 1981 2845 2033 idem
2897 1979 3290 2036 conﬂuentibus
3327 1981 3625 2048 perﬁcitur,

2053 2081 2146 2126 aut
2202 2070 2394 2138 qroris
2453 2071 2560 2124 alio
2612 2069 2771 2123 modo
2816 2070 2936 2139 quis
3004 2069 3313 2124 deﬁniendo
3395 2070 3621 2133 dixerit,

2052 2165 2413 2228 compositum
2476 2169 2581 2214 est.
2637 2158 2789 2224 Quod
2839 2161 2982 2213 enim
3049 2176 3172 2215 cum
3230 2160 3339 2214 alio
3397 2162 3626 2228 quodam

2051 2251 2374 2320 completur,
2428 2251 2639 2306 tametsi
2677 2252 2744 2306 ab
2777 2265 2841 2306 eo
2875 2251 3234 2321 inseparabile
3271 2258 3375 2312 est.
3409 2266 3631 2320 cumpo-

2019 2342 2022 2346 ’
2052 2343 2214 2398 situm
2283 2351 2387 2399 est.

2125 2476 2392 2537 Alterum,
2425 2475 2538 2531 fore
2577 2477 2743 2530 Deum
2801 2474 3204 2545 imperfectum.
3260 2473 3617 2543 Unumquod-

391 2567 515 2619 Τῶν
536 2569 645 2636 γὰρ
680 2569 739 2618 ιν
777 2569 842 2637 τῇ
875 2568 1032 2636 οὐσίᾳ
1051 2569 1282 2620 ἕκαστον
1315 2568 1772 2637 συμπληρωτικὸν
1803 2569 1952 2619 ἔσται

2056 2585 2159 2638 que
2197 2570 2338 2621 enim
2392 2584 2578 2621 eorum
2632 2586 2753 2637 qnze
2789 2569 2842 2622 in
2877 2570 3113 2622 essentia
3150 2575 3298 2632 sunt,
3335 2570 3437 2620 \‘ittt
3470 2581 3624 2620 com-

375 2658 471 2710 τοῦ
530 2653 670 2710 εἶναι
695 2695 711 2719 ,
748 2659 841 2708 καὶ
894 2657 1090 2724 μέρους
1148 2659 1308 2723 λόγον
1361 2658 1473 2722 ἔξει
1532 2658 1666 2725 πρὸς
1704 2658 1766 2708 τὸ
1811 2658 1952 2708 ὅλον.

2056 2657 2232 2726 plemli
2277 2671 2398 2710 esse
2431 2657 2737 2710 habiturum
2789 2671 2890 2722 est,
2931 2662 3202 2727 partisque
3254 2660 3514 2712 rationem
3562 2659 3629 2712 ad

380 2747 498 2799 [liv
535 2747 590 2798 δὲ
629 2749 816 2814 μέρος,
839 2746 874 2813 ἢ
905 2745 963 2796 τὸ
993 2746 1255 2810 ἀνάλογον
1291 2745 1368 2812 τῷ
1399 2746 1574 2813 μέρει,
1605 2746 1791 2805 ἀτελές
1821 2749 1952 2799 ἐστι.

2061 2751 2252 2796 totum.
2288 2746 2476 2796 Omnis
2513 2747 2655 2797 enim
2686 2761 2811 2812 pars
2844 2757 2935 2798 aut
2983 2751 3128 2814 quod
3164 2749 3300 2815 parti
3332 2749 3488 2800 aliine
3520 2759 3628 2806 est.

383 2837 582 2904 Διόπερ
623 2835 808 2903 ἀμερῆ
846 2835 938 2885 τὸν
995 2835 1128 2886 Θεδν
1183 2837 1216 2902 ἠ
1274 2828 1557 2903 κοινοτάτη
1602 2837 1728 2901 περὶ
1794 2833 1952 2887 αὑτοῦ

2062 2833 2245 2901 illique
2274 2836 2580 2902 respondet.
2611 2835 2984 2903 imperfectum
3019 2848 3122 2890 est.
3156 2837 3362 2890 Idcirco
3387 2853 3631 2890 conunn-

384 2926 562 2976 ἔννοια
621 2923 1002 2990 καταγγέλλει.
1071 2923 1280 2974 Οὐκοῦν
1364 2923 1485 2975 οὐδὲ
1549 2925 1636 2974 τὸν
1687 2923 1820 2974 Θεὸν
1863 2925 1952 2976 καὶ

2061 2923 2280 2978 nissima
2309 2925 2374 2978 de
2414 2923 2518 2977 Deo
2545 2928 2690 2979 notio
2720 2943 2931 2980 onmem
2964 2930 3031 2981 ab
3058 2944 3124 2981 eo
3168 2929 3399 2997 partium
3444 2929 3626 2982 exclu-

383 3015 602 3082 Πατέρα
629 3015 660 3085 ἢ
696 3014 786 3065 τὸν
814 3014 960 3075 Υίὸν,
992 3013 1022 3082 ἢ
1056 3015 1114 3066 τὸ
1146 3014 1301 3080 ἆγιον
1328 3014 1545 3080 Πνεῦμα
1582 3015 1742 3082 μέρος
1780 3013 1952 3082 φαμὲν

2065 3014 2142 3065 dit
2169 3017 2450 3069 rationem.
2480 3016 2719 3087 llincque
2749 3019 2884 3072 adeo
2904 3034 3000 3074 nec
3029 3021 3190 3074 Deum
3221 3020 3434 3076 Patrem
3461 3037 3632 3090 neque

379 3109 478 3178 τῆς
509 3109 638 3178 μιᾶς
684 3108 777 3159 καὶ
804 3105 932 3176 ὅλης
958 3107 1052 3158 καὶ
1088 3106 1472 3176 ὑπερπλήρους
1506 3106 1788 3174 Θεότητος.

2065 3103 2258 3160 Filium
2281 3119 2371 3161 aut
2412 3109 2670 3178 Spiritum
2711 3119 2952 3163 sanctmn
2978 3122 3182 3180 partem
3215 3113 3448 3167 dicimus
3471 3114 3630 3165 unius
3687 3101 3695 3106 ’

2079 3207 2134 3252 et
2181 3200 2359 3254 totalns
2439 3213 2502 3253 ac
2549 3213 2710 3266 supra
2777 3214 2936 3268 quam
2965 3203 3135 3270 plena:
3197 3199 3523 3256 Divinitatis.

450 3313 664 3384 Τρίτον,
691 3314 772 3366 ὅτι
797 3313 938 3384 μετὰ
973 3313 1064 3368 τοῦ
1098 3313 1320 3374 ἀτελοῦς
1353 3315 1447 3366 καὶ
1489 3315 1550 3365 τὸ
1586 3314 1949 3383 πεπερασμέ-

2130 3314 2368 3371 Tertium
2403 3329 2505 3381 cst,
2545 3334 2664 3372 cum
2691 3334 2755 3372 eo
2801 3319 2944 3389 quod
2981 3330 3063 3374 cst
3097 3321 3476 3388 imperfectum
3508 3335 3628 3372 esse

379 3422 470 3459 νον
505 3408 595 3458 ἐπὶ
643 3406 776 3458 Θεοῦ
831 3406 1242 3476 είσαχθήσεται.
1281 3407 1354 3456 Τὸ
1379 3407 1500 3474 ⁴γὲρ
1539 3405 1602 3456 ὲκ
1649 3405 1742 3456 δύο
1771 3422 1951 3472 πραγ-

2056 3409 2208 3462 etiam
2255 3409 2609 3461 inducendum
2643 3410 2695 3461 in
2749 3409 2854 3462 Deo
2893 3412 3147 3479 quodest
3189 3411 3420 3464 ﬁnitum.
3456 3409 3612 3474 Quod

385 3503 568 3570 μάτων
610 3499 875 3562 συνεστὼς
910 3499 1136 3568 ἄπειρον
1171 3501 1270 3552 οὐκ
1319 3499 1488 3551 ἐστιν.
1545 3496 1604 3549 Ἠ
1662 3497 1770 3565 γὰρ
1799 3496 1950 3563 δυὰς

2056 3497 2196 3550 enim
2245 3511 2308 3548 ex
2359 3497 2570 3550 duulms
2607 3499 2768 3550 rebus
2804 3510 3038 3560 constat,
3074 3515 3179 3552 non
3216 3509 3299 3552 est
3325 3500 3618 3553 inﬁnitum.

383 3593 526 3647 οὔτε
562 3591 828 3659 ἄναρχος
858 3593 994 3645 οὐτε
1043 3592 1505 3658 ἀπερίγραπτος,
1542 3593 1569 3642 ὁ
1611 3589 1753 3651 Gaio;
1783 3590 1950 3658 ἔφησε

2056 3584 2299 3639 Birt/trina
2352 3587 2496 3639 euim‘
2523 3604 2615 3639 nec
2665 3591 2921 3652 primi-uo
2958 3599 3124 3653 cat-ct,
3159 3607 3247 3643 nec
3278 3591 3404 3657 ﬁne,
3445 3591 3624 3659 inquit

351 3683 653 3748 -Μὰξιμος,
691 3683 876 3748 πέρας
911 3683 1176 3750 ἐχούσης
1217 3681 1502 3746 ἑκατέρας
1531 3680 1801 3747 μονάδος
1837 3680 1954 3746 τὴν

381 3772 610 3837 ἑτέραν.
645 3772 843 3838 Διόπερ
873 3770 994 3821 οὐδὲ
1034 3771 1180 3838 τρεῖς
1231 3769 1456 3836 μονάδες
1503 3768 1596 3820 ἐπὶ
1625 3766 1781 3832 Θεοῦ,
1837 3765 1954 3819 ἀλλ’

382 3860 571 3930 ὥσπερ
607 3855 758 3928 ’μίαν
808 3860 1018 3922 οὐσίαν,
1079 3858 1224 3910 οῦτω
1283 3861 1378 3910 καὶ
1432 3857 1636 3926 μονάδα
1692 3857 1820 3927 μίαν
1857 3857 1954 3928 τὴν

383 3952 552 4022 αὐτὴν
602 3951 910 4021 ἀδιαίρετον
956 3951 1014 4002 ιν
1057 3949 1204 4018 τρισὶ
1245 3948 1561 4018 προσώποις
1607 3950 1639 4020 ἡ
1688 3948 1952 4020 καθολικὴ

385 4047 566 4107 πίστις
607 4044 880 4113 ὁμολογεῖ.

455 4155 750 4224 Τέταρτον,
805 4154 886 4206 ὅτι
945 4154 1086 4222 μετὰ
1137 4153 1231 4206 τοῦ
1297 4151 1717 4221 πεπερασμένου
1760 4153 1853 4207 καὶ
1893 4153 1955 4208 τδ

388 4245 760 4316 πιριγραπτὸν
807 4245 864 4296 ὲν
908 4243 984 4313 τῷ
1033 4243 1153 4312 Θεῷ
1177 4245 1358 4312 χώραν
1390 4244 1524 4306 ἔξει.
1572 4243 1633 4296 '0
1665 4244 1775 4315 γὰρ
1823 4245 1954 4310 Θεὸς

385 4341 484 4390 οὐκ
514 4336 670 4391 ἔσται
697 4337 816 4398 ὅλος
845 4334 911 4388 δι’
935 4335 1056 4388 ὅλου
1079 4335 1274 4388 ἑαυτοῦ
1307 4335 1464 4388 οὐσία
1494 4337 1588 4390 καὶ
1611 4335 1722 4404 ζωὴ
1747 4336 1842 4389 καὶ
1873 4353 1957 4390 σο-

390 4429 512 4497 φία,
538 4431 631 4482 καὶ
665 4427 836 4481 τᾶλλα
864 4427 963 4480 ὅσα
1011 4429 1105 4481 καὶ
1137 4427 1356 4492 λέγεται
1400 4428 1492 4480 καὶ
1523 4426 1671 4480 ἔστιν
1705 4430 1734 4480 ὁ
1778 4428 1910 4490 Sed;
1938 4445 1953 4461 ο

388 4523 506 4574 οὐδὲ
531 4520 650 4582 ὅλος
674 4521 738 4571 δι’
769 4518 891 4572 ὅλου
924 4517 1257 4578 τελειότατος
1280 4517 1453 4581 ἔσται,
1488 4517 1564 4580 ὥς
1612 4513 1746 4586 φησι
1773 4518 1954 4571 Διονύ-

2053 3675 2241 3729 beatus
2293 3674 2575 3737 Maximus,
2645 3677 2732 3744 qui
2783 3679 3033 3728 nimirum
3085 3681 3358 3746 ulr’usque
3405 3683 3625 3731 unitatis

2054 3766 2208 3835 ﬁnem
2242 3764 2462 3818 alteram
2495 3777 2677 3817 nactus
2704 3766 2794 3818 sit.
2831 3764 2983 3820 Unde
3037 3782 3134 3821 nec
3168 3778 3278 3820 tres
3303 3769 3538 3823 ttuitntes
3565 3771 3618 3821 in

2056 3856 2190 3920 Deo,
2225 3858 2318 3911 sed
2345 3857 2486 3909 sicut
2531 3873 2691 3910 unum
2742 3857 3053 3920 essentiam,
3084 3859 3164 3912 sic
3214 3868 3268 3912 et
3303 3873 3463 3910 unam
3501 3860 3619 3911 nni-

2056 3958 2220 4002 tatem
2265 3947 2511 4001 eamdem
2549 3947 2602 3999 in
2639 3949 2808 3999 tribus
2834 3948 3080 4013 personis
3128 3947 3406 4001 indivisam
3461 3948 3622 4015 proﬁ-

2057 4052 2196 4097 tetur
2226 4040 2358 4095 ﬁdes
2380 4031 2652 4093 catbOIica
2681 4041 2842 4109 atque
2866 4040 3130 4107 agnotcit.

2126 4155 2408 4222 Quartum,
2440 4171 2560 4209 cum
2595 4170 2661 4210 eo
2684 4156 2827 4226 quod
2861 4164 2944 4210 est
2979 4155 3189 4210 ﬁnitum
3220 4169 3343 4210 esse
3366 4197 3382 4218 .
3426 4156 3480 4210 in
3512 4155 3622 4210 Deo

2056 4247 2232 4303 locum
2265 4248 2484 4303 habebit
2510 4249 2630 4312 hoc,
2670 4251 2810 4316 quod
2844 4258 2927 4304 est
2977 4249 3471 4316 circumscriptum.
3507 4247 3620 4302 Non

2057 4340 2201 4394 enim
2230 4340 2368 4393 Deus
2412 4348 2557 4392 totus
2583 4356 2646 4393 ex
2673 4350 2788 4394 toto
2817 4355 2912 4394 sua
2941 4342 3178 4396 essentia
3209 4343 3313 4395 erit
3345 4353 3395 4393 et
3434 4341 3538 4394 vita
3569 4353 3642 4398 et

2057 4431 2346 4502 sapientia,
2398 4441 2557 4501 atque
2605 4432 2710 4485 alia
2763 4449 3094 4504 quarcunqne
3143 4435 3282 4489 Deus
3335 4436 3532 4490 dicitur
3561 4446 3614 4490 et

2059 4533 2174 4592 est;
2235 4541 2333 4579 nec
2373 4533 2521 4579 totus
2571 4526 2792 4578 omnino
2819 4525 3253 4593 perfectissimus
3283 4527 3379 4580 erit
3403 4569 3420 4592 ,
3457 4537 3513 4580 ut
3547 4527 3623 4580 ait

391 4626 502 4672 σιος
532 4612 590 4662 ὲν
635 4616 703 4677 ιγ’
745 4608 840 4661 τοῦ
884 4608 1206 4677 περὶ,οεξων
1245 4607 1526 4676 ὀνομάτων
1550 4622 1566 4638 °
1609 4608 1746 4662 ἀλλὰ
1773 4610 1826 4661 τὶ
1859 4610 1952 4677 μιν

2061 4615 2348 4686 Dionysius
2384 4616 2760 4671 tertiodecimo
2789 4632 2908 4685 C=p.
2955 4617 3030 4670 De
3072 4618 3235 4672 divin.
3280 4621 3502 4682 nonum,
3527 4619 3619 4672 sed

388 4701 554 4754 αὑτοῦ
586 4699 770 4768 σοφία,
800 4701 854 4751 τὶ
879 4699 934 4751 δὲ
962 4699 1255 4767 ἀγαθότης,
1283 4702 1336 4750 τί
1356 4697 1414 4750 δὲ
1444 4699 1584 4765 φῶς,
1607 4697 1660 4750 τὶ
1685 4699 1740 4751 δὲ
1772 4698 1950 4762 οὐσία,

389 4793 481 4845 καὶ
508 4791 735 4843 ἕκαστον
769 4788 859 4856 ὑφ’
909 4791 1097 4858 ἐτέρου
1131 4788 1603 4860 περατωθήσιται,
1637 4805 1954 4860 πραγματιο

389 4881 498 4944 κῶς
522 4881 798 4948 διαφέρον,
823 4886 916 4934 καὶ
947 4881 1123 4934 πάντα
1153 4882 1288 4952 πρὸς
1312 4879 1412 4950 τὴν
1441 4881 1630 4934 οὐσίαν
1666 4879 1823 4950 ὁμοῦ.
1848 4880 1956 4934 Καὶ

388 4973 452 5045 δὴ
511 4975 603 5026 καὶ
632 4973 863 5026 ἕκαστον
911 4971 1135 5034 τούτων,
1177 4972 1264 5041 ἔφ’
1313 4973 1439 5026 ὅσον
1473 4971 1536 5025 τδ
1583 4971 1958 5041 ἀντικείμενον

389 5064 757 5133 ἀποτέλεσμα,
790 5063 925 5130 προς
952 5063 982 5116 ὃ
1009 5063 1293 5126 τέτακται,
1315 5065 1411 5115 καὶ
1438 5063 1498 5116 οὐ
1525 5062 1587 5116 τδ
1617 5062 1808 5132 ἑτέρου
1839 5063 1959 5132 (τὴν

393 5155 744 5225 σοφοποίησιν
763 5155 895 5225 φέρι
918 5156 1112 5221 εἰπεῖν,
1136 5155 1368 5223 ινεργετ,
1397 5154 1491 5207 καὶ
1514 5156 1574 5230 οῦ
1597 5154 1696 5223 τὴν
1721 5153 1955 5215 ζὼωσινο

389 5246 502 5300 ἀλλ’
532 5248 593 5300 οὐ
628 5248 801 5301 πάντα
834 5248 903 5300 τὰ
936 5248 1016 5308 εἰς
1045 5245 1317 5314 κτίσματα
1345 5245 1494 5312 παρὰ
1523 5243 1618 5297 τοῦ
1661 5243 1794 5297 Θεοῦ
1824 5245 1961 5312 ἀγα-

391 5337 618 5399 Θοδότως
670 5339 1022 5407 παρεχόμενα
1069 5335 1459 5404 πεπερασμένη
1507 5333 1735 5402 δύναμις
1783 5333 1958 5388 ἔσται.

392 5428 466 5478 Τὸ
518 5428 572 5480 δὲ
627 5427 1040 5496 πεπερασμένον
1093 5427 1189 5479 καὶ
1243 5426 1652 5494 περιγράφεται
1711 5425 1772 5495 δή
1825 5443 1952 5480 που.

405 5516 565 5570 Ἀλλὰ
597 5517 770 5570 ταῦτα
797 5517 1001 5587 σφόδρα
1030 5516 1231 5586 ἀπᾴδει
1254 5514 1352 5584 τῆς
1379 5513 1612 5585 ἀληθοῦς
1664 5515 1794 5583 περὶ
1820 5514 1953 5567 Θεοῦ

333 5646 338 5650 -
395 5605 648 5669 διανοίας.
686 5606 917 5670 Ἀπλοῦς
943 5607 1051 5678 γὰρ
1079 5610 1172 5661 καὶ
1193 5607 1402 5678 ἀμερὴς
1428 5625 1516 5660 και
1545 5606 1832 5670 ἀσύνθετος
1863 5608 1956 5660 κιὶ

2057 4707 2203 4760 aliud
2224 4707 2437 4775 quidem
2464 4707 2582 4774 ejus
2606 4707 2894 4774 sapientia,
2923 4707 3065 4760 aliud
3090 4707 3326 4773 bonitas,
3361 4707 3503 4761 aliud
3530 4710 3616 4761 lu-

2062 4811 2207 4860 men,
2231 4795 2374 4849 aliud
2407 4797 2640 4850 essentia
2674 4813 2689 4860 ;
2739 4797 3061 4866 ﬁnietur-que
3097 4799 3516 4867 unumquodque
3547 4799 3618 4853 ab

2061 4883 2254 4948 altero,
2285 4899 2312 4935 a
2343 4899 2450 4952 quo
2464 4885 2696 4938 realiter
2723 4884 3071 4953 distinguitur
3092 4926 3108 4949 ,
3139 4886 3432 4956 omniaque
3461 4888 3622 4942 situul

2061 4975 2130 5028 ab
2155 4975 2412 5029 essentia.
2452 4974 2557 5028 Sed
2597 4984 2653 5028 et
2685 4975 2875 5028 borum
2922 4975 3237 5044 quodlibet,
3270 4978 3322 5031 in
3359 4992 3619 5048 quantum

2060 5063 2422 5127 contrarium,
2467 5062 2745 5128 enectum,
2797 5063 2863 5118 ad
2898 5077 3060 5133 quem
3099 5066 3401 5128 ordinatur.
3429 5076 3483 5122 et
3516 5083 3620 5120 non

2059 5154 2286 5208 alterius
2317 5153 2466 5224 (puta
2494 5153 2814 5220 sapientiam
2839 5164 2893 5208 et
2929 5171 3034 5210 non
3063 5157 3246 5227 vitam)
3273 5158 3619 5227 operabitur;

2064 5259 2168 5298 non
2206 5259 2331 5298 vero
2357 5259 2693 5314 quacunque
2733 5257 2764 5299 a
2822 5244 2930 5300 Deo
2981 5249 3031 5299 in
3064 5259 3341 5302 creaturas
3389 5249 3619 5315 benigna

2059 5335 2343 5390 diﬁusione
2373 5347 2653 5404 emanant,
2682 5339 2855 5392 virtus
2899 5341 3004 5394 erit
3048 5340 3220 5394 ﬁnita.
3251 5338 3404 5403 Quod
3439 5347 3617 5392 autem

2062 5427 2266 5480 ﬁnitum
2321 5440 2424 5493 est,
2481 5444 2614 5484 sane
2661 5429 2824 5483 etiam
2877 5431 3072 5484 alicubi
3135 5428 3621 5484 CirCllttttit'l'ibiltll'.

2063 5517 2190 5572 Haec
2245 5527 2422 5574 autem
2481 5519 2635 5590 longe
2686 5521 2980 5575 abhorrent
3029 5537 3058 5572 a
3102 5520 3192 5570 [Μ
3247 5518 3619 5585 intelligentia.

2063 5610 2344 5668 Communi
2376 5612 2519 5667 enim
2559 5612 2774 5674 notitia,
2800 5625 2922 5664 eunt
2957 5610 3251 5676 simpli-cem
3277 5646 3294 5672 ,
3329 5609 3620 5678 itnpartibi-
