4056 6288
303 5891 452 5973 ,ἴ

484 252 593 341 35.5

1735 271 2128 331 MANUEUS
2171 269 2473 328 CALECE

3614 271 3754 331 358

481 376 610 449 lem,
635 383 816 440 omnis
844 391 1116 450 expertem
1145 379 1571 450 compositionis.
1604 380 1922 449 perfectum,
1961 381 2034 431 in-

2157 375 2346 438 τέλειος
2393 378 2483 429 καὶ
2531 376 2792 446 ἄπειρος,⁹
2836 377 2926 427 καὶ
2989 375 3400 446 ἀπερίγραπτος
3429 375 3585 446 παρὰ
3620 379 3747 446 τῆς

483 479 718 539 ﬁnitum,
755 472 1284 541 iucircurnscriptum
1322 472 1666 526 conﬁtemur.
1797 528 1801 532 ,

560 566 808 634 Denique
844 563 888 618 si
925 565 1082 628 Deus,
1112 579 1298 619 eorum
1327 579 1445 631 qua:
1475 565 1724 616 distincta
1754 577 2044 617 concurre-

485 668 611 711 runt
665 657 893 712 conﬂato
941 672 1104 710 unum
1141 667 1221 710 est
1249 658 1491 723 ,‘printo
1553 657 1898 722 quaerentium
1925 655 2047 724 quis

487 753 601 805 ltzec
629 749 882 804 distincta
913 749 1274 818 copulaverit.
1301 749 1524 809 Deinde,
1569 748 1707 802 Deus
1736 749 1868 814 ipse,
1903 749 2048 815 quod

486 843 558 894 sit
599 843 758 893 unius
795 840 1082 908 partiet'ps,
1123 854 1285 891 ttnum
1319 841 1445 892 erit.
1490 839 1583 892 Sic
1609 852 1768 903 vero,
1795 853 1897 892 nec
1928 854 2050 906 proc

488 931 624 998 prie,
662 945 758 983 nec
791 931 964 996 primo
995 943 1158 980 unum
1199 925 1391 990 fuerit;
1420 927 1513 979 sed
1546 927 1625 978 sic
1672 941 1869 988 unuut,
1901 925 2051 979 velut

486 1038 550 1076 ea
579 1037 700 1090 qua:
728 1036 790 1073 ex
821 1020 1044 1074 diversis
1079 1020 1238 1071 rebus
1273 1019 1699 1071 constituuntur.

555 1109 846 1173 Praeterea,
870 1111 976 1164 erit
1005 1110 1208 1176 aliquid
1243 1108 1349 1162 Deo
1383 1109 1577 1163 melius
1595 1117 1649 1161 et
1669 1106 2050 1176 przestantius;

488 1205 682 1258 merito
714 1203 884 1263 enim,
926 1199 1068 1268 quod
1122 1200 1499 1268 partieipatur,
1536 1213 1600 1252 eo
1644 1199 1784 1267 quod
1833 1198 2056 1265 partici-

488 1303 598 1363 pat,
631 1307 692 1345 ac.
728 1292 869 1359 quod
903 1291 1009 1342 vim
1033 1290 1190 1342 liabet
1224 1298 1278 1342 ut
1311 1289 1457 1356 plura
1489 1290 1852 1357 distinctaque
1881 1291 2050 1352 uuiat,

489 1382 541 1436 id
576 1381 828 1447 primum,
870 1380 1166 1448 meliusque
1212 1393 1275 1433 ac
1324 1384 1670 1448 praestantius
1697 1379 2054 1444 audiat.Nam

486 1480 540 1528 et
576 1474 669 1526 Dei
712 1472 818 1526 vita
844 1481 899 1526 ct
938 1472 1172 1536 bonitas,
1195 1483 1247 1524 et
1274 1487 1605 1541 qttzecunque
1634 1472 1735 1526 alia
1771 1475 1957 1526 dicunt
1988 1474 2054 1526 ab

487 1567 750 1630 essentia,
786 1566 854 1617 ita
899 1573 1173 1627 utcontra
1204 1565 1346 1618 illam
1374 1566 1697 1622 dividantur.
1735 1580 1832 1618 nec
1871 1580 2057 1618 essen-

488 1656 559 1708 tia
593 1661 693 1712 hoc
725 1656 898 1723 ipsunt
922 1655 990 1707 sit
1017 1657 1158 1722 quod
1195 1655 1429 1720 bonitas,
1473 1670 1534 1707 ac
1561 1655 1808 1707 similitrr
1839 1656 1890 1709 iu
1913 1653 2054 1721 aliis,

2145 468 2328 534 κοινῆς
2352 469 2560 530 ἐννοίας
2593 469 2958 536 ὁμολογεῖται.

2214 562 2317 614 Καί
2350 559 2456 630 μὴν
2485 563 2534 613 εἰ
2577 561 2604 611 ὁ
2634 560 2768 623 Θεὸς
2803 564 2868 630 τῇ
2899 559 3005 611 τῶν
3051 560 3416 630 διαφερόντων
3446 562 3746 631 συνδρομῇ

2145 651 2290 702 ἐστιν
2317 649 2396 712 ἓν,
2438 649 2652 717 πρῶτον
2677 651 2775 717 μὲν
2805 651 3085 718 ζητητέον,
3109 651 3190 712 τίς
3212 650 3382 703 ταῦτα
3407 651 3476 704 τὰ
3493 652 3748 728 διάφορα

2150 741 2387 809 συνῆψεν
2407 759 2420 771 ·
2454 741 2628 794 ἔπειθ’
2661 743 2740 794 ὅτι
2774 745 2872 793 κα)⁵
2905 742 3066 804 αὐτὸς
3087 743 3114 794 ὁ
3139 741 3269 805 Θεὸς
3295 746 3358 812 τῇ
3392 729 3609 814 μετοχῆ
3632 743 3746 796 τοῦ

2148 829 2266 890 ἑνός
2292 832 2437 881 ἐστιν
2466 829 2542 881 ἓν.
2577 827 2735 882 Οὕτω
2771 828 2851 891 δὲ,
2889 829 2950 881 οὐ
2984 830 3186 898 κυρίως
3222 830 3324 883 καὶ
3360 829 3592 898 πρώτως
3624 831 3690 883 ’ἐν
3711 845 3738 862 ο

2149 918 2264 971 ἀλλ’
2306 919 2478 983 οὕτως
2516 919 2596 982 ἓν,
2624 917 2700 980 ὡς
2726 918 2793 970 τὰ
2822 919 2886 970 ἐκ
2917 921 3192 989 διαφόρων
3218 920 3560 990 πραγμάτων
3592 937 3738 973 συν-

2150 1011 2383 1064 εστὼτα.

2227 1105 2349 1157 Ἔτι
2377 1105 2432 1158 δὲ
2451 1105 2602 1158 ἔσται
2625 1105 2752 1158 ἄλλο
2782 1121 2834 1157 τι
2857 1108 3106 1175 κρεῖττον
3131 1106 3222 1157 τοῦ
3249 1105 3384 1158 Θεοῦ
3409 1105 3505 1158 καὶ
3532 1106 3742 1176 τιμιὼο

2153 1213 2333 1265 τερον.
2370 1197 2446 1249 Τὸ
2479 1197 2586 1266 γὰρ
2631 1199 2989 1266 μετεχομένον
3039 1196 3130 1248 τοῦ
3171 1197 3511 1264 μετέχοντος,
3545 1197 3644 1249 καὶ
3675 1195 3742 1248 τὸ

2154 1287 2264 1339 τῶν
2300 1286 2510 1340 πολλῶν
2551 1287 2644 1340 καὶ
2667 1286 3032 1355 διαφερόντων
3085 1287 3353 1352 ἑνοποιὸν,
3376 1287 3592 1356 πρῶτον
3632 1288 3741 1339 καὶ

2156 1382 2405 1450 κρεῖττον
2437 1381 2532 1432 καὶ
2565 1379 2894 1464 τιμιώτερον
2927 1379 2991 1432 εὐ
3023 1379 3223 1445 λέγειν.
3265 1380 3388 1431 Ὀτι
3421 1380 3518 1432 καὶ
3547 1381 3581 1447 ἡ
3611 1377 3739 1448 ζωὴ

2157 1470 2253 1522 καὶ
2281 1471 2314 1539 ἡ
2357 1469 2630 1538 ἀγαθύτης
2656 1469 2750 1522 τοῦ
2773 1469 2932 1534 Θεοῦ,
2955 1469 3051 1522 καὶ
3078 1468 3221 1522 τᾶλλ’
3247 1470 3346 1522 ὅσα
3375 1470 3540 1536 φασὶν
3564 1468 3740 1536 ἕτερα

2157 1565 2258 1632 τῆς
2296 1563 2483 1623 οὐσίας
2520 1561 2596 1624 ὡς
2649 1562 2786 1630 πρὸς
2813 1562 2981 1632 αὐτὴν
3025 1561 3490 1631 ὰντιδιαιρεῖσθαι,
3521 1565 3614 1614 καὶ
3655 1561 3737 1630 μῆ

2160 1651 2299 1706 εἶναι
2321 1654 2420 1724 τὴν
2447 1655 2637 1730 οὐσίαν
2661 1655 2799 1723 ὅπερ
2830 1655 2927 1723 τὴν
2975 1655 3308 1724 ἁγαθότητα,
3344 1654 3440 1706 καὶ
3465 1655 3558 1706 ἐπὶ
3619 1655 3737 1704 τῶν

489 1747 650 1815 plane
702 1747 1078 1815 praestantiora
1132 1746 1446 1800 exstiterint
1501 1761 1660 1814 quam
1695 1747 1949 1800 essentia.
2000 1743 2055 1798 Id

2161 1746 2334 1799 ἄλλων
2377 1717 2660 1810 ιῦσαύτωζ,
2711 1717 3034 1816 τιμιώτερα*
3068 1749 3167 1815 τῆς
3200 1717 3389 1809 οὐσίας
3422 1746 3510 1814 εἴη
3544 1745 3597 1812 γ’
3623 1746 3692 1799 ἄν
3719 1761 3737 1776 ⁸

485 1839 629 1890 enim
671 1849 892 1906 propter
916 1838 1057 1906 quod
1111 1838 1313 1907 aliquid
1355 1839 1570 1906 sapiens
1598 1848 1689 1891 aut
1728 1839 1928 1892 bcnttm
1966 1847 2057 1907 aut

2158 1835 2391 1904 ἐπείπερ
2414 1836 2588 1887 έκεῖνο
2614 1836 2683 1888 δι’
2704 1835 2732 1885 ὃ
2757 1836 2874 1886 ἐστι
2897 1836 3017 1888 τόδε
3052 1836 3214 1904 σοφὸν
3251 1837 3283 1908 ἢ
3319 1836 3523 1904 ἀγαθὸν
3568 1836 3602 1905 ἡ
3654 1835 3737 1887 δίο

481 1929 684 2001 justum
715 1939 817 1994 est,
851 1929 1067 1998 utquod
1105 1928 1272 1984 forma
1304 1929 1372 1985 sit
1409 1931 1527 2001 ejus
1551 1929 1693 1999 quod
1727 1930 2054 1997 impartitur,

487 2033 753 2090 actusque
789 2023 1096 2090 perlicieus,
1135 2037 1198 2077 eo
1241 2025 1589 2092 praestantius
1641 2037 1703 2076 ac
1731 2023 1921 2077 melius
1952 2033 2053 2075 est.
2099 2075 2108 2081 _

491 2110 798 2166 Uuirersim
841 2115 983 2166 enim
1025 2128 1132 2181 qtto
1174 2113 1303 2182 quid
1352 2113 1702 2181 iutpartitur,
1743 2113 1862 2183 ipso
1913 2113 2057 2182 quod

490 2201 827 2270 intpartitur,
861 2203 1054 2257 melius
1090 2213 1194 2257 est.
1231 2202 1330 2257 llic
1361 2219 1491 2256 vero
1513 2241 1530 2267 ,
1559 2204 1788 2257 virtutes
1826 2204 1964 2268 istae,
1999 2211 2058 2255 ut

470 2291 703 2358 'quidem
736 2300 890 2345 actus
923 2292 1208 2358 perliciens
1239 2294 1553 2356 essentiam,
1585 2293 1787 2361 aliquid
1825 2292 2058 2347 nobilius

487 2392 620 2436 sunt
655 2396 718 2436 ac
751 2383 1098 2450 prwcellens;
1138 2393 1194 2435 ut
1242 2399 1365 2437 vero
1408 2369 1662 2452 ipsaz'per
1695 2385 1902 2453 seipsas
1949 2400 2056 2438 non

491 2481 723 2540 possunt
755 2471 1076 2534 subsistere,
1103 2473 1196 2526 sed
1220 2473 1548 2528 abesseutia
1578 2483 1890 2530 mutuantur
1903 2490 2056 2541 esse;

489 2573 728 2630 suntque
769 2564 850 2616 liae
888 2563 1106 2632 quidem
1153 2564 1407 2618 essentia:
1453 2576 1739 2633 expertes,
1775 2567 1863 2621 illa
1931 2583 2058 2623 vero

490 2653 727 2708 essentia
773 2663 899 2718 est;
946 2668 1011 2709 ac
1069 2670 1409 2723 quaecunque
1450 2658 1664 2712 demum
1719 2659 1822 2713 alia
1869 2671 2058 2715 contra

444 2776 451 2781 -
492 2745 782 2816 dividendo
807 2744 1040 2800 all‘etunt
1072 2753 1194 2801 novt
1212 2747 1468 2819 theologi,
1492 2748 1670 2804 minus
1699 2749 1904 2819 aliquid
1931 2759 2058 2806 sunt

470 2847 556 2888 .ac
602 2836 880 2901 deﬁciens,
926 2836 1258 2909 omninoque
1306 2837 1535 2894 alterum
1575 2839 1748 2896 altero
1787 2841 2056 2912 indigens,

492 2927 569 2979 uti
599 2927 801 2981 dictum
836 2936 943 2982 est.

562 3017 642 3068 Ad
681 3017 815 3082 haec,
851 3018 897 3072 si
935 3018 988 3072 iu
1030 3018 1142 3072 Deo
1176 3029 1301 3074 sunt
1336 3021 1444 3074 vita
1482 3032 1538 3077 et
1567 3025 1830 3094 sapientia
1879 3036 1933 3081 et
1962 3029 2056 3080 bo-
2082 3042 2126 3100 ο

498 3106 640 3158 nitas
676 3121 741 3160 ac
774 3107 1038 3172 essentia,
1071 3109 1267 3176 potiori
1299 3109 1456 3180 longe
1484 3113 1692 3168 ratione
1718 3127 1876 3170 erunt
1910 3118 1962 3170 iu
1991 3132 2054 3172 eo

495 3195 730 3248 discrete
759 3195 1055 3262 contraria,
1106 3199 1508 3253 contrariorum
1553 3200 1757 3254 scilicet
1797 3205 2054 3256 rationes.

495 3283 747 3339 Omnium
773 3285 916 3338 enim
947 3287 1189 3340 rationes
1211 3289 1264 3341 in
1298 3288 1408 3344 Deo
1430 3299 1588 3355 sunt;
1625 3292 1765 3346 inter
1792 3309 1910 3363 qua:
1944 3310 2059 3348 etu-

493 3376 584 3428 uia
639 3385 765 3430 sunt
791 3387 844 3431 et
869 3380 1162 3433 contraria.
1195 3380 1386 3436 Omnia
1422 3391 1598 3436 tamen
1620 3423 1635 3449 ,
1674 3384 1896 3454 ipsaque
1923 3385 2058 3441 adeo

493 3467 766 3520 contraria
791 3509 807 3533 ,
843 3468 1224 3535 unil‘ormiter,
1273 3472 1456 3538 unite,
1491 3464 1738 3528 absolute
1761 3515 1776 3540 ,
1811 3491 2057 3546 compre-

500 3557 708 3611 ltensim
735 3597 751 3623 ,
797 3559 1146 3629 singulariter
1180 3562 1232 3617 in
1269 3565 1513 3619 omnium
1555 3582 1755 3633 causa,
1788 3569 1862 3623 uti
1900 3570 2059 3625 ducet

499 3645 807 3718 Dionysius,
836 3651 928 3708 lib.
983 3668 1035 3710 ιν
1074 3651 1145 3707 De
1175 3655 1339 3710 diviti.
1377 3673 1539 3722 uom.,
1583 3659 1724 3714 velut
1755 3660 1962 3714 sciliCet
2001 3661 2054 3714 itt

500 3743 726 3794 tmtnade
753 3741 1092 3798 uniformiter
1139 3746 1385 3801 subsistit
1414 3750 1590 3803 omnis
1615 3766 1868 3805 numerus
1891 3793 1906 3817 ,
1938 3767 2057 3819 (llltB

497 3829 750 3884 nimirum
785 3831 897 3902 ipsa
934 3835 989 3886 in
1034 3849 1093 3888 se
1139 3837 1487 3907 singulariter
1528 3848 1688 3908 atque
1718 3843 1868 3894 unite
1894 3841 2056 3909 quid-

491 3922 620 3988 quid
662 3938 1010 3978 nuuterorutu
1055 3937 1175 3990 est,
1206 3928 1400 3982 habeat
1432 3945 1446 3981 :
1484 3945 1546 3982 ac
1578 3930 1723 3982 νυΙυι
1777 3932 1826 3983 in
1868 3940 2057 3984 centro

493 4023 681 4063 omnes
724 4011 911 4064 circuli
954 4012 1107 4065 linea:
1155 4028 1259 4066 una
1314 4014 1652 4068 coexsistunt
1693 4017 2054 4085 copulatione,

495 4108 776 4166 rectusque
804 4113 992 4153 omnes
1036 4100 1379 4154 Unifortuiter
1412 4103 1590 4155 unitas
1636 4102 1688 4155 in
1734 4119 1792 4158 se
1840 4104 2055 4171 signum

497 4188 694 4254 habet;
726 4189 804 4242 sic
855 4199 910 4243 et
953 4193 1324 4243 universorum
1357 4200 1548 4246 natura
1584 4206 1771 4247 omnes
1797 4194 2056 4263 cujusque

495 4289 705 4331 uaturze
752 4281 1020 4347 rationes,
1054 4297 1156 4334 una
1192 4281 1472 4338 inconfusa
1526 4285 1858 4339 adunatioue
1897 4287 1948 4338 in
1997 4301 2056 4340 se

2158 1943 2335 1991 καιον,
2370 1927 2446 1988 ὡς
2470 1922 2608 1988 εἶδος
2647 1925 2708 1978 ὃν
2753 1925 2845 1979 τοῦ
2893 1926 3230 1995 μετέχοντος,
3276 1926 3371 1978 καὶ
3405 1926 3735 1994 τελειωτικὴ

2155 2017 2431 2088 ἐνέργεια,
2473 2019 2802 2088 τιμιώτερον
2831 2019 2924 2071 καὶ
2975 2018 3331 2089 βελτιώτερον
3385 2021 3550 2072 αὐτοῦ
3593 2023 3729 2070 ἐστι.

2161 2111 2406 2163 Καθόλου
2447 2111 2556 2179 γὰρ
2595 2111 2651 2163 αί
2698 2113 2921 2180 μετοχαὶ
2953 2111 3062 2164 τῶν
3107 2112 3460 2188 μετεχόντων.
3496 2112 3730 2181 βέλτιον.

2171 2201 2436 2256 Ἐνταῦοα
2453 2202 2529 2267 δὲ,
2559 2203 2635 2264 ὡς
2667 2202 2765 2271 μὲν
2783 2203 3098 2272 τελειωτικὴ
3119 2203 3372 2271 ἐνέργεια
3398 2205 3498 2272 τῆς
3518 2204 3734 2268 οὐσίας,

2156 2293 2215 2346 αί
2244 2294 2500 2362 δυνάμεις
2531 2288 2692 2348 αὗται
2734 2295 3060 2372 τιμιώτερον
3103 2297 3198 2349 καὶ
3230 2294 3730 2363 ὐπεροχικώτερον,

2157 2385 2232 2447 ὡς
2255 2386 2456 2438 δὲκαθ’
2489 2387 2664 2450 αὐτὰς
2694 2388 2994 2454 ὑφεστάναι
3022 2387 3097 2458 μὴ
3124 2375 3444 2456 δυνάμεναι,
3497 2385 3619 2438 ἀλλ’
3667 2389 3730 2438 ἐκ

2157 2480 2253 2546 τῆς
2295 2477 2484 2539 οὐσίας
2517 2480 2735 2548 ἔχουσαι
2768 2475 2999 2531 τὸεῖναι
3031 2495 3046 2512 ο
3106 2479 3199 2532 καὶ
3243 2472 3398 2531 αὗται
3441 2477 3542 2544 μὲν
3573 2476 3728 2529 ἀνού-

2159 2586 2286 2633 σιοι,
2315 2571 2346 2636 ἡ
2375 2569 2432 2620 δὲ
2473 2570 2652 2635 οὐσία,
2701 2572 2793 2622 καὶ
2828 2571 2928 2623 ὅσα
2979 2570 3114 2625 ἄλλα
3162 2567 3638 2636 ¹ἀντιδιαιροῦντες
3678 2567 3725 2617 οἱ

2157 2659 2266 2712 νέοι
2293 2660 2532 2727 οεολόγοι
2563 2662 2717 2730 φασὶ,
2743 2661 2841 2729 τῆς
2870 2661 3059 2724 οὐσίας
3106 2658 3328 2712 ἔλαττον
3369 2661 3463 2710 καὶ
3495 2657 3720 2718 ὲπιδεές·

2157 2751 2294 2826 ὅλως
2337 2752 2392 2804 δὲ
2431 2752 2689 2822 ἑκάτερον
2738 2753 2999 2825 ἐκατέρου
3047 2751 3321 2822 δεόμενον,
3361 2751 3435 2814 ὡς
3489 2752 3718 2820 ετρηται.

2235 3021 2378 3084 Ἔτι,
2412 3021 2459 3072 εί
2490 3019 2628 3072 εἰσὶν
2658 3021 2714 3072 ἐν
2741 3017 2817 3088 τῷ
2840 3018 2959 3088 Θεῷ
2993 3020 3026 3089 ἡ
3059 3017 3172 3088 ζωὴ
3213 3019 3310 3072 καὶ⁵
3339 3018 3373 3088 ὴ
3433 3016 3594 3086 σοφία
3634 3018 3721 3071 καὶ

2158 3111 2452 3180 ἀγαθότης,
2475 3110 2568 3163 καὶ
2596 3109 2768 3162 πάντα
2793 3112 2864 3162 τὰ
2883 3109 3105 3162 τοιαῦτα
3135 3111 3192 3161 ἐν
3213 3109 3286 3180 τῷ
3306 3108 3418 3176 Θεῷ
3444 3107 3605 3174 ἔτερα
3628 3108 3723 3174 τῆς

2157 3201 2342 3263 οὐσίας
2379 3201 2568 3264 αὐτοῦ,
2593 3202 2771 3270 πολλῷ
2805 3201 3006 3267 μᾶλλον
3028 3201 3182 3252 ἔσται
3207 3204 3265 3251 ὲν
3301 3198 3445 3267 αὐτῷ
3465 3198 3721 3251 τάναντὶα

2156 3293 2626 3362 διακεκριμένως·
2677 3293 2958 3345 τουτέστιν
2993 3292 3043 3344 οί
3075 3291 3185 3354 τῶν
3238 3290 3498 3343 ἐναντίων
3549 3287 3703 3354 λόγοι.

2169 3384 2320 3437 Ἐπεὶ
2343 3385 2559 3438 πάντων
2601 3384 2698 3454 μὲν
2727 3385 2785 3438 ὲν
2816 3382 2896 3450 τῷ
2923 3381 3042 3452 Θεῷ
3085 3383 3134 3433 ιιί
3163 3380 3312 3448 λόγοι
3334 3396 3348 3412 ’
3401 3383 3460 3433 έν
3505 3380 3563 3460 δὲ
3618 3381 3708 3438 τοῖς

2159 3477 2290 3528 πᾶσι
2323 3475 2506 3529 καὶτὰ
2531 3475 2767 3527 ἐναντία.
2811 3473 2971 3528 ’Λλλὰ
3017 3473 3126 3544 μὴν
3176 3475 3354 3527 πάντα
3408 3474 3467 3526 ἓν
3493 3473 3574 3541 τῷ
3597 3470 3712 3524 πάνυ

2155 3582 2263 3618 των
2293 3566 2474 3633 αἰτίῳ,
2495 3565 2590 3618 καὶ
2619 3565 2688 3617 τὰ
2723 3564 2976 3633 ἀλλήλοις
3023 3565 3262 3627 ἐναντία,
3304 3563 3586 3632 μονοειδῶς
3634 3562 3720 3615 καὶ

2157 3656 2453 3725 ήνωμένως
2525 3655 2620 3707 καὶ
2678 3653 2923 3721 ἀσχέτως
2979 3656 3073 3706 καὶ
3130 3654 3579 3724 συνει).ημμὲνως
3634 3654 3722 3706 καὶ

2157 3745 2393 3810 ἑνιαίως,
2447 3746 2583 3798 κατὰ
2625 3747 2714 3798 τὸν
2771 3745 2912 3796 θεῖον
2961 3747 3237 3798 Διονύσιον
3276 3749 3334 3799 ἐν
3371 3745 3449 3815 τῷ
3498 3745 3546 3797 δ’
3597 3746 3721 3812 περὶ

2158 3834 2318 3888 θείων
2354 3836 2660 3903 ὀνομάτων,
2723 3834 2912 3906 ὥσπερ
2974 3837 3030 3888 ὲν
3084 3837 3274 3905 μονάδι
3329 3838 3438 3897 πᾶς
3490 3837 3720 3904 ἀριθμὸς

2159 3925 2401 3988 ὲνοειδῶς
2430 3927 2728 3995 ὑφέστηκε,
2755 3927 2849 3979 καὶ
2884 3925 2996 3994 ἔχει
3023 3926 3199 3980 πάντα
3223 3924 3456 3995 ἀριθμὸν
3483 3927 3540 3976 ὲν
3559 3925 3714 3995 ἑαυτῇ

2159 4015 2404 4084 μοναχῶς
2428 4017 2572 4068 *καὶ
2608 4015 2797 4085 ὥσπερ
2835 4019 2890 4070 ὲν
2928 4017 3136 4087 κέντρῳ
3185 4019 3358 4070 πᾶσαι
3398 4019 3451 4070 αί
3498 4011 3592 4070 τοῦ
3633 4017 3717 4070 κύ-
3765 4087 3770 4092 δ

2157 4104 2285 4156 κλου
2314 4105 2566 4173 γραμμαὶ
2591 4105 2732 4158 κατά
2762 4106 2889 4174 μίαν
2919 4106 3111 4160 ’ἐνωσιν
3145 4111 3602 4174 συννφεστήκασι,
3628 4109 3714 4158 καὶ

2151 4183 2333 4257 ’πάσας
2371 4195 2484 4264 ἔχει
2516 4196 2574 4248 τὸ
2605 4199 2830 4266 σημεῖον
2872 4199 2931 4249 ὲν
2968 4197 3145 4266 ἑαυτῷ
3189 4199 3289 4261 τὰς
3323 4181 3535 4261 εὐθείας
3559 4199 3714 4250 ἑνοειο

2154 4284 2259 4347 δῶς
2282 4286 2583 4354 ἡνωμένας·
2610 4287 2745 4339 ἀλλὰ
2772 4289 2864 4341 καὶ
2899 4291 2956 4340 ἐν
2981 4290 3045 4358 τῇ
3089 4290 3199 4342 τῶν
3233 4289 3370 4342 ὅλων
3399 4291 3559 4355 φύσει
3592 4291 3715 4342 πᾶν·

494 4367 905 4436 cmnplectitur;
939 4385 1037 4425 nec
1087 4372 1310 4439 proinde
1339 4375 1444 4428 vita
1467 4385 1522 4428 et
1562 4375 1821 4444 sapientia
1873 4387 1926 4431 et
1956 4380 2050 4432 lto-

2158 4391 2248 4436 τες
2273 4376 2322 4428 οί
2344 4379 2440 4444 τῆς
2475 4378 2598 4430 καθ’
2621 4378 2855 4431 ἕκαστον
2912 4379 3075 4447 φύσιν
3105 4380 3252 4447 λόγοι
3303 4381 3712 4451 συνειλημμένοι

494 4457 658 4519 nitas,
696 4471 783 4511 res
813 4467 942 4512 sunt
977 4461 1030 4513 in
1053 4461 1144 4515 Dei
1177 4464 1435 4530 essentia,
1466 4477 1660 4533 praeter
1692 4483 1806 4522 eam
1841 4472 2054 4526 realiter

492 4546 613 4600 alia:
657 4559 720 4601 ac
771 4549 1055 4607 distinctae.
1117 4551 1197 4606 Ex
1251 4555 1414 4612 dictis
1461 4559 1604 4612 enim
1652 4545 1954 4628 manifeste,
2001 4573 2054 4618 et

496 4637 793 4707 Seripturis
845 4651 1258 4700 et'sanctorunt
1306 4649 1466 4704 dictis
1508 4660 1563 4703 et
1622 4654 2051 4721 auctoritatibus,

494 4728 679 4796 liquet,
713 4731 857 4786 illaut
879 4743 933 4788 et
954 4736 1249 4791 essentiam
1281 4739 1478 4794 nullius
1502 4740 1723 4796 alterius
1759 4743 1834 4796 rei
1857 4754 2054 4812 praeter

492 4819 663 4888 ipsam
715 4835 835 4878 esse
870 4839 1162 4894 capacem;
1208 4828 1462 4897 nulloque
1500 4830 1608 4884 alio
1658 4831 1900 4899 indigere
1929 4875 1944 4899 ,
1982 4844 2053 4889 oo

489 4924 755 4965 summam
791 4915 1176 4980 perfectionem
1228 4930 1283 4974 et
1326 4919 1727 4990 simplicitatem
1763 4933 1816 4976 et
1847 4923 2050 4977 coadu-

493 4999 786 5054 nationem.
831 5005 1004 5060 Aliter
1034 5009 1180 5062 enim
1210 5010 1440 5078 opinans
1465 5049 1482 5076 ,
1513 5011 1655 5067 dicta
1694 5027 1724 5068 a
1773 5015 1928 5068 nobis
1955 5015 2052 5069 ab-

489 5090 652 5141 surda
683 5105 785 5146 nou
820 5091 1058 5162 mugiet,
1103 5099 1372 5170 simulque
1414 5101 1714 5174 Seripturis
1749 5118 1812 5160 ac
1833 5116 2052 5160 sancto-

491 5194 612 5233 rum
637 5181 890 5237 doctrina:
918 5188 1141 5242 adversa
1172 5191 1334 5244 dicet.

558 5441 634 5499 Ex
670 5445 737 5501 iis
763 5463 893 5504 vero
920 5466 1042 5521 qua:
1075 5453 1213 5508 dicta
1243 5466 1370 5511 sunt
1401 5460 1805 5531 pariter-liquet,
1839 5465 1971 5517 nihil
1993 5465 2048 5518 in

492 5531 602 5590 Deo
621 5542 911 5596 essentiam
932 5558 996 5598 ac
1013 5546 1378 5616 operationem
1399 5549 1634 5606 differre.
1665 5553 1800 5618 Quia
1825 5556 1966 5607 cuitu
1992 5557 2048 5620 ii,

489 5627 580 5691 qui
615 5644 674 5685 re
705 5631 820 5702 ipsa
846 5635 1103 5694 distincta
1131 5648 1292 5709 atque
1313 5639 1523 5697 diversa
1555 5645 1622 5698 ab
1649 5644 1767 5709 ejus
1790 5646 2046 5709 essentia,

2154 4466 2260 4518 εἰσὶ
2294 4467 2434 4520 κατά
2463 4467 2593 4535 μίαν
2615 4467 2918 4538 ἀσύγχυτον
2949 4470 3166 4527 ἕνωσιν.
3201 4468 3324 4522 Οὐδ’
3367 4471 3479 4539 ἄρα
3511 4472 3543 4538 ἡ
3583 4469 3708 4537 ζωὴ,

2154 4561 2250 4613 καὶ
2277 4558 2310 4627 ἡ
2339 4557 2518 4625 σοφία,
2546 4559 2640 4612 καὶ
2669 4562 2702 4628 ἡ
2733 4561 3026 4628 ἁγαθὸτης,
3059 4565 3116 4614 ἐν
3145 4565 3210 4631 τῇ
3259 4562 3418 4632 οὐσίᾳ
3458 4561 3553 4614 τοῦ
3583 4561 3708 4614 Θεοῦ

2155 4648 2458 4717 πράγματα
2505 4651 2654 4719 παρὰ
2683 4651 2889 4718 ταύτην
2922 4654 3324 4723 πραγματικῶς
3355 4655 3518 4724 ’ἐτερὰ
3549 4656 3707 4707 ἐστιν.

2166 4735 2340 4801 Ἐπεὶ,
2365 4737 2439 4800 ὡς
2484 4740 2549 4790 ἑκ
2580 4738 2688 4790 τῶν
2718 4741 3022 4810 εἰρημένων
3069 4743 3228 4812 δῆλον
3279 4743 3472 4811 γέγονε
3512 4744 3604 4798 καὶ
3632 4742 3709 4795 λό-

2152 4841 2270 4892 γοις
2295 4827 2390 4880 καὶ
2414 4828 2678 4898 χρήσεσιν
2706 4830 2901 4898 ἁγίων,
2936 4831 3204 4901 μηδαμῶς
3237 4834 3335 4903 τὴν
3360 4834 3550 4887 οὐσίαν
3578 4833 3710 4885 ὲκεί-

2151 4933 2250 4985 νην
2293 4917 2548 4988 δεκτικὴν
2575 4918 2716 4974 εἶναι
2745 4923 3070 4992 πράγματος
3099 4925 3292 4994 ἐτέρου.
3331 4913 3459 4994 παρ’
3501 4923 3666 4992 αὐτήν
3691 4937 3704 4951 ·

2153 5010 2272 5063 οὐδέ
2297 5027 2440 5073 τινος
2474 5012 2664 5083 ἑτέρου
2713 5014 2924 5069 δεῖσθαι
2952 5016 3022 5068 δι’
3069 5015 3249 5085 ἄκραν
3270 5016 3588 5085 τελειότητα
3619 5014 3706 5068 καὶ

2153 5100 2432 5170 ἁπλότητα
2476 5105 2569 5156 καὶ
2599 5104 2814 5159 ἕνωσιν.
2887 5105 2945 5158 Ὁ
2976 5107 3083 5178 γὰρ
3117 5108 3291 5172 ἄλλως
3336 5109 3614 5177 τιθέμενος
3643 5105 3706 5158 τὰ

2151 5190 2419 5261 εἰρημένα
2450 5191 2628 5247 ἄτοπα
2648 5196 2708 5246 οὐ
2741 5195 3108 5264 διαφεύξεται,
3141 5200 3236 5251 καὶ
3276 5199 3395 5266 ἅμα
3425 5200 3544 5261 ταῖς
3569 5198 3702 5268 [‘91-

2151 5285 2315 5352 φραίς
2364 5285 2458 5337 καὶ
2509 5287 2629 5349 ταῖς
2679 5287 2788 5341 τῶν
2843 5289 3016 5356 ἁγίων
3064 5291 3406 5359 ἀποφάσεσιν
3455 5289 3702 5352 ἐναντίοις

2151 5372 2281 5440 ἐρεῖ.

2236 5464 2328 5516 Ἐκ
2373 5465 2430 5518 δὲ
2473 5467 2582 5520 τῶν
2630 5469 2942 5539 εἰρημένων
2991 5473 3452 5540 συναναξαίνεται
3490 5474 3581 5525 καὶ
3625 5473 3698 5525 ὅτι

2152 5554 2444 5625 ἀδιάφορον
2474 5559 2565 5609 ἐπὶ
2597 5557 2730 5609 Θεοῦ
2767 5559 2800 5626 ἡ
2833 5558 2992 5611 οὐσία
3034 5560 3128 5610 καὶ
3161 5564 3190 5628 η
3226 5560 3500 5628 ἐνέργεια.
3555 5559 3697 5611 Ἐπεὶ

2153 5652 2262 5704 γὰο
2291 5654 2337 5705 οἱ
2366 5653 2595 5720 διὰτορα
2622 5655 2715 5708 ἐπὶ
2743 5653 2880 5707 Θεοῦ
2915 5654 3185 5721 τιθέμενοι
3215 5656 3354 5709 κατὰ
3387 5655 3447 5707 τὸ
3483 5648 3698 5724 πρὶῨμα
