4078 6258
355 317 466 381 361

1384 311 1482 372 DE
1517 309 1887 371 ESSENTIA
1931 308 2025 368 ET
2057 303 2564 366 OPERATIONE.
2667 289 2676 296 '
3484 287 3628 365 τοι

359 412 688 498 corporeum
718 421 1056 493 exploratum
1087 429 1194 486 est,
1225 419 1284 474 lit
1321 419 1479 490 plane
1513 428 1573 475 ut
1609 418 1787 473 omnia
1820 417 1933 469 haec
1973 429 2138 468 unum
2161 413 2268 467 sint
2307 415 2359 466 in
2387 413 2494 468 Deo
2525 427 2650 467 eum
2709 411 2942 468 essentia
2969 451 2986 477 ,
3023 416 3177 478 juxta
3224 424 3288 465 ac
3368 420 3594 466 sanctus

359 521 548 576 docet.

443 613 506 664 El
539 610 596 663 δὲ
620 608 768 677 λέγοι
826 625 910 671 τις
960 607 1043 661 ὅτι
1097 604 1239 662 κατὰ
1267 605 1327 660 τὸ
1357 605 1611 661 ἄκτιστον
1647 603 1739 656 τὸν
1769 599 1932 655 αὑτὸν

2112 593 2210 650 Sin
2241 602 2420 649 autem
2443 591 2567 663 quis
2597 593 2757 660 dicat,
2788 592 2902 648 fore
2935 601 2994 648 ut
3026 593 3270 664 quamvis
3319 593 3598 648 distinctio

365 700 674 764 ὲπιδέξεται
698 699 876 766 λόγον,
907 699 1002 753 καὶ
1036 697 1136 767 τῆς
1165 695 1424 766 διαφορᾶς
1468 695 1544 757 ὡς
1596 695 1662 748 ἂν
1692 690 1932 762 βούλοιτο

371 786 668 859 μενούσης,
694 786 846 840 οὐδὲν
865 785 1034 851 λέγει’
1058 785 1292 855 πρῶτον,
1316 784 1396 838 ὃτι
1417 783 1604 844 ἁπλῶς
1630 783 1658 834 ὁ
1679 780 1930 833 διδάσκα-

367 879 463 941 λος
493 879 735 949 εἴρηκεν,
763 877 877 930 ἀλλ’
903 877 1000 948 οὐχ
1034 877 1116 928 ὅτι
1147 875 1256 929 τινὶ
1310 873 1682 946 διαφέρουσινο
1731 869 1929 933 ἔπειθ’,

370 967 457 1020 ὅτι
491 967 542 1018 εί
578 969 718 1019 κατὰ
748 967 810 1019 τὸ
846 966 1124 1029 ἄκτιστον,
1174 964 1291 1018 ἀλλ’
1339 965 1400 1017 οὐ
1452 963 1636 1033 μέντοι
1675 961 1814 1014 κατὰ
1841 958 1933 1012 τὸν

368 1058 469 1111 τοῦ
498 1054 637 1110 εἶναι
672 1056 831 1124 λόγον
859 1057 951 1109 τὸν
984 1055 1147 1109 αὑτὸν
1179 1055 1484 1122 ὲπιδέξεται
1509 1052 1689 1122 λόγον,
1714 1054 1809 1108 καὶ
1837 1052 1930 1121 τῆς

370 1149 640 1219 διαφορᾶς
671 1149 961 1218 μενούσης,
984 1149 1048 1218 τῇ
1077 1147 1233 1220 οὐσίᾳ
1255 1146 1287 1216 ἡ
1307 1148 1577 1216 ἐνέργεια.
1602 1145 1676 1198 Τὸ
1705 1144 1802 1213 μὲν
1826 1142 1933 1210 γὰρ

375 1239 744 1306 ὑφεστηκέναι
775 1240 925 1306 φασὶ,
960 1238 1019 1292 τὸ
1050 1237 1108 1292 δὲ
1155 1237 1254 1309 μὴ,
1287 1237 1380 1291 καὶ
1407 1235 1556 1290 τᾶλλ’
1580 1236 1680 1288 ὅσα
1722 1230 1965 1304 διακρίγ

374 1347 559 1392 νοντες
584 1329 825 1400 ἐξεῦρον.
858 1331 921 1384 El
965 1333 1069 1402 γὰρ
1100 1330 1159 1383 τὸ
1200 1328 1414 1396 λογικὸν
1445 1327 1524 1398 τῷ
1553 1326 1676 1397 ζώῳ
1705 1342 1935 1396 προστε-

371 1423 487 1487 θὲν,
505 1423 761 1494 διάφορον
787 1423 878 1476 τὸν
908 1424 1133 1494 ὁρισμὸν
1150 1424 1244 1477 τοῦ
1271 1421 1459 1486 ἁπλῶς
1481 1420 1746 1487 πεποίηκε
1771 1418 1932 1481 ζώου,

370 1515 591 1579 πάντως
621 1518 690 1568 τὰ
734 1516 994 1570 τοσοῦτον
1040 1517 1389 1586 διεστηκότα,
1423 1515 1522 1568 οὐκ
1551 1515 1616 1570 ἄν
1664 1530 1794 1566 ποτε
1845 1513 1934 1566 τὸν

367 1608 538 1660 αὐτὸν
575 1607 881 1672 traditi-nat
913 1607 1092 1676 λόγον.
1138 1609 1248 1661 Καὶ
1279 1609 1407 1678 μὴν,
1435 1608 1532 1661 καὶ
1559 1606 1680 1661 κατ’
1712 1604 1842 1657 αὐτὸ
1875 1603 1936 1656 τὸ

367 1698 652 1763 ἇκτιστον,
684 1700 720 1768 ἡ
747 1699 841 1752 τοῦ
868 1699 1113 1767 ἀπείρως
1142 1699 1394 1770 ὑφεῖσθαι
1425 1698 1679 1769 διαφορὰ,
1707 1695 1828 1750 καθ’
1869 1697 1935 1764 ἢν

367 1789 707 1859 διακρίνουσι
755 1794 856 1855 τῆς
899 1792 1084 1854 οὐσίας
1135 1792 1235 1862 τὴν
1285 1791 1590 1862 ἐνέργειαν,
1635 1790 1728 1843 τὸν
1773 1788 1935 1841 αὑτὸν

369 1880 718 1943 ὲπιδέξασῧσι
749 1880 906 1946 λόγον
939 1883 1114 1950 πάντη
1146 1883 1246 1935 οὐκ
1293 1882 1462 1939 ἐάσει.
1494 1884 1566 1935 Τδ
1596 1883 1701 1952 γὰρ
1733 1880 1934 1934 ὑποϐε-

2039 693 2274 751 maneat,
2331 699 2429 754 pro
2473 699 2539 740 eo
2607 700 2670 739 ac
2727 683 2902 750 velit,
2963 685 3260 740 secundum
3295 685 3592 739 increatutn

2035 777 2277 832 eamdem
2303 777 2564 830 rationem
2597 776 2857 845 recipiat,
2894 778 2938 830 is
2971 776 3101 830 nihil
3141 776 3290 830 dicit.
3326 773 3593 838 Primum,
3647 764 3652 770 ’

2037 885 2102 924 eo
2137 869 2276 937 quod
2309 869 2498 924 doctor
2525 868 2842 937 simpliciter
2871 869 3080 923 locutus
3113 868 3186 923 sit
3223 907 3236 932 ,
3265 883 3373 921 non
3399 880 3594 922 secun-

2037 962 2162 1016 dum
2190 962 2393 1032 aliquid
2423 962 2824 1018 distinctionem
2848 960 3066 1016 dixerit.
3093 959 3318 1023 Deinde,
3337 960 3464 1028 quia
3493 959 3598 1014 etsi

2037 1054 2332 1108 secundum
2361 1053 2691 1116 increatum,
2725 1067 2829 1106 non
2865 1060 3043 1106 tamen
3090 1051 3388 1105 secundum
3422 1053 3592 1116 ipsam

2036 1143 2248 1200 essendi
2274 1143 2557 1208 rationem,
2589 1151 2770 1199 stante
2797 1139 3164 1207 distinctione,
3186 1142 3433 1196 eamdem
3464 1155 3596 1206 opr-

2039 1234 2178 1288 ratio
2211 1247 2334 1287 cum
2366 1233 2606 1288 essentia
2631 1232 2891 1287 rationem
2917 1242 3196 1299 receptura
3227 1232 3316 1285 sit.
3351 1230 3594 1286 Alterum

2040 1339 2166 1379 vere
2201 1337 2322 1378 esse
2353 1325 2537 1377 dicunt
2561 1339 2624 1376 ac
2656 1325 2974 1390 subsistere,
3019 1323 3240 1378 alterum
3285 1329 3504 1394 negant,
3535 1335 3601 1374 ac
3653 1335 3658 1342 ’

2035 1431 2366 1485 quacunque
2405 1417 2510 1470 alia
2559 1415 2946 1485 distinguendo
2989 1416 3094 1472 illis
3125 1418 3414 1471 adinventa
3445 1423 3594 1468 sunt.

2035 1507 2168 1562 Nam
2203 1511 2247 1564 si
2297 1511 2564 1566 rationale
2611 1511 2833 1566 animali
2883 1511 3194 1582 adjunctum
3225 1550 3241 1574 ,
3273 1512 3342 1566 ab
3377 1508 3597 1565 animali

2036 1601 2116 1655 sic
2141 1601 2385 1657 absolute
2418 1603 2564 1658 dicto
2599 1603 2867 1659 diversam
2890 1604 3019 1658 fecit
3041 1603 3432 1666 definitionem,
3465 1616 3602 1655 nun-

2036 1709 2196 1763 quam
2226 1695 2446 1750 omnino
2484 1695 2598 1759 tiat,
2631 1706 2690 1750 ut
2728 1711 2847 1766 quae
2895 1696 3058 1750 tantis
3091 1679 3310 1751 distant
3352 1693 3599 1748 eamdem

2037 1787 2304 1862 rationem
2355 1787 2636 1856 recipiant.
2689 1790 2829 1855 Quin
2882 1796 2937 1844 et
2985 1789 3040 1843 in
3100 1789 3213 1858 ipsa
3250 1787 3476 1842 inereati
3508 1801 3599 1840 ra-

2037 1881 2201 1944 tione,
2242 1880 2501 1936 intinities
2540 1881 2748 1936 infinite
2797 1882 3073 1937 inferioris
3125 1881 3454 1946 differentia,
3493 1895 3601 1949 qua

367 1969 530 2038 ϐηχὸς
563 1969 662 2037 τὴν
710 1969 806 2018 τοῦ
859 1968 994 2022 Θεοῦ
1023 1947 1228 2037 οὐσίαν,
1256 1974 1414 2042 μήτοι
1457 1987 1519 2040 γε
1548 1947 1616 2023 rbi
1640 1947 1931 2038 dvnstpdxt;

2040 1972 2412 2042 operationem
2438 1974 2504 2028 ab
2537 1975 2772 2029 essentia
2806 1975 3162 2040 discernunt,
3191 1973 3438 2029 eamdem
3481 1973 3602 2042 ejus

368 2061 606 2128 ἀπείρως
660 2059 976 2126 ὑφειμένον,
1028 2063 1254 2132 γενητὸν
1305 2064 1480 2132 δήπου
1531 2063 1625 2114 καὶ
1687 2061 1928 2113 κτιστύν.

385 2160 532 2212 Ἐπει
561 2177 701 2212 κατα
727 2171 818 2211 τον
839 2155 996 2221 ἅγιον
1027 2153 1342 2222 Ἐπιφάνιον
1372 2153 1428 2204 ὲν
1445 2145 1522 2220 τῷ
1552 2148 1695 2201 κατὰ
1721 2146 1932 2198 Ἀετίου

375 2251 508 2321 λόγῳ
559 2249 753 2314 αὐτοῦ,
811 2248 922 2300 Ἕν
968 2248 1102 2300 ἐστι
1149 2243 1218 2297 τὸ
1266 2241 1483 2296 ποιοῦν
1521 2241 1589 2294 ἐν
1613 2239 1721 2310 μιᾷ
1750 2240 1934 2304 οὐσίᾳ

375 2343 620 2411 Τριὰδος
663 2343 902 2406 τελείας
924 2356 940 2370 ο
961 2340 1036 2393 τὰ
1072 2337 1126 2391 δ’
1163 2338 1322 2391 ἄλλα
1361 2334 1558 2388 πάντα
1586 2330 1804 2403 γενητὰ
1834 2330 1934 2384 καὶ

366 2435 601 2488 amata.
635 2436 735 2486 Διὰ.
767 2432 927 2485 τοῦτο
957 2431 1050 2485 καὶ
1080 2429 1238 2484 αὑτοῖ
1271 2429 1333 2481 οὐ
1376 2425 1791 2500 προσκυνοῦμεν
1824 2425 1934 2477 πᾶν

364 2527 426 2578 τ’)
454 2525 802 2594 ὑποϐεϐηκδς
834 2523 930 2594 τὴν
953 2522 1046 2576 τοῦ
1077 2523 1211 2574 Θεοῦ
1232 2517 1440 2574 οὐσίαν⁹
1475 2519 1567 2572 καὶ
1597 2517 1671 2581 ὼς
1699 2520 1728 2570 ὁ
1761 2518 1936 2585 μέγας

365 2620 472 2686 ἔφη
503 2617 784 2679 Βάσίλειος
813 2617 873 2668 ἐν
900 2617 1015 2677 τοῖς
1059 2613 1513 2685 Ἀπιρῤητικοῖς,
1542 2611 1618 2665 Τὰ
1637 2609 1789 2679 μετὰ
1829 2613 1934 2663 τὸν

369 2707 521 2762 Θεὸν
549 2709 845 2776 κτίσματα
873 2706 970 2760 καὶ
1002 2705 1306 2773 ὁμόδουλα
1329 2701 1495 2770 ἡμῖν.
1544 2701 1767 2772 Ἀληθὲς
1804 2701 1933 2770 μέν·

370 2817 453 2852 τοι
489 2799 566 2862 ὡς
603 2802 696 2853 καὶ
731 2801 766 2869 ὴ
794 2799 950 2851 οὐσία
983 2797 1074 2850 τὸν
1104 2796 1264 2849 αὐτὸν
1292 2797 1357 2865 τῇ
1408 2794 1661 2865 ἐνεργείᾳ
1692 2793 1936 2862 ἐπιδέχε·

369 2909 461 2944 ται
498 2891 679 2959 λόγον,
702 2889 775 2953 ὡς
802 2892 851 2944 οἱ
885 2890 1030 2958 ἅγιοι
1057 2887 1380 2959 διορίζονται
1405 2903 1419 2917 '
1453 2886 1564 2941 Kal
1591 2879 1699 2940 τὸν
1752 2886 1939 2954 λόγον

371 2983 538 3046 ὅστις
563 2983 694 3037 ποτ’
712 2982 884 3036 ἔστιν
906 2981 1270 3050 ἀγνοοῦμεν,
1292 2975 1560 3036 ἀλλὀὖν
1578 2975 1650 3032 δι’
1673 2977 1938 3033 ἑκάστου

373 3072 494 3126 τῶν
541 3071 849 3141 ὀνομάτων
877 3071 1063 3126 αὑτὸν
1092 3069 1260 3137 ὅλον,
1310 3070 1343 3122 ὅ
1377 3071 1434 3123 τί
1465 3070 1598 3122 ποτ’
1629 3067 1782 3132 ἔστι,
1824 3085 1936 3136 ση-

372 3163 687 3233 μαίνομεν.
730 3160 800 3217 Τὸ
839 3159 959 3231 φῶς
1001 3162 1130 3230 γὰρ,
1181 3160 1370 3230 φησιν,
1417 3159 1604 3213 αὑτὸν
1640 3159 1936 3226 τιθέμεθα,

372 3256 468 3308 καὶ
521 3254 638 3321 τὴν
689 3254 850 3322 ζωὴν
885 3253 984 3307 καὶ
1029 3255 1096 3307 τὸ
1154 3252 1403 3322 ἀγαθὸν,
1439 3251 1590 3304 ὅλον
1619 3252 1767 3319 ὅπερ
1798 3248 1932 3304 ἐστὶ

370 3342 524 3414 ζωὴν
545 3345 711 3411 ὄντα,
746 3345 844 3400 καὶ
881 3345 1030 3398 ὅλον
1054 3344 1201 3414 φῶς,
1229 3343 1327 3398 καὶ
1359 3343 1505 3397 ὅλον
1533 3343 1775 3412 ἀγαθόν.
1803 3344 1931 3408 Καὶ,

371 3437 448 3500 ὡς
479 3437 641 3490 πάλιν
691 3437 852 3501 αὐτὸς
892 3437 1068 3507 ἔλεγε,
1107 3435 1282 3492 Πᾶσα
1320 3434 1499 3490 εἰκὼν
1537 3437 1577 3504 ἢ
1609 3436 1848 3500 οὐσίας,
1895 3433 1934 3502 ἢ

365 3526 631 3597 μορφῆς,
669 3527 708 3595 ἢ
754 3527 1062 3596 χρώματος
1107 3526 1279 3580 ἐστιν
1331 3527 1525 3579 εἰπών’
1555 3526 1699 3591 Θεὸς
1745 3523 1813 3577 δὲ
1868 3524 1938 3577 ὲν

368 3618 574 3673 οὐδενὶ
605 3617 849 3681 τούτων,
879 3619 948 3672 ἐν
969 3619 1038 3672 δὲ
1068 3619 1244 3686 οὐσίᾳ
1265 3616 1542 3688 μόνῃ.Ἐξ
1567 3611 1640 3671 ὧν
1667 3617 1759 3670 καὶ
1783 3617 1940 3687 δῆλον

369 3708 445 3771 ὼς
476 3709 602 3761 ὅταν
628 3709 908 3778 ἐνέργειαν
943 3709 1106 3762 αὐτὸν
1153 3707 1366 3778 φῶμεν,
1409 3709 1579 3777 αὐτὴν
1609 3707 1706 3776 τὴν
1751 3705 1939 3758 οὐσίαν

372 3799 542 3852 αὑτοῦ
575 3799 840 3868 τιθέμεθα
862 3817 875 3831 ’
907 3801 1002 3854 καὶ
1036 3801 1064 3853 ὁ
1102 3799 1269 3869 μόνην
1304 3798 1465 3853 αὐτὸν
1511 3796 1748 3868 εἰρηκὼς
1789 3797 1941 3866 ὲνέρ-

377 3910 564 3961 γειαν,
600 3892 772 3964 αὐτὴν
817 3893 986 3963 μόνην
1023 3891 1120 3963 τὴν
1157 3891 1346 3946 οὐσίαν
1394 3891 1634 3962 ὲσήμανε
1663 3889 1938 3958 διαφόροις

375 3983 567 4054 μέντοι
618 3985 895 4055 ὀνόμασιν.
934 3984 1075 4038 Εἴτε
1129 3985 1263 4052 γὰρ,
1331 3984 1520 4052 φησιν,
1574 3983 1796 4036 οὐσίαν
1851 3981 1937 4033 eZ-

371 4090 613 4144 ποιμεν,
661 4071 800 4140 ὅλος
833 4074 1005 4128 ἐστὶν
1036 4074 1216 4127 οὐσία
1254 4073 1351 4125 καὶ
1372 4073 1566 4141 mirer
1587 4087 1602 4101 ι
1637 4071 1755 4123 εἴτε
1793 4069 1933 4136 νόη-

372 4179 502 4229 σιν,
533 4165 677 4231 ὅλος
703 4164 834 4219 ἐστὶ
857 4166 1072 4232 νόησις
1099 4163 1198 4217 καί
1213 4165 1406 4233 μόνον
1428 4179 1442 4194 ·
1476 4163 1582 4216 εἴτ’
1610 4161 1934 4230 ἐνέργειαν,

369 4243 523 4323 ὅλος
541 4257 718 4312 ἐστίν
739 4254 1009 4326 ἐνέργεια
1036 4257 1134 4312 καὶ
1155 4257 1366 4325 μόνον,
1391 4253 1540 4308 διότι
1555 4254 1747 4324 μονάς
1768 4254 1939 4308 ἐστιν

370 4349 728 4419 ἀδιαίρετος,
777 4351 877 4404 καί
924 4347 1152 4419 ἀμερὴς
1204 4348 1302 4402 καί
1345 4345 1555 4431 ἁπλῇ·
1591 4345 1690 4399 καὶ
1726 4346 1828 4398 ἵνα
1849 4345 1937 4416 μὴ

371 4444 674 4498 σύνθετον
724 4443 792 4497 τὸ
819 4441 972 4511 ὑπὲρ
1009 4441 1216 4498 πᾶσαν
1245 4440 1553 4507 ἁπλότητα
1580 4438 1801 4492 νοοῖτο.

2034 2077 2158 2118 cum
2211 2067 2444 2120 essentia
2496 2067 2757 2120 rationem
2791 2066 2924 2134 fore,
2976 2056 3242 2137 nunquam
3277 2081 3498 2138 prorsus
3521 2068 3601 2123 si-

2034 2165 2142 2212 net.
2183 2156 2330 2222 Quod
2381 2158 2522 2212 enim
2560 2158 2651 2212 Dei
2699 2161 2935 2213 essentia
2971 2159 3208 2214 inferius
3235 2170 3338 2224 est,
3403 2159 3600 2215 nedum

2034 2248 2177 2315 quod
2215 2245 2472 2300 inlinities
2495 2247 2705 2303 inﬁnite
2749 2259 2832 2302 est
2867 2247 3098 2303 inferius
3125 2287 3140 2311 ,
3181 2247 3379 2302 factum
3414 2250 3602 2318 utique

2037 2355 2100 2394 ac
2128 2348 2368 2394 creatum
2392 2350 2492 2393 est.
2521 2338 2589 2395 Ut
2627 2342 2771 2395 enim
2819 2349 3042 2397 sanctus
3070 2341 3405 2410 Epiphanius
3431 2380 3447 2403 ,
3475 2356 3602 2395 oru-

2038 2435 2183 2488 tione
2217 2433 2474 2486 adversus
2498 2431 2738 2496 Aetium,
2775 2441 2963 2486 auctor
2989 2443 3075 2488 est
3105 2449 3120 2486 :
3159 2431 3332 2487 Unum
3365 2443 3440 2488 est
3464 2433 3604 2504 quod

2039 2524 2163 2591 facit
2209 2541 2271 2578 ae
2309 2532 2450 2577 creat
2485 2526 2536 2577 in
2583 2540 2690 2577 una
2729 2525 2956 2578 essentia
2997 2525 3239 2594 perfecta:
3294 2527 3600 2592 Trinitatis,

2039 2617 2237 2684 reliqua
2270 2631 2387 2669 vero
2421 2615 2596 2668 omnia
2626 2613 2768 2681 facta
2788 2625 2907 2669 sunt
2942 2628 2987 2669 et
3016 2627 3215 2671 creata.
3239 2618 3600 2686 Quamobrem

2039 2722 2137 2763 nec
2182 2721 2280 2760 nos
2325 2707 2645 2772 adoramus,
2679 2708 2937 2777 quidquid
2973 2709 3064 2764 Dei
3110 2713 3342 2766 essentia
3377 2712 3604 2766 inferius

2037 2804 2143 2850 est.
2175 2797 2353 2865 Atque
2383 2804 2443 2850 ut
2478 2797 2614 2850 dixit
2645 2812 2872 2866 magnus
2907 2797 3138 2855 Basilius
3181 2793 3234 2854 iu
3262 2801 3602 2856 Coufutatio-

2041 2885 2200 2942 nibus
2243 2885 2408 2952 :Quw
2438 2905 2469 2941 a
2507 2886 2612 2941 Deo
2651 2890 2880 2942 set-unda
2927 2900 3088 2956 sunt,
3141 2903 3320 2962 c_reata
3369 2910 3432 2946 ac
3460 2895 3605 2948 nobis

2039 2995 2285 3034 conserva
2309 2988 2450 3033 sunt.
2490 2980 2652 3050 Atqui
2694 2995 2879 3034 verum
2931 2993 3054 3046 est,
3119 2983 3280 3037 etiam
3311 2986 3601 3041 essentiam

2039 3072 2284 3124 eamdem
2338 3087 2460 3124 eum
2517 3071 2830 3140 Operatione
2879 3074 3144 3129 rationem
3207 3077 3465 3146 recipere,
3528 3079 3605 3133 uti

2039 3162 2210 3215 sancti
2243 3162 2503 3217 deﬁniunt
2535 3182 2548 3216 :
2583 3165 2656 3216 Ac
2688 3165 2895 3236 quidem
2929 3167 3188 3222 nescimus
3212 3185 3453 3239 quianam
3482 3181 3604 3226 tan-

2041 3252 2157 3307 dem
2190 3254 2322 3306 ratio
2367 3255 2474 3319 sit,
2503 3255 2674 3324 ipsum
2727 3264 2901 3310 tamen
2942 3267 3108 3312 totum
3134 3297 3150 3322 ,
3187 3261 3284 3314 hoc
3317 3265 3456 3332 quod
3499 3274 3601 3330 est,

2037 3345 2216 3414 quovis
2249 3345 2453 3398 nomine
2475 3346 2833 3415 designamus.
2858 3347 3052 3403 Lumen
3076 3351 3234 3416 enim,
3257 3351 3450 3422 inquit,
3482 3370 3604 3408 eum

2038 3435 2288 3496 dicimus,
2324 3447 2369 3488 et
2403 3439 2559 3490 vitam
2587 3450 2634 3491 et
2677 3437 3003 3503 bonitatem;
3037 3451 3202 3496 totum
3240 3446 3378 3513 quod
3403 3454 3500 3510 est,
3529 3449 3605 3500 vi-

2039 3534 2184 3588 tam;
2208 3533 2470 3595 totumque
2496 3527 2668 3581 lumen
2691 3539 2739 3581 et
2756 3539 2924 3583 totum
2947 3531 3362 3602 bonum.Atque,
3387 3547 3442 3588 ut
3462 3537 3602 3592 idem

2039 3616 2152 3683 ipse
2168 3617 2374 3670 aiebat:
2395 3615 2576 3670 Omnis
2595 3619 2766 3687 imago
2783 3632 2874 3674 aut
2897 3626 3152 3688 essenliw,
3180 3628 3490 3698 autformw,
3512 3641 3605 3686 aut

2040 3705 2233 3759 coloris
2265 3708 2438 3777 imago
2467 3716 2564 3772 est,
2594 3708 2737 3763 Deus
2777 3720 2954 3764 autem
3003 3714 3060 3767 in
3091 3715 3236 3770 nullo
3273 3719 3483 3784 lterum,
3515 3724 3606 3777 sed

2039 3799 2095 3854 in
2115 3801 2340 3877 essentia
2382 3799 2711 3854 solummodo
2739 3810 2840 3856 est.
2871 3802 2944 3858 Ex
2988 3807 3185 3874 quibus
3219 3811 3380 3862 etiam
3411 3812 3603 3882 liquet,

2038 3905 2158 3944 cum
2182 3889 2552 3957 operationem
2584 3904 2679 3946 seu
2700 3893 2952 3947 virtutem
2983 3906 3074 3950 aut
3096 3907 3277 3954 actum
3301 3916 3422 3955 eum
3454 3905 3605 3962 dixe-

2039 3979 2232 4046 rimus,
2269 3981 2440 4049 ipsam
2481 3996 2582 4036 nos
2631 3981 2749 4052 ejus
2793 3986 3089 4040 essentiam
3125 4001 3370 4056 ponere;
3407 4007 3471 4046 ac
3510 3996 3605 4063 qui

2041 4072 2209 4126 solam
2260 4087 2382 4126 eum
2429 4073 2796 4141 operationem
2841 4089 2935 4130 seu
2991 4077 3248 4135 virtutem
3316 4096 3381 4137 ac
3421 4095 3602 4140 actum

2041 4164 2202 4228 dixit,
2235 4164 2407 4234 ipsam
2432 4164 2601 4219 solam
2641 4167 2959 4233 essentiam,
3003 4172 3216 4227 tametsi
3252 4143 3480 4232 tlivol‘.$l$
3510 4193 3628 4234 "0‘,

2047 4255 2304 4319 minibus,
2345 4253 2482 4310 dixit
2512 4272 2526 4309 :
2563 4255 2681 4312 Sive
2730 4259 2892 4324 enim,
2923 4261 3126 4330 inquit,
3157 4268 3436 4322 essentiam
3459 4270 3608 4324 dixe-

2045 4348 2232 4411 rimus,
2284 4353 2423 4398 totus
2456 4346 2678 4400 essentia
2705 4356 2803 4413 est,
2853 4359 2902 4402 et
2933 4351 3140 4418 solum;
3170 4355 3276 4409 sive
3301 4357 3608 4428 intelligen-

2053 4439 2205 4503 tiam,
2231 4445 2368 4490 totus
2407 4445 2481 4489 est
2513 4437 2879 4506 intelligentia,
2917 4448 2966 4493 et
2996 4441 3198 4507 solum;
3219 4444 3325 4500 sive
3348 4451 3608 4514 operatio-

371 4540 512 4602 πῶυ,
551 4545 690 4590 tatus
723 4545 795 4590 est
826 4535 1056 4603 Operatio
1082 4573 1099 4599 ,
1149 4543 1199 4588 et
1239 4532 1406 4586 solum
1430 4549 1450 4596 ;
1477 4547 1536 4584 eo
1567 4531 1703 4600 quod
1747 4548 1930 4586 manus
1967 4540 2044 4584 est
2074 4528 2326 4595 indivisa,
2376 4527 2642 4599 nullisque
2690 4533 2932 4600 partibus
3007 4547 3070 4586 ac
3103 4536 3354 4604 simplex;
3425 4557 3489 4592 ac
3547 4558 3608 4596 ne

373 4634 719 4694 compositum
750 4629 1078 4698 intelligatur
1102 4667 1115 4690 ,
1147 4627 1286 4694 quod
1322 4642 1526 4681 onmem
1559 4626 1761 4680 excedit
1803 4625 2222 4696 simplicitatem.

447 4725 603 4779 Οὕτω
634 4725 727 4776 καὶ⁵
772 4725 801 4776 ὁ
836 4721 976 4786 θεῖος
1012 4720 1278 4792 Κύριλλος
1316 4721 1373 4774 ὲν
1405 4717 1448 4786 β’
1476 4719 1586 4773 τῶν
1633 4719 1770 4790 πρὸς
1809 4719 1936 4787 Ἐρ-

2118 4717 2210 4773 Sic
2258 4728 2312 4773 et
2362 4719 2554 4776 beatus
2624 4719 2854 4790 Cyrillus
2907 4723 3142 4779 secundo
3162 4724 3230 4779 ad
3301 4726 3606 4786 Hermeiam

369 4817 555 4888 μείαν
586 4817 748 4884 φησι,
793 4814 982 4878 Φύσις
1013 4811 1126 4881 μὲν
1160 4811 1404 4878 Θεότητι
1459 4810 1563 4878 μία
1593 4809 1690 4863 καὶ
1732 4807 1896 4876 ἁπλῆ
1922 4824 1938 4841 ο

373 4907 577 4977 φαμὲν
604 4904 673 4958 δὲ
708 4902 908 4971 αὐτὴν
933 4898 1087 4956 εἶναι
1120 4899 1275 4968 ζωὴν
1307 4899 1404 4952 καὶ
1429 4895 1686 4968 δύναμιν
1713 4896 1809 4950 καὶ
1833 4911 1942 4950 σο-

370 4999 524 5068 φίαν
560 4997 661 5050 καί
693 4995 907 5061 δόξαν.
949 4993 1112 5046 Ὥστε
1143 4991 1202 5043 τὸ
1230 4990 1362 5044 αὐτὸ
1389 4985 1657 5058 διαφόρως
1685 4985 1944 5056 ὀνομάζε-

369 5108 468 5146 ται
499 5089 643 5144 κατὰ
664 5087 952 5158 διαφόρους
999 5083 1268 5144 ἐπινοίας.
1299 5082 1471 5135 Τοῦτο
1519 5079 1816 5148 παρίστησι
1849 5077 1944 5132 καὶ

371 5185 403 5236 ὁ
459 5182 636 5250 μέγας
674 5177 979 5240 Βασίλειος,
1034 5174 1171 5246 πρὸς
1231 5173 1532 5226 Εὕστὰϐιον
1590 5169 1941 5223 ἐπιστέλλων.

372 5275 517 5345 Φησὶ
561 5272 695 5342 γὰρ,
728 5269 930 5324 Πάντα
959 5269 1031 5322 τὰ
1082 5264 1382 5335 θεοπρεπῆ
1431 5261 1700 5333 νοήματὰ
1743 5278 1806 5315 τε
1841 5261 1943 5316 καὶ

370 5368 648 5435 ὀνόματα
680 5363 772 5431 ἐφ’
810 5359 886 5414 ἓν
915 5359 1314 5428 ὑποκείμενον
1334 5354 1674 5425 χειραγωγεῖ
1697 5353 1812 5419 τὴν
1831 5351 1950 5404 διά-

369 5474 568 5514 νοιαν.
611 5454 774 5510 Οὐδὲ
804 5453 912 5524 γὰρ
955 5451 1046 5505 ἐπ’
1077 5450 1229 5504 ἄλλο
1264 5465 1318 5502 τι
1361 5446 1806 5516 σημαινόμενον
1835 5441 1942 5511 φέ-

359 5570 460 5622 ρει
491 5551 530 5619 ἡ
573 5546 686 5604 τοῦ
712 5544 936 5616 ἀγαθοῦ
961 5539 1352 5609 προσηγορία,
1382 5537 1474 5590 ἐπ’
1499 5537 1654 5590 ἄλλο
1680 5533 1748 5587 δὲ
1776 5536 1813 5602 ἡ
1838 5534 1945 5588 τοῦ

2043 4811 2176 4866 dicit
2207 4827 2222 4865 :
2255 4810 2348 4864 Est
2377 4813 2584 4878 quidem
2629 4811 2855 4865 Deitatis
2890 4823 3082 4867 natura
3139 4832 3246 4871 una
3271 4829 3320 4872 et
3351 4821 3572 4888 simplex
3593 4864 3608 4886 ,

2042 4902 2264 4954 dicimus
2309 4912 2485 4955 autem
2529 4904 2765 4957 eamdem
2819 4920 2930 4956 ess:
2981 4907 3147 4959 vitam
3199 4916 3247 4960 et
3281 4911 3524 4964 virtutem
3560 4925 3610 4966 et

2043 4990 2358 5058 sapientiam
2388 4999 2438 5043 et
2465 4990 2689 5058 gloriam
2721 5007 2810 5044 seu
2843 4991 3192 5059 majestatem.
3247 4995 3608 5062 Quamobrem

2048 5082 2188 5136 idem
2241 5082 2607 5135 diversimode
2667 5083 2998 5149 nominatur,
3032 5091 3328 5142 secundum
3367 5091 3609 5147 diversos

2051 5183 2340 5239 conceptus
2371 5180 2423 5225 et
2465 5172 2725 5227 rationes.
2759 5174 3009 5230 Ostendit
3047 5188 3101 5232 et
3127 5195 3351 5250 magnus
3380 5184 3609 5240 Basilius

2053 5263 2297 5318 scribens
2331 5269 2397 5316 att
2444 5263 2806 5319 Eustatltium.
2841 5268 2928 5320 Ait
2966 5270 3108 5324 enim

2052 5365 2162 5406 tum
2193 5353 2465 5420 conceptus
2488 5365 2594 5407 lum
2623 5357 2855 5421 nomina,
2891 5360 2958 5412 ad
2983 5375 3142 5414 unum
3173 5364 3462 5431 subjertum
3492 5370 3612 5418 ani-

2052 5457 2192 5495 mum
2237 5444 2456 5497 ducunt.
2505 5443 2616 5498 Nec
2668 5449 2804 5500 enim
2857 5451 2978 5502 boni
3015 5454 3222 5521 appella
3249 5454 3299 5505 io
3339 5457 3407 5504 ml
3461 5456 3613 5506 aliud

2050 5533 2330 5602 quodpiam
2366 5535 2721 5604 signiﬁcatum
2773 5539 2892 5606 fert.
2921 5543 2989 5592 ad
3038 5541 3185 5593 aliud
3215 5558 3332 5593 vero
3361 5543 3615 5610 sapientis

366 5643 575 5716 σοφοῦ
614 5640 720 5695 καί
755 5636 862 5691 τοῦ
908 5632 1175 5687 δυνατοῦ
1207 5632 1303 5685 zeal
1347 5628 1452 5682 τοῦ
1486 5627 1719 5679 δικαίου
1745 5641 1762 5656 ·
1809 5625 1936 5679 ἀλλ

2040 5638 2070 5682 rt
2133 5629 2365 5697 potentis
2423 5638 2474 5681 et
2521 5629 2660 5698 justi
2705 5631 3073 5700 nuncupatio;
3127 5646 3308 5683 verum
3358 5631 3616 5701 quidquid

366 5739 517 5807 ὅπερ
542 5735 627 5790 ἂν
655 5730 874 5793 εἴποις,
908 5725 976 5778 ἓν
1011 5724 1142 5778 ἐστι
1171 5721 1268 5776 διὰ
1297 5720 1536 5772 πάντων
1571 5716 1636 5769 τὸ
1660 5716 1936 5785 σημαινό-

2040 5725 2251 5790 ﬂxeris,
2305 5740 2464 5777 unum
2527 5725 2578 5776 in
2639 5725 2879 5778 omnibus
2954 5722 3319 5792 signiﬁcatum
3380 5727 3612 5782 exsistit.

720 5831 990 5885 ιἈτιιοι..
1025 5821 1140 5880 GR.
1176 5817 1352 5879 CLll.

3259 5822 3331 5879 12

3161 5288 3174 5324 :
3231 5274 3405 5327 Dicini
3433 5292 3610 5332 omnes
3681 5290 3684 5294 ί
