  <div class='ocr_page' id='page_1' title='image "/cluster/home/n/w/nwhite01/storage/ocr_20150623/152/mdp.39015078384735/190.png"; bbox 0 0 4036 6262; ppageno 0'>
   <div class='ocr_carea' id='block_1_1' title="bbox 335 337 455 401">
    <p class='ocr_par' dir='ltr' id='par_1_1' title="bbox 335 337 455 401">
     <span class='ocr_line' id='line_1_1' title="bbox 335 337 455 401; baseline 0.025 -6"><span class='ocrx_word' id='word_1_1' title='bbox 335 337 455 401; x_wconf 74' lang='lat'><strong>365</strong></span> 
     </span>
    </p>
   </div>
   <div class='ocr_carea' id='block_1_2' title="bbox 1375 332 2566 400">
    <p class='ocr_par' dir='ltr' id='par_1_2' title="bbox 1375 332 2566 400">
     <span class='ocr_line' id='line_1_2' title="bbox 1375 332 2566 400; baseline -0.005 0"><span class='ocrx_word' id='word_1_2' title='bbox 1375 340 1474 400; x_wconf 84' lang='lat' dir='ltr'><strong>DE</strong></span> <span class='ocrx_word' id='word_1_3' title='bbox 1508 337 1889 400; x_wconf 78' lang='lat' dir='ltr'><strong>ESSENTIA</strong></span> <span class='ocrx_word' id='word_1_4' title='bbox 1931 335 2026 394; x_wconf 86' lang='lat' dir='ltr'><strong>ET</strong></span> <span class='ocrx_word' id='word_1_5' title='bbox 2062 332 2566 395; x_wconf 79' lang='lat' dir='ltr'><strong>OPERATIONE.</strong></span> 
     </span>
    </p>
   </div>
   <div class='ocr_carea' id='block_1_3' title="bbox 3486 339 3595 402">
    <p class='ocr_par' dir='ltr' id='par_1_3' title="bbox 3486 339 3595 402">
     <span class='ocr_line' id='line_1_3' title="bbox 3486 339 3595 402; baseline -0.009 0"><span class='ocrx_word' id='word_1_6' title='bbox 3486 339 3595 402; x_wconf 70' lang='lat'><strong>386</strong></span> 
     </span>
    </p>
   </div>
   <div class='ocr_carea' id='block_1_4' title="bbox 336 440 1932 521">
    <p class='ocr_par' dir='ltr' id='par_1_4' title="bbox 336 446 1914 521">
     <span class='ocr_line' id='line_1_4' title="bbox 336 446 1914 521; baseline -0.006 -14"><span class='ocrx_word' id='word_1_7' title='bbox 336 453 444 507; x_wconf 73' lang='grc' dir='ltr'><strong>εἴτ’</strong></span> <span class='ocrx_word' id='word_1_8' title='bbox 473 452 568 504; x_wconf 75' lang='grc' dir='ltr'>οὖν</span> <span class='ocrx_word' id='word_1_9' title='bbox 616 451 844 521; x_wconf 72' lang='grc' dir='ltr'>ὁρισμὸς</span> <span class='ocrx_word' id='word_1_10' title='bbox 892 449 1149 519; x_wconf 75' lang='grc' dir='ltr'>διάφορος</span> <span class='ocrx_word' id='word_1_11' title='bbox 1175 467 1187 480; x_wconf 93' lang='grc'><strong>·</strong></span> <span class='ocrx_word' id='word_1_12' title='bbox 1223 451 1365 505; x_wconf 76' lang='grc' dir='ltr'>κατὰ</span> <span class='ocrx_word' id='word_1_13' title='bbox 1397 451 1454 504; x_wconf 76' lang='grc' dir='ltr'>δὲ</span> <span class='ocrx_word' id='word_1_14' title='bbox 1489 451 1551 503; x_wconf 81' lang='grc' dir='ltr'>τὸ</span> <span class='ocrx_word' id='word_1_15' title='bbox 1593 451 1826 519; x_wconf 79' lang='grc' dir='ltr'>πρᾶγμα</span> <span class='ocrx_word' id='word_1_16' title='bbox 1855 446 1914 498; x_wconf 79' lang='grc' dir='ltr'>τὸ</span> 
     </span>
    </p>
   </div>
   <div class='ocr_carea' id='block_1_5' title="bbox 2032 440 3597 521">
    <p class='ocr_par' dir='ltr' id='par_1_5' title="bbox 2032 440 3597 514">
     <span class='ocr_line' id='line_1_5' title="bbox 2032 440 3597 514; baseline 0.002 -14"><span class='ocrx_word' id='word_1_17' title='bbox 2032 461 2110 500; x_wconf 73' lang='lat' dir='ltr'><strong>seu</strong></span> <span class='ocrx_word' id='word_1_18' title='bbox 2139 445 2400 514; x_wconf 78' lang='lat' dir='ltr'><strong>potentia,</strong></span> <span class='ocrx_word' id='word_1_19' title='bbox 2432 444 2598 503; x_wconf 61' lang='lat' dir='ltr'><strong>,aliud</strong></span> <span class='ocrx_word' id='word_1_20' title='bbox 2650 455 2814 512; x_wconf 85' lang='lat' dir='ltr'><strong>atque</strong></span> <span class='ocrx_word' id='word_1_21' title='bbox 2865 442 3012 498; x_wconf 98' lang='lat' dir='ltr'><strong>aliud</strong></span> <span class='ocrx_word' id='word_1_22' title='bbox 3035 453 3185 499; x_wconf 88' lang='lat' dir='ltr'><strong>sunt.</strong></span> <span class='ocrx_word' id='word_1_23' title='bbox 3219 440 3424 502; x_wconf 78' lang='lat' dir='ltr'><strong>Horum</strong></span> <span class='ocrx_word' id='word_1_24' title='bbox 3449 450 3597 503; x_wconf 87' lang='lat' dir='ltr'><strong>enim</strong></span> 
     </span>
    </p>
   </div>
   <div class='ocr_carea' id='block_1_6' title="bbox 338 540 1920 612">
    <p class='ocr_par' dir='ltr' id='par_1_6' title="bbox 338 540 1920 612">
     <span class='ocr_line' id='line_1_6' title="bbox 338 540 1920 612; baseline -0.004 -16"><span class='ocrx_word' id='word_1_25' title='bbox 338 541 484 596; x_wconf 80' lang='grc' dir='ltr'>αὐτό</span> <span class='ocrx_word' id='word_1_26' title='bbox 517 543 700 594; x_wconf 75' lang='grc' dir='ltr'>ὲστινο</span> <span class='ocrx_word' id='word_1_27' title='bbox 735 541 927 612; x_wconf 84' lang='grc' dir='ltr'>ὥσπερ</span> <span class='ocrx_word' id='word_1_28' title='bbox 955 544 982 595; x_wconf 80' lang='grc' dir='ltr'><strong>ὁ</strong></span> <span class='ocrx_word' id='word_1_29' title='bbox 1025 541 1226 604; x_wconf 78' lang='grc' dir='ltr'><strong>κόκκος</strong></span> <span class='ocrx_word' id='word_1_30' title='bbox 1252 540 1348 595; x_wconf 87' lang='grc' dir='ltr'><strong>τοῦ</strong></span> <span class='ocrx_word' id='word_1_31' title='bbox 1381 541 1530 594; x_wconf 83' lang='grc' dir='ltr'>σίτου</span> <span class='ocrx_word' id='word_1_32' title='bbox 1569 541 1789 608; x_wconf 79' lang='grc' dir='ltr'>λέγεται</span> <span class='ocrx_word' id='word_1_33' title='bbox 1824 540 1920 593; x_wconf 75' lang='grc' dir='ltr'>καὶ</span> 
     </span>
    </p>
   </div>
   <div class='ocr_carea' id='block_1_7' title="bbox 338 633 1920 704">
    <p class='ocr_par' dir='ltr' id='par_1_7' title="bbox 338 633 1920 704">
     <span class='ocr_line' id='line_1_7' title="bbox 338 633 1920 704; baseline -0.003 -18"><span class='ocrx_word' id='word_1_34' title='bbox 338 634 466 687; x_wconf 77' lang='grc' dir='ltr'>ἐστι</span> <span class='ocrx_word' id='word_1_35' title='bbox 497 633 720 704; x_wconf 83' lang='grc' dir='ltr'>σπέρμα</span> <span class='ocrx_word' id='word_1_36' title='bbox 754 635 849 688; x_wconf 79' lang='grc' dir='ltr'>καὶ</span> <span class='ocrx_word' id='word_1_37' title='bbox 876 633 1092 702; x_wconf 85' lang='grc' dir='ltr'>καρπὸς</span> <span class='ocrx_word' id='word_1_38' title='bbox 1116 678 1130 702; x_wconf 82' lang='grc'><strong><em>,</em></strong></span> <span class='ocrx_word' id='word_1_39' title='bbox 1165 636 1259 687; x_wconf 75' lang='grc' dir='ltr'>καὶ</span> <span class='ocrx_word' id='word_1_40' title='bbox 1288 633 1478 704; x_wconf 82' lang='grc' dir='ltr'>ὥσπερ</span> <span class='ocrx_word' id='word_1_41' title='bbox 1504 633 1566 686; x_wconf 85' lang='grc' dir='ltr'>τὸ</span> <span class='ocrx_word' id='word_1_42' title='bbox 1609 633 1832 703; x_wconf 85' lang='grc' dir='ltr'>σημεῖον</span> <span class='ocrx_word' id='word_1_43' title='bbox 1863 633 1920 682; x_wconf 82' lang='grc' dir='ltr'>ἐν</span> 
     </span>
    </p>
   </div>
   <div class='ocr_carea' id='block_1_8' title="bbox 339 721 1919 796">
    <p class='ocr_par' dir='ltr' id='par_1_8' title="bbox 339 721 1919 796">
     <span class='ocr_line' id='line_1_8' title="bbox 339 721 1919 796; baseline -0.003 -18"><span class='ocrx_word' id='word_1_44' title='bbox 339 729 409 794; x_wconf 77' lang='grc' dir='ltr'>τῇ</span> <span class='ocrx_word' id='word_1_45' title='bbox 435 727 675 796; x_wconf 76' lang='grc' dir='ltr'>γραμμῇ</span> <span class='ocrx_word' id='word_1_46' title='bbox 701 726 798 778; x_wconf 80' lang='grc' dir='ltr'>καὶ</span> <span class='ocrx_word' id='word_1_47' title='bbox 828 725 973 796; x_wconf 80' lang='grc' dir='ltr'>ἀρχὴ</span> <span class='ocrx_word' id='word_1_48' title='bbox 1019 727 1111 778; x_wconf 77' lang='grc' dir='ltr'>καὶ</span> <span class='ocrx_word' id='word_1_49' title='bbox 1157 726 1313 789; x_wconf 76' lang='grc' dir='ltr'>τέλος</span> <span class='ocrx_word' id='word_1_50' title='bbox 1339 724 1557 794; x_wconf 80' lang='grc' dir='ltr'>λέγεται</span> <span class='ocrx_word' id='word_1_51' title='bbox 1585 762 1602 789; x_wconf 83' lang='grc'><em>,</em></span> <span class='ocrx_word' id='word_1_52' title='bbox 1645 723 1788 792; x_wconf 81' lang='grc' dir='ltr'>ἀρχὴ</span> <span class='ocrx_word' id='word_1_53' title='bbox 1821 721 1919 792; x_wconf 83' lang='grc' dir='ltr'>μὲν</span> 
     </span>
    </p>
   </div>
   <div class='ocr_carea' id='block_1_9' title="bbox 341 814 1921 890">
    <p class='ocr_par' dir='ltr' id='par_1_9' title="bbox 341 814 1921 890">
     <span class='ocr_line' id='line_1_9' title="bbox 341 814 1921 890; baseline -0.004 -18"><span class='ocrx_word' id='word_1_54' title='bbox 341 817 439 872; x_wconf 90' lang='grc' dir='ltr'><strong>τοῦ</strong></span> <span class='ocrx_word' id='word_1_55' title='bbox 470 818 761 888; x_wconf 78' lang='grc' dir='ltr'><strong>ἑπομένου,</strong></span> <span class='ocrx_word' id='word_1_56' title='bbox 790 819 942 882; x_wconf 81' lang='grc' dir='ltr'><strong>τέλος</strong></span> <span class='ocrx_word' id='word_1_57' title='bbox 970 819 1028 873; x_wconf 82' lang='grc' dir='ltr'>δὲ</span> <span class='ocrx_word' id='word_1_58' title='bbox 1059 817 1152 872; x_wconf 89' lang='grc' dir='ltr'><strong>τοῦ</strong></span> <span class='ocrx_word' id='word_1_59' title='bbox 1189 818 1631 890; x_wconf 79' lang='grc' dir='ltr'>προηγουμένου.</span> <span class='ocrx_word' id='word_1_60' title='bbox 1683 817 1763 887; x_wconf 76' lang='grc' dir='ltr'><strong>Τῇ</strong></span> <span class='ocrx_word' id='word_1_61' title='bbox 1788 814 1921 884; x_wconf 86' lang='grc' dir='ltr'>γοῦν</span> 
     </span>
    </p>
   </div>
   <div class='ocr_carea' id='block_1_10' title="bbox 346 906 1923 982">
    <p class='ocr_par' dir='ltr' id='par_1_10' title="bbox 346 906 1923 982">
     <span class='ocr_line' id='line_1_10' title="bbox 346 906 1923 982; baseline -0.003 -20"><span class='ocrx_word' id='word_1_62' title='bbox 346 911 557 981; x_wconf 74' lang='grc' dir='ltr'>στιγμῇ</span> <span class='ocrx_word' id='word_1_63' title='bbox 588 910 650 963; x_wconf 77' lang='grc' dir='ltr'>τὸ</span> <span class='ocrx_word' id='word_1_64' title='bbox 679 911 832 972; x_wconf 80' lang='grc' dir='ltr'><strong>τέλος</strong></span> <span class='ocrx_word' id='word_1_65' title='bbox 862 914 956 965; x_wconf 78' lang='grc' dir='ltr'>καὶ</span> <span class='ocrx_word' id='word_1_66' title='bbox 990 912 1025 980; x_wconf 82' lang='grc' dir='ltr'>ἠ</span> <span class='ocrx_word' id='word_1_67' title='bbox 1060 911 1206 982; x_wconf 82' lang='grc' dir='ltr'>ἀρχὴ</span> <span class='ocrx_word' id='word_1_68' title='bbox 1236 910 1546 964; x_wconf 75' lang='grc' dir='ltr'><strong>ἀποδίδοται</strong></span> <span class='ocrx_word' id='word_1_69' title='bbox 1570 909 1710 962; x_wconf 85' lang='grc' dir='ltr'><strong>κατά</strong></span> <span class='ocrx_word' id='word_1_70' title='bbox 1738 906 1923 974; x_wconf 63' lang='grc' dir='ltr'>διάφοε</span> 
     </span>
    </p>
   </div>
   <div class='ocr_carea' id='block_1_11' title="bbox 351 999 1920 1074">
    <p class='ocr_par' dir='ltr' id='par_1_11' title="bbox 351 999 1920 1074">
     <span class='ocr_line' id='line_1_11' title="bbox 351 999 1920 1074; baseline -0.003 -17"><span class='ocrx_word' id='word_1_71' title='bbox 351 1021 447 1074; x_wconf 86' lang='grc' dir='ltr'>ρον</span> <span class='ocrx_word' id='word_1_72' title='bbox 477 1005 633 1071; x_wconf 78' lang='grc' dir='ltr'>λόγον</span> <span class='ocrx_word' id='word_1_73' title='bbox 688 1004 784 1056; x_wconf 73' lang='grc' dir='ltr'>καὶ</span> <span class='ocrx_word' id='word_1_74' title='bbox 829 1004 1122 1074; x_wconf 82' lang='grc' dir='ltr'>διαφόρους</span> <span class='ocrx_word' id='word_1_75' title='bbox 1154 1003 1399 1066; x_wconf 78' lang='grc' dir='ltr'><strong>ἐπινοίας</strong></span> <span class='ocrx_word' id='word_1_76' title='bbox 1425 1019 1439 1033; x_wconf 86' lang='grc'><strong>·</strong></span> <span class='ocrx_word' id='word_1_77' title='bbox 1465 1002 1565 1056; x_wconf 80' lang='grc' dir='ltr'>οὐκ</span> <span class='ocrx_word' id='word_1_78' title='bbox 1593 1001 1709 1056; x_wconf 74' lang='grc' dir='ltr'>ἔστι</span> <span class='ocrx_word' id='word_1_79' title='bbox 1735 1000 1836 1069; x_wconf 82' lang='grc' dir='ltr'>μὲν</span> <span class='ocrx_word' id='word_1_80' title='bbox 1860 999 1920 1053; x_wconf 78' lang='grc' dir='ltr'>τὸ</span> 
     </span>
    </p>
   </div>
   <div class='ocr_carea' id='block_1_12' title="bbox 346 1093 1922 1167">
    <p class='ocr_par' dir='ltr' id='par_1_12' title="bbox 346 1093 1922 1167">
     <span class='ocr_line' id='line_1_12' title="bbox 346 1093 1922 1167; baseline -0.003 -19"><span class='ocrx_word' id='word_1_81' title='bbox 346 1095 504 1158; x_wconf 81' lang='grc' dir='ltr'>τέλος</span> <span class='ocrx_word' id='word_1_82' title='bbox 529 1097 625 1149; x_wconf 76' lang='grc' dir='ltr'>καὶ</span> <span class='ocrx_word' id='word_1_83' title='bbox 657 1095 692 1165; x_wconf 85' lang='grc' dir='ltr'><strong>ἡ</strong></span> <span class='ocrx_word' id='word_1_84' title='bbox 718 1097 861 1166; x_wconf 81' lang='grc' dir='ltr'>ἀρχὴ</span> <span class='ocrx_word' id='word_1_85' title='bbox 885 1095 1124 1166; x_wconf 83' lang='grc' dir='ltr'>διάφορα</span> <span class='ocrx_word' id='word_1_86' title='bbox 1153 1098 1481 1167; x_wconf 79' lang='grc' dir='ltr'>πράγματα,</span> <span class='ocrx_word' id='word_1_87' title='bbox 1506 1095 1567 1148; x_wconf 80' lang='grc' dir='ltr'>τὸ</span> <span class='ocrx_word' id='word_1_88' title='bbox 1593 1095 1638 1148; x_wconf 79' lang='grc' dir='ltr'>δ’</span> <span class='ocrx_word' id='word_1_89' title='bbox 1669 1093 1802 1147; x_wconf 78' lang='grc' dir='ltr'>αὐτὸ</span> <span class='ocrx_word' id='word_1_90' title='bbox 1827 1094 1922 1147; x_wconf 73' lang='grc' dir='ltr'>καὶ</span> 
     </span>
    </p>
   </div>
   <div class='ocr_carea' id='block_1_13' title="bbox 350 1183 1922 1259">
    <p class='ocr_par' dir='ltr' id='par_1_13' title="bbox 350 1183 1922 1259">
     <span class='ocr_line' id='line_1_13' title="bbox 350 1183 1922 1259; baseline -0.001 -21"><span class='ocrx_word' id='word_1_91' title='bbox 350 1188 413 1238; x_wconf 78' lang='grc' dir='ltr'>ὲν</span> <span class='ocrx_word' id='word_1_92' title='bbox 453 1188 786 1254; x_wconf 69' lang='grc' dir='ltr'><strong>ἀμφοτέροις</strong></span> <span class='ocrx_word' id='word_1_93' title='bbox 835 1187 1124 1242; x_wconf 81' lang='grc' dir='ltr'>ὑπόκειται</span> <span class='ocrx_word' id='word_1_94' title='bbox 1161 1189 1416 1259; x_wconf 79' lang='grc' dir='ltr'>πρᾶγμα,</span> <span class='ocrx_word' id='word_1_95' title='bbox 1465 1189 1500 1256; x_wconf 77' lang='grc' dir='ltr'><strong>ἡ</strong></span> <span class='ocrx_word' id='word_1_96' title='bbox 1536 1186 1764 1256; x_wconf 87' lang='grc' dir='ltr'>στιγμή.</span> <span class='ocrx_word' id='word_1_97' title='bbox 1799 1183 1922 1236; x_wconf 86' lang='grc' dir='ltr'><strong>Ἔτι</strong></span> 
     </span>
    </p>
   </div>
   <div class='ocr_carea' id='block_1_14' title="bbox 346 1275 1926 1348">
    <p class='ocr_par' dir='ltr' id='par_1_14' title="bbox 346 1275 1926 1348">
     <span class='ocr_line' id='line_1_14' title="bbox 346 1275 1926 1348; baseline 0.001 -20"><span class='ocrx_word' id='word_1_98' title='bbox 346 1295 408 1329; x_wconf 83' lang='grc' dir='ltr'>τε</span> <span class='ocrx_word' id='word_1_99' title='bbox 445 1277 568 1330; x_wconf 79' lang='grc' dir='ltr'>οὐδὲ</span> <span class='ocrx_word' id='word_1_100' title='bbox 607 1279 640 1346; x_wconf 83' lang='grc' dir='ltr'><strong>ή</strong></span> <span class='ocrx_word' id='word_1_101' title='bbox 692 1277 974 1348; x_wconf 82' lang='grc' dir='ltr'><strong>ἀποδημία</strong></span> <span class='ocrx_word' id='word_1_102' title='bbox 1019 1278 1114 1331; x_wconf 76' lang='grc' dir='ltr'>καὶ</span> <span class='ocrx_word' id='word_1_103' title='bbox 1145 1277 1410 1348; x_wconf 77' lang='grc' dir='ltr'><strong>ἐπιδημία</strong></span> <span class='ocrx_word' id='word_1_104' title='bbox 1465 1277 1768 1348; x_wconf 83' lang='grc' dir='ltr'>πράγματα</span> <span class='ocrx_word' id='word_1_105' title='bbox 1811 1275 1926 1329; x_wconf 84' lang='grc' dir='ltr'>διά-</span> 
     </span>
    </p>
   </div>
   <div class='ocr_carea' id='block_1_15' title="bbox 347 1369 1923 1441">
    <p class='ocr_par' dir='ltr' id='par_1_15' title="bbox 347 1369 1923 1441">
     <span class='ocr_line' id='line_1_15' title="bbox 347 1369 1923 1441; baseline -0.004 -14"><span class='ocrx_word' id='word_1_106' title='bbox 347 1387 495 1438; x_wconf 71' lang='grc' dir='ltr'>φορα</span> <span class='ocrx_word' id='word_1_107' title='bbox 520 1385 534 1400; x_wconf 83' lang='grc'><strong><em>⁸</em></strong></span> <span class='ocrx_word' id='word_1_108' title='bbox 573 1371 786 1440; x_wconf 87' lang='grc' dir='ltr'>κίνησις</span> <span class='ocrx_word' id='word_1_109' title='bbox 817 1371 926 1440; x_wconf 83' lang='grc' dir='ltr'>γὰρ</span> <span class='ocrx_word' id='word_1_110' title='bbox 967 1373 999 1441; x_wconf 80' lang='grc' dir='ltr'>ἡ</span> <span class='ocrx_word' id='word_1_111' title='bbox 1026 1371 1167 1441; x_wconf 81' lang='grc' dir='ltr'>αὑτὴ</span> <span class='ocrx_word' id='word_1_112' title='bbox 1196 1371 1339 1424; x_wconf 85' lang='grc' dir='ltr'><strong>κατά</strong></span> <span class='ocrx_word' id='word_1_113' title='bbox 1371 1371 1435 1424; x_wconf 79' lang='grc' dir='ltr'>τὸ</span> <span class='ocrx_word' id='word_1_114' title='bbox 1459 1371 1696 1440; x_wconf 80' lang='grc' dir='ltr'>πρᾶγμα</span> <span class='ocrx_word' id='word_1_115' title='bbox 1728 1371 1786 1421; x_wconf 84' lang='grc' dir='ltr'>ὲν</span> <span class='ocrx_word' id='word_1_116' title='bbox 1812 1369 1923 1437; x_wconf 67' lang='grc' dir='ltr'><strong>ἅμα</strong></span> 
     </span>
    </p>
   </div>
   <div class='ocr_carea' id='block_1_16' title="bbox 350 1460 1921 1534">
    <p class='ocr_par' dir='ltr' id='par_1_16' title="bbox 350 1460 1921 1534">
     <span class='ocr_line' id='line_1_16' title="bbox 350 1460 1921 1534; baseline -0.002 -19"><span class='ocrx_word' id='word_1_117' title='bbox 350 1466 478 1530; x_wconf 80' lang='grc' dir='ltr'><strong>φοίν</strong></span> <span class='ocrx_word' id='word_1_118' title='bbox 503 1478 519 1495; x_wconf 77' lang='grc' dir='ltr'><strong>ο</strong></span> <span class='ocrx_word' id='word_1_119' title='bbox 559 1464 704 1534; x_wconf 77' lang='grc' dir='ltr'>λόγῳ</span> <span class='ocrx_word' id='word_1_120' title='bbox 736 1464 806 1529; x_wconf 74' lang='grc' dir='ltr'>δὲ</span> <span class='ocrx_word' id='word_1_121' title='bbox 833 1464 1154 1534; x_wconf 67' lang='grc' dir='ltr'>διαφέρουσι</span> <span class='ocrx_word' id='word_1_122' title='bbox 1187 1463 1370 1534; x_wconf 88' lang='grc' dir='ltr'>μόνον,</span> <span class='ocrx_word' id='word_1_123' title='bbox 1413 1461 1556 1516; x_wconf 85' lang='grc' dir='ltr'><strong>κατά</strong></span> <span class='ocrx_word' id='word_1_124' title='bbox 1588 1460 1790 1524; x_wconf 84' lang='grc' dir='ltr'>ταύτας</span> <span class='ocrx_word' id='word_1_125' title='bbox 1821 1461 1921 1522; x_wconf 77' lang='grc' dir='ltr'>τὰς</span> 
     </span>
    </p>
   </div>
   <div class='ocr_carea' id='block_1_17' title="bbox 346 1555 582 1619">
    <p class='ocr_par' dir='ltr' id='par_1_17' title="bbox 346 1555 582 1619">
     <span class='ocr_line' id='line_1_17' title="bbox 346 1555 582 1619; baseline 0.013 -12"><span class='ocrx_word' id='word_1_126' title='bbox 346 1557 471 1609; x_wconf 83' lang='grc' dir='ltr'><strong>ὲννο</strong></span> <span class='ocrx_word' id='word_1_127' title='bbox 479 1555 582 1619; x_wconf 74' lang='grc' dir='ltr'>ἔας.</span> 
     </span>
    </p>
   </div>
   <div class='ocr_carea' id='block_1_18' title="bbox 421 1733 1927 1809">
    <p class='ocr_par' dir='ltr' id='par_1_18' title="bbox 421 1733 1927 1809">
     <span class='ocr_line' id='line_1_18' title="bbox 421 1733 1927 1809; baseline 0.002 -23"><span class='ocrx_word' id='word_1_128' title='bbox 421 1733 534 1786; x_wconf 73' lang='grc' dir='ltr'><strong>Καὶ</strong></span> <span class='ocrx_word' id='word_1_129' title='bbox 559 1734 587 1786; x_wconf 86' lang='grc' dir='ltr'>ὁ</span> <span class='ocrx_word' id='word_1_130' title='bbox 615 1733 768 1801; x_wconf 78' lang='grc' dir='ltr'>ἅγιος</span> <span class='ocrx_word' id='word_1_131' title='bbox 801 1733 1070 1804; x_wconf 77' lang='grc' dir='ltr'>Κύριλλος</span> <span class='ocrx_word' id='word_1_132' title='bbox 1099 1735 1156 1786; x_wconf 83' lang='grc' dir='ltr'>ἐν</span> <span class='ocrx_word' id='word_1_133' title='bbox 1193 1734 1238 1804; x_wconf 79' lang='grc' dir='ltr'><strong>β’</strong></span> <span class='ocrx_word' id='word_1_134' title='bbox 1267 1735 1376 1788; x_wconf 85' lang='grc' dir='ltr'><strong>τῶν</strong></span> <span class='ocrx_word' id='word_1_135' title='bbox 1400 1736 1734 1806; x_wconf 81' lang='grc' dir='ltr'>Θησαυρῶν</span> <span class='ocrx_word' id='word_1_136' title='bbox 1771 1738 1927 1809; x_wconf 81' lang='grc' dir='ltr'>εἴρη-</span> 
     </span>
    </p>
   </div>
   <div class='ocr_carea' id='block_1_19' title="bbox 349 1825 1928 1899">
    <p class='ocr_par' dir='ltr' id='par_1_19' title="bbox 349 1825 1928 1899">
     <span class='ocr_line' id='line_1_19' title="bbox 349 1825 1928 1899; baseline 0.003 -19"><span class='ocrx_word' id='word_1_137' title='bbox 349 1844 471 1891; x_wconf 86' lang='grc' dir='ltr'>κεν,</span> <span class='ocrx_word' id='word_1_138' title='bbox 520 1827 681 1892; x_wconf 83' lang='grc' dir='ltr'><strong>Ἔχει</strong></span> <span class='ocrx_word' id='word_1_139' title='bbox 721 1825 789 1878; x_wconf 81' lang='grc' dir='ltr'><strong>τό</strong></span> <span class='ocrx_word' id='word_1_140' title='bbox 818 1825 1043 1894; x_wconf 71' lang='grc' dir='ltr'><strong>τενγᾷν</strong></span> <span class='ocrx_word' id='word_1_141' title='bbox 1081 1829 1114 1880; x_wconf 80' lang='grc' dir='ltr'><strong>ὅ</strong></span> <span class='ocrx_word' id='word_1_142' title='bbox 1166 1825 1371 1895; x_wconf 80' lang='grc' dir='ltr'>Πατὴρ</span> <span class='ocrx_word' id='word_1_143' title='bbox 1437 1829 1744 1896; x_wconf 68' lang='grc' dir='ltr'>φυσικῶς·</span> <span class='ocrx_word' id='word_1_144' title='bbox 1801 1831 1928 1899; x_wconf 77' lang='grc' dir='ltr'><strong>ἔχει</strong></span> 
     </span>
    </p>
   </div>
   <div class='ocr_carea' id='block_1_20' title="bbox 352 1916 1928 1988">
    <p class='ocr_par' dir='ltr' id='par_1_20' title="bbox 352 1916 1928 1988">
     <span class='ocr_line' id='line_1_20' title="bbox 352 1916 1928 1988; baseline 0.002 -14"><span class='ocrx_word' id='word_1_145' title='bbox 352 1922 452 1974; x_wconf 74' lang='grc' dir='ltr'><strong>καί</strong></span> <span class='ocrx_word' id='word_1_146' title='bbox 507 1920 575 1974; x_wconf 85' lang='grc' dir='ltr'>τὸ</span> <span class='ocrx_word' id='word_1_147' title='bbox 607 1920 824 1982; x_wconf 77' lang='grc' dir='ltr'><strong>κτίζειν</strong></span> <span class='ocrx_word' id='word_1_148' title='bbox 870 1916 1306 1988; x_wconf 80' lang='grc' dir='ltr'>δημιουργικῶς</span> <span class='ocrx_word' id='word_1_149' title='bbox 1347 1920 1422 1973; x_wconf 81' lang='grc' dir='ltr'><strong>δι’</strong></span> <span class='ocrx_word' id='word_1_150' title='bbox 1473 1921 1663 1980; x_wconf 41' lang='grc' dir='ltr'><strong>Υίοῦοκ</strong></span> <span class='ocrx_word' id='word_1_151' title='bbox 1699 1923 1803 1976; x_wconf 81' lang='grc' dir='ltr'><strong>καί</strong></span> <span class='ocrx_word' id='word_1_152' title='bbox 1855 1926 1928 1978; x_wconf 84' lang='grc' dir='ltr'>οὐ</span> 
     </span>
    </p>
   </div>
   <div class='ocr_carea' id='block_1_21' title="bbox 353 2011 1929 2082">
    <p class='ocr_par' dir='ltr' id='par_1_21' title="bbox 353 2011 1929 2082">
     <span class='ocr_line' id='line_1_21' title="bbox 353 2011 1929 2082; baseline 0.003 -17"><span class='ocrx_word' id='word_1_153' title='bbox 353 2012 513 2080; x_wconf 72' lang='grc' dir='ltr'>παρὰ</span> <span class='ocrx_word' id='word_1_154' title='bbox 543 2014 720 2067; x_wconf 87' lang='grc' dir='ltr'>τοῦτο</span> <span class='ocrx_word' id='word_1_155' title='bbox 751 2013 1049 2076; x_wconf 81' lang='grc' dir='ltr'>σύνθετός</span> <span class='ocrx_word' id='word_1_156' title='bbox 1077 2011 1207 2064; x_wconf 83' lang='grc' dir='ltr'>ἐστι</span> <span class='ocrx_word' id='word_1_157' title='bbox 1229 2027 1243 2042; x_wconf 76' lang='grc' dir='ltr'><strong>ο</strong></span> <span class='ocrx_word' id='word_1_158' title='bbox 1264 2029 1409 2080; x_wconf 84' lang='grc' dir='ltr'>μιας</span> <span class='ocrx_word' id='word_1_159' title='bbox 1445 2012 1554 2080; x_wconf 80' lang='grc' dir='ltr'><strong>γὰρ</strong></span> <span class='ocrx_word' id='word_1_160' title='bbox 1585 2015 1828 2082; x_wconf 76' lang='grc' dir='ltr'>φύσεως</span> <span class='ocrx_word' id='word_1_161' title='bbox 1858 2017 1929 2069; x_wconf 85' lang='grc' dir='ltr'>τὰ</span> 
     </span>
    </p>
   </div>
   <div class='ocr_carea' id='block_1_22' title="bbox 359 2103 1930 2174">
    <p class='ocr_par' dir='ltr' id='par_1_22' title="bbox 359 2103 1930 2174">
     <span class='ocr_line' id='line_1_22' title="bbox 359 2103 1930 2174; baseline 0.001 -16"><span class='ocrx_word' id='word_1_162' title='bbox 359 2106 597 2159; x_wconf 78' lang='grc' dir='ltr'>τοιαῦτα</span> <span class='ocrx_word' id='word_1_163' title='bbox 647 2106 900 2170; x_wconf 81' lang='grc' dir='ltr'>καρπός.</span> <span class='ocrx_word' id='word_1_164' title='bbox 950 2104 1119 2158; x_wconf 79' lang='grc' dir='ltr'>Πάλιν</span> <span class='ocrx_word' id='word_1_165' title='bbox 1158 2105 1186 2156; x_wconf 80' lang='grc' dir='ltr'><strong>ό</strong></span> <span class='ocrx_word' id='word_1_166' title='bbox 1236 2103 1419 2169; x_wconf 79' lang='grc' dir='ltr'>αὐτὸς,</span> <span class='ocrx_word' id='word_1_167' title='bbox 1473 2104 1544 2158; x_wconf 85' lang='grc' dir='ltr'><strong>Τὸ</strong></span> <span class='ocrx_word' id='word_1_168' title='bbox 1588 2104 1702 2174; x_wconf 79' lang='grc' dir='ltr'><strong>μὲν</strong></span> <span class='ocrx_word' id='word_1_169' title='bbox 1734 2105 1930 2160; x_wconf 80' lang='grc' dir='ltr'><strong>ποιεῖν</strong></span> 
     </span>
    </p>
   </div>
   <div class='ocr_carea' id='block_1_23' title="bbox 363 2193 1930 2266">
    <p class='ocr_par' dir='ltr' id='par_1_23' title="bbox 363 2193 1930 2266">
     <span class='ocr_line' id='line_1_23' title="bbox 363 2193 1930 2266; baseline 0.001 -18"><span class='ocrx_word' id='word_1_170' title='bbox 363 2196 658 2265; x_wconf 72' lang='grc' dir='ltr'>ἐνεργείας</span> <span class='ocrx_word' id='word_1_171' title='bbox 696 2196 862 2250; x_wconf 86' lang='grc' dir='ltr'>ἐστί·</span> <span class='ocrx_word' id='word_1_172' title='bbox 905 2195 1146 2263; x_wconf 69' lang='grc' dir='ltr'>φύσεως</span> <span class='ocrx_word' id='word_1_173' title='bbox 1168 2193 1236 2247; x_wconf 81' lang='grc' dir='ltr'>δὲ</span> <span class='ocrx_word' id='word_1_174' title='bbox 1263 2195 1330 2248; x_wconf 90' lang='grc' dir='ltr'>τὸ</span> <span class='ocrx_word' id='word_1_175' title='bbox 1363 2196 1606 2264; x_wconf 80' lang='grc' dir='ltr'><strong>γεννᾷν.</strong></span> <span class='ocrx_word' id='word_1_176' title='bbox 1650 2197 1930 2266; x_wconf 62' lang='grc' dir='ltr'><strong>⁹ίζσαύτως</strong></span> 
     </span>
    </p>
   </div>
   <div class='ocr_carea' id='block_1_24' title="bbox 363 2286 1930 2359">
    <p class='ocr_par' dir='ltr' id='par_1_24' title="bbox 363 2286 1930 2359">
     <span class='ocr_line' id='line_1_24' title="bbox 363 2286 1930 2359; baseline 0.001 -20"><span class='ocrx_word' id='word_1_177' title='bbox 363 2289 454 2339; x_wconf 70' lang='grc' dir='ltr'>καὶ</span> <span class='ocrx_word' id='word_1_178' title='bbox 475 2291 502 2340; x_wconf 88' lang='grc' dir='ltr'><strong>ό</strong></span> <span class='ocrx_word' id='word_1_179' title='bbox 540 2287 912 2356; x_wconf 84' lang='grc' dir='ltr'>Δαμασκηνὸς</span> <span class='ocrx_word' id='word_1_180' title='bbox 938 2286 1066 2359; x_wconf 72' lang='grc' dir='ltr'>ἔφη,</span> <span class='ocrx_word' id='word_1_181' title='bbox 1105 2286 1320 2352; x_wconf 76' lang='grc' dir='ltr'>Ἔργον</span> <span class='ocrx_word' id='word_1_182' title='bbox 1341 2287 1460 2354; x_wconf 77' lang='grc' dir='ltr'><strong>μὲν</strong></span> <span class='ocrx_word' id='word_1_183' title='bbox 1489 2287 1654 2352; x_wconf 79' lang='grc' dir='ltr'>θείας</span> <span class='ocrx_word' id='word_1_184' title='bbox 1686 2287 1930 2355; x_wconf 66' lang='grc' dir='ltr'>φύσεως</span> 
     </span>
    </p>
   </div>
   <div class='ocr_carea' id='block_1_25' title="bbox 356 2376 1929 2448">
    <p class='ocr_par' dir='ltr' id='par_1_25' title="bbox 356 2376 1929 2448">
     <span class='ocr_line' id='line_1_25' title="bbox 356 2376 1929 2448; baseline -0.01 -15"><span class='ocrx_word' id='word_1_185' title='bbox 356 2381 394 2446; x_wconf 72' lang='grc' dir='ltr'>ἡ</span> <span class='ocrx_word' id='word_1_186' title='bbox 444 2379 802 2448; x_wconf 76' lang='grc' dir='ltr'>προαιὼνιος</span> <span class='ocrx_word' id='word_1_187' title='bbox 859 2379 1147 2446; x_wconf 69' lang='grc' dir='ltr'>γέννησις</span> <span class='ocrx_word' id='word_1_188' title='bbox 1169 2394 1182 2407; x_wconf 77' lang='grc' dir='ltr'><strong>ο</strong></span> <span class='ocrx_word' id='word_1_189' title='bbox 1218 2377 1399 2447; x_wconf 75' lang='grc' dir='ltr'>ἔργον</span> <span class='ocrx_word' id='word_1_190' title='bbox 1445 2376 1514 2430; x_wconf 82' lang='grc' dir='ltr'>δὲ</span> <span class='ocrx_word' id='word_1_191' title='bbox 1548 2378 1713 2444; x_wconf 86' lang='grc' dir='ltr'>θείας</span> <span class='ocrx_word' id='word_1_192' title='bbox 1747 2379 1929 2444; x_wconf 68' lang='grc' dir='ltr'><strong>θελά-</strong></span> 
     </span>
    </p>
   </div>
   <div class='ocr_carea' id='block_1_26' title="bbox 353 2472 848 2538">
    <p class='ocr_par' dir='ltr' id='par_1_26' title="bbox 353 2472 848 2538">
     <span class='ocr_line' id='line_1_26' title="bbox 353 2472 848 2538; baseline -0.002 -15"><span class='ocrx_word' id='word_1_193' title='bbox 353 2488 512 2536; x_wconf 86' lang='grc' dir='ltr'>σεως</span> <span class='ocrx_word' id='word_1_194' title='bbox 551 2472 590 2538; x_wconf 77' lang='grc' dir='ltr'><strong><em>ἡ</em></strong></span> <span class='ocrx_word' id='word_1_195' title='bbox 629 2472 848 2533; x_wconf 77' lang='grc' dir='ltr'>κτίσις.</span> 
     </span>
    </p>
   </div>
   <div class='ocr_carea' id='block_1_27' title="bbox 430 2546 1929 2628">
    <p class='ocr_par' dir='ltr' id='par_1_27' title="bbox 430 2546 1929 2628">
     <span class='ocr_line' id='line_1_27' title="bbox 430 2546 1929 2628; baseline 0.003 -17"><span class='ocrx_word' id='word_1_196' title='bbox 430 2561 555 2611; x_wconf 81' lang='grc' dir='ltr'>Ἔτι</span> <span class='ocrx_word' id='word_1_197' title='bbox 583 2560 666 2622; x_wconf 88' lang='grc' dir='ltr'><strong>δὲ,</strong></span> <span class='ocrx_word' id='word_1_198' title='bbox 704 2559 776 2616; x_wconf 79' lang='grc' dir='ltr'><strong>ὡς</strong></span> <span class='ocrx_word' id='word_1_199' title='bbox 800 2557 914 2627; x_wconf 71' lang='grc' dir='ltr'><strong>ἔχει</strong></span> <span class='ocrx_word' id='word_1_200' title='bbox 948 2557 1009 2610; x_wconf 81' lang='grc' dir='ltr'>τὸ</span> <span class='ocrx_word' id='word_1_201' title='bbox 1042 2558 1141 2627; x_wconf 80' lang='grc' dir='ltr'>τῆς</span> <span class='ocrx_word' id='word_1_202' title='bbox 1167 2546 1394 2628; x_wconf 84' lang='grc' dir='ltr'>Γραφῆς</span> <span class='ocrx_word' id='word_1_203' title='bbox 1421 2560 1620 2623; x_wconf 86' lang='grc' dir='ltr'>ὲκεῖνο,</span> <span class='ocrx_word' id='word_1_204' title='bbox 1673 2562 1737 2613; x_wconf 85' lang='lat'><strong>&#39;0</strong></span> <span class='ocrx_word' id='word_1_205' title='bbox 1775 2578 1929 2616; x_wconf 78' lang='grc' dir='ltr'>τετο-</span> 
     </span>
    </p>
   </div>
   <div class='ocr_carea' id='block_1_28' title="bbox 358 2649 1931 2723">
    <p class='ocr_par' dir='ltr' id='par_1_28' title="bbox 358 2649 1931 2723">
     <span class='ocr_line' id='line_1_28' title="bbox 358 2649 1931 2723; baseline 0.003 -19"><span class='ocrx_word' id='word_1_206' title='bbox 358 2652 477 2716; x_wconf 83' lang='grc' dir='ltr'>κὼς</span> <span class='ocrx_word' id='word_1_207' title='bbox 495 2649 740 2716; x_wconf 75' lang='grc' dir='ltr'>,ϐώλους</span> <span class='ocrx_word' id='word_1_208' title='bbox 770 2651 1018 2718; x_wconf 70' lang='grc' dir='ltr'>δρόσου,</span> <span class='ocrx_word' id='word_1_209' title='bbox 1039 2650 1136 2721; x_wconf 74' lang='grc' dir='ltr'><strong>οὐχ</strong></span> <span class='ocrx_word' id='word_1_210' title='bbox 1165 2650 1364 2720; x_wconf 80' lang='grc' dir='ltr'>ὁμοίως</span> <span class='ocrx_word' id='word_1_211' title='bbox 1397 2651 1495 2714; x_wconf 84' lang='grc' dir='ltr'>τάς</span> <span class='ocrx_word' id='word_1_212' title='bbox 1520 2670 1579 2705; x_wconf 88' lang='grc' dir='ltr'>τε</span> <span class='ocrx_word' id='word_1_213' title='bbox 1609 2652 1812 2723; x_wconf 85' lang='grc' dir='ltr'>βώλους</span> <span class='ocrx_word' id='word_1_214' title='bbox 1837 2656 1931 2708; x_wconf 74' lang='grc' dir='ltr'>καὶ</span> 
     </span>
    </p>
   </div>
   <div class='ocr_carea' id='block_1_29' title="bbox 356 2743 1932 2818">
    <p class='ocr_par' dir='ltr' id='par_1_29' title="bbox 356 2743 1932 2818">
     <span class='ocr_line' id='line_1_29' title="bbox 356 2743 1932 2818; baseline 0.003 -21"><span class='ocrx_word' id='word_1_215' title='bbox 356 2747 450 2799; x_wconf 69' lang='grc' dir='ltr'><strong>τὸν</strong></span> <span class='ocrx_word' id='word_1_216' title='bbox 484 2745 614 2797; x_wconf 57' lang='lat' dir='ltr'><strong>ru.»</strong></span> <span class='ocrx_word' id='word_1_217' title='bbox 644 2745 1015 2813; x_wconf 79' lang='grc' dir='ltr'>ὑπεστήσατο,</span> <span class='ocrx_word' id='word_1_218' title='bbox 1051 2743 1339 2814; x_wconf 79' lang='grc' dir='ltr'>’Υφίστησι</span> <span class='ocrx_word' id='word_1_219' title='bbox 1374 2746 1472 2815; x_wconf 81' lang='grc' dir='ltr'>μὲν</span> <span class='ocrx_word' id='word_1_220' title='bbox 1497 2745 1607 2818; x_wconf 79' lang='grc' dir='ltr'><strong>γὰρ</strong></span> <span class='ocrx_word' id='word_1_221' title='bbox 1631 2746 1660 2798; x_wconf 84' lang='grc' dir='ltr'>ὁ</span> <span class='ocrx_word' id='word_1_222' title='bbox 1683 2746 1815 2810; x_wconf 84' lang='grc' dir='ltr'><strong>Θεὸς</strong></span> <span class='ocrx_word' id='word_1_223' title='bbox 1839 2749 1932 2801; x_wconf 72' lang='grc' dir='ltr'>καὶ</span> 
     </span>
    </p>
   </div>
   <div class='ocr_carea' id='block_1_30' title="bbox 361 2836 1930 2914">
    <p class='ocr_par' dir='ltr' id='par_1_30' title="bbox 361 2836 1930 2914">
     <span class='ocr_line' id='line_1_30' title="bbox 361 2836 1930 2914; baseline 0.002 -26"><span class='ocrx_word' id='word_1_224' title='bbox 361 2836 551 2906; x_wconf 73' lang='grc' dir='ltr'>Πατὴρ</span> <span class='ocrx_word' id='word_1_225' title='bbox 582 2836 674 2889; x_wconf 78' lang='grc' dir='ltr'>τὸν</span> <span class='ocrx_word' id='word_1_226' title='bbox 702 2836 851 2894; x_wconf 80' lang='grc' dir='ltr'>Υίδν,</span> <span class='ocrx_word' id='word_1_227' title='bbox 881 2836 1157 2906; x_wconf 81' lang='grc' dir='ltr'>ὑπέστησε</span> <span class='ocrx_word' id='word_1_228' title='bbox 1192 2838 1288 2887; x_wconf 71' lang='grc' dir='ltr'><strong>καὶ</strong></span> <span class='ocrx_word' id='word_1_229' title='bbox 1329 2837 1396 2890; x_wconf 72' lang='grc' dir='ltr'>τὰ</span> <span class='ocrx_word' id='word_1_230' title='bbox 1430 2837 1725 2914; x_wconf 81' lang='grc' dir='ltr'>κτίσματα.</span> <span class='ocrx_word' id='word_1_231' title='bbox 1773 2838 1930 2891; x_wconf 76' lang='grc' dir='ltr'>Κατὰ</span> 
     </span>
    </p>
   </div>
   <div class='ocr_carea' id='block_1_31' title="bbox 360 2928 1950 2999">
    <p class='ocr_par' dir='ltr' id='par_1_31' title="bbox 360 2928 1950 2999">
     <span class='ocr_line' id='line_1_31' title="bbox 360 2928 1950 2999; baseline 0.001 -16"><span class='ocrx_word' id='word_1_232' title='bbox 360 2932 469 2999; x_wconf 78' lang='grc' dir='ltr'>γὰρ</span> <span class='ocrx_word' id='word_1_233' title='bbox 499 2929 592 2981; x_wconf 69' lang='grc' dir='ltr'><strong>τον</strong></span> <span class='ocrx_word' id='word_1_234' title='bbox 627 2928 808 2998; x_wconf 79' lang='grc' dir='ltr'>μέγαν</span> <span class='ocrx_word' id='word_1_235' title='bbox 831 2928 1355 2988; x_wconf 80' lang='grc' dir='ltr'>Ἀθανάσιον,Αίτία</span> <span class='ocrx_word' id='word_1_236' title='bbox 1374 2929 1544 2983; x_wconf 75' lang='grc' dir='ltr'>ἐστὶν</span> <span class='ocrx_word' id='word_1_237' title='bbox 1574 2930 1611 2997; x_wconf 80' lang='grc' dir='ltr'><strong><em>ὴ</em></strong></span> <span class='ocrx_word' id='word_1_238' title='bbox 1643 2933 1748 2984; x_wconf 88' lang='grc' dir='ltr'><strong>τοῦ</strong></span> <span class='ocrx_word' id='word_1_239' title='bbox 1783 2932 1950 2991; x_wconf 79' lang='grc' dir='ltr'>Θεοῦ,</span> 
     </span>
    </p>
   </div>
   <div class='ocr_carea' id='block_1_32' title="bbox 360 3017 1932 3088">
    <p class='ocr_par' dir='ltr' id='par_1_32' title="bbox 360 3017 1932 3088">
     <span class='ocr_line' id='line_1_32' title="bbox 360 3017 1932 3088; baseline -0.001 -15"><span class='ocrx_word' id='word_1_240' title='bbox 360 3021 550 3088; x_wconf 71' lang='grc' dir='ltr'>φύσις</span> <span class='ocrx_word' id='word_1_241' title='bbox 599 3017 708 3071; x_wconf 83' lang='grc' dir='ltr'><strong>τοῦ</strong></span> <span class='ocrx_word' id='word_1_242' title='bbox 761 3018 896 3070; x_wconf 84' lang='grc' dir='ltr'>Υίοῦ</span> <span class='ocrx_word' id='word_1_243' title='bbox 952 3017 1049 3070; x_wconf 82' lang='grc' dir='ltr'><strong>καί</strong></span> <span class='ocrx_word' id='word_1_244' title='bbox 1093 3017 1200 3071; x_wconf 81' lang='grc' dir='ltr'><strong>τοῦ</strong></span> <span class='ocrx_word' id='word_1_245' title='bbox 1254 3020 1622 3086; x_wconf 78' lang='grc' dir='ltr'>Πνεύματος,</span> <span class='ocrx_word' id='word_1_246' title='bbox 1686 3019 1784 3072; x_wconf 79' lang='grc' dir='ltr'>καὶ</span> <span class='ocrx_word' id='word_1_247' title='bbox 1821 3020 1932 3088; x_wconf 81' lang='grc' dir='ltr'>τῆς</span> 
     </span>
    </p>
   </div>
   <div class='ocr_carea' id='block_1_33' title="bbox 1960 1785 2084 1866">
    <p class='ocr_par' dir='ltr' id='par_1_33' title="bbox 1960 1785 2084 1866">
     <span class='ocr_line' id='line_1_33' title="bbox 1960 1785 2084 1866; baseline -0.008 0"><span class='ocrx_word' id='word_1_248' title='bbox 1960 1785 2084 1866; x_wconf 64' lang='lat' dir='ltr'><strong>“in</strong></span> 
     </span>
    </p>
   </div>
   <div class='ocr_carea' id='block_1_34' title="bbox 2013 533 3601 606">
    <p class='ocr_par' dir='ltr' id='par_1_34' title="bbox 2013 533 3601 606">
     <span class='ocr_line' id='line_1_34' title="bbox 2013 533 3601 606; baseline 0.001 -14"><span class='ocrx_word' id='word_1_249' title='bbox 2013 538 2283 606; x_wconf 83' lang='lat' dir='ltr'><strong>.cujusque</strong></span> <span class='ocrx_word' id='word_1_250' title='bbox 2311 537 2566 590; x_wconf 86' lang='lat' dir='ltr'><strong>distincta</strong></span> <span class='ocrx_word' id='word_1_251' title='bbox 2589 533 2911 602; x_wconf 84' lang='lat' dir='ltr'><strong>diversaque</strong></span> <span class='ocrx_word' id='word_1_252' title='bbox 2940 537 3081 591; x_wconf 87' lang='lat' dir='ltr'><strong>ratio</strong></span> <span class='ocrx_word' id='word_1_253' title='bbox 3109 544 3215 601; x_wconf 86' lang='lat' dir='ltr'><strong>est,</strong></span> <span class='ocrx_word' id='word_1_254' title='bbox 3245 537 3362 593; x_wconf 83' lang='lat' dir='ltr'><strong>sive</strong></span> <span class='ocrx_word' id='word_1_255' title='bbox 3406 540 3601 594; x_wconf 80' lang='lat' dir='ltr'><strong>delini-</strong></span> 
     </span>
    </p>
   </div>
   <div class='ocr_carea' id='block_1_35' title="bbox 2023 625 3598 699">
    <p class='ocr_par' dir='ltr' id='par_1_35' title="bbox 2023 625 3598 699">
     <span class='ocr_line' id='line_1_35' title="bbox 2023 625 3598 699; baseline 0.002 -17"><span class='ocrx_word' id='word_1_256' title='bbox 2023 628 2116 692; x_wconf 91' lang='lat' dir='ltr'><strong>tio,</strong></span> <span class='ocrx_word' id='word_1_257' title='bbox 2165 628 2462 682; x_wconf 90' lang='lat' dir='ltr'><strong>secundum</strong></span> <span class='ocrx_word' id='word_1_258' title='bbox 2501 641 2614 680; x_wconf 87' lang='lat' dir='ltr'><strong>rem</strong></span> <span class='ocrx_word' id='word_1_259' title='bbox 2638 639 2765 680; x_wconf 72' lang='lat' dir='ltr'><strong>vero</strong></span> <span class='ocrx_word' id='word_1_260' title='bbox 2824 625 2966 680; x_wconf 88' lang='lat' dir='ltr'><strong>idem</strong></span> <span class='ocrx_word' id='word_1_261' title='bbox 2997 637 3146 682; x_wconf 86' lang='lat' dir='ltr'><strong>sunt.</strong></span> <span class='ocrx_word' id='word_1_262' title='bbox 3178 625 3340 684; x_wconf 84' lang='lat' dir='ltr'><strong>Velut</strong></span> <span class='ocrx_word' id='word_1_263' title='bbox 3371 645 3598 699; x_wconf 77' lang='lat' dir='ltr'><strong>granum</strong></span> 
     </span>
    </p>
   </div>
   <div class='ocr_carea' id='block_1_36' title="bbox 2021 704 3667 786">
    <p class='ocr_par' dir='ltr' id='par_1_36' title="bbox 2021 704 3667 786">
     <span class='ocr_line' id='line_1_36' title="bbox 2021 704 3667 786; baseline 0.004 -16"><span class='ocrx_word' id='word_1_264' title='bbox 2021 715 2183 770; x_wconf 88' lang='lat' dir='ltr'><strong>tritici</strong></span> <span class='ocrx_word' id='word_1_265' title='bbox 2218 716 2417 771; x_wconf 88' lang='lat' dir='ltr'><strong>dicitur</strong></span> <span class='ocrx_word' id='word_1_266' title='bbox 2442 725 2606 786; x_wconf 88' lang='lat' dir='ltr'><strong>atque</strong></span> <span class='ocrx_word' id='word_1_267' title='bbox 2651 727 2738 771; x_wconf 91' lang='lat' dir='ltr'><strong>est</strong></span> <span class='ocrx_word' id='word_1_268' title='bbox 2782 730 2968 771; x_wconf 82' lang='lat' dir='ltr'><strong>semen</strong></span> <span class='ocrx_word' id='word_1_269' title='bbox 2997 726 3053 772; x_wconf 84' lang='lat' dir='ltr'><strong>et</strong></span> <span class='ocrx_word' id='word_1_270' title='bbox 3079 717 3314 785; x_wconf 78' lang='lat' dir='ltr'><strong>fructus,</strong></span> <span class='ocrx_word' id='word_1_271' title='bbox 3365 717 3422 776; x_wconf 76' lang='lat' dir='ltr'><strong>e&#39;t</strong></span> <span class='ocrx_word' id='word_1_272' title='bbox 3459 722 3604 776; x_wconf 86' lang='lat' dir='ltr'><strong>sicut</strong></span> <span class='ocrx_word' id='word_1_273' title='bbox 3648 704 3667 766; x_wconf 64' lang='grc' dir='ltr'><strong>δέ</strong></span> 
     </span>
    </p>
   </div>
   <div class='ocr_carea' id='block_1_37' title="bbox 2022 805 3600 878">
    <p class='ocr_par' dir='ltr' id='par_1_37' title="bbox 2022 805 3600 878">
     <span class='ocr_line' id='line_1_37' title="bbox 2022 805 3600 878; baseline 0.006 -20"><span class='ocrx_word' id='word_1_274' title='bbox 2022 816 2283 874; x_wconf 83' lang='lat' dir='ltr'><strong>punctum</strong></span> <span class='ocrx_word' id='word_1_275' title='bbox 2324 807 2375 860; x_wconf 89' lang='lat' dir='ltr'><strong>in</strong></span> <span class='ocrx_word' id='word_1_276' title='bbox 2410 805 2658 872; x_wconf 76' lang='lat' dir='ltr'><strong>linen,&#39;et</strong></span> <span class='ocrx_word' id='word_1_277' title='bbox 2694 806 2904 860; x_wconf 89' lang='lat' dir='ltr'><strong>initium</strong></span> <span class='ocrx_word' id='word_1_278' title='bbox 2950 817 3175 863; x_wconf 77' lang='lat' dir='ltr'><strong>vocatur</strong></span> <span class='ocrx_word' id='word_1_279' title='bbox 3197 820 3252 865; x_wconf 89' lang='lat' dir='ltr'><strong>et</strong></span> <span class='ocrx_word' id='word_1_280' title='bbox 3279 810 3440 878; x_wconf 84' lang='lat' dir='ltr'><strong>ﬁnis;</strong></span> <span class='ocrx_word' id='word_1_281' title='bbox 3481 810 3600 868; x_wconf 84' lang='lat' dir='ltr'><strong>ini-</strong></span> 
     </span>
    </p>
   </div>
   <div class='ocr_carea' id='block_1_38' title="bbox 2023 896 3600 972">
    <p class='ocr_par' dir='ltr' id='par_1_38' title="bbox 2023 896 3600 972">
     <span class='ocr_line' id='line_1_38' title="bbox 2023 896 3600 972; baseline 0.006 -22"><span class='ocrx_word' id='word_1_282' title='bbox 2023 896 2158 951; x_wconf 90' lang='lat' dir='ltr'><strong>tium</strong></span> <span class='ocrx_word' id='word_1_283' title='bbox 2184 898 2402 967; x_wconf 85' lang='lat' dir='ltr'><strong>quidem</strong></span> <span class='ocrx_word' id='word_1_284' title='bbox 2448 900 2748 966; x_wconf 88' lang='lat' dir='ltr'><strong>sequentis,</strong></span> <span class='ocrx_word' id='word_1_285' title='bbox 2783 898 2906 953; x_wconf 88' lang='lat' dir='ltr'><strong>linis</strong></span> <span class='ocrx_word' id='word_1_286' title='bbox 2934 912 3060 954; x_wconf 82' lang='lat' dir='ltr'><strong>vero</strong></span> <span class='ocrx_word' id='word_1_287' title='bbox 3104 899 3223 970; x_wconf 88' lang='lat' dir='ltr'><strong>ejus</strong></span> <span class='ocrx_word' id='word_1_288' title='bbox 3251 901 3395 972; x_wconf 90' lang='lat' dir='ltr'><strong>quod</strong></span> <span class='ocrx_word' id='word_1_289' title='bbox 3443 911 3600 960; x_wconf 86' lang='lat' dir='ltr'><strong>ante-</strong></span> 
     </span>
    </p>
   </div>
   <div class='ocr_carea' id='block_1_39' title="bbox 2022 989 3603 1060">
    <p class='ocr_par' dir='ltr' id='par_1_39' title="bbox 2022 989 3603 1060">
     <span class='ocr_line' id='line_1_39' title="bbox 2022 989 3603 1060; baseline 0.004 -16"><span class='ocrx_word' id='word_1_290' title='bbox 2022 989 2188 1044; x_wconf 88' lang='lat' dir='ltr'><strong>cedit.</strong></span> <span class='ocrx_word' id='word_1_291' title='bbox 2245 989 2453 1045; x_wconf 86' lang='lat' dir='ltr'><strong>Puncta</strong></span> <span class='ocrx_word' id='word_1_292' title='bbox 2507 990 2671 1060; x_wconf 68' lang='lat' dir='ltr'><strong>igitur</strong></span> <span class='ocrx_word' id='word_1_293' title='bbox 2717 1000 2774 1046; x_wconf 88' lang='lat' dir='ltr'><strong>et</strong></span> <span class='ocrx_word' id='word_1_294' title='bbox 2818 990 3032 1046; x_wconf 87' lang='lat' dir='ltr'><strong>initium</strong></span> <span class='ocrx_word' id='word_1_295' title='bbox 3085 1002 3139 1048; x_wconf 88' lang='lat' dir='ltr'><strong>et</strong></span> <span class='ocrx_word' id='word_1_296' title='bbox 3167 993 3290 1048; x_wconf 85' lang='lat' dir='ltr'><strong>ﬁnis</strong></span> <span class='ocrx_word' id='word_1_297' title='bbox 3347 995 3603 1051; x_wconf 89' lang='lat' dir='ltr'><strong>tribuitur</strong></span> 
     </span>
    </p>
   </div>
   <div class='ocr_carea' id='block_1_40' title="bbox 2022 1080 3603 1154">
    <p class='ocr_par' dir='ltr' id='par_1_40' title="bbox 2022 1080 3603 1154">
     <span class='ocr_line' id='line_1_40' title="bbox 2022 1080 3603 1154; baseline 0.004 -18"><span class='ocrx_word' id='word_1_298' title='bbox 2022 1081 2321 1136; x_wconf 84' lang='lat' dir='ltr'><strong>secundum</strong></span> <span class='ocrx_word' id='word_1_299' title='bbox 2349 1080 2617 1137; x_wconf 82' lang='lat' dir='ltr'><strong>diversam</strong></span> <span class='ocrx_word' id='word_1_300' title='bbox 2643 1082 2930 1148; x_wconf 88' lang='lat' dir='ltr'><strong>rationem,</strong></span> <span class='ocrx_word' id='word_1_301' title='bbox 2963 1093 3126 1154; x_wconf 89' lang='lat' dir='ltr'><strong>atque</strong></span> <span class='ocrx_word' id='word_1_302' title='bbox 3150 1084 3443 1142; x_wconf 76' lang='lat' dir='ltr'><strong>diStinctos</strong></span> <span class='ocrx_word' id='word_1_303' title='bbox 3472 1087 3603 1142; x_wconf 83' lang='lat' dir='ltr'><strong>sub-</strong></span> 
     </span>
    </p>
   </div>
   <div class='ocr_carea' id='block_1_41' title="bbox 2025 1169 3696 1240">
    <p class='ocr_par' dir='ltr' id='par_1_41' title="bbox 2025 1169 3696 1240">
     <span class='ocr_line' id='line_1_41' title="bbox 2025 1169 3696 1240; baseline 0.008 -17"><span class='ocrx_word' id='word_1_304' title='bbox 2025 1169 2147 1223; x_wconf 86' lang='lat' dir='ltr'><strong>tiles</strong></span> <span class='ocrx_word' id='word_1_305' title='bbox 2179 1171 2469 1240; x_wconf 79' lang='lat' dir='ltr'><strong>cogitatus.</strong></span> <span class='ocrx_word' id='word_1_306' title='bbox 2525 1170 2640 1228; x_wconf 84' lang='lat' dir='ltr'><strong>Non</strong></span> <span class='ocrx_word' id='word_1_307' title='bbox 2669 1182 2846 1229; x_wconf 84' lang='lat' dir='ltr'><strong>tamen</strong></span> <span class='ocrx_word' id='word_1_308' title='bbox 2879 1175 3090 1237; x_wconf 86' lang='lat' dir='ltr'><strong>initium</strong></span> <span class='ocrx_word' id='word_1_309' title='bbox 3121 1187 3174 1232; x_wconf 91' lang='lat' dir='ltr'><strong>et</strong></span> <span class='ocrx_word' id='word_1_310' title='bbox 3201 1177 3322 1234; x_wconf 79' lang='lat' dir='ltr'><strong>ﬁnis</strong></span> <span class='ocrx_word' id='word_1_311' title='bbox 3355 1191 3485 1234; x_wconf 89' lang='lat' dir='ltr'><strong>sunt</strong></span> <span class='ocrx_word' id='word_1_312' title='bbox 3521 1182 3605 1236; x_wconf 83' lang='lat' dir='ltr'><strong>di-</strong></span> <span class='ocrx_word' id='word_1_313' title='bbox 3684 1202 3696 1219; x_wconf 74' lang='grc' dir='ltr'><strong>ι</strong></span> 
     </span>
    </p>
   </div>
   <div class='ocr_carea' id='block_1_42' title="bbox 2025 1263 3605 1342">
    <p class='ocr_par' dir='ltr' id='par_1_42' title="bbox 2025 1263 3605 1342">
     <span class='ocr_line' id='line_1_42' title="bbox 2025 1263 3605 1342; baseline 0.006 -26"><span class='ocrx_word' id='word_1_314' title='bbox 2025 1276 2193 1317; x_wconf 74' lang='lat' dir='ltr'><strong>versa:</strong></span> <span class='ocrx_word' id='word_1_315' title='bbox 2240 1278 2346 1326; x_wconf 89' lang='lat' dir='ltr'><strong>res,</strong></span> <span class='ocrx_word' id='word_1_316' title='bbox 2376 1263 2474 1319; x_wconf 83' lang='lat' dir='ltr'><strong>sed</strong></span> <span class='ocrx_word' id='word_1_317' title='bbox 2495 1265 2710 1334; x_wconf 89' lang='lat' dir='ltr'><strong>utrique</strong></span> <span class='ocrx_word' id='word_1_318' title='bbox 2737 1281 2846 1321; x_wconf 82' lang='lat' dir='ltr'><strong>una</strong></span> <span class='ocrx_word' id='word_1_319' title='bbox 2899 1268 3196 1338; x_wconf 87' lang='lat' dir='ltr'><strong>eademque</strong></span> <span class='ocrx_word' id='word_1_320' title='bbox 3227 1284 3314 1326; x_wconf 90' lang='lat' dir='ltr'><strong>res</strong></span> <span class='ocrx_word' id='word_1_321' title='bbox 3361 1271 3605 1342; x_wconf 79' lang='lat' dir='ltr'><strong>subjecta</strong></span> 
     </span>
    </p>
   </div>
   <div class='ocr_carea' id='block_1_43' title="bbox 2024 1360 3611 1427">
    <p class='ocr_par' dir='ltr' id='par_1_43' title="bbox 2024 1360 3611 1427">
     <span class='ocr_line' id='line_1_43' title="bbox 2024 1360 3611 1427; baseline 0.008 -18"><span class='ocrx_word' id='word_1_322' title='bbox 2024 1363 2130 1419; x_wconf 89' lang='lat' dir='ltr'><strong>est,</strong></span> <span class='ocrx_word' id='word_1_323' title='bbox 2182 1370 2374 1426; x_wconf 85' lang='lat' dir='ltr'><strong>nempe</strong></span> <span class='ocrx_word' id='word_1_324' title='bbox 2423 1367 2706 1427; x_wconf 86' lang='lat' dir='ltr'><strong>punctum.</strong></span> <span class='ocrx_word' id='word_1_325' title='bbox 2759 1361 2838 1414; x_wconf 84' lang='lat' dir='ltr'><strong>Ad</strong></span> <span class='ocrx_word' id='word_1_326' title='bbox 2875 1360 2996 1417; x_wconf 76' lang='lat' dir='ltr'><strong>hzec</strong></span> <span class='ocrx_word' id='word_1_327' title='bbox 3045 1363 3209 1417; x_wconf 87' lang='lat' dir='ltr'><strong>etiam</strong></span> <span class='ocrx_word' id='word_1_328' title='bbox 3264 1378 3522 1423; x_wconf 75' lang='lat' dir='ltr'><strong>accessus</strong></span> <span class='ocrx_word' id='word_1_329' title='bbox 3552 1376 3611 1424; x_wconf 87' lang='lat' dir='ltr'><strong>et</strong></span> 
     </span>
    </p>
   </div>
   <div class='ocr_carea' id='block_1_44' title="bbox 2026 1451 3608 1528">
    <p class='ocr_par' dir='ltr' id='par_1_44' title="bbox 2026 1451 3608 1528">
     <span class='ocr_line' id='line_1_44' title="bbox 2026 1451 3608 1528; baseline 0.008 -30"><span class='ocrx_word' id='word_1_330' title='bbox 2026 1458 2274 1502; x_wconf 89' lang='lat' dir='ltr'><strong>recessus</strong></span> <span class='ocrx_word' id='word_1_331' title='bbox 2323 1462 2428 1501; x_wconf 92' lang='lat' dir='ltr'><strong>non</strong></span> <span class='ocrx_word' id='word_1_332' title='bbox 2485 1461 2612 1503; x_wconf 88' lang='lat' dir='ltr'><strong>sunt</strong></span> <span class='ocrx_word' id='word_1_333' title='bbox 2661 1465 2748 1506; x_wconf 87' lang='lat' dir='ltr'><strong>res</strong></span> <span class='ocrx_word' id='word_1_334' title='bbox 2776 1451 3002 1506; x_wconf 61' lang='lat' dir='ltr'><strong>diversa:</strong></span> <span class='ocrx_word' id='word_1_335' title='bbox 3030 1469 3045 1508; x_wconf 90' lang='lat'><strong>:</strong></span> <span class='ocrx_word' id='word_1_336' title='bbox 3080 1453 3220 1508; x_wconf 86' lang='lat' dir='ltr'><strong>idem</strong></span> <span class='ocrx_word' id='word_1_337' title='bbox 3251 1455 3395 1511; x_wconf 89' lang='lat' dir='ltr'><strong>enim</strong></span> <span class='ocrx_word' id='word_1_338' title='bbox 3430 1458 3608 1528; x_wconf 78' lang='lat' dir='ltr'><strong>reipsa</strong></span> 
     </span>
    </p>
   </div>
   <div class='ocr_carea' id='block_1_45' title="bbox 2026 1535 3610 1623">
    <p class='ocr_par' dir='ltr' id='par_1_45' title="bbox 2026 1535 3610 1623">
     <span class='ocr_line' id='line_1_45' title="bbox 2026 1535 3610 1623; baseline 0.011 -34"><span class='ocrx_word' id='word_1_339' title='bbox 2026 1535 2342 1623; x_wconf 34' lang='lat' dir='ltr'><strong>innutroque</strong></span> <span class='ocrx_word' id='word_1_340' title='bbox 2364 1550 2538 1594; x_wconf 90' lang='lat' dir='ltr'><strong>motus</strong></span> <span class='ocrx_word' id='word_1_341' title='bbox 2569 1553 2650 1596; x_wconf 88' lang='lat' dir='ltr'><strong>est</strong></span> <span class='ocrx_word' id='word_1_342' title='bbox 2680 1559 2692 1596; x_wconf 94' lang='lat'><strong>:</strong></span> <span class='ocrx_word' id='word_1_343' title='bbox 2723 1542 2814 1596; x_wconf 87' lang='lat' dir='ltr'><strong>sed</strong></span> <span class='ocrx_word' id='word_1_344' title='bbox 2838 1543 3244 1613; x_wconf 78' lang='lat' dir='ltr'><strong>distinguuntur</strong></span> <span class='ocrx_word' id='word_1_345' title='bbox 3258 1548 3373 1603; x_wconf 84' lang='lat' dir='ltr'><strong>sola</strong></span> <span class='ocrx_word' id='word_1_346' title='bbox 3399 1550 3610 1606; x_wconf 86' lang='lat' dir='ltr'><strong>ratione</strong></span> 
     </span>
    </p>
   </div>
   <div class='ocr_carea' id='block_1_46' title="bbox 2029 1630 2962 1691">
    <p class='ocr_par' dir='ltr' id='par_1_46' title="bbox 2029 1630 2962 1691">
     <span class='ocr_line' id='line_1_46' title="bbox 2029 1630 2962 1691; baseline 0.006 -6"><span class='ocrx_word' id='word_1_347' title='bbox 2029 1630 2322 1685; x_wconf 80' lang='lat' dir='ltr'><strong>secundum</strong></span> <span class='ocrx_word' id='word_1_348' title='bbox 2355 1631 2451 1686; x_wconf 87' lang='lat' dir='ltr'><strong>bas</strong></span> <span class='ocrx_word' id='word_1_349' title='bbox 2476 1634 2962 1691; x_wconf 86' lang='lat' dir='ltr'><strong>considerationes.</strong></span> 
     </span>
    </p>
   </div>
   <div class='ocr_carea' id='block_1_47' title="bbox 2102 1717 3610 1794">
    <p class='ocr_par' dir='ltr' id='par_1_47' title="bbox 2102 1717 3610 1794">
     <span class='ocr_line' id='line_1_47' title="bbox 2102 1717 3610 1794; baseline 0.007 -20"><span class='ocrx_word' id='word_1_350' title='bbox 2102 1717 2332 1775; x_wconf 87' lang='lat' dir='ltr'><strong>Sanctus</strong></span> <span class='ocrx_word' id='word_1_351' title='bbox 2348 1737 2563 1790; x_wconf 89' lang='lat' dir='ltr'><strong>quoque</strong></span> <span class='ocrx_word' id='word_1_352' title='bbox 2582 1724 2816 1794; x_wconf 85' lang='lat' dir='ltr'><strong>Cyrillns</strong></span> <span class='ocrx_word' id='word_1_353' title='bbox 2847 1726 2900 1780; x_wconf 92' lang='lat' dir='ltr'><strong>in</strong></span> <span class='ocrx_word' id='word_1_354' title='bbox 2929 1727 3166 1784; x_wconf 87' lang='lat' dir='ltr'><strong>secundo</strong></span> <span class='ocrx_word' id='word_1_355' title='bbox 3216 1729 3610 1786; x_wconf 80' lang='lat' dir='ltr'><strong>Thesaurorum</strong></span> 
     </span>
    </p>
   </div>
   <div class='ocr_carea' id='block_1_48' title="bbox 2096 1811 3608 1887">
    <p class='ocr_par' dir='ltr' id='par_1_48' title="bbox 2096 1811 3608 1887">
     <span class='ocr_line' id='line_1_48' title="bbox 2096 1811 3608 1887; baseline 0.01 -25"><span class='ocrx_word' id='word_1_356' title='bbox 2096 1813 2167 1864; x_wconf 76' lang='lat' dir='ltr'><strong>.tit</strong></span> <span class='ocrx_word' id='word_1_357' title='bbox 2202 1830 2215 1866; x_wconf 92' lang='lat'>:</span> <span class='ocrx_word' id='word_1_358' title='bbox 2243 1811 2414 1867; x_wconf 82' lang='lat' dir='ltr'><strong>Habet</strong></span> <span class='ocrx_word' id='word_1_359' title='bbox 2454 1825 2508 1866; x_wconf 85' lang='lat' dir='ltr'><strong>ut</strong></span> <span class='ocrx_word' id='word_1_360' title='bbox 2538 1817 2713 1885; x_wconf 79' lang='lat' dir='ltr'><strong>gignat</strong></span> <span class='ocrx_word' id='word_1_361' title='bbox 2733 1816 2894 1872; x_wconf 89' lang='lat' dir='ltr'><strong>Pater</strong></span> <span class='ocrx_word' id='word_1_362' title='bbox 2921 1829 3150 1887; x_wconf 83' lang='lat' dir='ltr'><strong>natura;</strong></span> <span class='ocrx_word' id='word_1_363' title='bbox 3190 1823 3342 1876; x_wconf 83' lang='lat' dir='ltr'><strong>habet</strong></span> <span class='ocrx_word' id='word_1_364' title='bbox 3363 1825 3526 1878; x_wconf 87' lang='lat' dir='ltr'><strong>etiam</strong></span> <span class='ocrx_word' id='word_1_365' title='bbox 3550 1836 3608 1879; x_wconf 80' lang='lat' dir='ltr'><strong>stt</strong></span> 
     </span>
    </p>
   </div>
   <div class='ocr_carea' id='block_1_49' title="bbox 2031 1905 3610 1987">
    <p class='ocr_par' dir='ltr' id='par_1_49' title="bbox 2031 1905 3610 1987">
     <span class='ocr_line' id='line_1_49' title="bbox 2031 1905 3610 1987; baseline 0.009 -31"><span class='ocrx_word' id='word_1_366' title='bbox 2031 1913 2167 1956; x_wconf 85' lang='lat' dir='ltr'><strong>creet</strong></span> <span class='ocrx_word' id='word_1_367' title='bbox 2202 1905 2490 1959; x_wconf 74' lang='lat' dir='ltr'><strong>conditoris</strong></span> <span class='ocrx_word' id='word_1_368' title='bbox 2525 1911 2784 1974; x_wconf 84' lang='lat' dir='ltr'><strong>potentia,</strong></span> <span class='ocrx_word' id='word_1_369' title='bbox 2823 1925 2916 1978; x_wconf 85' lang='lat' dir='ltr'><strong>per</strong></span> <span class='ocrx_word' id='word_1_370' title='bbox 2940 1909 3292 1980; x_wconf 77' lang='lat' dir='ltr'><strong>Filium;nec</strong></span> <span class='ocrx_word' id='word_1_371' title='bbox 3331 1927 3610 1987; x_wconf 81' lang='lat' dir='ltr'><strong>prapterea</strong></span> 
     </span>
    </p>
   </div>
   <div class='ocr_carea' id='block_1_50' title="bbox 2037 2001 3605 2074">
    <p class='ocr_par' dir='ltr' id='par_1_50' title="bbox 2037 2001 3605 2074">
     <span class='ocr_line' id='line_1_50' title="bbox 2037 2001 3605 2074; baseline 0.012 -27"><span class='ocrx_word' id='word_1_372' title='bbox 2037 2001 2353 2061; x_wconf 85' lang='lat' dir='ltr'><strong>compositus</strong></span> <span class='ocrx_word' id='word_1_373' title='bbox 2403 2009 2505 2065; x_wconf 84' lang='lat' dir='ltr'><strong>est;</strong></span> <span class='ocrx_word' id='word_1_374' title='bbox 2525 2008 2646 2053; x_wconf 82' lang='lat' dir='ltr'><strong>sunt</strong></span> <span class='ocrx_word' id='word_1_375' title='bbox 2697 2005 2834 2055; x_wconf 79' lang='lat' dir='ltr'><strong>enim</strong></span> <span class='ocrx_word' id='word_1_376' title='bbox 2867 2002 3075 2072; x_wconf 76' lang='lat' dir='ltr'><strong>fructus</strong></span> <span class='ocrx_word' id='word_1_377' title='bbox 3105 2005 3340 2074; x_wconf 80' lang='lat' dir='ltr'><strong>ejusdem</strong></span> <span class='ocrx_word' id='word_1_378' title='bbox 3371 2019 3605 2065; x_wconf 75' lang='lat' dir='ltr'><strong>natum.</strong></span> 
     </span>
    </p>
   </div>
   <div class='ocr_carea' id='block_1_51' title="bbox 2031 2087 3608 2170">
    <p class='ocr_par' dir='ltr' id='par_1_51' title="bbox 2031 2087 3608 2170">
     <span class='ocr_line' id='line_1_51' title="bbox 2031 2087 3608 2170; baseline 0.011 -29"><span class='ocrx_word' id='word_1_379' title='bbox 2031 2087 2172 2142; x_wconf 92' lang='lat' dir='ltr'><strong>Idem</strong></span> <span class='ocrx_word' id='word_1_380' title='bbox 2197 2105 2400 2145; x_wconf 83' lang='lat' dir='ltr'><strong>rursus:</strong></span> <span class='ocrx_word' id='word_1_381' title='bbox 2425 2089 2623 2147; x_wconf 84' lang='lat' dir='ltr'><strong>Facere</strong></span> <span class='ocrx_word' id='word_1_382' title='bbox 2640 2093 2846 2163; x_wconf 84' lang='lat' dir='ltr'><strong>quidem</strong></span> <span class='ocrx_word' id='word_1_383' title='bbox 2865 2112 2926 2148; x_wconf 89' lang='lat' dir='ltr'><strong>ac</strong></span> <span class='ocrx_word' id='word_1_384' title='bbox 2941 2113 3118 2153; x_wconf 81' lang='lat' dir='ltr'><strong>creare</strong></span> <span class='ocrx_word' id='word_1_385' title='bbox 3160 2102 3474 2170; x_wconf 71' lang='lat' dir='ltr'><strong>operationis</strong></span> <span class='ocrx_word' id='word_1_386' title='bbox 3493 2113 3608 2170; x_wconf 77' lang='lat' dir='ltr'><strong>est;</strong></span> 
     </span>
    </p>
   </div>
   <div class='ocr_carea' id='block_1_52' title="bbox 2029 2187 3610 2262">
    <p class='ocr_par' dir='ltr' id='par_1_52' title="bbox 2029 2187 3610 2262">
     <span class='ocr_line' id='line_1_52' title="bbox 2029 2187 3610 2262; baseline 0.008 -25"><span class='ocrx_word' id='word_1_387' title='bbox 2029 2198 2278 2254; x_wconf 85' lang='lat' dir='ltr'><strong>generare</strong></span> <span class='ocrx_word' id='word_1_388' title='bbox 2325 2193 2522 2246; x_wconf 87' lang='lat' dir='ltr'><strong>autem,</strong></span> <span class='ocrx_word' id='word_1_389' title='bbox 2570 2195 2797 2241; x_wconf 69' lang='lat' dir='ltr'><strong>naturas.</strong></span> <span class='ocrx_word' id='word_1_390' title='bbox 2852 2187 3119 2245; x_wconf 88' lang='lat' dir='ltr'><strong>Similiter</strong></span> <span class='ocrx_word' id='word_1_391' title='bbox 3145 2207 3362 2262; x_wconf 86' lang='lat' dir='ltr'><strong>quoque</strong></span> <span class='ocrx_word' id='word_1_392' title='bbox 3415 2195 3610 2250; x_wconf 83' lang='lat' dir='ltr'><strong>Dama-</strong></span> 
     </span>
    </p>
   </div>
   <div class='ocr_carea' id='block_1_53' title="bbox 2033 2273 3609 2348">
    <p class='ocr_par' dir='ltr' id='par_1_53' title="bbox 2033 2273 3609 2348">
     <span class='ocr_line' id='line_1_53' title="bbox 2033 2273 3609 2348; baseline 0.008 -20"><span class='ocrx_word' id='word_1_393' title='bbox 2033 2288 2228 2328; x_wconf 81' lang='lat' dir='ltr'><strong>scenus</strong></span> <span class='ocrx_word' id='word_1_394' title='bbox 2301 2273 2432 2328; x_wconf 90' lang='lat' dir='ltr'><strong>ait-:</strong></span> <span class='ocrx_word' id='word_1_395' title='bbox 2473 2273 2674 2329; x_wconf 77' lang='lat' dir='ltr'><strong>Divinw</strong></span> <span class='ocrx_word' id='word_1_396' title='bbox 2699 2286 2905 2331; x_wconf 77' lang='lat' dir='ltr'><strong>natura:</strong></span> <span class='ocrx_word' id='word_1_397' title='bbox 2933 2295 3086 2348; x_wconf 81' lang='lat' dir='ltr'><strong>Opus,</strong></span> <span class='ocrx_word' id='word_1_398' title='bbox 3121 2284 3328 2338; x_wconf 67' lang='lat' dir='ltr'><strong>maculis</strong></span> <span class='ocrx_word' id='word_1_399' title='bbox 3373 2288 3609 2342; x_wconf 86' lang='lat' dir='ltr'><strong>anterior</strong></span> 
     </span>
    </p>
   </div>
   <div class='ocr_carea' id='block_1_54' title="bbox 2030 2369 3607 2444">
    <p class='ocr_par' dir='ltr' id='par_1_54' title="bbox 2030 2369 3607 2444">
     <span class='ocr_line' id='line_1_54' title="bbox 2030 2369 3607 2444; baseline 0.011 -26"><span class='ocrx_word' id='word_1_400' title='bbox 2030 2375 2319 2436; x_wconf 76' lang='lat' dir='ltr'><strong>generatio,</strong></span> <span class='ocrx_word' id='word_1_401' title='bbox 2367 2382 2496 2434; x_wconf 82' lang='lat' dir='ltr'><strong>opus</strong></span> <span class='ocrx_word' id='word_1_402' title='bbox 2543 2383 2659 2421; x_wconf 85' lang='lat' dir='ltr'><strong>vero</strong></span> <span class='ocrx_word' id='word_1_403' title='bbox 2720 2369 2911 2424; x_wconf 78' lang='lat' dir='ltr'><strong>divina:</strong></span> <span class='ocrx_word' id='word_1_404' title='bbox 2950 2370 3238 2429; x_wconf 75' lang='lat' dir='ltr'><strong>t&#39;oluntatis</strong></span> <span class='ocrx_word' id='word_1_405' title='bbox 3292 2393 3354 2430; x_wconf 88' lang='lat' dir='ltr'><strong>ac</strong></span> <span class='ocrx_word' id='word_1_406' title='bbox 3372 2379 3607 2444; x_wconf 83' lang='lat' dir='ltr'><strong>consilii,</strong></span> 
     </span>
    </p>
   </div>
   <div class='ocr_carea' id='block_1_55' title="bbox 2031 2460 2253 2513">
    <p class='ocr_par' dir='ltr' id='par_1_55' title="bbox 2031 2460 2253 2513">
     <span class='ocr_line' id='line_1_55' title="bbox 2031 2460 2253 2513; baseline 0.005 -2"><span class='ocrx_word' id='word_1_407' title='bbox 2031 2460 2253 2513; x_wconf 81' lang='lat' dir='ltr'><strong>crcatio.</strong></span> 
     </span>
    </p>
   </div>
   <div class='ocr_carea' id='block_1_56' title="bbox 2101 2552 3610 2634">
    <p class='ocr_par' dir='ltr' id='par_1_56' title="bbox 2101 2552 3610 2634">
     <span class='ocr_line' id='line_1_56' title="bbox 2101 2552 3610 2634; baseline 0.011 -30"><span class='ocrx_word' id='word_1_408' title='bbox 2101 2552 2181 2604; x_wconf 82' lang='lat' dir='ltr'><strong>Ad</strong></span> <span class='ocrx_word' id='word_1_409' title='bbox 2234 2553 2373 2616; x_wconf 69' lang='lat' dir='ltr'><strong>hmo,</strong></span> <span class='ocrx_word' id='word_1_410' title='bbox 2430 2553 2570 2608; x_wconf 85' lang='lat' dir='ltr'><strong>sicut</strong></span> <span class='ocrx_word' id='word_1_411' title='bbox 2617 2554 2780 2611; x_wconf 81' lang='lat' dir='ltr'><strong>habet</strong></span> <span class='ocrx_word' id='word_1_412' title='bbox 2815 2556 2904 2616; x_wconf 89' lang='lat' dir='ltr'><strong>ille</strong></span> <span class='ocrx_word' id='word_1_413' title='bbox 2947 2558 3240 2629; x_wconf 58' lang='lat' dir='ltr'><strong>Scriptura}</strong></span> <span class='ocrx_word' id='word_1_414' title='bbox 3268 2563 3420 2621; x_wconf 88' lang='lat' dir='ltr'><strong>locus</strong></span> <span class='ocrx_word' id='word_1_415' title='bbox 3463 2569 3610 2634; x_wconf 84' lang='lat' dir='ltr'><strong>:Qui</strong></span> 
     </span>
    </p>
   </div>
   <div class='ocr_carea' id='block_1_57' title="bbox 1996 2650 3595 2719">
    <p class='ocr_par' dir='ltr' id='par_1_57' title="bbox 1996 2650 3595 2719">
     <span class='ocr_line' id='line_1_57' title="bbox 1996 2650 3595 2719; baseline 0.011 -18"><span class='ocrx_word' id='word_1_416' title='bbox 1996 2650 2205 2718; x_wconf 75' lang='lat' dir='ltr'><strong>,genuit</strong></span> <span class='ocrx_word' id='word_1_417' title='bbox 2253 2650 2428 2719; x_wconf 82' lang='lat' dir='ltr'><strong>glebas</strong></span> <span class='ocrx_word' id='word_1_418' title='bbox 2497 2652 2634 2705; x_wconf 83' lang='lat' dir='ltr'><strong>roris</strong></span> <span class='ocrx_word' id='word_1_419' title='bbox 2693 2653 2760 2715; x_wconf 68' lang='lat'><strong>’9,</strong></span> <span class='ocrx_word' id='word_1_420' title='bbox 2799 2669 2901 2707; x_wconf 90' lang='lat' dir='ltr'><strong>non</strong></span> <span class='ocrx_word' id='word_1_421' title='bbox 2966 2657 3153 2711; x_wconf 86' lang='lat' dir='ltr'><strong>eadem</strong></span> <span class='ocrx_word' id='word_1_422' title='bbox 3213 2660 3419 2715; x_wconf 82' lang='lat' dir='ltr'><strong>ratione</strong></span> <span class='ocrx_word' id='word_1_423' title='bbox 3484 2674 3595 2718; x_wconf 82' lang='lat' dir='ltr'><strong>tum</strong></span> 
     </span>
    </p>
   </div>
   <div class='ocr_carea' id='block_1_58' title="bbox 2031 2740 3609 2826">
    <p class='ocr_par' dir='ltr' id='par_1_58' title="bbox 2031 2740 3609 2826">
     <span class='ocr_line' id='line_1_58' title="bbox 2031 2740 3609 2826; baseline 0.012 -34"><span class='ocrx_word' id='word_1_424' title='bbox 2031 2740 2235 2808; x_wconf 78' lang='lat' dir='ltr'><strong>glebas,</strong></span> <span class='ocrx_word' id='word_1_425' title='bbox 2273 2751 2399 2826; x_wconf 60' lang='lat' dir='ltr'><strong>uim.</strong></span> <span class='ocrx_word' id='word_1_426' title='bbox 2416 2741 2607 2796; x_wconf 85' lang='lat' dir='ltr'><strong>Filium</strong></span> <span class='ocrx_word' id='word_1_427' title='bbox 2659 2745 2930 2823; x_wconf 80' lang='lat' dir='ltr'><strong>produxit.</strong></span> <span class='ocrx_word' id='word_1_428' title='bbox 2961 2746 3219 2803; x_wconf 79' lang='lat' dir='ltr'><strong>Producit</strong></span> <span class='ocrx_word' id='word_1_429' title='bbox 3268 2753 3414 2806; x_wconf 85' lang='lat' dir='ltr'><strong>enim</strong></span> <span class='ocrx_word' id='word_1_430' title='bbox 3469 2756 3609 2811; x_wconf 87' lang='lat' dir='ltr'><strong>Deus</strong></span> 
     </span>
    </p>
   </div>
   <div class='ocr_carea' id='block_1_59' title="bbox 2031 2821 3606 2902">
    <p class='ocr_par' dir='ltr' id='par_1_59' title="bbox 2031 2821 3606 2902">
     <span class='ocr_line' id='line_1_59' title="bbox 2031 2821 3606 2902; baseline 0.011 -17"><span class='ocrx_word' id='word_1_431' title='bbox 2031 2842 2088 2886; x_wconf 93' lang='lat' dir='ltr'><strong>et</strong></span> <span class='ocrx_word' id='word_1_432' title='bbox 2131 2832 2290 2888; x_wconf 80' lang='lat' dir='ltr'><strong>Pater</strong></span> <span class='ocrx_word' id='word_1_433' title='bbox 2335 2821 2534 2895; x_wconf 70' lang='lat' dir='ltr'><strong>Filium</strong></span> <span class='ocrx_word' id='word_1_434' title='bbox 2580 2872 2594 2896; x_wconf 86' lang='lat'><strong>,</strong></span> <span class='ocrx_word' id='word_1_435' title='bbox 2645 2821 2894 2902; x_wconf 71' lang='lat' dir='ltr'><strong>proditeit</strong></span> <span class='ocrx_word' id='word_1_436' title='bbox 2943 2853 3073 2893; x_wconf 82' lang='lat' dir='ltr'><strong>vero</strong></span> <span class='ocrx_word' id='word_1_437' title='bbox 3115 2842 3279 2896; x_wconf 89' lang='lat' dir='ltr'><strong>etiam</strong></span> <span class='ocrx_word' id='word_1_438' title='bbox 3308 2855 3606 2902; x_wconf 72' lang='lat' dir='ltr'><strong>creaturas.</strong></span> 
     </span>
    </p>
   </div>
   <div class='ocr_carea' id='block_1_60' title="bbox 2031 2922 3612 2992">
    <p class='ocr_par' dir='ltr' id='par_1_60' title="bbox 2031 2922 3612 2992">
     <span class='ocr_line' id='line_1_60' title="bbox 2031 2922 3612 2992; baseline 0.009 -16"><span class='ocrx_word' id='word_1_439' title='bbox 2031 2922 2102 2976; x_wconf 89' lang='lat' dir='ltr'><strong>Ut</strong></span> <span class='ocrx_word' id='word_1_440' title='bbox 2127 2924 2268 2976; x_wconf 89' lang='lat' dir='ltr'><strong>enim</strong></span> <span class='ocrx_word' id='word_1_441' title='bbox 2290 2923 2447 2977; x_wconf 86' lang='lat' dir='ltr'><strong>docet</strong></span> <span class='ocrx_word' id='word_1_442' title='bbox 2479 2940 2703 2992; x_wconf 75' lang='lat' dir='ltr'><strong>magnus</strong></span> <span class='ocrx_word' id='word_1_443' title='bbox 2726 2926 3054 2982; x_wconf 79' lang='lat' dir='ltr'><strong>Athanasius</strong></span> <span class='ocrx_word' id='word_1_444' title='bbox 3074 2947 3086 2982; x_wconf 92' lang='lat'>:</span> <span class='ocrx_word' id='word_1_445' title='bbox 3105 2927 3280 2984; x_wconf 85' lang='lat' dir='ltr'><strong>Causa</strong></span> <span class='ocrx_word' id='word_1_446' title='bbox 3298 2944 3374 2987; x_wconf 87' lang='lat' dir='ltr'><strong>est</strong></span> <span class='ocrx_word' id='word_1_447' title='bbox 3396 2935 3492 2989; x_wconf 83' lang='lat' dir='ltr'><strong>Dei</strong></span> <span class='ocrx_word' id='word_1_448' title='bbox 3515 2954 3612 2990; x_wconf 83' lang='lat' dir='ltr'><strong>na-</strong></span> 
     </span>
    </p>
   </div>
   <div class='ocr_carea' id='block_1_61' title="bbox 2035 3012 3610 3097">
    <p class='ocr_par' dir='ltr' id='par_1_61' title="bbox 2035 3012 3610 3097">
     <span class='ocr_line' id='line_1_61' title="bbox 2035 3012 3610 3097; baseline 0.01 -29"><span class='ocrx_word' id='word_1_449' title='bbox 2035 3026 2153 3068; x_wconf 83' lang='lat' dir='ltr'><strong>tura</strong></span> <span class='ocrx_word' id='word_1_450' title='bbox 2191 3012 2588 3084; x_wconf 82' lang='lat' dir='ltr'><strong>Filii,Spiritus</strong></span> <span class='ocrx_word' id='word_1_451' title='bbox 2616 3034 2676 3069; x_wconf 90' lang='lat' dir='ltr'><strong>ac</strong></span> <span class='ocrx_word' id='word_1_452' title='bbox 2696 3018 2866 3072; x_wconf 82' lang='lat' dir='ltr'><strong>omnis</strong></span> <span class='ocrx_word' id='word_1_453' title='bbox 2895 3030 3171 3078; x_wconf 67' lang='lat' dir='ltr'><strong>creatur-te.</strong></span> <span class='ocrx_word' id='word_1_454' title='bbox 3191 3023 3610 3097; x_wconf 86' lang='lat' dir='ltr'><strong>AtFiliumqni-</strong></span> 
     </span>
    </p>
   </div>
   <div class='ocr_carea' id='block_1_62' title="bbox 361 3105 1932 3181">
    <p class='ocr_par' dir='ltr' id='par_1_62' title="bbox 361 3110 1932 3181">
     <span class='ocr_line' id='line_1_62' title="bbox 361 3110 1932 3181; baseline -0.001 -16"><span class='ocrx_word' id='word_1_455' title='bbox 361 3114 615 3176; x_wconf 79' lang='grc' dir='ltr'>κτίσεως</span> <span class='ocrx_word' id='word_1_456' title='bbox 638 3110 908 3176; x_wconf 79' lang='grc' dir='ltr'>ἀπάσης.</span> <span class='ocrx_word' id='word_1_457' title='bbox 962 3110 1126 3164; x_wconf 80' lang='grc' dir='ltr'><strong>Ἀ).λά</strong></span> <span class='ocrx_word' id='word_1_458' title='bbox 1169 3111 1412 3181; x_wconf 81' lang='grc' dir='ltr'>δηλονότι</span> <span class='ocrx_word' id='word_1_459' title='bbox 1436 3111 1528 3164; x_wconf 77' lang='grc' dir='ltr'>τὸν</span> <span class='ocrx_word' id='word_1_460' title='bbox 1562 3112 1662 3177; x_wconf 87' lang='grc' dir='ltr'>μὲν</span> <span class='ocrx_word' id='word_1_461' title='bbox 1692 3112 1932 3181; x_wconf 83' lang='grc' dir='ltr'>ἀχρόνως</span> 
     </span>
    </p>
   </div>
   <div class='ocr_carea' id='block_1_63' title="bbox 2032 3105 3612 3181">
    <p class='ocr_par' dir='ltr' id='par_1_63' title="bbox 2040 3105 3612 3181">
     <span class='ocr_line' id='line_1_63' title="bbox 2040 3105 3612 3181; baseline 0.011 -23"><span class='ocrx_word' id='word_1_462' title='bbox 2040 3106 2159 3158; x_wconf 88' lang='lat' dir='ltr'><strong>dem</strong></span> <span class='ocrx_word' id='word_1_463' title='bbox 2193 3105 2309 3159; x_wconf 84' lang='lat' dir='ltr'><strong>sine</strong></span> <span class='ocrx_word' id='word_1_464' title='bbox 2330 3115 2568 3176; x_wconf 88' lang='lat' dir='ltr'><strong>tempore</strong></span> <span class='ocrx_word' id='word_1_465' title='bbox 2587 3117 2639 3160; x_wconf 88' lang='lat' dir='ltr'><strong>et</strong></span> <span class='ocrx_word' id='word_1_466' title='bbox 2662 3121 2930 3164; x_wconf 65' lang='lat' dir='ltr'><strong>eoa-terno</strong></span> <span class='ocrx_word' id='word_1_467' title='bbox 2952 3111 3113 3181; x_wconf 86' lang='lat' dir='ltr'><strong>inque</strong></span> <span class='ocrx_word' id='word_1_468' title='bbox 3129 3115 3312 3169; x_wconf 86' lang='lat' dir='ltr'><strong>eadem</strong></span> <span class='ocrx_word' id='word_1_469' title='bbox 3334 3127 3528 3174; x_wconf 88' lang='lat' dir='ltr'><strong>natura</strong></span> <span class='ocrx_word' id='word_1_470' title='bbox 3544 3135 3612 3176; x_wconf 82' lang='lat' dir='ltr'><strong>ex</strong></span> 
     </span>
    </p>
   </div>
   <div class='ocr_carea' id='block_1_64' title="bbox 363 3201 1937 3274">
    <p class='ocr_par' dir='ltr' id='par_1_64' title="bbox 363 3201 1937 3274">
     <span class='ocr_line' id='line_1_64' title="bbox 363 3201 1937 3274; baseline -0.003 -17"><span class='ocrx_word' id='word_1_471' title='bbox 363 3206 462 3257; x_wconf 80' lang='grc' dir='ltr'>καὶ</span> <span class='ocrx_word' id='word_1_472' title='bbox 504 3202 840 3270; x_wconf 81' lang='grc' dir='ltr'><strong>συνωνύμως</strong></span> <span class='ocrx_word' id='word_1_473' title='bbox 880 3203 938 3266; x_wconf 75' lang='grc' dir='ltr'>ἐξ</span> <span class='ocrx_word' id='word_1_474' title='bbox 975 3201 1168 3254; x_wconf 77' lang='grc' dir='ltr'>ἑαυτοῦ</span> <span class='ocrx_word' id='word_1_475' title='bbox 1203 3204 1404 3274; x_wconf 80' lang='grc' dir='ltr'>γεννᾷ·</span> <span class='ocrx_word' id='word_1_476' title='bbox 1438 3201 1507 3256; x_wconf 82' lang='grc' dir='ltr'><strong>τὰ</strong></span> <span class='ocrx_word' id='word_1_477' title='bbox 1545 3203 1602 3256; x_wconf 86' lang='grc' dir='ltr'>δὲ</span> <span class='ocrx_word' id='word_1_478' title='bbox 1651 3205 1710 3257; x_wconf 79' lang='grc' dir='ltr'>ἐν</span> <span class='ocrx_word' id='word_1_479' title='bbox 1759 3205 1937 3274; x_wconf 86' lang='grc' dir='ltr'>χρόνῳ</span> 
     </span>
    </p>
   </div>
   <div class='ocr_carea' id='block_1_65' title="bbox 366 3292 1934 3363">
    <p class='ocr_par' dir='ltr' id='par_1_65' title="bbox 366 3292 1934 3363">
     <span class='ocr_line' id='line_1_65' title="bbox 366 3292 1934 3363; baseline -0.001 -15"><span class='ocrx_word' id='word_1_480' title='bbox 366 3295 460 3348; x_wconf 77' lang='grc' dir='ltr'>καὶ</span> <span class='ocrx_word' id='word_1_481' title='bbox 499 3295 813 3363; x_wconf 77' lang='grc' dir='ltr'><strong>ὁμωνύμως</strong></span> <span class='ocrx_word' id='word_1_482' title='bbox 841 3293 936 3346; x_wconf 74' lang='grc' dir='ltr'>καὶ</span> <span class='ocrx_word' id='word_1_483' title='bbox 968 3292 1404 3363; x_wconf 81' lang='grc' dir='ltr'>δημιουργικῶς,</span> <span class='ocrx_word' id='word_1_484' title='bbox 1440 3295 1535 3348; x_wconf 74' lang='grc' dir='ltr'>καὶ</span> <span class='ocrx_word' id='word_1_485' title='bbox 1586 3293 1690 3358; x_wconf 73' lang='grc' dir='ltr'><strong>ἔξω</strong></span> <span class='ocrx_word' id='word_1_486' title='bbox 1734 3294 1934 3347; x_wconf 79' lang='grc' dir='ltr'>ἑαυτοῦ</span> 
     </span>
    </p>
   </div>
   <div class='ocr_carea' id='block_1_66' title="bbox 364 3383 1936 3454">
    <p class='ocr_par' dir='ltr' id='par_1_66' title="bbox 364 3383 1936 3454">
     <span class='ocr_line' id='line_1_66' title="bbox 364 3383 1936 3454; baseline 0.001 -17"><span class='ocrx_word' id='word_1_487' title='bbox 364 3389 687 3454; x_wconf 80' lang='grc' dir='ltr'>παρήγαγε.</span> <span class='ocrx_word' id='word_1_488' title='bbox 720 3384 889 3452; x_wconf 82' lang='grc' dir='ltr'>Δῆλον</span> <span class='ocrx_word' id='word_1_489' title='bbox 921 3383 978 3436; x_wconf 82' lang='grc' dir='ltr'>δὲ</span> <span class='ocrx_word' id='word_1_490' title='bbox 1010 3385 1105 3438; x_wconf 72' lang='grc' dir='ltr'><strong>καὶ</strong></span> <span class='ocrx_word' id='word_1_491' title='bbox 1135 3386 1201 3437; x_wconf 80' lang='grc' dir='ltr'>ὲκ</span> <span class='ocrx_word' id='word_1_492' title='bbox 1227 3385 1334 3438; x_wconf 87' lang='grc' dir='ltr'><strong>τῶν</strong></span> <span class='ocrx_word' id='word_1_493' title='bbox 1363 3385 1457 3439; x_wconf 87' lang='grc' dir='ltr'><strong>τοῦ</strong></span> <span class='ocrx_word' id='word_1_494' title='bbox 1491 3385 1652 3454; x_wconf 81' lang='grc' dir='ltr'>ἁγίου</span> <span class='ocrx_word' id='word_1_495' title='bbox 1681 3384 1936 3454; x_wconf 82' lang='grc' dir='ltr'>Μαξίμου</span> 
     </span>
    </p>
   </div>
   <div class='ocr_carea' id='block_1_67' title="bbox 365 3469 1934 3542">
    <p class='ocr_par' dir='ltr' id='par_1_67' title="bbox 365 3469 1934 3542">
     <span class='ocr_line' id='line_1_67' title="bbox 365 3469 1934 3542; baseline 0 -13"><span class='ocrx_word' id='word_1_496' title='bbox 365 3477 441 3539; x_wconf 86' lang='grc' dir='ltr'>ὡς</span> <span class='ocrx_word' id='word_1_497' title='bbox 481 3477 658 3538; x_wconf 78' lang='grc' dir='ltr'>ἄλλως</span> <span class='ocrx_word' id='word_1_498' title='bbox 689 3479 784 3529; x_wconf 81' lang='grc' dir='ltr'>καὶ</span> <span class='ocrx_word' id='word_1_499' title='bbox 814 3477 986 3539; x_wconf 79' lang='grc' dir='ltr'>ἄλλως</span> <span class='ocrx_word' id='word_1_500' title='bbox 1015 3476 1084 3530; x_wconf 84' lang='grc' dir='ltr'><strong>τὰ</strong></span> <span class='ocrx_word' id='word_1_501' title='bbox 1127 3478 1348 3531; x_wconf 71' lang='grc' dir='ltr'>αἰτιατὰ</span> <span class='ocrx_word' id='word_1_502' title='bbox 1380 3479 1443 3530; x_wconf 76' lang='grc' dir='ltr'>ἐκ</span> <span class='ocrx_word' id='word_1_503' title='bbox 1468 3469 1582 3530; x_wconf 70' lang='grc' dir='ltr'><strong>τοῦ</strong></span> <span class='ocrx_word' id='word_1_504' title='bbox 1611 3477 1746 3530; x_wconf 84' lang='grc' dir='ltr'><strong>Θεοῦ</strong></span> <span class='ocrx_word' id='word_1_505' title='bbox 1776 3479 1934 3542; x_wconf 77' lang='grc' dir='ltr'>εἰσιν,</span> 
     </span>
    </p>
   </div>
   <div class='ocr_carea' id='block_1_68' title="bbox 362 3569 1937 3640">
    <p class='ocr_par' dir='ltr' id='par_1_68' title="bbox 362 3569 1937 3640">
     <span class='ocr_line' id='line_1_68' title="bbox 362 3569 1937 3640; baseline 0 -18"><span class='ocrx_word' id='word_1_506' title='bbox 362 3570 465 3622; x_wconf 82' lang='grc' dir='ltr'>οὐκ</span> <span class='ocrx_word' id='word_1_507' title='bbox 511 3569 657 3636; x_wconf 76' lang='grc' dir='ltr'>ἄλλῳ</span> <span class='ocrx_word' id='word_1_508' title='bbox 688 3571 783 3621; x_wconf 73' lang='grc' dir='ltr'>καὶ</span> <span class='ocrx_word' id='word_1_509' title='bbox 817 3569 983 3638; x_wconf 80' lang='grc' dir='ltr'>ἄλλῳ.</span> <span class='ocrx_word' id='word_1_510' title='bbox 1021 3569 1093 3622; x_wconf 84' lang='grc' dir='ltr'><strong>Οὐ</strong></span> <span class='ocrx_word' id='word_1_511' title='bbox 1120 3570 1250 3639; x_wconf 80' lang='grc' dir='ltr'>γὰρ,</span> <span class='ocrx_word' id='word_1_512' title='bbox 1297 3571 1389 3622; x_wconf 78' lang='grc' dir='ltr'>καὶ</span> <span class='ocrx_word' id='word_1_513' title='bbox 1437 3569 1582 3640; x_wconf 74' lang='grc' dir='ltr'>ἄλλῳ</span> <span class='ocrx_word' id='word_1_514' title='bbox 1616 3571 1797 3640; x_wconf 77' lang='grc' dir='ltr'>γεννᾷ,</span> <span class='ocrx_word' id='word_1_515' title='bbox 1843 3570 1937 3622; x_wconf 78' lang='grc' dir='ltr'><strong>καὶ</strong></span> 
     </span>
    </p>
   </div>
   <div class='ocr_carea' id='block_1_69' title="bbox 362 3657 1938 3730">
    <p class='ocr_par' dir='ltr' id='par_1_69' title="bbox 362 3657 1938 3730">
     <span class='ocr_line' id='line_1_69' title="bbox 362 3657 1938 3730; baseline 0.002 -21"><span class='ocrx_word' id='word_1_516' title='bbox 362 3660 548 3722; x_wconf 73' lang='grc' dir='ltr'>ἄλλοις</span> <span class='ocrx_word' id='word_1_517' title='bbox 579 3657 775 3722; x_wconf 77' lang='grc' dir='ltr'>κτίζει.</span> <span class='ocrx_word' id='word_1_518' title='bbox 829 3659 940 3712; x_wconf 72' lang='grc' dir='ltr'><strong>Καὶ</strong></span> <span class='ocrx_word' id='word_1_519' title='bbox 967 3657 1042 3722; x_wconf 83' lang='grc' dir='ltr'>ὡς</span> <span class='ocrx_word' id='word_1_520' title='bbox 1068 3659 1096 3711; x_wconf 88' lang='grc' dir='ltr'><strong>ό</strong></span> <span class='ocrx_word' id='word_1_521' title='bbox 1143 3659 1304 3723; x_wconf 81' lang='grc' dir='ltr'>αὐτός</span> <span class='ocrx_word' id='word_1_522' title='bbox 1357 3677 1546 3730; x_wconf 80' lang='grc' dir='ltr'>φησιν,</span> <span class='ocrx_word' id='word_1_523' title='bbox 1577 3659 1762 3724; x_wconf 82' lang='grc' dir='ltr'>Ὀλος</span> <span class='ocrx_word' id='word_1_524' title='bbox 1807 3676 1938 3727; x_wconf 73' lang='grc' dir='ltr'><strong>γεν-</strong></span> 
     </span>
    </p>
   </div>
   <div class='ocr_carea' id='block_1_70' title="bbox 364 3747 1936 3821">
    <p class='ocr_par' dir='ltr' id='par_1_70' title="bbox 364 3747 1936 3821">
     <span class='ocr_line' id='line_1_70' title="bbox 364 3747 1936 3821; baseline 0.001 -18"><span class='ocrx_word' id='word_1_525' title='bbox 364 3747 512 3814; x_wconf 74' lang='grc' dir='ltr'><em>νῶν,</em></span> <span class='ocrx_word' id='word_1_526' title='bbox 570 3749 670 3802; x_wconf 78' lang='grc' dir='ltr'><strong>καί</strong></span> <span class='ocrx_word' id='word_1_527' title='bbox 725 3751 867 3816; x_wconf 75' lang='grc' dir='ltr'>ὅλος</span> <span class='ocrx_word' id='word_1_528' title='bbox 920 3749 1332 3819; x_wconf 68' lang='grc' dir='ltr'>δημιουργῶνο</span> <span class='ocrx_word' id='word_1_529' title='bbox 1372 3753 1511 3806; x_wconf 72' lang='grc' dir='ltr'><strong>ἀλλ’</strong></span> <span class='ocrx_word' id='word_1_530' title='bbox 1554 3754 1666 3821; x_wconf 83' lang='grc' dir='ltr'><strong>οὐχ</strong></span> <span class='ocrx_word' id='word_1_531' title='bbox 1699 3753 1936 3820; x_wconf 75' lang='grc' dir='ltr'>ὁμοίως,</span> 
     </span>
    </p>
   </div>
   <div class='ocr_carea' id='block_1_71' title="bbox 364 3841 1939 3914">
    <p class='ocr_par' dir='ltr' id='par_1_71' title="bbox 364 3841 1939 3914">
     <span class='ocr_line' id='line_1_71' title="bbox 364 3841 1939 3914; baseline 0.001 -18"><span class='ocrx_word' id='word_1_532' title='bbox 364 3842 506 3896; x_wconf 66' lang='grc' dir='ltr'><strong>ἀλλ’</strong></span> <span class='ocrx_word' id='word_1_533' title='bbox 529 3841 674 3906; x_wconf 73' lang='grc' dir='ltr'>ὅλος</span> <span class='ocrx_word' id='word_1_534' title='bbox 697 3841 950 3909; x_wconf 66' lang='grc' dir='ltr'><strong>γεννῶν,</strong></span> <span class='ocrx_word' id='word_1_535' title='bbox 977 3843 1060 3908; x_wconf 85' lang='grc' dir='ltr'>ὡς</span> <span class='ocrx_word' id='word_1_536' title='bbox 1091 3843 1227 3908; x_wconf 69' lang='grc' dir='ltr'>ὅλος</span> <span class='ocrx_word' id='word_1_537' title='bbox 1258 3844 1442 3896; x_wconf 84' lang='grc' dir='ltr'>οὐσία</span> <span class='ocrx_word' id='word_1_538' title='bbox 1461 3859 1475 3872; x_wconf 88' lang='grc'><strong>·</strong></span> <span class='ocrx_word' id='word_1_539' title='bbox 1503 3844 1645 3909; x_wconf 81' lang='grc' dir='ltr'>ὅλος</span> <span class='ocrx_word' id='word_1_540' title='bbox 1672 3844 1783 3914; x_wconf 76' lang='grc' dir='ltr'><strong>γάρ</strong></span> <span class='ocrx_word' id='word_1_541' title='bbox 1805 3844 1939 3898; x_wconf 85' lang='grc' dir='ltr'>ἐστι</span> 
     </span>
    </p>
   </div>
   <div class='ocr_carea' id='block_1_72' title="bbox 368 3932 1941 4004">
    <p class='ocr_par' dir='ltr' id='par_1_72' title="bbox 368 3932 1941 4004">
     <span class='ocr_line' id='line_1_72' title="bbox 368 3932 1941 4004; baseline 0.003 -17"><span class='ocrx_word' id='word_1_542' title='bbox 368 3935 516 3997; x_wconf 79' lang='grc' dir='ltr'><strong>Θεὸς</strong></span> <span class='ocrx_word' id='word_1_543' title='bbox 546 3935 579 3987; x_wconf 81' lang='grc' dir='ltr'><em>δ</em></span> <span class='ocrx_word' id='word_1_544' title='bbox 618 3933 752 3999; x_wconf 75' lang='grc' dir='ltr'><strong>Υἱὸς</strong></span> <span class='ocrx_word' id='word_1_545' title='bbox 780 3933 851 3997; x_wconf 79' lang='grc' dir='ltr'><strong>ἐξ</strong></span> <span class='ocrx_word' id='word_1_546' title='bbox 879 3932 1027 3986; x_wconf 70' lang='grc' dir='ltr'>ὅλου</span> <span class='ocrx_word' id='word_1_547' title='bbox 1051 3951 1066 3966; x_wconf 72' lang='grc' dir='ltr'><strong>ο</strong></span> <span class='ocrx_word' id='word_1_548' title='bbox 1103 3934 1244 3999; x_wconf 78' lang='grc' dir='ltr'>ὅλος</span> <span class='ocrx_word' id='word_1_549' title='bbox 1286 3933 1662 4004; x_wconf 75' lang='grc' dir='ltr'>δημιουργῶν</span> <span class='ocrx_word' id='word_1_550' title='bbox 1686 3937 1766 4002; x_wconf 89' lang='grc' dir='ltr'>ὡς</span> <span class='ocrx_word' id='word_1_551' title='bbox 1797 3936 1941 4001; x_wconf 75' lang='grc' dir='ltr'>ὅλος</span> 
     </span>
    </p>
   </div>
   <div class='ocr_carea' id='block_1_73' title="bbox 366 4023 1940 4094">
    <p class='ocr_par' dir='ltr' id='par_1_73' title="bbox 366 4023 1940 4094">
     <span class='ocr_line' id='line_1_73' title="bbox 366 4023 1940 4094; baseline 0.001 -16"><span class='ocrx_word' id='word_1_552' title='bbox 366 4024 833 4089; x_wconf 79' lang='grc' dir='ltr'>ὰνθυπόστατος</span> <span class='ocrx_word' id='word_1_553' title='bbox 883 4023 1184 4093; x_wconf 77' lang='grc' dir='ltr'><strong>ἐνέργεια·</strong></span> <span class='ocrx_word' id='word_1_554' title='bbox 1235 4025 1332 4078; x_wconf 81' lang='grc' dir='ltr'><strong>καί</strong></span> <span class='ocrx_word' id='word_1_555' title='bbox 1359 4025 1502 4090; x_wconf 72' lang='grc' dir='ltr'>ὅλος</span> <span class='ocrx_word' id='word_1_556' title='bbox 1548 4025 1810 4094; x_wconf 71' lang='grc' dir='ltr'>σοφίζων</span> <span class='ocrx_word' id='word_1_557' title='bbox 1841 4027 1940 4080; x_wconf 77' lang='grc' dir='ltr'><strong>καί</strong></span> 
     </span>
    </p>
   </div>
   <div class='ocr_carea' id='block_1_74' title="bbox 364 4115 1941 4186">
    <p class='ocr_par' dir='ltr' id='par_1_74' title="bbox 364 4115 1941 4186">
     <span class='ocr_line' id='line_1_74' title="bbox 364 4115 1941 4186; baseline 0.002 -16"><span class='ocrx_word' id='word_1_558' title='bbox 364 4116 705 4183; x_wconf 76' lang='grc' dir='ltr'><strong>ἁγαθύνων,</strong></span> <span class='ocrx_word' id='word_1_559' title='bbox 737 4117 814 4180; x_wconf 88' lang='grc' dir='ltr'>ὠς</span> <span class='ocrx_word' id='word_1_560' title='bbox 848 4115 994 4180; x_wconf 73' lang='grc' dir='ltr'>ὅλος</span> <span class='ocrx_word' id='word_1_561' title='bbox 1023 4118 1214 4184; x_wconf 73' lang='grc' dir='ltr'>σοφία</span> <span class='ocrx_word' id='word_1_562' title='bbox 1253 4117 1351 4170; x_wconf 83' lang='grc' dir='ltr'><strong>καί</strong></span> <span class='ocrx_word' id='word_1_563' title='bbox 1385 4119 1679 4186; x_wconf 81' lang='grc' dir='ltr'>ἀγαθότης</span> <span class='ocrx_word' id='word_1_564' title='bbox 1713 4120 1810 4172; x_wconf 78' lang='grc' dir='ltr'>καὶ</span> <span class='ocrx_word' id='word_1_565' title='bbox 1840 4119 1941 4173; x_wconf 86' lang='grc' dir='ltr'>δύ-</span> 
     </span>
    </p>
   </div>
   <div class='ocr_carea' id='block_1_75' title="bbox 363 4207 1939 4279">
    <p class='ocr_par' dir='ltr' id='par_1_75' title="bbox 363 4207 1939 4279">
     <span class='ocr_line' id='line_1_75' title="bbox 363 4207 1939 4279; baseline 0.002 -18"><span class='ocrx_word' id='word_1_566' title='bbox 363 4221 579 4276; x_wconf 72' lang='grc' dir='ltr'>ναμιςο</span> <span class='ocrx_word' id='word_1_567' title='bbox 613 4209 690 4270; x_wconf 85' lang='grc' dir='ltr'>ὡς</span> <span class='ocrx_word' id='word_1_568' title='bbox 723 4209 821 4277; x_wconf 82' lang='grc' dir='ltr'>μὲν</span> <span class='ocrx_word' id='word_1_569' title='bbox 847 4207 956 4277; x_wconf 85' lang='grc' dir='ltr'><strong>γὰρ</strong></span> <span class='ocrx_word' id='word_1_570' title='bbox 981 4209 1078 4273; x_wconf 85' lang='grc' dir='ltr'>τῆς</span> <span class='ocrx_word' id='word_1_571' title='bbox 1108 4208 1303 4260; x_wconf 79' lang='grc' dir='ltr'>ἑαυτοῦ</span> <span class='ocrx_word' id='word_1_572' title='bbox 1337 4208 1554 4276; x_wconf 86' lang='grc' dir='ltr'>φύσεως</span> <span class='ocrx_word' id='word_1_573' title='bbox 1588 4210 1939 4279; x_wconf 82' lang='grc' dir='ltr'>μεταδοτικὸς</span> 
     </span>
    </p>
   </div>
   <div class='ocr_carea' id='block_1_76' title="bbox 363 4297 1938 4373">
    <p class='ocr_par' dir='ltr' id='par_1_76' title="bbox 363 4297 1938 4373">
     <span class='ocr_line' id='line_1_76' title="bbox 363 4297 1938 4373; baseline 0.004 -24"><span class='ocrx_word' id='word_1_574' title='bbox 363 4301 570 4370; x_wconf 70' lang='grc' dir='ltr'>γεννᾷ*</span> <span class='ocrx_word' id='word_1_575' title='bbox 600 4299 676 4363; x_wconf 84' lang='grc' dir='ltr'><strong>ὡς</strong></span> <span class='ocrx_word' id='word_1_576' title='bbox 721 4299 776 4352; x_wconf 84' lang='grc' dir='ltr'>δὲ</span> <span class='ocrx_word' id='word_1_577' title='bbox 813 4300 909 4369; x_wconf 78' lang='grc' dir='ltr'>τῆς</span> <span class='ocrx_word' id='word_1_578' title='bbox 959 4297 1156 4351; x_wconf 77' lang='grc' dir='ltr'>ἑαυτοῦ</span> <span class='ocrx_word' id='word_1_579' title='bbox 1189 4300 1508 4370; x_wconf 86' lang='grc' dir='ltr'>ὁμοιότητος</span> <span class='ocrx_word' id='word_1_580' title='bbox 1549 4301 1693 4354; x_wconf 83' lang='grc' dir='ltr'>κατὰ</span> <span class='ocrx_word' id='word_1_581' title='bbox 1738 4303 1938 4373; x_wconf 75' lang='grc' dir='ltr'>τέχνην</span> 
     </span>
    </p>
   </div>
   <div class='ocr_carea' id='block_1_77' title="bbox 361 4390 1934 4464">
    <p class='ocr_par' dir='ltr' id='par_1_77' title="bbox 361 4390 1934 4464">
     <span class='ocr_line' id='line_1_77' title="bbox 361 4390 1934 4464; baseline 0.001 -19"><span class='ocrx_word' id='word_1_582' title='bbox 361 4393 735 4460; x_wconf 76' lang='grc' dir='ltr'>δημιουργεῖ’</span> <span class='ocrx_word' id='word_1_583' title='bbox 770 4390 857 4443; x_wconf 80' lang='grc' dir='ltr'>ἵνα</span> <span class='ocrx_word' id='word_1_584' title='bbox 907 4390 1096 4460; x_wconf 73' lang='grc' dir='ltr'>μηδεὶς</span> <span class='ocrx_word' id='word_1_585' title='bbox 1133 4391 1371 4460; x_wconf 84' lang='grc' dir='ltr'>μετοχῆς</span> <span class='ocrx_word' id='word_1_586' title='bbox 1422 4391 1626 4460; x_wconf 73' lang='grc' dir='ltr'>τρόπος</span> <span class='ocrx_word' id='word_1_587' title='bbox 1675 4393 1788 4464; x_wconf 81' lang='grc' dir='ltr'><strong>ἀπῇ</strong></span> <span class='ocrx_word' id='word_1_588' title='bbox 1838 4393 1934 4447; x_wconf 88' lang='grc' dir='ltr'><strong>τοῦ</strong></span> 
     </span>
    </p>
   </div>
   <div class='ocr_carea' id='block_1_78' title="bbox 364 4481 1933 4556">
    <p class='ocr_par' dir='ltr' id='par_1_78' title="bbox 364 4481 1933 4556">
     <span class='ocr_line' id='line_1_78' title="bbox 364 4481 1933 4556; baseline 0.003 -20"><span class='ocrx_word' id='word_1_589' title='bbox 364 4483 624 4546; x_wconf 71' lang='grc' dir='ltr'>ἐντελοῦς</span> <span class='ocrx_word' id='word_1_590' title='bbox 653 4483 748 4536; x_wconf 70' lang='grc' dir='ltr'><strong>καὶ</strong></span> <span class='ocrx_word' id='word_1_591' title='bbox 777 4481 986 4550; x_wconf 78' lang='grc' dir='ltr'>ἀγαθοῦ</span> <span class='ocrx_word' id='word_1_592' title='bbox 1019 4485 1115 4535; x_wconf 74' lang='grc' dir='ltr'>καὶ</span> <span class='ocrx_word' id='word_1_593' title='bbox 1138 4483 1313 4554; x_wconf 82' lang='grc' dir='ltr'>ἄκρου</span> <span class='ocrx_word' id='word_1_594' title='bbox 1339 4497 1355 4514; x_wconf 80' lang='grc'><strong><em>⁸</em></strong></span> <span class='ocrx_word' id='word_1_595' title='bbox 1384 4483 1493 4536; x_wconf 83' lang='grc' dir='ltr'><strong>τῶν</strong></span> <span class='ocrx_word' id='word_1_596' title='bbox 1517 4483 1775 4538; x_wconf 83' lang='grc' dir='ltr'>τοιούτων</span> <span class='ocrx_word' id='word_1_597' title='bbox 1803 4485 1933 4556; x_wconf 82' lang='grc' dir='ltr'>παρ’</span> 
     </span>
    </p>
   </div>
   <div class='ocr_carea' id='block_1_79' title="bbox 365 4557 1936 4647">
    <p class='ocr_par' dir='ltr' id='par_1_79' title="bbox 365 4557 1936 4647">
     <span class='ocr_line' id='line_1_79' title="bbox 365 4557 1936 4647; baseline 0.002 -20"><span class='ocrx_word' id='word_1_598' title='bbox 365 4575 528 4642; x_wconf 80' lang='grc' dir='ltr'>ἡμῶν</span> <span class='ocrx_word' id='word_1_599' title='bbox 589 4574 696 4642; x_wconf 72' lang='grc' dir='ltr'>μὲν</span> <span class='ocrx_word' id='word_1_600' title='bbox 751 4573 912 4641; x_wconf 83' lang='grc' dir='ltr'>μόνον</span> <span class='ocrx_word' id='word_1_601' title='bbox 951 4557 1361 4642; x_wconf 69' lang='grc' dir='ltr'>πιστευομένων</span> <span class='ocrx_word' id='word_1_602' title='bbox 1389 4590 1403 4604; x_wconf 74' lang='grc' dir='ltr'><strong><em>ο</em></strong></span> <span class='ocrx_word' id='word_1_603' title='bbox 1435 4573 1655 4644; x_wconf 75' lang='grc' dir='ltr'>ὡςέχει</span> <span class='ocrx_word' id='word_1_604' title='bbox 1684 4575 1740 4629; x_wconf 82' lang='grc' dir='ltr'>δὲ</span> <span class='ocrx_word' id='word_1_605' title='bbox 1773 4577 1936 4647; x_wconf 82' lang='grc' dir='ltr'>ἀκρι-</span> 
     </span>
    </p>
   </div>
   <div class='ocr_carea' id='block_1_80' title="bbox 367 4663 1573 4735">
    <p class='ocr_par' dir='ltr' id='par_1_80' title="bbox 367 4663 1573 4735">
     <span class='ocr_line' id='line_1_80' title="bbox 367 4663 1573 4735; baseline 0.001 -17"><span class='ocrx_word' id='word_1_606' title='bbox 367 4665 503 4728; x_wconf 71' lang='grc' dir='ltr'>ϐῶς,</span> <span class='ocrx_word' id='word_1_607' title='bbox 529 4664 664 4735; x_wconf 83' lang='grc' dir='ltr'>παρ’</span> <span class='ocrx_word' id='word_1_608' title='bbox 692 4663 840 4732; x_wconf 81' lang='grc' dir='ltr'>αὐτῷ</span> <span class='ocrx_word' id='word_1_609' title='bbox 873 4664 1035 4733; x_wconf 87' lang='grc' dir='ltr'>μόνον</span> <span class='ocrx_word' id='word_1_610' title='bbox 1061 4665 1506 4734; x_wconf 64' lang='grc' dir='ltr'>γινωσκομένων.</span> <span class='ocrx_word' id='word_1_611' title='bbox 1570 4701 1573 4706; x_wconf 89' lang='grc'><strong>-</strong></span> 
     </span>
    </p>
   </div>
   <div class='ocr_carea' id='block_1_81' title="bbox 436 4839 2016 4910">
    <p class='ocr_par' dir='ltr' id='par_1_81' title="bbox 436 4839 2016 4910">
     <span class='ocr_line' id='line_1_81' title="bbox 436 4839 2016 4910; baseline 0.001 -13"><span class='ocrx_word' id='word_1_612' title='bbox 436 4844 547 4897; x_wconf 70' lang='grc' dir='ltr'><strong>Καὶ</strong></span> <span class='ocrx_word' id='word_1_613' title='bbox 579 4843 656 4903; x_wconf 85' lang='grc' dir='ltr'>ὡς</span> <span class='ocrx_word' id='word_1_614' title='bbox 681 4839 742 4905; x_wconf 73' lang='grc' dir='ltr'><strong>ἐξ</strong></span> <span class='ocrx_word' id='word_1_615' title='bbox 768 4839 1030 4910; x_wconf 83' lang='grc' dir='ltr'>ἀμυδρῶν</span> <span class='ocrx_word' id='word_1_616' title='bbox 1060 4839 1288 4895; x_wconf 82' lang='grc' dir='ltr'>εἰκόνων</span> <span class='ocrx_word' id='word_1_617' title='bbox 1331 4841 1425 4894; x_wconf 67' lang='grc' dir='ltr'>επὶ</span> <span class='ocrx_word' id='word_1_618' title='bbox 1455 4841 1549 4894; x_wconf 81' lang='grc' dir='ltr'>τὸν</span> <span class='ocrx_word' id='word_1_619' title='bbox 1589 4844 1807 4899; x_wconf 79' lang='grc' dir='ltr'>πάντων</span> <span class='ocrx_word' id='word_1_620' title='bbox 1845 4846 1934 4898; x_wconf 80' lang='grc' dir='ltr'><strong>αῐ-</strong></span> <span class='ocrx_word' id='word_1_621' title='bbox 2011 4875 2016 4882; x_wconf 98' lang='grc'><strong><em>-</em></strong></span> 
     </span>
    </p>
   </div>
   <div class='ocr_carea' id='block_1_82' title="bbox 356 4931 1928 5007">
    <p class='ocr_par' dir='ltr' id='par_1_82' title="bbox 356 4931 1928 5007">
     <span class='ocr_line' id='line_1_82' title="bbox 356 4931 1928 5007; baseline 0.001 -20"><span class='ocrx_word' id='word_1_622' title='bbox 356 4951 478 4988; x_wconf 80' lang='grc' dir='ltr'>τιον</span> <span class='ocrx_word' id='word_1_623' title='bbox 507 4932 838 5003; x_wconf 80' lang='grc' dir='ltr'>ἀναχθῆναι,</span> <span class='ocrx_word' id='word_1_624' title='bbox 873 4932 1056 5003; x_wconf 81' lang='grc' dir='ltr'>μικρῷ</span> <span class='ocrx_word' id='word_1_625' title='bbox 1093 4931 1239 5002; x_wconf 76' lang='grc' dir='ltr'>λόγῳ</span> <span class='ocrx_word' id='word_1_626' title='bbox 1258 4932 1325 4986; x_wconf 82' lang='grc' dir='ltr'>τὰ</span> <span class='ocrx_word' id='word_1_627' title='bbox 1358 4934 1570 5002; x_wconf 80' lang='grc' dir='ltr'>μεγάλα</span> <span class='ocrx_word' id='word_1_628' title='bbox 1603 4936 1928 5007; x_wconf 81' lang='grc' dir='ltr'>σταθμωμέ-</span> 
     </span>
    </p>
   </div>
   <div class='ocr_carea' id='block_1_83' title="bbox 357 5023 1930 5098">
    <p class='ocr_par' dir='ltr' id='par_1_83' title="bbox 357 5023 1930 5098">
     <span class='ocr_line' id='line_1_83' title="bbox 357 5023 1930 5098; baseline 0.002 -19"><span class='ocrx_word' id='word_1_629' title='bbox 357 5043 511 5090; x_wconf 85' lang='grc' dir='ltr'>νους,</span> <span class='ocrx_word' id='word_1_630' title='bbox 573 5023 764 5092; x_wconf 82' lang='grc' dir='ltr'>ὥσπερ</span> <span class='ocrx_word' id='word_1_631' title='bbox 795 5023 865 5076; x_wconf 79' lang='grc' dir='ltr'>ἂν</span> <span class='ocrx_word' id='word_1_632' title='bbox 923 5026 973 5076; x_wconf 81' lang='grc' dir='ltr'>εί</span> <span class='ocrx_word' id='word_1_633' title='bbox 1017 5024 1113 5076; x_wconf 84' lang='grc' dir='ltr'>καὶ</span> <span class='ocrx_word' id='word_1_634' title='bbox 1139 5024 1358 5094; x_wconf 77' lang='grc' dir='ltr'>νοήσειέ</span> <span class='ocrx_word' id='word_1_635' title='bbox 1399 5041 1487 5088; x_wconf 89' lang='grc' dir='ltr'><strong>τις</strong></span> <span class='ocrx_word' id='word_1_636' title='bbox 1536 5027 1599 5080; x_wconf 84' lang='grc' dir='ltr'>ὲκ</span> <span class='ocrx_word' id='word_1_637' title='bbox 1657 5027 1749 5080; x_wconf 85' lang='grc' dir='ltr'><strong>τοῦ</strong></span> <span class='ocrx_word' id='word_1_638' title='bbox 1777 5028 1930 5098; x_wconf 77' lang='grc' dir='ltr'>ἡλίου</span> 
     </span>
    </p>
   </div>
   <div class='ocr_carea' id='block_1_84' title="bbox 353 5115 1931 5193">
    <p class='ocr_par' dir='ltr' id='par_1_84' title="bbox 353 5115 1931 5193">
     <span class='ocr_line' id='line_1_84' title="bbox 353 5115 1931 5193; baseline 0.002 -22"><span class='ocrx_word' id='word_1_639' title='bbox 353 5116 523 5172; x_wconf 83' lang='grc' dir='ltr'>ἄλλον</span> <span class='ocrx_word' id='word_1_640' title='bbox 553 5117 712 5186; x_wconf 73' lang='grc' dir='ltr'>ἥλιον</span> <span class='ocrx_word' id='word_1_641' title='bbox 747 5115 1029 5184; x_wconf 80' lang='grc' dir='ltr'>προϊόντα,</span> <span class='ocrx_word' id='word_1_642' title='bbox 1061 5115 1197 5185; x_wconf 85' lang='grc' dir='ltr'>ὁμοῦ</span> <span class='ocrx_word' id='word_1_643' title='bbox 1230 5119 1298 5187; x_wconf 69' lang='grc' dir='ltr'>τῇ</span> <span class='ocrx_word' id='word_1_644' title='bbox 1344 5117 1440 5170; x_wconf 86' lang='grc' dir='ltr'><strong>τοῦ</strong></span> <span class='ocrx_word' id='word_1_645' title='bbox 1471 5117 1690 5188; x_wconf 86' lang='grc' dir='ltr'>πρώτου</span> <span class='ocrx_word' id='word_1_646' title='bbox 1716 5120 1931 5193; x_wconf 76' lang='grc' dir='ltr'>ἐπινοίᾳ</span> 
     </span>
    </p>
   </div>
   <div class='ocr_carea' id='block_1_85' title="bbox 351 5205 1932 5277">
    <p class='ocr_par' dir='ltr' id='par_1_85' title="bbox 351 5205 1932 5277">
     <span class='ocr_line' id='line_1_85' title="bbox 351 5205 1932 5277; baseline 0.005 -19"><span class='ocrx_word' id='word_1_647' title='bbox 351 5206 640 5277; x_wconf 83' lang='grc' dir='ltr'>γεννητῶς</span> <span class='ocrx_word' id='word_1_648' title='bbox 695 5205 846 5274; x_wconf 80' lang='grc' dir='ltr'>αὐτῷ</span> <span class='ocrx_word' id='word_1_649' title='bbox 881 5205 1353 5276; x_wconf 81' lang='grc' dir='ltr'>συνεκλάμποντα,</span> <span class='ocrx_word' id='word_1_650' title='bbox 1405 5211 1502 5263; x_wconf 79' lang='grc' dir='ltr'>καὶ</span> <span class='ocrx_word' id='word_1_651' title='bbox 1554 5212 1701 5264; x_wconf 74' lang='grc' dir='ltr'>κατέ</span> <span class='ocrx_word' id='word_1_652' title='bbox 1750 5213 1932 5266; x_wconf 81' lang='grc' dir='ltr'>πάντα</span> 
     </span>
    </p>
   </div>
   <div class='ocr_carea' id='block_1_86' title="bbox 351 5293 1932 5373">
    <p class='ocr_par' dir='ltr' id='par_1_86' title="bbox 351 5293 1932 5373">
     <span class='ocr_line' id='line_1_86' title="bbox 351 5293 1932 5373; baseline 0.003 -21"><span class='ocrx_word' id='word_1_653' title='bbox 351 5299 625 5359; x_wconf 82' lang='grc' dir='ltr'>ὡσαύτως</span> <span class='ocrx_word' id='word_1_654' title='bbox 654 5296 854 5366; x_wconf 77' lang='grc' dir='ltr'>ἔχοντα</span> <span class='ocrx_word' id='word_1_655' title='bbox 874 5312 887 5327; x_wconf 77' lang='grc' dir='ltr'><strong>ο</strong></span> <span class='ocrx_word' id='word_1_656' title='bbox 919 5299 1016 5349; x_wconf 75' lang='grc' dir='ltr'>καὶ</span> <span class='ocrx_word' id='word_1_657' title='bbox 1037 5293 1198 5362; x_wconf 82' lang='grc' dir='ltr'>αὖθις</span> <span class='ocrx_word' id='word_1_658' title='bbox 1224 5301 1306 5363; x_wconf 82' lang='grc' dir='ltr'>είς</span> <span class='ocrx_word' id='word_1_659' title='bbox 1329 5302 1425 5354; x_wconf 83' lang='grc' dir='ltr'>τὸν</span> <span class='ocrx_word' id='word_1_660' title='bbox 1448 5303 1598 5371; x_wconf 81' lang='grc' dir='ltr'>ἥλιον</span> <span class='ocrx_word' id='word_1_661' title='bbox 1621 5304 1932 5373; x_wconf 74' lang='grc' dir='ltr'>ἐννοήσειεν</span> 
     </span>
    </p>
   </div>
   <div class='ocr_carea' id='block_1_87' title="bbox 350 5386 1932 5463">
    <p class='ocr_par' dir='ltr' id='par_1_87' title="bbox 350 5386 1932 5463">
     <span class='ocr_line' id='line_1_87' title="bbox 350 5386 1932 5463; baseline 0.006 -25"><span class='ocrx_word' id='word_1_662' title='bbox 350 5389 554 5454; x_wconf 75' lang='grc' dir='ltr'>ἄλλως,</span> <span class='ocrx_word' id='word_1_663' title='bbox 587 5387 688 5440; x_wconf 70' lang='grc' dir='ltr'>ἕνα</span> <span class='ocrx_word' id='word_1_664' title='bbox 724 5386 855 5438; x_wconf 74' lang='grc' dir='ltr'>ὄντα</span> <span class='ocrx_word' id='word_1_665' title='bbox 893 5390 1033 5442; x_wconf 82' lang='grc' dir='ltr'>κατὰ</span> <span class='ocrx_word' id='word_1_666' title='bbox 1067 5393 1268 5458; x_wconf 87' lang='grc' dir='ltr'>τρόπον</span> <span class='ocrx_word' id='word_1_667' title='bbox 1296 5392 1617 5463; x_wconf 76' lang='grc' dir='ltr'>ὁμοιότητος</span> <span class='ocrx_word' id='word_1_668' title='bbox 1645 5396 1725 5457; x_wconf 82' lang='grc' dir='ltr'>εἰς</span> <span class='ocrx_word' id='word_1_669' title='bbox 1755 5394 1932 5448; x_wconf 67' lang='grc' dir='ltr'>πολλά</span> 
     </span>
    </p>
   </div>
   <div class='ocr_carea' id='block_1_88' title="bbox 350 5476 1930 5556">
    <p class='ocr_par' dir='ltr' id='par_1_88' title="bbox 350 5476 1930 5556">
     <span class='ocr_line' id='line_1_88' title="bbox 350 5476 1930 5556; baseline 0.003 -22"><span class='ocrx_word' id='word_1_670' title='bbox 350 5479 975 5549; x_wconf 76' lang='grc' dir='ltr'>πολλαπλασιασθῆναι·</span> <span class='ocrx_word' id='word_1_671' title='bbox 1007 5476 1119 5534; x_wconf 81' lang='grc' dir='ltr'>οἷον</span> <span class='ocrx_word' id='word_1_672' title='bbox 1159 5484 1217 5534; x_wconf 83' lang='grc' dir='ltr'>ὲν</span> <span class='ocrx_word' id='word_1_673' title='bbox 1276 5482 1431 5536; x_wconf 79' lang='grc' dir='ltr'>ὕδασι</span> <span class='ocrx_word' id='word_1_674' title='bbox 1477 5485 1573 5538; x_wconf 81' lang='grc' dir='ltr'><strong>καὶ</strong></span> <span class='ocrx_word' id='word_1_675' title='bbox 1601 5486 1930 5556; x_wconf 83' lang='grc' dir='ltr'>κατόπτροις</span> 
     </span>
    </p>
   </div>
   <div class='ocr_carea' id='block_1_89' title="bbox 350 5570 1930 5648">
    <p class='ocr_par' dir='ltr' id='par_1_89' title="bbox 350 5570 1930 5648">
     <span class='ocr_line' id='line_1_89' title="bbox 350 5570 1930 5648; baseline 0.004 -23"><span class='ocrx_word' id='word_1_676' title='bbox 350 5572 600 5642; x_wconf 83' lang='grc' dir='ltr'>ὁρῶμεν,</span> <span class='ocrx_word' id='word_1_677' title='bbox 638 5570 910 5638; x_wconf 81' lang='grc' dir='ltr'>ἀκινήτου</span> <span class='ocrx_word' id='word_1_678' title='bbox 970 5570 1226 5641; x_wconf 78' lang='grc' dir='ltr'>μένοντος</span> <span class='ocrx_word' id='word_1_679' title='bbox 1258 5574 1466 5629; x_wconf 70' lang='grc' dir='ltr'>ἐκείνου</span> <span class='ocrx_word' id='word_1_680' title='bbox 1505 5576 1600 5630; x_wconf 78' lang='grc' dir='ltr'><strong>καὶ</strong></span> <span class='ocrx_word' id='word_1_681' title='bbox 1637 5577 1710 5648; x_wconf 80' lang='grc' dir='ltr'>μὴ</span> <span class='ocrx_word' id='word_1_682' title='bbox 1765 5593 1930 5646; x_wconf 87' lang='grc' dir='ltr'>μετα-</span> 
     </span>
    </p>
   </div>
   <div class='ocr_carea' id='block_1_90' title="bbox 433 5748 1017 5806">
    <p class='ocr_par' dir='ltr' id='par_1_90' title="bbox 433 5748 1017 5806">
     <span class='ocr_line' id='line_1_90' title="bbox 433 5748 1017 5806; baseline 0 -3"><span class='ocrx_word' id='word_1_683' title='bbox 433 5750 474 5783; x_wconf 82' lang='grc'><strong>¹⁹</strong></span> <span class='ocrx_word' id='word_1_684' title='bbox 517 5748 622 5804; x_wconf 78' lang='lat' dir='ltr'><strong>Job</strong></span> <span class='ocrx_word' id='word_1_685' title='bbox 666 5764 898 5806; x_wconf 74' lang='lat' dir='ltr'><strong>xxxvm.</strong></span> <span class='ocrx_word' id='word_1_686' title='bbox 929 5756 1017 5806; x_wconf 79' lang='lat'><strong>‘28.</strong></span> 
     </span>
    </p>
   </div>
   <div class='ocr_carea' id='block_1_91' title="bbox 2041 3198 3614 3283">
    <p class='ocr_par' dir='ltr' id='par_1_91' title="bbox 2041 3198 3614 3283">
     <span class='ocr_line' id='line_1_91' title="bbox 2041 3198 3614 3283; baseline 0.01 -33"><span class='ocrx_word' id='word_1_687' title='bbox 2041 3198 2220 3266; x_wconf 88' lang='lat' dir='ltr'><strong>seipso</strong></span> <span class='ocrx_word' id='word_1_688' title='bbox 2242 3199 2442 3268; x_wconf 80' lang='lat' dir='ltr'><strong>gignit;</strong></span> <span class='ocrx_word' id='word_1_689' title='bbox 2467 3209 2752 3256; x_wconf 81' lang='lat' dir='ltr'><strong>creaturas</strong></span> <span class='ocrx_word' id='word_1_690' title='bbox 2780 3212 2907 3257; x_wconf 78' lang='lat' dir='ltr'><strong>vero</strong></span> <span class='ocrx_word' id='word_1_691' title='bbox 2931 3202 2982 3256; x_wconf 92' lang='lat' dir='ltr'><strong>in</strong></span> <span class='ocrx_word' id='word_1_692' title='bbox 3013 3215 3255 3275; x_wconf 82' lang='lat' dir='ltr'><strong>tempore</strong></span> <span class='ocrx_word' id='word_1_693' title='bbox 3279 3211 3614 3283; x_wconf 71' lang='lat' dir='ltr'><strong>dlversmqne</strong></span> 
     </span>
    </p>
   </div>
   <div class='ocr_carea' id='block_1_92' title="bbox 2039 3292 3612 3370">
    <p class='ocr_par' dir='ltr' id='par_1_92' title="bbox 2039 3292 3612 3370">
     <span class='ocr_line' id='line_1_92' title="bbox 2039 3292 3612 3370; baseline 0.011 -29"><span class='ocrx_word' id='word_1_694' title='bbox 2039 3298 2246 3344; x_wconf 71' lang='lat' dir='ltr'><strong>natura:</strong></span> <span class='ocrx_word' id='word_1_695' title='bbox 2274 3305 2339 3345; x_wconf 87' lang='lat' dir='ltr'><strong>ac</strong></span> <span class='ocrx_word' id='word_1_696' title='bbox 2365 3292 2599 3346; x_wconf 89' lang='lat' dir='ltr'><strong>creantis</strong></span> <span class='ocrx_word' id='word_1_697' title='bbox 2630 3303 2921 3361; x_wconf 69' lang='lat' dir='ltr'><strong>potestate,</strong></span> <span class='ocrx_word' id='word_1_698' title='bbox 2953 3304 3214 3366; x_wconf 79' lang='lat' dir='ltr'><strong>extraque</strong></span> <span class='ocrx_word' id='word_1_699' title='bbox 3238 3314 3296 3353; x_wconf 90' lang='lat' dir='ltr'><strong>se</strong></span> <span class='ocrx_word' id='word_1_700' title='bbox 3336 3305 3612 3370; x_wconf 72' lang='lat' dir='ltr'><strong>produxit.</strong></span> 
     </span>
    </p>
   </div>
   <div class='ocr_carea' id='block_1_93' title="bbox 2040 3381 3615 3464">
    <p class='ocr_par' dir='ltr' id='par_1_93' title="bbox 2040 3381 3615 3464">
     <span class='ocr_line' id='line_1_93' title="bbox 2040 3381 3615 3464; baseline 0.011 -29"><span class='ocrx_word' id='word_1_701' title='bbox 2040 3381 2236 3449; x_wconf 87' lang='lat' dir='ltr'><strong>Liquet</strong></span> <span class='ocrx_word' id='word_1_702' title='bbox 2265 3390 2318 3436; x_wconf 89' lang='lat' dir='ltr'><strong>et</strong></span> <span class='ocrx_word' id='word_1_703' title='bbox 2343 3397 2407 3436; x_wconf 77' lang='lat' dir='ltr'><strong>ex</strong></span> <span class='ocrx_word' id='word_1_704' title='bbox 2441 3383 2656 3436; x_wconf 79' lang='lat' dir='ltr'><strong>Maximi</strong></span> <span class='ocrx_word' id='word_1_705' title='bbox 2709 3385 3002 3447; x_wconf 85' lang='lat' dir='ltr'><strong>sententia,</strong></span> <span class='ocrx_word' id='word_1_706' title='bbox 3035 3386 3231 3444; x_wconf 77' lang='lat' dir='ltr'><strong>elTeCIa</strong></span> <span class='ocrx_word' id='word_1_707' title='bbox 3264 3391 3422 3446; x_wconf 84' lang='lat' dir='ltr'><strong>aliter</strong></span> <span class='ocrx_word' id='word_1_708' title='bbox 3453 3383 3615 3464; x_wconf 72' lang='lat' dir='ltr'><strong>atque</strong></span> 
     </span>
    </p>
   </div>
   <div class='ocr_carea' id='block_1_94' title="bbox 2040 3473 3611 3548">
    <p class='ocr_par' dir='ltr' id='par_1_94' title="bbox 2040 3473 3611 3548">
     <span class='ocr_line' id='line_1_94' title="bbox 2040 3473 3611 3548; baseline 0.01 -22"><span class='ocrx_word' id='word_1_709' title='bbox 2040 3474 2197 3528; x_wconf 80' lang='lat' dir='ltr'><strong>aliter</strong></span> <span class='ocrx_word' id='word_1_710' title='bbox 2245 3490 2308 3527; x_wconf 84' lang='lat' dir='ltr'><strong>ex</strong></span> <span class='ocrx_word' id='word_1_711' title='bbox 2360 3473 2470 3528; x_wconf 90' lang='lat' dir='ltr'><strong>Deo</strong></span> <span class='ocrx_word' id='word_1_712' title='bbox 2501 3489 2640 3536; x_wconf 86' lang='lat' dir='ltr'><strong>esse,</strong></span> <span class='ocrx_word' id='word_1_713' title='bbox 2695 3491 2798 3529; x_wconf 90' lang='lat' dir='ltr'><strong>non</strong></span> <span class='ocrx_word' id='word_1_714' title='bbox 2831 3477 2934 3530; x_wconf 88' lang='lat' dir='ltr'><strong>alio</strong></span> <span class='ocrx_word' id='word_1_715' title='bbox 2979 3488 3139 3548; x_wconf 88' lang='lat' dir='ltr'><strong>atque</strong></span> <span class='ocrx_word' id='word_1_716' title='bbox 3167 3479 3295 3535; x_wconf 89' lang='lat' dir='ltr'><strong>alio.</strong></span> <span class='ocrx_word' id='word_1_717' title='bbox 3318 3480 3434 3538; x_wconf 90' lang='lat' dir='ltr'><strong>Non</strong></span> <span class='ocrx_word' id='word_1_718' title='bbox 3466 3487 3611 3541; x_wconf 84' lang='lat' dir='ltr'><strong>enim</strong></span> 
     </span>
    </p>
   </div>
   <div class='ocr_carea' id='block_1_95' title="bbox 2043 3565 3608 3638">
    <p class='ocr_par' dir='ltr' id='par_1_95' title="bbox 2043 3565 3608 3638">
     <span class='ocr_line' id='line_1_95' title="bbox 2043 3565 3608 3638; baseline 0.009 -19"><span class='ocrx_word' id='word_1_719' title='bbox 2043 3566 2146 3619; x_wconf 85' lang='lat' dir='ltr'><strong>alio</strong></span> <span class='ocrx_word' id='word_1_720' title='bbox 2175 3565 2366 3637; x_wconf 75' lang='lat' dir='ltr'><strong>gignit,</strong></span> <span class='ocrx_word' id='word_1_721' title='bbox 2400 3574 2561 3635; x_wconf 90' lang='lat' dir='ltr'><strong>atque</strong></span> <span class='ocrx_word' id='word_1_722' title='bbox 2592 3565 2714 3619; x_wconf 82' lang='lat' dir='ltr'><strong>aliis</strong></span> <span class='ocrx_word' id='word_1_723' title='bbox 2747 3577 2916 3622; x_wconf 89' lang='lat' dir='ltr'><strong>creat.</strong></span> <span class='ocrx_word' id='word_1_724' title='bbox 2959 3571 3133 3638; x_wconf 79' lang='lat' dir='ltr'><strong>Atque</strong></span> <span class='ocrx_word' id='word_1_725' title='bbox 3185 3581 3242 3624; x_wconf 92' lang='lat' dir='ltr'><strong>ut</strong></span> <span class='ocrx_word' id='word_1_726' title='bbox 3286 3573 3428 3628; x_wconf 88' lang='lat' dir='ltr'><strong>idem</strong></span> <span class='ocrx_word' id='word_1_727' title='bbox 3482 3578 3559 3632; x_wconf 87' lang='lat' dir='ltr'><strong>ait</strong></span> <span class='ocrx_word' id='word_1_728' title='bbox 3593 3597 3608 3633; x_wconf 89' lang='lat'><strong>:</strong></span> 
     </span>
    </p>
   </div>
   <div class='ocr_carea' id='block_1_96' title="bbox 2044 3657 3614 3732">
    <p class='ocr_par' dir='ltr' id='par_1_96' title="bbox 2044 3657 3614 3732">
     <span class='ocr_line' id='line_1_96' title="bbox 2044 3657 3614 3732; baseline 0.008 -23"><span class='ocrx_word' id='word_1_729' title='bbox 2044 3657 2203 3716; x_wconf 85' lang='lat' dir='ltr'><strong>Totus</strong></span> <span class='ocrx_word' id='word_1_730' title='bbox 2237 3659 2473 3726; x_wconf 76' lang='lat' dir='ltr'><strong>gignens,</strong></span> <span class='ocrx_word' id='word_1_731' title='bbox 2518 3674 2582 3709; x_wconf 89' lang='lat' dir='ltr'><strong>ac</strong></span> <span class='ocrx_word' id='word_1_732' title='bbox 2616 3669 2757 3711; x_wconf 85' lang='lat' dir='ltr'><strong>totus</strong></span> <span class='ocrx_word' id='word_1_733' title='bbox 2811 3660 3034 3714; x_wconf 85' lang='lat' dir='ltr'><strong>condens</strong></span> <span class='ocrx_word' id='word_1_734' title='bbox 3063 3677 3124 3713; x_wconf 87' lang='lat' dir='ltr'><strong>ac</strong></span> <span class='ocrx_word' id='word_1_735' title='bbox 3155 3678 3362 3729; x_wconf 79' lang='lat' dir='ltr'><strong>creatis,</strong></span> <span class='ocrx_word' id='word_1_736' title='bbox 3402 3683 3505 3722; x_wconf 75' lang='lat' dir='ltr'><strong>non</strong></span> <span class='ocrx_word' id='word_1_737' title='bbox 3531 3680 3614 3732; x_wconf 62' lang='lat' dir='ltr'><strong>ta-</strong></span> 
     </span>
    </p>
   </div>
   <div class='ocr_carea' id='block_1_97' title="bbox 2040 3747 3608 3819">
    <p class='ocr_par' dir='ltr' id='par_1_97' title="bbox 2040 3747 3608 3819">
     <span class='ocr_line' id='line_1_97' title="bbox 2040 3747 3608 3819; baseline 0.008 -19"><span class='ocrx_word' id='word_1_738' title='bbox 2040 3763 2157 3800; x_wconf 85' lang='lat' dir='ltr'><strong>men</strong></span> <span class='ocrx_word' id='word_1_739' title='bbox 2188 3747 2367 3800; x_wconf 86' lang='lat' dir='ltr'><strong>eadem</strong></span> <span class='ocrx_word' id='word_1_740' title='bbox 2400 3747 2625 3813; x_wconf 75' lang='lat' dir='ltr'><strong>ratione,</strong></span> <span class='ocrx_word' id='word_1_741' title='bbox 2655 3748 2746 3801; x_wconf 80' lang='lat' dir='ltr'><strong>sed</strong></span> <span class='ocrx_word' id='word_1_742' title='bbox 2779 3758 2917 3802; x_wconf 81' lang='lat' dir='ltr'><strong>tatus</strong></span> <span class='ocrx_word' id='word_1_743' title='bbox 2940 3751 3156 3819; x_wconf 85' lang='lat' dir='ltr'><strong>gignens</strong></span> <span class='ocrx_word' id='word_1_744' title='bbox 3179 3763 3236 3807; x_wconf 84' lang='lat' dir='ltr'><strong>ut</strong></span> <span class='ocrx_word' id='word_1_745' title='bbox 3259 3764 3401 3810; x_wconf 86' lang='lat' dir='ltr'><strong>lotus</strong></span> <span class='ocrx_word' id='word_1_746' title='bbox 3431 3773 3608 3814; x_wconf 78' lang='lat' dir='ltr'><strong>essan-</strong></span> 
     </span>
    </p>
   </div>
   <div class='ocr_carea' id='block_1_98' title="bbox 2041 3836 3610 3914">
    <p class='ocr_par' dir='ltr' id='par_1_98' title="bbox 2041 3836 3610 3914">
     <span class='ocr_line' id='line_1_98' title="bbox 2041 3836 3610 3914; baseline 0.008 -22"><span class='ocrx_word' id='word_1_747' title='bbox 2041 3840 2116 3892; x_wconf 84' lang='lat' dir='ltr'><strong>tla</strong></span> <span class='ocrx_word' id='word_1_748' title='bbox 2147 3837 2304 3910; x_wconf 87' lang='lat' dir='ltr'><strong>(totus</strong></span> <span class='ocrx_word' id='word_1_749' title='bbox 2321 3841 2457 3893; x_wconf 84' lang='lat' dir='ltr'><strong>enim</strong></span> <span class='ocrx_word' id='word_1_750' title='bbox 2477 3836 2650 3894; x_wconf 85' lang='lat' dir='ltr'><strong>Filius</strong></span> <span class='ocrx_word' id='word_1_751' title='bbox 2687 3840 2821 3894; x_wconf 83' lang='lat' dir='ltr'><strong>Deus</strong></span> <span class='ocrx_word' id='word_1_752' title='bbox 2851 3857 2914 3894; x_wconf 70' lang='lat' dir='ltr'><strong>ex</strong></span> <span class='ocrx_word' id='word_1_753' title='bbox 2939 3851 3043 3896; x_wconf 86' lang='lat' dir='ltr'><strong>toto</strong></span> <span class='ocrx_word' id='word_1_754' title='bbox 3073 3844 3199 3914; x_wconf 86' lang='lat' dir='ltr'><strong>est),</strong></span> <span class='ocrx_word' id='word_1_755' title='bbox 3230 3853 3369 3900; x_wconf 83' lang='lat' dir='ltr'><strong>totus</strong></span> <span class='ocrx_word' id='word_1_756' title='bbox 3383 3851 3610 3905; x_wconf 76' lang='lat' dir='ltr'><strong>condens</strong></span> 
     </span>
    </p>
   </div>
   <div class='ocr_carea' id='block_1_99' title="bbox 2042 3930 3610 4005">
    <p class='ocr_par' dir='ltr' id='par_1_99' title="bbox 2042 3930 3610 4005">
     <span class='ocr_line' id='line_1_99' title="bbox 2042 3930 3610 4005; baseline 0.008 -22"><span class='ocrx_word' id='word_1_757' title='bbox 2042 3945 2104 3983; x_wconf 85' lang='lat' dir='ltr'><strong>ac</strong></span> <span class='ocrx_word' id='word_1_758' title='bbox 2131 3943 2338 3992; x_wconf 83' lang='lat' dir='ltr'><strong>creatis,</strong></span> <span class='ocrx_word' id='word_1_759' title='bbox 2375 3939 2432 3983; x_wconf 87' lang='lat' dir='ltr'><strong>ut</strong></span> <span class='ocrx_word' id='word_1_760' title='bbox 2467 3939 2606 3984; x_wconf 84' lang='lat' dir='ltr'><strong>totus</strong></span> <span class='ocrx_word' id='word_1_761' title='bbox 2629 3930 2744 4000; x_wconf 87' lang='lat' dir='ltr'><strong>ipsa</strong></span> <span class='ocrx_word' id='word_1_762' title='bbox 2781 3947 2814 3984; x_wconf 83' lang='grc' dir='ltr'><strong>α</strong></span> <span class='ocrx_word' id='word_1_763' title='bbox 2853 3949 2908 3986; x_wconf 81' lang='lat' dir='ltr'><strong>se</strong></span> <span class='ocrx_word' id='word_1_764' title='bbox 2947 3949 3062 3988; x_wconf 85' lang='lat' dir='ltr'><strong>vere</strong></span> <span class='ocrx_word' id='word_1_765' title='bbox 3089 3936 3342 3992; x_wconf 73' lang='lat' dir='ltr'><strong>exsistens</strong></span> <span class='ocrx_word' id='word_1_766' title='bbox 3372 3942 3610 4005; x_wconf 83' lang='lat' dir='ltr'><strong>operatio</strong></span> 
     </span>
    </p>
   </div>
   <div class='ocr_carea' id='block_1_100' title="bbox 2041 4020 3612 4096">
    <p class='ocr_par' dir='ltr' id='par_1_100' title="bbox 2041 4020 3612 4096">
     <span class='ocr_line' id='line_1_100' title="bbox 2041 4020 3612 4096; baseline 0.007 -23"><span class='ocrx_word' id='word_1_767' title='bbox 2041 4031 2310 4090; x_wconf 84' lang='lat' dir='ltr'><strong>actusque.</strong></span> <span class='ocrx_word' id='word_1_768' title='bbox 2351 4020 2509 4076; x_wconf 79' lang='lat' dir='ltr'><strong>Totus</strong></span> <span class='ocrx_word' id='word_1_769' title='bbox 2540 4023 2679 4077; x_wconf 83' lang='lat' dir='ltr'><strong>idem</strong></span> <span class='ocrx_word' id='word_1_770' title='bbox 2721 4026 3034 4093; x_wconf 81' lang='lat' dir='ltr'><strong>sapientiam</strong></span> <span class='ocrx_word' id='word_1_771' title='bbox 3078 4037 3336 4096; x_wconf 69' lang='lat' dir='ltr'><strong>praestans</strong></span> <span class='ocrx_word' id='word_1_772' title='bbox 3377 4041 3426 4085; x_wconf 81' lang='lat' dir='ltr'><strong>et</strong></span> <span class='ocrx_word' id='word_1_773' title='bbox 3460 4031 3612 4086; x_wconf 49' lang='lat' dir='ltr'><strong>bouis</strong></span> 
     </span>
    </p>
   </div>
   <div class='ocr_carea' id='block_1_101' title="bbox 2041 4115 3612 4192">
    <p class='ocr_par' dir='ltr' id='par_1_101' title="bbox 2041 4115 3612 4192">
     <span class='ocr_line' id='line_1_101' title="bbox 2041 4115 3612 4192; baseline 0.009 -27"><span class='ocrx_word' id='word_1_774' title='bbox 2041 4122 2224 4178; x_wconf 85' lang='lat' dir='ltr'><strong>tatem,</strong></span> <span class='ocrx_word' id='word_1_775' title='bbox 2249 4122 2304 4166; x_wconf 86' lang='lat' dir='ltr'><strong>ut</strong></span> <span class='ocrx_word' id='word_1_776' title='bbox 2341 4123 2477 4168; x_wconf 89' lang='lat' dir='ltr'><strong>totus</strong></span> <span class='ocrx_word' id='word_1_777' title='bbox 2506 4115 2762 4183; x_wconf 82' lang='lat' dir='ltr'><strong>sapientia</strong></span> <span class='ocrx_word' id='word_1_778' title='bbox 2810 4125 2857 4170; x_wconf 85' lang='lat' dir='ltr'><strong>et</strong></span> <span class='ocrx_word' id='word_1_779' title='bbox 2887 4115 3090 4172; x_wconf 85' lang='lat' dir='ltr'><strong>bonitas</strong></span> <span class='ocrx_word' id='word_1_780' title='bbox 3122 4129 3171 4174; x_wconf 88' lang='lat' dir='ltr'><strong>et</strong></span> <span class='ocrx_word' id='word_1_781' title='bbox 3214 4122 3376 4175; x_wconf 81' lang='lat' dir='ltr'><strong>uirtus</strong></span> <span class='ocrx_word' id='word_1_782' title='bbox 3400 4139 3490 4177; x_wconf 85' lang='lat' dir='ltr'><strong>seu</strong></span> <span class='ocrx_word' id='word_1_783' title='bbox 3515 4143 3612 4192; x_wconf 78' lang='lat' dir='ltr'><strong>po-</strong></span> 
     </span>
    </p>
   </div>
   <div class='ocr_carea' id='block_1_102' title="bbox 2041 4206 3612 4279">
    <p class='ocr_par' dir='ltr' id='par_1_102' title="bbox 2041 4206 3612 4279">
     <span class='ocr_line' id='line_1_102' title="bbox 2041 4206 3612 4279; baseline 0.01 -21"><span class='ocrx_word' id='word_1_784' title='bbox 2041 4208 2225 4261; x_wconf 87' lang='lat' dir='ltr'><strong>tentia.</strong></span> <span class='ocrx_word' id='word_1_785' title='bbox 2255 4206 2538 4273; x_wconf 83' lang='lat' dir='ltr'><strong>Quatenus</strong></span> <span class='ocrx_word' id='word_1_786' title='bbox 2565 4208 2709 4262; x_wconf 91' lang='lat' dir='ltr'><strong>enim</strong></span> <span class='ocrx_word' id='word_1_787' title='bbox 2739 4223 2798 4262; x_wconf 85' lang='lat' dir='ltr'><strong>ea</strong></span> <span class='ocrx_word' id='word_1_788' title='bbox 2836 4210 2884 4262; x_wconf 84' lang='lat' dir='ltr'><strong>vi</strong></span> <span class='ocrx_word' id='word_1_789' title='bbox 2911 4211 3170 4279; x_wconf 53' lang='lat' dir='ltr'><strong>praeditus</strong></span> <span class='ocrx_word' id='word_1_790' title='bbox 3211 4225 3295 4269; x_wconf 85' lang='lat' dir='ltr'><strong>est</strong></span> <span class='ocrx_word' id='word_1_791' title='bbox 3359 4227 3418 4270; x_wconf 91' lang='lat' dir='ltr'><strong>ut</strong></span> <span class='ocrx_word' id='word_1_792' title='bbox 3456 4232 3612 4274; x_wconf 43' lang='lat' dir='ltr'><strong>natuq</strong></span> 
     </span>
    </p>
   </div>
   <div class='ocr_carea' id='block_1_103' title="bbox 2043 4291 3610 4382">
    <p class='ocr_par' dir='ltr' id='par_1_103' title="bbox 2043 4291 3610 4382">
     <span class='ocr_line' id='line_1_103' title="bbox 2043 4291 3610 4382; baseline 0.007 -30"><span class='ocrx_word' id='word_1_793' title='bbox 2043 4314 2155 4352; x_wconf 82' lang='lat' dir='ltr'><strong>ram</strong></span> <span class='ocrx_word' id='word_1_794' title='bbox 2193 4313 2343 4352; x_wconf 88' lang='lat' dir='ltr'><strong>suam</strong></span> <span class='ocrx_word' id='word_1_795' title='bbox 2398 4291 2781 4363; x_wconf 81' lang='lat' dir='ltr'><strong>communicet,</strong></span> <span class='ocrx_word' id='word_1_796' title='bbox 2812 4301 3005 4372; x_wconf 73' lang='lat' dir='ltr'><strong>gignit,</strong></span> <span class='ocrx_word' id='word_1_797' title='bbox 3071 4315 3340 4372; x_wconf 82' lang='lat' dir='ltr'><strong>quatenus</strong></span> <span class='ocrx_word' id='word_1_798' title='bbox 3393 4323 3520 4364; x_wconf 75' lang='lat' dir='ltr'><strong>vero</strong></span> <span class='ocrx_word' id='word_1_799' title='bbox 3553 4320 3610 4382; x_wconf 70' lang='lat' dir='ltr'><strong>ut</strong></span> 
     </span>
    </p>
   </div>
   <div class='ocr_carea' id='block_1_104' title="bbox 2013 4385 3608 4466">
    <p class='ocr_par' dir='ltr' id='par_1_104' title="bbox 2013 4385 3608 4466">
     <span class='ocr_line' id='line_1_104' title="bbox 2013 4385 3608 4466; baseline 0.006 -23"><span class='ocrx_word' id='word_1_800' title='bbox 2013 4385 2338 4444; x_wconf 83' lang='lat' dir='ltr'><strong>secundum</strong></span> <span class='ocrx_word' id='word_1_801' title='bbox 2369 4400 2537 4445; x_wconf 87' lang='lat' dir='ltr'><strong>artem</strong></span> <span class='ocrx_word' id='word_1_802' title='bbox 2572 4390 2925 4446; x_wconf 90' lang='lat' dir='ltr'><strong>similitudine</strong></span> <span class='ocrx_word' id='word_1_803' title='bbox 2952 4408 3048 4448; x_wconf 79' lang='lat' dir='ltr'><strong>sua</strong></span> <span class='ocrx_word' id='word_1_804' title='bbox 3075 4393 3374 4466; x_wconf 85' lang='lat' dir='ltr'><strong>impartiat,</strong></span> <span class='ocrx_word' id='word_1_805' title='bbox 3419 4411 3608 4466; x_wconf 86' lang='lat' dir='ltr'><strong>creat;</strong></span> 
     </span>
    </p>
   </div>
   <div class='ocr_carea' id='block_1_105' title="bbox 2037 4479 3610 4562">
    <p class='ocr_par' dir='ltr' id='par_1_105' title="bbox 2037 4479 3610 4562">
     <span class='ocr_line' id='line_1_105' title="bbox 2037 4479 3610 4562; baseline 0.009 -28"><span class='ocrx_word' id='word_1_806' title='bbox 2037 4493 2108 4534; x_wconf 89' lang='lat' dir='ltr'><strong>ne</strong></span> <span class='ocrx_word' id='word_1_807' title='bbox 2134 4479 2271 4534; x_wconf 90' lang='lat' dir='ltr'><strong>ullus</strong></span> <span class='ocrx_word' id='word_1_808' title='bbox 2296 4482 2488 4535; x_wconf 88' lang='lat' dir='ltr'><strong>modus</strong></span> <span class='ocrx_word' id='word_1_809' title='bbox 2515 4481 2944 4551; x_wconf 86' lang='lat' dir='ltr'><strong>partieipationis</strong></span> <span class='ocrx_word' id='word_1_810' title='bbox 2975 4486 3116 4540; x_wconf 91' lang='lat' dir='ltr'><strong>desit</strong></span> <span class='ocrx_word' id='word_1_811' title='bbox 3151 4486 3268 4557; x_wconf 85' lang='lat' dir='ltr'><strong>ejus</strong></span> <span class='ocrx_word' id='word_1_812' title='bbox 3297 4491 3391 4560; x_wconf 92' lang='lat' dir='ltr'><strong>qui</strong></span> <span class='ocrx_word' id='word_1_813' title='bbox 3426 4493 3610 4562; x_wconf 82' lang='lat' dir='ltr'><strong>perfe-</strong></span> 
     </span>
    </p>
   </div>
   <div class='ocr_carea' id='block_1_106' title="bbox 2035 4572 3610 4642">
    <p class='ocr_par' dir='ltr' id='par_1_106' title="bbox 2035 4572 3610 4642">
     <span class='ocr_line' id='line_1_106' title="bbox 2035 4572 3610 4642; baseline 0.011 -17"><span class='ocrx_word' id='word_1_814' title='bbox 2035 4581 2156 4626; x_wconf 90' lang='lat' dir='ltr'><strong>ctus</strong></span> <span class='ocrx_word' id='word_1_815' title='bbox 2197 4572 2476 4642; x_wconf 86' lang='lat' dir='ltr'><strong>bonusque</strong></span> <span class='ocrx_word' id='word_1_816' title='bbox 2523 4580 2578 4625; x_wconf 91' lang='lat' dir='ltr'><strong>et</strong></span> <span class='ocrx_word' id='word_1_817' title='bbox 2613 4577 2861 4628; x_wconf 65' lang='lat' dir='ltr'><strong>‘snmmus</strong></span> <span class='ocrx_word' id='word_1_818' title='bbox 2901 4585 3004 4630; x_wconf 84' lang='lat' dir='ltr'><strong>est.</strong></span> <span class='ocrx_word' id='word_1_819' title='bbox 3037 4575 3208 4634; x_wconf 89' lang='lat' dir='ltr'><strong>Porro</strong></span> <span class='ocrx_word' id='word_1_820' title='bbox 3256 4581 3384 4636; x_wconf 88' lang='lat' dir='ltr'><strong>talia</strong></span> <span class='ocrx_word' id='word_1_821' title='bbox 3431 4585 3610 4642; x_wconf 69' lang='lat' dir='ltr'><strong>solum</strong></span> 
     </span>
    </p>
   </div>
   <div class='ocr_carea' id='block_1_107' title="bbox 2037 4663 3609 4737">
    <p class='ocr_par' dir='ltr' id='par_1_107' title="bbox 2037 4663 3609 4737">
     <span class='ocr_line' id='line_1_107' title="bbox 2037 4663 3609 4737; baseline 0.007 -20"><span class='ocrx_word' id='word_1_822' title='bbox 2037 4663 2348 4729; x_wconf 73' lang='lat' dir='ltr'><strong>credimus;</strong></span> <span class='ocrx_word' id='word_1_823' title='bbox 2398 4674 2457 4717; x_wconf 91' lang='lat' dir='ltr'><strong>ut</strong></span> <span class='ocrx_word' id='word_1_824' title='bbox 2501 4673 2679 4718; x_wconf 87' lang='lat' dir='ltr'><strong>autem</strong></span> <span class='ocrx_word' id='word_1_825' title='bbox 2718 4679 2778 4719; x_wconf 87' lang='lat' dir='ltr'><strong>se</strong></span> <span class='ocrx_word' id='word_1_826' title='bbox 2801 4664 3056 4734; x_wconf 86' lang='lat' dir='ltr'><strong>habeant,</strong></span> <span class='ocrx_word' id='word_1_827' title='bbox 3083 4683 3340 4729; x_wconf 87' lang='lat' dir='ltr'><strong>accurate</strong></span> <span class='ocrx_word' id='word_1_828' title='bbox 3371 4676 3446 4730; x_wconf 90' lang='lat' dir='ltr'><strong>illi</strong></span> <span class='ocrx_word' id='word_1_829' title='bbox 3466 4682 3609 4737; x_wconf 78' lang='lat' dir='ltr'><strong>dun.</strong></span> 
     </span>
    </p>
   </div>
   <div class='ocr_carea' id='block_1_108' title="bbox 2035 4756 2606 4825">
    <p class='ocr_par' dir='ltr' id='par_1_108' title="bbox 2035 4756 2606 4825">
     <span class='ocr_line' id='line_1_108' title="bbox 2035 4756 2606 4825; baseline -0.005 -14"><span class='ocrx_word' id='word_1_830' title='bbox 2035 4765 2185 4811; x_wconf 80' lang='lat' dir='ltr'><strong>taxat</strong></span> <span class='ocrx_word' id='word_1_831' title='bbox 2207 4767 2292 4811; x_wconf 86' lang='lat' dir='ltr'><strong>est</strong></span> <span class='ocrx_word' id='word_1_832' title='bbox 2313 4756 2606 4825; x_wconf 77' lang='lat' dir='ltr'><strong>cognitum.</strong></span> 
     </span>
    </p>
   </div>
   <div class='ocr_carea' id='block_1_109' title="bbox 2111 4849 3604 4918">
    <p class='ocr_par' dir='ltr' id='par_1_109' title="bbox 2111 4849 3604 4918">
     <span class='ocr_line' id='line_1_109' title="bbox 2111 4849 3604 4918; baseline 0.007 -14"><span class='ocrx_word' id='word_1_833' title='bbox 2111 4851 2287 4918; x_wconf 86' lang='lat' dir='ltr'><strong>Atque</strong></span> <span class='ocrx_word' id='word_1_834' title='bbox 2317 4852 2374 4902; x_wconf 87' lang='lat' dir='ltr'><strong>ut</strong></span> <span class='ocrx_word' id='word_1_835' title='bbox 2401 4865 2466 4905; x_wconf 83' lang='lat' dir='ltr'><strong>ex</strong></span> <span class='ocrx_word' id='word_1_836' title='bbox 2498 4849 2747 4905; x_wconf 90' lang='lat' dir='ltr'><strong>obscuris</strong></span> <span class='ocrx_word' id='word_1_837' title='bbox 2778 4849 3080 4906; x_wconf 87' lang='lat' dir='ltr'><strong>simulacris</strong></span> <span class='ocrx_word' id='word_1_838' title='bbox 3117 4852 3185 4908; x_wconf 88' lang='lat' dir='ltr'><strong>ad</strong></span> <span class='ocrx_word' id='word_1_839' title='bbox 3231 4857 3604 4914; x_wconf 64' lang='lat' dir='ltr'><strong>univet&#39;sdrntn</strong></span> 
     </span>
    </p>
   </div>
   <div class='ocr_carea' id='block_1_110' title="bbox 2041 4941 3607 5024">
    <p class='ocr_par' dir='ltr' id='par_1_110' title="bbox 2041 4941 3607 5024">
     <span class='ocr_line' id='line_1_110' title="bbox 2041 4941 3607 5024; baseline 0.008 -29"><span class='ocrx_word' id='word_1_840' title='bbox 2041 4951 2324 4995; x_wconf 86' lang='lat' dir='ltr'><strong>auctorem</strong></span> <span class='ocrx_word' id='word_1_841' title='bbox 2373 4941 2760 5007; x_wconf 82' lang='lat' dir='ltr'><strong>provehamur,</strong></span> <span class='ocrx_word' id='word_1_842' title='bbox 2802 4941 2928 4993; x_wconf 84' lang='lat' dir='ltr'><strong>exili</strong></span> <span class='ocrx_word' id='word_1_843' title='bbox 2986 4943 3195 5000; x_wconf 82' lang='lat' dir='ltr'><strong>ratione</strong></span> <span class='ocrx_word' id='word_1_844' title='bbox 3247 4961 3334 5001; x_wconf 88' lang='lat' dir='ltr'><strong>res</strong></span> <span class='ocrx_word' id='word_1_845' title='bbox 3384 4965 3607 5024; x_wconf 78' lang='lat' dir='ltr'><strong>magnas</strong></span> 
     </span>
    </p>
   </div>
   <div class='ocr_carea' id='block_1_111' title="bbox 2043 5030 3610 5113">
    <p class='ocr_par' dir='ltr' id='par_1_111' title="bbox 2043 5030 3610 5113">
     <span class='ocr_line' id='line_1_111' title="bbox 2043 5030 3610 5113; baseline 0.01 -27"><span class='ocrx_word' id='word_1_846' title='bbox 2043 5033 2435 5101; x_wconf 84' lang='lat' dir='ltr'><strong>ponderantes,</strong></span> <span class='ocrx_word' id='word_1_847' title='bbox 2463 5031 2608 5085; x_wconf 78' lang='lat' dir='ltr'><strong>velut</strong></span> <span class='ocrx_word' id='word_1_848' title='bbox 2637 5031 2682 5084; x_wconf 89' lang='lat' dir='ltr'><strong>si</strong></span> <span class='ocrx_word' id='word_1_849' title='bbox 2713 5030 2838 5099; x_wconf 87' lang='lat' dir='ltr'><strong>quis</strong></span> <span class='ocrx_word' id='word_1_850' title='bbox 2868 5047 2933 5085; x_wconf 79' lang='lat' dir='ltr'><strong>ex</strong></span> <span class='ocrx_word' id='word_1_851' title='bbox 2958 5031 3068 5088; x_wconf 87' lang='lat' dir='ltr'><strong>sole</strong></span> <span class='ocrx_word' id='word_1_852' title='bbox 3093 5037 3264 5092; x_wconf 88' lang='lat' dir='ltr'><strong>solem</strong></span> <span class='ocrx_word' id='word_1_853' title='bbox 3297 5041 3460 5096; x_wconf 88' lang='lat' dir='ltr'><strong>alium</strong></span> <span class='ocrx_word' id='word_1_854' title='bbox 3486 5061 3610 5113; x_wconf 80' lang='lat' dir='ltr'><strong>pro-</strong></span> 
     </span>
    </p>
   </div>
   <div class='ocr_carea' id='block_1_112' title="bbox 2039 5120 3600 5201">
    <p class='ocr_par' dir='ltr' id='par_1_112' title="bbox 2039 5120 3600 5201">
     <span class='ocr_line' id='line_1_112' title="bbox 2039 5120 3600 5201; baseline 0.01 -25"><span class='ocrx_word' id='word_1_855' title='bbox 2039 5121 2344 5187; x_wconf 87' lang='lat' dir='ltr'><strong>cedentem,</strong></span> <span class='ocrx_word' id='word_1_856' title='bbox 2383 5135 2504 5174; x_wconf 75' lang='lat' dir='ltr'><strong>mox</strong></span> <span class='ocrx_word' id='word_1_857' title='bbox 2535 5135 2600 5174; x_wconf 88' lang='lat' dir='ltr'><strong>ac</strong></span> <span class='ocrx_word' id='word_1_858' title='bbox 2630 5120 2719 5201; x_wconf 79' lang='lat' dir='ltr'><strong>ille</strong></span> <span class='ocrx_word' id='word_1_859' title='bbox 2751 5121 2960 5190; x_wconf 82' lang='lat' dir='ltr'><strong>primus</strong></span> <span class='ocrx_word' id='word_1_860' title='bbox 2985 5123 3041 5178; x_wconf 88' lang='lat' dir='ltr'><strong>in</strong></span> <span class='ocrx_word' id='word_1_861' title='bbox 3067 5128 3306 5183; x_wconf 79' lang='lat' dir='ltr'><strong>animum</strong></span> <span class='ocrx_word' id='word_1_862' title='bbox 3341 5133 3600 5201; x_wconf 87' lang='lat' dir='ltr'><strong>incurrit.</strong></span> 
     </span>
    </p>
   </div>
   <div class='ocr_carea' id='block_1_113' title="bbox 2040 5198 3678 5298">
    <p class='ocr_par' dir='ltr' id='par_1_113' title="bbox 2040 5198 3678 5298">
     <span class='ocr_line' id='line_1_113' title="bbox 2040 5198 3678 5298; baseline 0.009 -32"><span class='ocrx_word' id='word_1_863' title='bbox 2040 5227 2146 5266; x_wconf 78' lang='lat' dir='ltr'><strong>una</strong></span> <span class='ocrx_word' id='word_1_864' title='bbox 2193 5225 2316 5266; x_wconf 89' lang='lat' dir='ltr'><strong>eum</strong></span> <span class='ocrx_word' id='word_1_865' title='bbox 2347 5210 2448 5264; x_wconf 86' lang='lat' dir='ltr'><strong>.illa</strong></span> <span class='ocrx_word' id='word_1_866' title='bbox 2495 5198 2746 5281; x_wconf 73' lang='lat' dir='ltr'><strong>gignendi</strong></span> <span class='ocrx_word' id='word_1_867' title='bbox 2800 5214 3013 5269; x_wconf 79' lang='lat' dir='ltr'><strong>ratione</strong></span> <span class='ocrx_word' id='word_1_868' title='bbox 3043 5217 3264 5275; x_wconf 80' lang='lat' dir='ltr'><strong>elucere</strong></span> <span class='ocrx_word' id='word_1_869' title='bbox 3311 5198 3598 5295; x_wconf 75' lang='lat' dir='ltr'><strong>intelligat,</strong></span> <span class='ocrx_word' id='word_1_870' title='bbox 3675 5294 3678 5298; x_wconf 31' lang='grc'>,</span> 
     </span>
    </p>
   </div>
   <div class='ocr_carea' id='block_1_114' title="bbox 2037 5301 3604 5383">
    <p class='ocr_par' dir='ltr' id='par_1_114' title="bbox 2037 5301 3604 5383">
     <span class='ocr_line' id='line_1_114' title="bbox 2037 5301 3604 5383; baseline 0.007 -26"><span class='ocrx_word' id='word_1_871' title='bbox 2037 5301 2227 5357; x_wconf 82' lang='lat' dir='ltr'><strong>eodem</strong></span> <span class='ocrx_word' id='word_1_872' title='bbox 2257 5315 2319 5356; x_wconf 84' lang='lat' dir='ltr'><strong>se</strong></span> <span class='ocrx_word' id='word_1_873' title='bbox 2349 5315 2572 5370; x_wconf 82' lang='lat' dir='ltr'><strong>prorsus</strong></span> <span class='ocrx_word' id='word_1_874' title='bbox 2607 5303 2766 5356; x_wconf 86' lang='lat' dir='ltr'><strong>modo</strong></span> <span class='ocrx_word' id='word_1_875' title='bbox 2793 5317 2858 5358; x_wconf 86' lang='lat' dir='ltr'><strong>ac</strong></span> <span class='ocrx_word' id='word_1_876' title='bbox 2882 5303 2974 5360; x_wconf 89' lang='lat' dir='ltr'><strong>ille</strong></span> <span class='ocrx_word' id='word_1_877' title='bbox 3003 5306 3292 5365; x_wconf 80' lang='lat' dir='ltr'><strong>habentem</strong></span> <span class='ocrx_word' id='word_1_878' title='bbox 3329 5327 3346 5366; x_wconf 89' lang='lat'><strong>:</strong></span> <span class='ocrx_word' id='word_1_879' title='bbox 3382 5321 3604 5383; x_wconf 88' lang='lat' dir='ltr'><strong>tumque</strong></span> 
     </span>
    </p>
   </div>
   <div class='ocr_carea' id='block_1_115' title="bbox 2034 5390 3599 5472">
    <p class='ocr_par' dir='ltr' id='par_1_115' title="bbox 2034 5390 3599 5472">
     <span class='ocr_line' id='line_1_115' title="bbox 2034 5390 3599 5472; baseline 0.007 -25"><span class='ocrx_word' id='word_1_880' title='bbox 2034 5407 2225 5447; x_wconf 87' lang='lat' dir='ltr'><strong>rursus</strong></span> <span class='ocrx_word' id='word_1_881' title='bbox 2265 5406 2388 5445; x_wconf 90' lang='lat' dir='ltr'><strong>eum</strong></span> <span class='ocrx_word' id='word_1_882' title='bbox 2444 5390 2635 5456; x_wconf 89' lang='lat' dir='ltr'><strong>solem,</strong></span> <span class='ocrx_word' id='word_1_883' title='bbox 2665 5407 2788 5447; x_wconf 86' lang='lat' dir='ltr'><strong>cum</strong></span> <span class='ocrx_word' id='word_1_884' title='bbox 2817 5392 3016 5464; x_wconf 88' lang='lat' dir='ltr'><strong>alioqui</strong></span> <span class='ocrx_word' id='word_1_885' title='bbox 3049 5413 3190 5454; x_wconf 83' lang='lat' dir='ltr'><strong>unus</strong></span> <span class='ocrx_word' id='word_1_886' title='bbox 3219 5403 3310 5465; x_wconf 89' lang='lat' dir='ltr'><strong>sit,</strong></span> <span class='ocrx_word' id='word_1_887' title='bbox 3366 5401 3421 5455; x_wconf 87' lang='lat' dir='ltr'><strong>in</strong></span> <span class='ocrx_word' id='word_1_888' title='bbox 3450 5402 3599 5472; x_wconf 81' lang='lat' dir='ltr'><strong>plura</strong></span> 
     </span>
    </p>
   </div>
   <div class='ocr_carea' id='block_1_116' title="bbox 2042 5482 3602 5558">
    <p class='ocr_par' dir='ltr' id='par_1_116' title="bbox 2042 5482 3602 5558">
     <span class='ocr_line' id='line_1_116' title="bbox 2042 5482 3602 5558; baseline 0.006 -17"><span class='ocrx_word' id='word_1_889' title='bbox 2042 5482 2417 5541; x_wconf 88' lang='lat' dir='ltr'><strong>similitudinis</strong></span> <span class='ocrx_word' id='word_1_890' title='bbox 2449 5483 2656 5538; x_wconf 88' lang='lat' dir='ltr'><strong>ratione</strong></span> <span class='ocrx_word' id='word_1_891' title='bbox 2688 5484 3035 5554; x_wconf 89' lang='lat' dir='ltr'><strong>multiplicari</strong></span> <span class='ocrx_word' id='word_1_892' title='bbox 3068 5490 3419 5558; x_wconf 78' lang='lat' dir='ltr'><strong>cogitaverit;</strong></span> <span class='ocrx_word' id='word_1_893' title='bbox 3449 5492 3602 5552; x_wconf 82' lang='lat' dir='ltr'><strong>velut</strong></span> 
     </span>
    </p>
   </div>
   <div class='ocr_carea' id='block_1_117' title="bbox 2034 5577 3682 5649">
    <p class='ocr_par' dir='ltr' id='par_1_117' title="bbox 2034 5577 3682 5649">
     <span class='ocr_line' id='line_1_117' title="bbox 2034 5577 3682 5649; baseline 0.005 -15"><span class='ocrx_word' id='word_1_894' title='bbox 2034 5579 2090 5634; x_wconf 87' lang='lat' dir='ltr'><strong>in</strong></span> <span class='ocrx_word' id='word_1_895' title='bbox 2122 5593 2260 5649; x_wconf 83' lang='lat' dir='ltr'><strong>aqua</strong></span> <span class='ocrx_word' id='word_1_896' title='bbox 2299 5577 2545 5634; x_wconf 82' lang='lat' dir='ltr'><strong>videmus</strong></span> <span class='ocrx_word' id='word_1_897' title='bbox 2583 5585 2636 5633; x_wconf 87' lang='lat' dir='ltr'><strong>et</strong></span> <span class='ocrx_word' id='word_1_898' title='bbox 2667 5578 2924 5648; x_wconf 86' lang='lat' dir='ltr'><strong>speculis,</strong></span> <span class='ocrx_word' id='word_1_899' title='bbox 2971 5590 3221 5637; x_wconf 86' lang='lat' dir='ltr'><strong>manente</strong></span> <span class='ocrx_word' id='word_1_900' title='bbox 3271 5582 3362 5640; x_wconf 92' lang='lat' dir='ltr'><strong>illo</strong></span> <span class='ocrx_word' id='word_1_901' title='bbox 3401 5585 3600 5644; x_wconf 84' lang='lat' dir='ltr'><strong>itnnto-</strong></span> <span class='ocrx_word' id='word_1_902' title='bbox 3676 5592 3682 5598; x_wconf 88' lang='lat'>&#39;</span> 
     </span>
    </p>
   </div>
  </div>
