4036 6262
475 364 582 425 375

1727 380 2126 442 MANUELIS
2169 385 2256 443 CA
2271 385 2472 446 LEC/E
2551 445 2561 451 .

3617 395 3708 460 376

478 489 618 530 ment
645 478 710 534 “.
752 477 996 552 "ineque
1020 485 1152 538 adeo
1184 487 1468 555 cntitiugit,
1501 499 1558 544 ut
1588 493 1825 561 reliquos
1855 495 2043 551 omnes

2160 515 2320 554 σεται
2354 502 2560 571 φωνῆς
2589 503 2935 568 ἐπᾳδόντων
2955 521 2968 534 ·
2999 505 3126 570 περὶ
3154 498 3226 556 ὧν
3251 502 3346 558 καὶ
3375 507 3400 556 ὁ
3421 504 3706 574 Ψαλμῳδός

477 581 846 636 condemnant,
885 588 946 628 ac
973 590 1142 645 neque
1167 577 1347 632 videre
1384 595 1554 650 neque
1585 585 1773 639 audire
1835 588 2052 642 videan-

480 669 606 724 "lli
657 664 790 716 velut
822 667 1020 732 aspidis
1058 671 1231 724 surda!
1259 671 1458 726 similes
1494 684 1542 726 et
1563 676 1855 731 obturantis
1895 696 2048 733 aures

476 764 627 811 suas,
663 767 781 820 qua:
806 769 905 807 non
926 756 1170 808 exaudiet
1202 773 1374 812 vocem
1433 761 1827 818 incantantium
1846 767 1926 833 ";
1978 769 2048 822 de

477 843 675 909 quibus
697 844 859 897 etiam
893 846 1028 900 dixit
1073 847 1358 904 Psalmista
1387 867 1401 905 :
1435 851 1640 906 Cecidit
1686 857 1824 924 ignis
1888 875 2046 929 super

2161 589 2332 653 εἶπεν.
2368 595 2585 648 Ἔπεσε
2606 593 2724 662 πῦρ
2750 595 2844 647 ἐπ’
2871 594 3116 660 αὐτοὺς,
3154 597 3250 649 καὶ
3286 599 3399 650 οὐκ
3431 595 3587 651 εἶδον
3614 598 3709 650 τὸν

2159 682 2369 748 ἢλιον’
2405 685 2528 749 καὶ,
2580 687 2664 738 Δι’
2691 685 2729 739 ἂ
2755 686 2991 756 ἔρχεται
3037 687 3076 755 ἡ
3123 687 3267 756 ὀργὴ
3301 687 3409 742 τοῦ
3451 688 3594 742 Θεοῦ
3619 690 3708 742 ἐπὶ

2157 772 2302 839 τοὺς
2333 773 2504 840 υἱοὺς
2533 774 2646 840 τῆς
2697 776 3002 842 ἀπειθείας
3021 792 3035 806 ο
3065 777 3181 842 καὶ,
3211 777 3290 830 Δι’
3321 776 3360 832 ἁ
3389 779 3711 844 παρέδωκεν

2151 863 2374 930 αὐτοὺς
2396 867 2484 932 είς
2513 867 2673 934 πάθη
2697 867 2954 936 ἀτιμίας,
2987 867 3128 924 κατά
3156 868 3217 921 τὸ
3241 869 3644 937 γεγραμμένον.

479 949 586 1031 eos,
615 943 787 1031 etnon
823 936 1062 993 uiderunt
1083 940 1244 996 solem
1272 945 1351 1004 ’σς
1381 953 1436 1000 et
1462 963 1476 1000 :
1510 947 1731 1016 Propter
1757 966 1876 1019 quae
1907 953 2039 1008 venit
2072 955 2152 1010 ira
2179 955 2278 1011 Dei
2313 959 2368 1013 in
2397 959 2536 1024 ﬁlios
2563 960 2940 1028 difﬁdentia"
2968 977 2983 1031 ;
3017 959 3242 1031 Propter
3325 978 3447 1031 qute
3478 936 3482 937 ί
3509 963 3711 1017 tradidit

479 1026 601 1080 illos
641 1028 693 1082 in
720 1031 989 1094 passiones
1006 1034 1552 1105 ignominiw",juxta
1581 1043 1725 1111 quod
1749 1040 2047 1112 Scriptura:
2087 1050 2267 1105 verbis
2303 1052 2572 1121 proditum
2624 1026 2741 1113 est.

554 1123 678 1177 Haec
712 1127 912 1197 itaque,
950 1145 1077 1184 num
1100 1130 1262 1199 hujus
1307 1137 1674 1204 corruptionis
1728 1154 1908 1196 causae
1939 1140 2053 1197 fue-

479 1216 608 1279 rint,
642 1216 876 1287 indeque
899 1219 988 1275 illa
1041 1230 1216 1276 ortum
1259 1224 1532 1292 habuerit,
1586 1228 1707 1285 aliis
1757 1231 2050 1289 dicendum

480 1304 760 1374 relinquo;
793 1308 858 1361 ad
889 1323 1124 1376 praesens
1149 1316 1496 1384 autemquod
1544 1319 1761 1385 attinet,
1806 1335 1873 1374 ex
1918 1321 2054 1377 sub-

475 1395 616 1464 jecta
650 1399 968 1466 quaestionis
995 1402 1239 1467 materia,
1261 1407 1629 1474 corruptionis
1667 1423 1832 1465 causa
1884 1413 2054 1468 exsti-

417 1487 429 1564 "
481 1488 612 1545 tisse
635 1489 879 1558 videtur;
915 1491 1147 1560 primum
1177 1495 1416 1564 quidem,
1447 1499 1591 1567 quod
1643 1515 1763 1554 cum
1788 1501 1896 1558 illis
1920 1518 2054 1558 con-

481 1579 728 1633 stitutum
759 1590 925 1646 esset,
957 1592 1014 1635 ut
1044 1584 1112 1638 de
1139 1585 1369 1640 essentia
1401 1597 1457 1641 ct
1510 1589 1838 1658 operatione?
1865 1593 2057 1662 loque-

481 1682 687 1736 rentur,
723 1689 832 1728 non
863 1682 988 1730 ante
1005 1675 1370 1733 distinxerunt
1431 1689 1577 1750 ,qnot
1609 1682 1783 1738 modis
1811 1686 2056 1752 operatio

481 1765 714 1833 dicatur,
743 1781 864 1824 cum
905 1768 989 1824 illa
1017 1771 1187 1826 tribus
1215 1771 1391 1827 modis
1421 1783 1476 1829 et
1509 1776 1724 1830 dicatur
1771 1787 1827 1832 et
1857 1778 2059 1832 intelli-

2237 1149 2299 1200 El
2325 1149 2507 1201 τοίνυν
2537 1149 2714 1208 ταῦτα
2747 1149 2846 1220 τῆς
2876 1149 3085 1220 φθορᾶς
3121 1151 3325 1223 ταύτης
3355 1153 3523 1218 αἴτια,
3551 1154 3712 1218 ἄλλοις

2159 1237 2340 1306 λέγειν
2369 1238 2612 1309 παρίημι
2635 1255 2650 1271 ο
2682 1241 2809 1298 ὅσον
2839 1239 2886 1294 δ’
2928 1237 3024 1294 οὖν
3053 1241 3193 1312 πρὸς
3221 1242 3279 1294 τὸ
3309 1245 3506 1314 παρὸν,
3545 1246 3606 1300 ὲκ
3625 1247 3710 1316 τῆς

2157 1331 2289 1400 περὶ
2313 1330 2372 1384 τδ
2403 1331 2624 1403 ζήτημα
2653 1332 3022 1403 ὑποκειμένης
3051 1333 3187 1404 ὕλης
3211 1335 3358 1388 αίτία
3382 1334 3481 1403 τῆς
3511 1336 3711 1405 διαφθο-

2162 1422 2264 1491 ρᾶς
2294 1421 2500 1491 ταύτης
2528 1422 2855 1492 γεγενῆσθαι
2886 1425 3056 1490 δοκεῖ,
3090 1426 3308 1496 πρῶτον
3343 1426 3468 1496 μὲν,
3495 1428 3574 1481 ὅτι
3597 1431 3713 1496 περὶ

2154 1514 2346 1577 οὐσίας
2378 1517 2472 1568 καὶ
2505 1516 2787 1585 ἐνεργείας
2817 1515 3149 1583 προθέμενοι
3172 1518 3368 1579 εἰπεῖν,
3403 1517 3466 1573 οὐ
3496 1519 3713 1587 προδιω-

2160 1602 2388 1673 ρίσαντο
2419 1603 2674 1672 ποσαχῶς
2707 1605 2740 1674 ἠ
2765 1604 3036 1673 ἐνέργεια,
3061 1606 3271 1676 ,τριχῶς
3304 1607 3474 1676 αὐτῆς
3503 1606 3711 1677 λεγομέο

2155 1710 2255 1761 νης
2285 1695 2380 1745 καὶ
2435 1692 2756 1764 νοουμένης,
2809 1692 2884 1754 ὡς
2929 1694 3186 1764 εἴρηταιο
3238 1693 3362 1746 οὐδὲ
3414 1694 3715 1763 διωρίσαντο

2157 1783 2284 1850 περὶ
2316 1783 2476 1844 ποίας
2521 1783 2709 1846 αὐτοῖς
2740 1783 2768 1836 ό
2806 1781 2984 1849 λόγος,
3019 1781 3046 1835 δ
3090 1782 3188 1837 καὶ
3231 1783 3388 1839 αἰτία
3415 1784 3599 1851 γέγονε
3628 1785 3713 1839 τοῦ

482 1868 660 1926 gatur,
703 1868 759 1918 ιιι
785 1861 982 1918 dictum
1041 1873 1144 1926 est.
1192 1877 1292 1918 nec
1336 1866 1730 1921 statueruntde
1782 1881 1885 1936 qua
1946 1869 2052 1923 illis

2160 1874 2234 1943 μὴ
2263 1875 2544 1937 εὐτάκτως
2595 1875 2726 1946 περὶ
2771 1866 2867 1928 ⁴τοῦ
2922 1875 3315 1947 προϐλήματος
3359 1876 3714 1947 διαλεχθῆναι.

481 1965 661 2006 sermo
686 1959 843 2017 erat;
899 1951 1039 2021 quod
1108 1953 1282 2022 ipsum
1345 1955 1398 2008 in
1442 1969 1605 2009 causa
1653 1957 1776 2023 fuit,
1843 1969 1899 2012 ut
1944 1973 2051 2014 non

457 2045 780 2114 composite
808 2055 1036 2115 apteque
1061 2046 1128 2101 de
1186 2049 1462 2115 proposita
1513 2049 1814 2117 quiestione
1866 2051 2052 2118 loque-

483 2145 689 2194 rentur.
718 2137 792 2192 Ex
827 2153 934 2208 quo
966 2139 1072 2194 illis
1096 2139 1345 2210 contigit,
1383 2150 1441 2196 ut
1502 2157 1607 2196 non
1655 2149 1802 2196 recte
1852 2143 2045 2198 decer-

485 2240 706 2296 nerent;
746 2232 1138 2300 operationem,
1163 2247 1264 2300 qua
1295 2233 1432 2288 Deus
1453 2234 1642 2303 agendi
1684 2234 1736 2288 vi
1799 2235 2057 2302 praeditus

481 2337 546 2379 ac
572 2322 766 2377 efﬁcax
805 2333 908 2387 est,
935 2325 1002 2378 ab
1039 2325 1158 2395 ejus
1183 2327 1403 2382 realiter
1447 2326 1768 2382 'distinctam
1818 2329 2054 2383 essentia

483 2423 686 2468 temere
715 2417 1148 2483 pronuntiantes,
1183 2433 1244 2471 ac
1273 2418 1448 2487 ipsum
1486 2433 1636 2473 suam
1661 2432 1782 2473 esse
1803 2418 2044 2487 operati-

482 2521 642 2564 onem
674 2518 952 2576 negantes.
987 2509 1102 2573 Qua
1135 2512 1324 2579 utique
1351 2511 1582 2574 ratione,
1629 2511 1804 2580 ipsum
1841 2511 1942 2565 hoc
1960 2525 2053 2566 se-

483 2590 717 2658 cundum
773 2615 831 2654 se
885 2601 1218 2668 impossibile
1276 2602 1509 2668 videtur,
1563 2611 1620 2656 ut
1665 2603 1902 2669 dicatur,
1959 2603 2049 2660 Dei

483 2691 773 2744 essentiam
819 2706 924 2745 non
982 2708 1103 2748 esse
1143 2693 1256 2759 ejus
1307 2695 1698 2763 Opi-rationem.
1765 2694 1859 2748 Est
1909 2695 2054 2748 enim

483 2781 860 2844 contradictio,
895 2797 962 2838 ac
990 2785 1033 2838 si
1069 2785 1192 2853 quis
1219 2784 1383 2850 dicat,
1438 2766 1528 2837 Dei
1587 2784 1882 2838 essentiam
1947 2801 2050 2838 non

2172 1964 2264 2028 Ἐξ
2289 1957 2352 2018 οὗ
2398 1965 2612 2025 τούτοις
2635 1966 2835 2034 συνέϐη
2865 1966 2998 2035 μηδὲ
3030 1966 3200 2037 ὀρθῶς
3227 1966 3604 2036 ἀποφήνασθαι
3629 1966 3713 2035 τὴν

2160 2058 2465 2126 ἐνέργειαν,
2509 2057 2635 2110 καθ’
2689 2058 2755 2127 ἣν
2788 2057 3137 2127 ἐνεργητικός
3188 2059 3342 2110 ἐστιν
3391 2061 3418 2112 ὁ
3467 2058 3592 2121 Θεὸς
3626 2059 3711 2127 τῆς

2161 2148 2352 2211 οὐσίας
2381 2149 2575 2215 αὐτοῦ,
2613 2152 2760 2202 κατά
2788 2148 2848 2201 τὸ
2875 2151 3107 2220 πρᾶγμα
3132 2149 3516 2221 διακεκρίσθαι
3545 2150 3712 2212 ἁπλῶς

2164 2240 2615 2310 ἀποφαινόμενοι,
2647 2241 2782 2310 μηδὲ
2826 2236 2964 2295 εἶναι
2996 2241 3158 2295 αὐτὸν
3187 2243 3284 2310 τὴν
3323 2242 3599 2312 ἐνέργειαν
3625 2243 3713 2296 αὑ·

2162 2331 2277 2386 τοῦ.
2315 2332 2454 2385 Καθ’
2491 2332 2644 2404 liv-6i;
2667 2333 2827 2401 λόγον
2857 2334 2952 2388 καὶ
2983 2334 3131 2386 δοκεῖ
3160 2333 3280 2386 καθ’
3322 2334 3453 2386 αὐτὸ
3477 2333 3714 2386 ἀδύνατον

2159 2421 2220 2474 τὸ
2253 2422 2431 2490 λέγειν
2476 2424 2577 2494 τὴν
2608 2425 2797 2479 οὐσίαν
2844 2423 2940 2482 τοῦ
2971 2424 3106 2478 Θεοῦ
3158 2425 3232 2494 μὴ
3263 2421 3407 2477 εἶναι
3441 2424 3536 2490 τὴν
3583 2423 3714 2494 ἐνέρ-

2159 2530 2316 2581 γειαν
2344 2513 2532 2570 αὐτοῦ.
2561 2517 2716 2568 Ἔστι
2746 2517 2853 2585 γὰρ
2871 2517 3182 2585 ἀντίφασις,
3211 2517 3308 2569 καὶ
3339 2515 3556 2580 ταυτὸν,
3581 2515 3648 2577 ὡς
3673 2514 3718 2568 εί

2155 2621 2240 2666 τις
2257 2604 2401 2672 λέγοι
2423 2605 2532 2675 τὴν·
2551 2605 2739 2660 οὐσίαν
2766 2607 2860 2660 τοῦ
2883 2607 3019 2660 Θεοῦ
3045 2607 3120 2681 μὴ
3153 2605 3293 2660 εἶναι
3319 2607 3418 2680 τὴν
3435 2608 3615 2660 οὐσίαν
3633 2607 3716 2660 αὐ-

2161 2695 2276 2750 τοῦ,
2311 2697 2542 2765 Εἴρηται
2584 2697 2691 2766 γὰρ
2719 2697 2821 2767 τὴν
2861 2698 3164 2768 ἐνέργειαν,
3204 2697 3334 2752 καθ’
3366 2698 3426 2768 ἠν
3457 2699 3715 2767 ἐνεργητι-

2162 2785 2258 2848 κός
2289 2787 2436 2840 ἐστιν
2470 2789 2498 2840 ό
2531 2788 2686 2852 Θεὸς,
2723 2789 2821 2858 τὴν
2851 2789 3034 2842 οὐσίαν
3066 2785 3203 2842 εἶναι
3232 2789 3421 2844 αὑτοῦ.

483 2888 603 2926 esse
629 2873 748 2943 ejus
790 2873 1100 2928 essentiam.
1173 2873 1382 2928 Dictum
1446 2883 1530 2927 est
1577 2875 1747 2941 enim,
1784 2874 2179 2943 operationem,
2205 2889 2310 2942 qua
2377 2877 2517 2932 Deus
2579 2877 2772 2946 agendi
2830 2877 2881 2930 vi
2931 2878 3190 2946 praeditus
3247 2893 3315 2932 ac
3395 2877 3577 2932 efﬁcax
3621 2882 3714 2931 est.

483 2968 601 3036 ejus
669 2970 962 3024 essentiam
1031 2983 1170 3023 esse.

557 3064 824 3125 Secundo,
859 3064 1002 3130 quod
1032 3078 1156 3117 cum
1221 3063 1488 3132 Operatio,
1543 3064 1620 3116 uti
1671 3063 1877 3117 dictum
1941 3072 2047 3129 est,

2227 3064 2290 3135 β’.
2330 3065 2452 3118 Ὀτι
2473 3064 2572 3132 τῆς
2609 3065 2886 3134 ἐνεργείας
2923 3063 3227 3131 πολλαχῶς,
3258 3063 3337 3126 ὡς
3363 3062 3594 3132 εἴρηται,
3629 3061 3709 3112 λε·

487 3154 858 3226 multipLiciter
885 3153 1122 3216 dicatur,
1153 3169 1273 3222 qua
1301 3155 1476 3208 ubivis
1509 3155 1747 3208 locorum
1779 3155 1952 3208 sancti
1984 3157 2048 3210 de

483 3244 797 3313 Operatione
822 3258 929 3298 uno
957 3258 1116 3298 sensu
1135 3244 1296 3298 locuti
1321 3243 1552 3310 suut,ilii
1575 3243 1684 3296 alio
1709 3250 2050 3310 acceperunt,

489 3337 744 3405 idemque
768 3351 906 3406 pene
930 3335 1033 3390 illis
1065 3335 1282 3402 accidit,
1302 3351 1365 3390 ac
1387 3336 1430 3390 si
1454 3337 1542 3404 qui
1577 3339 1642 3390 de
1665 3349 1801 3388 cane
1830 3334 2052 3403 loquen-

489 3442 590 3495 tes,
620 3431 756 3484 alter
784 3428 1004 3498 quidem
1037 3429 1102 3484 de
1128 3444 1264 3484 cane
1288 3430 1530 3484 terrestri
1600 3429 1859 3497 disputet,
1913 3427 2054 3481 alter

489 3527 554 3578 de
573 3523 885 3582 marinoaut
911 3505 1122 3578 sidereo
1144 3536 1445 3577 sermonem
1480 3524 1735 3577 instruat.
1761 3520 1874 3575 Hoc
1900 3521 2042 3575 enim

489 3614 577 3666 alii
614 3612 734 3666 aliis
762 3611 945 3667 furere
979 3614 1288 3678 videantur,
1318 3612 1568 3683 belloque
1600 3611 1928 3681 implacabili
1951 3626 2056 3680 pu-

488 3719 677 3773 gnare,
715 3719 781 3758 eo
801 3704 1009 3759 scilicet
1071 3718 1259 3760 errore
1279 3705 1371 3776 qui
1409 3720 1474 3760 ex
1535 3707 1682 3760 varia
1731 3705 1850 3774 ejus
1906 3703 2056 3758 vocis

489 3798 804 3867 acceptione
834 3805 936 3853 est.

561 3886 765 3953 'l'ertio,
810 3887 955 3957 quod
1009 3903 1170 3956 quam
1219 3889 1392 3943 sancti
1445 3889 1741 3944 secundum
1791 3893 2054 3946 rationem

489 3980 891 4034 distinctionem
927 3979 1200 4046 dixerunt,
1232 3979 1331 4048 ipsi
1355 3981 1408 4033 in
1458 3978 1567 4033 Deo
1594 3981 1890 4034 secundum
1941 3998 2053 4036 rem

501 4070 888 4124 intellexerunt
921 4086 936 4124 :
974 4070 1139 4139 inque
1169 4083 1292 4122 eum
1323 4069 1563 4134 modum,
1587 4070 1846 4124 distincta
1887 4074 2055 4127 ratio-
2108 4097 2112 4102 ·

492 4175 580 4226 ne,
609 4161 894 4215 distinctas
925 4157 998 4213 illi
1022 4174 1109 4214 res
1143 4159 1499 4213 tradiderunt.

563 4252 790 4318 Quarto,
826 4251 968 4320 quod
1004 4265 1068 4305 ea
1096 4264 1214 4319 qua:
1247 4249 1452 4304 sanctis
1493 4251 1636 4305 dicta
1675 4261 1803 4306 sunt
1835 4257 1898 4308 de
1944 4255 2057 4311 dis-

491 4344 736 4398 cretione
767 4343 1072 4396 divinarum
1126 4355 1503 4411 personarum,
1533 4343 1678 4399 velut
1731 4345 1798 4400 de
1851 4347 2058 4402 discre-

2153 3155 2409 3222 γομένης,
2441 3154 2511 3205 τὰ
2544 3153 2878 3221 ὁπουδήποτε
2921 3154 3034 3214 τοῖς
3089 3151 3265 3219 ἁγίοις
3315 3152 3580 3221 εἰρημένα⁵
3629 3149 3709 3218 ἐφ’

2153 3242 2340 3314 ἐτέρου
2370 3247 2771 3314 σημαινομένου
2802 3244 2898 3312 τῆς
2927 3243 3229 3313 ἐνεργείας,
3256 3240 3404 3297 οὗτοι
3434 3242 3516 3310 ἐφ’
3544 3242 3714 3311 ἑτέρου

2155 3337 2438 3403 ἐδέξαντο·
2489 3337 2582 3389 καὶ
2635 3337 3020 3407 παραπλήσιον
3077 3334 3302 3405 συνέόη,
3357 3335 3540 3404 ὥσπερ
3569 3335 3629 3387 ἂν
3675 3332 3720 3384 εί

2152 3445 2297 3491 τινες
2333 3429 2460 3498 περὶ
2514 3427 2674 3491 κυνὸς
2722 3427 2814 3480 τὸν
2862 3427 3020 3495 λόγον
3048 3426 3383 3495 ποιούμενοι,
3421 3427 3448 3477 ὁ
3476 3426 3567 3495 μὲν
3603 3424 3719 3492 περὶ

2153 3521 2247 3574 τοῦ
2271 3521 2524 3592 χερσαίου
2557 3523 2717 3584 κυνὸς
2747 3521 3036 3590 διελέγετο,
3061 3522 3088 3572 ό
3119 3518 3164 3572 δ’
3192 3521 3283 3571 ἐπὶ
3319 3518 3416 3571 τοῦ
3452 3517 3716 3572 Οαλαττίου

2154 3611 2188 3680 ἢ
2225 3610 2473 3680 ἀστρῴου
2505 3611 2597 3662 τὸν
2623 3609 2784 3678 λόγον
2810 3609 3036 3678 ἐξήκουε
3059 3624 3072 3637 °
3106 3606 3266 3660 τοῦτο
3291 3607 3341 3660 δ’
3377 3607 3443 3661 ἂν
3467 3603 3532 3676 ἦν
3565 3605 3713 3674 ἀλλή-

2155 3703 2280 3764 λους
2313 3701 2602 3771 μαίνεσθαι
2626 3701 2828 3767 δοκεῖν,
2853 3702 2944 3755 καὶ
2979 3699 3218 3769 πόλεμον
3250 3699 3561 3769 ἀκήρυκτον
3587 3697 3715 3765 ἔχειν

2155 3795 2243 3848 διὰ
2271 3795 2368 3865 τὴν
2398 3795 2460 3847 ἐκ
2497 3794 2598 3864 τῆς
2625 3795 2945 3864 ὁμωνυμίας
2979 3793 3211 3864 πλάνην.

2227 3888 2298 3957 γ’.
2337 3889 2461 3941 Ὀτι
2492 3888 2591 3960 τὴν
2618 3887 2770 3957 παρὰ
2792 3887 2899 3940 τῶν
2929 3887 3102 3955 ἁγίων
3133 3888 3277 3939 κατά
3317 3887 3475 3954 λόγον
3507 3881 3716 3952 λεγομέ·

2161 3998 2259 4050 νην
2275 3978 2540 4050 διαφορὰν
2565 3973 2710 4032 οὗτοι
2737 3978 2999 4047 διαφορὰν
3023 3978 3115 4030 ἐπὶ
3141 3976 3278 4030 Θεοῦ
3305 3978 3448 4030 κατά
3478 3977 3537 4028 τὸ
3557 3976 3718 4043 πρᾶγ-

2164 4089 2239 4141 μα
2277 4073 2505 4140 ἐνόησαν
2527 4087 2540 4100 ·
2579 4071 2672 4123 καὶ
2703 4069 2846 4122 οὕτω
2875 4070 2942 4122 τά
2969 4069 3203 4140 διάφορα
3229 4068 3305 4139 τῷ
3335 4069 3478 4136 λόγῳ
3507 4066 3718 4132 διάφορα

2158 4159 2302 4218 οὗτοι
2334 4163 2639 4235 πράγματα
2664 4163 2992 4232 παρέδοσαν.

2231 4258 2294 4312 δ’.
2330 4256 2457 4310 Ὅτι
2483 4255 2552 4308 τὰ
2585 4255 2715 4324 περὶ
2763 4254 3092 4323 διακρίσεως
3127 4242 3392 4322 εἰρημένα
3425 4252 3534 4314 τοῖς
3560 4245 3717 4314 ἁγίοις

2160 4344 2270 4398 τῶν
2299 4343 2607 4412 θεαρχικῶν
2641 4342 2993 4395 ὑποστάσεων
3035 4341 3109 4405 ὡς
3135 4343 3267 4411 περὶ
3289 4341 3608 4410 διακρίσεως
3635 4335 3717 4386 οὐ·

492 4437 641 4490 tionc
659 4436 907 4489 essentia!
920 4443 974 4490 et
992 4434 1326 4504 operationis
1345 4435 1397 4489 in
1420 4436 1526 4492 Deo
1541 4439 1680 4493 dicta
1702 4450 2025 4501 acceperunt
2046 4459 2056 4507 ;

2169 4437 2290 4498 σίας
2319 4438 2413 4490 καὶ
2467 4434 2751 4502 ἐνεργείας
2804 4433 3096 4504 εἰρημένον
3145 4434 3240 4485 ἐπὶ
3283 4433 3422 4486 Θεοῦ
3461 4429 3719 4505 sesamo-

491 4542 685 4594 nempe
710 4526 1012 4589 nescientcs
1041 4528 1271 4581 duorum
1299 4527 1528 4582 alterum
1559 4544 1778 4586 necesse
1802 4545 1946 4595 esse,
2005 4539 2065 4584 ut

495 4619 582 4673 vel
620 4618 990 4686 operationem
1044 4631 1327 4687 personam
1383 4620 1771 4676 subsistentem
1833 4629 2059 4690 ponant,

495 4711 577 4766 vel
601 4711 762 4764 etiam
782 4709 980 4766 Filium
1010 4719 1069 4766 et
1113 4710 1372 4779 Spiritum
1421 4720 1668 4766 sanctum
1720 4727 1826 4766 non
1883 4713 2063 4768 subsi-

495 4815 722 4868 stentes,
754 4803 895 4872 quod
922 4804 991 4859 ita
1030 4803 1350 4870 opinantur,
1393 4805 1602 4870 dicant;
1654 4813 1707 4858 et
1761 4814 1819 4859 ut
1863 4820 1960 4874 per
2004 4819 2063 4859 se

496 4909 622 4948 vere
645 4901 769 4948 actu
806 4895 1094 4959 exsistere,
1125 4902 1185 4947 ut
1211 4893 1312 4961 ipsi
1346 4894 1662 4962 loquuntur,
1700 4911 1807 4949 non
1867 4895 2063 4950 existi-

495 4995 729 5040 ιιιειιιιιτ.

568 5078 790 5143 Quinto,
828 5080 968 5146 quod
996 5093 1058 5132 ea
1093 5093 1214 5146 quas
1244 5078 1386 5132 dicta
1413 5087 1540 5134 sunt
1563 5092 1659 5148 per
1699 5076 2063 5132 circumlocu-

501 5172 818 5233 tzuucni,dc
876 5171 1148 5225 distinctis
1221 5174 1382 5229 rebus
1440 5171 1851 5226 intellexerunt.
1900 5167 2062 5222 Velut

501 5284 624 5320 cum
659 5264 1026 5319 Damascenus
1049 5265 1123 5318 ait
1155 5281 1169 5317 :
1199 5263 1376 5320 Trina:
1426 5264 1560 5322 lucis
1613 5262 1895 5325 Deitalem,
1950 5262 2060 5313 sin-

501 5359 773 5424 gularem,
805 5371 869 5408 ea:
891 5371 998 5408 ima
1021 5356 1157 5408 trine
1195 5353 1507 5408 subsistente
1576 5363 1767 5405 natura
1817 5351 2068 5418 e/fulgen-

503 5427 602 5502 tem
631 5451 881 5512 nitorem,
917 5445 1216 5501 Genitorem
1238 5445 1483 5513 principii
1511 5441 2067 5511 expertem,ejusdem-

502 5557 601 5608 qtte
638 5550 842 5594 natura:
877 5537 1096 5592 Verbum
1154 5535 1356 5598 Patris,
1415 5544 1464 5588 et
1515 5532 1773 5600 Spiritum
1827 5541 2065 5587 sanctum

504 5644 892 5703 eoreguantem,
925 5643 1028 5698 qua
1056 5642 1248 5698 nempe
1277 5628 1388 5686 haec
1406 5624 1884 5694 circumloquendo
1942 5638 2066 5692 gara-

2167 4528 2539 4598 ἀγνοήσαντες
2565 4526 2641 4590 ὡς
2674 4527 2822 4580 δυοῖν
2850 4526 3079 4596 θάτερον
3107 4527 3427 4594 ἀναγκαῖον,
3451 4523 3482 4592 ἢ
3516 4519 3606 4573 καὶ
3629 4518 3718 4584 τὴν

2163 4620 2446 4690 ἐνέργειαν
2481 4619 2732 4688 ὑφεστὼς
2762 4617 2900 4671 εἶναι
2927 4616 3173 4670 τίθεσθαι
3223 4616 3531 4686 πρόσωπον,
3561 4611 3592 4680 ἢ
3636 4607 3719 4659 καὶ

2163 4710 2256 4762 τὸν
2288 4711 2418 4763 Υῐδν
2447 4713 2542 4764 καὶ
2572 4711 2630 4764 τὸ
2665 4709 2890 4779 Πνεῦμα
2916 4709 2975 4762 τὸ
2999 4710 3153 4774 ἅγιον
3200 4707 3547 4761 ἀνυπόστατα
3565 4718 3580 4732 ·
3612 4696 3720 4752 κατ’

2165 4803 2360 4866 αὐτοὺς
2393 4804 2590 4867 εἰπεῖν,
2621 4805 2714 4856 καὶ
2738 4804 2801 4856 οὐ
2850 4801 2973 4856 καθ’
2997 4800 3166 4854 ἑαυτά
3214 4797 3555 4868 ὑφεστηκότα
3592 4788 3718 4845 κατὰ

2167 4895 2266 4965 τὴν
2299 4895 2601 4964 ἐνέργειαν,
2637 4893 2710 4955 ὡς
2735 4893 2890 4946 αὐτοί
2918 4909 3106 4962 φασιν,
3145 4891 3418 4962 ἡγεῖσθαι.

2241 5072 2303 5129 ε’.
2329 5075 2453 5126 Ὅτι
2479 5073 2549 5126 τὰ
2575 5071 3026 5144 περιφραστικῶς
3050 5071 3317 5142 εἰρημένα
3359 5069 3450 5121 ἐπὶ
3477 5058 3717 5134 πραγμάο

2168 5182 2276 5218 των
2303 5164 2670 5234 διαφερόντων
2700 5164 2949 5234 ἐνόησαν.
2979 5159 3105 5216 Οἶον
3139 5162 3214 5226 ὡς
3249 5160 3421 5216 ama
3449 5160 3720 5225 Δαμασκη-

2167 5257 2254 5320 νὸς
2287 5256 2455 5326 λέγει,
2519 5239 2866 5325 Τρισσοεραῆ
2909 5256 3194 5323 Θεότητα,
3256 5251 3488 5308 ἑνιαίαν
3515 5241 3716 5308 ἐκλάμ-

2168 5364 2411 5404 πουσαν
2446 5350 2671 5420 αἴγλην
2697 5349 2768 5402 ἐκ
2788 5347 2932 5417 μιᾶς
2959 5345 3448 5416 τρισυποστάτου
3470 5341 3713 5410 φύσεως»

2171 5441 2515 5511 Γεννήτορα
2546 5440 2834 5510 ἄναρχον,
2889 5439 3127 5510 ὁμοφυᾶ
3156 5456 3220 5492 τε
3261 5438 3452 5508 Λόγον
3483 5423 3713 5495 Πατρὸςν

2173 5535 2271 5587 καί
2306 5531 2763 5603 συμϐασιλεῦον
2807 5533 3135 5600 ὀμοούσιον
3175 5530 3436 5596 Πνεῦμα,
3465 5533 3711 5603 mpii???"

2177 5602 2579 5684 attntbcsaﬁta
2637 5617 2936 5690 χαριέντως
2991 5617 3450 5674 καταποικίλλωνο.
3494 5608 3570 5666 οὐ
3617 5602 3714 5671 γὰρ

583 5810 627 5842 ³³
661 5808 836 5864 Galat.
865 5822 940 5874 γι,
968 5807 1023 5866 Ii.
1105 5808 1146 5840 ³³
1178 5804 1320 5858 Psal.
1349 5819 1476 5869 LVII,
1505 5804 1555 5858 ὅ.
1635 5803 1676 5835 ⁸⁵
1712 5801 1834 5856 ibid.
1859 5801 1910 5852 9.
1991 5803 2033 5833 ³⁷

2160 5801 2303 5865 'nes.,
2333 5815 2384 5863 ν,
2411 5800 2459 5852 6.
2544 5798 2585 5829 ⁸⁸
2631 5797 2785 5855 Rom.
2814 5814 2852 5862 ι,
2876 5796 2966 5850 26.
