4056 6288
381 302 500 369 877

1399 313 1495 372 DE
1526 313 1898 375 ESSENTIA
1936 315 2032 375 ΕΤ
2072 312 2566 374 OPERATIONE

3517 308 3625 372 378

379 426 510 482 ἄλλο
553 426 660 497 χρὴ
693 428 854 491 νοεῖν,
892 426 1020 481 ἄλλο
1062 428 1158 496 μὲν
1194 431 1428 498 πρᾶγμα
1487 431 1588 498 τὴν
1641 430 1944 503 τρισσοφαῆ

2055 439 2104 482 te
2139 440 2333 484 variat.
2368 429 2481 484 Non
2508 430 2650 486 enim
2705 429 2849 484 aliud
2885 427 3288 498 intelligendum
3315 444 3332 494 ;
3360 426 3432 480 ita
3459 426 3620 481 nimi-

379 520 643 588 Θεότητα,
675 519 804 574 ἄλλο
830 519 885 573 δὲ
919 522 1020 589 τὴν
1057 521 1265 575 ἑνιαίαν
1291 521 1684 590 ἐκλάμπουσαν
1704 523 1902 591 αἴγλην
1934 540 1950 556 ο

379 611 508 664 ἄλλο
525 611 583 664 δὲ
603 610 703 678 τὴν
733 611 864 679 μίαν
890 613 1322 681 τρισυπὸστατον
1365 612 1531 678 φύσιν
1549 628 1564 643 ο
1623 612 1752 666 ἄλλο
1779 614 1834 667 δὲ
1858 615 1950 666 τδν

379 699 686 769 Γεννήτορα
717 700 812 754 καὶ
840 700 932 753 τὸν
959 701 1132 770 Λόγον
1176 703 1272 756 καὶ
1297 703 1358 755 τὸ
1387 703 1524 757 Πνεῦ
1535 722 1630 772 μα.
1669 705 1793 758 Οὐδ’
1821 706 1951 757 ὅταν

378 791 407 841 6
448 790 622 858 μέγας
662 789 919 861 Ἱερόθεος
944 794 1000 845 ἐν
1040 795 1152 857 τοῖς
1187 795 1476 865 ἐρωτικοῖς
1511 795 1742 864 ’Υμνοις
1777 797 1948 864 λέγει,

379 881 510 933 Ὀτι
534 882 642 948 μία
663 881 750 946 τίς
772 882 944 937 ἐστιν
962 885 1129 954 ἀπλῆ
1151 884 1402 954 δύναμις
1419 890 1452 940 ὀ
1477 889 1644 952 Θεὸς,
1666 885 1950 953 δηλονότι

376 968 447 1033 ἐξ
481 969 703 1037 ἑαυτῆς
731 973 828 1026 καὶ
879 975 954 1027 δι’
976 976 1198 1044 ἑαυτῆς
1236 977 1334 1031 real
1356 976 1448 1046 ἐφ’
1470 975 1693 1045 ἑαυτῆς
1723 977 1951 1046 ἑαυτὴν

375 1064 836 1130 ἀνακυκλοῦσα,
861 1067 960 1136 real
982 1070 1069 1133 είς
1091 1067 1320 1137 ἑαυτὴν
1351 1069 1441 1122 ἀεὶ
1471 1069 1700 1135 ταυτῶς
1721 1070 1950 1123 ἀνελιτ-

377 1155 619 1223 τομένη,
656 1157 798 1211 κατὰ
829 1160 930 1221 τὰς
963 1158 1256 1228 διαφόρους
1287 1158 1493 1222 ταύτας
1520 1159 1826 1228 προθέσεις,
1869 1161 1948 1221 είς

375 1248 610 1316 διάφορα
641 1249 732 1302 τὸν
778 1251 909 1302 Θεδν
942 1251 1477 1319 ἀναγκασθησόμεθα
1529 1251 1790 1320 διαιρεῖν·
1837 1249 1947 1312 οὐδ’

375 1339 506 1391 ὅταν
540 1340 759 1404 λέγεται
790 1341 870 1409 τῷ
895 1340 1022 1408 θείῳ
1064 1343 1342 1414 Διονυσίῳ,
1369 1343 1445 1406 ὡς
1486 1343 1592 1415 ἄρα
1621 1347 1654 1398 ὁ
1684 1343 1826 1410 Θεὸς
1879 1345 1950 1409 ἐξ

374 1428 600 1483 ἑαυτοῦ
634 1433 931 1498 πρόεισιν.

454 1611 530 1668 ς’.
560 1607 685 1660 Ὀτι
705 1608 772 1659 τὰ
797 1609 888 1660 ἐπὶ
908 1609 1095 1674 οὐσίας
1118 1613 1212 1666 καὶ
1235 1612 1320 1664 ius
1331 1616 1520 1682 ργείας
1546 1615 1812 1684 εἰρημένα
1834 1614 1950 1679 τοῖς

276 1752 285 1758 _
380 1697 558 1763 ἁγίοις
609 1699 700 1750 ἐπὶ
754 1700 862 1750 τῶν
910 1703 1250 1771 κτισμάτων,
1307 1703 1497 1778 ὥσπερ
1528 1703 1592 1759 ἂν
1627 1707 1791 1762 εῑέπὶ
1813 1706 1948 1761 Θεοῦ

377 1787 583 1854 εἴρητο,
613 1791 706 1842 καὶ
730 1789 872 1843 οὕτω
906 1794 1002 1846 καὶ
1029 1795 1117 1847 ἐπ’
1147 1795 1313 1850 αὐτοῦ
1351 1797 1594 1866 ἠξίωσαν
1623 1799 1787 1869 ἔχειν.
1822 1796 1948 1853 οἷον

375 1880 451 1940 ὡς
482 1881 610 1933 ὅταν
641 1884 670 1934 6
697 1883 851 1948 ἅγιος
879 1884 1033 1954 λέγει
1057 1887 1358 1955 Διονύσιος,
1393 1889 1586 1945 Οὐδὲν
1615 1889 1733 1945 τῶν
1759 1890 1950 1945 ὄντων

374 1970 506 2023 ἐστὶ
543 1973 811 2040 φυσικῆς
836 1977 1140 2044 ἐνεργείας
1161 1981 1340 2049 χωρίς
1365 1997 1382 2013 ο
1405 1983 1498 2036 καὶ
1525 1983 1698 2050 αὖθις,
1741 1986 1811 2039 T6
1835 2003 1948 2054 μη-

373 2061 587 2128 δεμίαν
606 2063 916 2131 ἐνέργειαν
938 2067 1085 2135 ἔχον
1111 2069 1250 2124 οὔτε
1279 2071 1473 2132 ἔστιν,
1508 2073 1646 2127 οὔτε
1669 2073 1726 2126 τί
1752 2075 1946 2140 ἐστιν,

375 2154 520 2206 οὐδὲ
550 2153 724 2208 ἔστιν
750 2157 907 2224 ὅλως
925 2159 1114 2215 αὑτοῦ
1144 2163 1330 2231 θέσις.
1359 2163 1544 2218 Ταῦτα
1579 2165 1684 2235 γὰρ
1719 2165 1810 2218 ἐπὶ
1838 2167 1946 2219 τῶν

375 2241 544 2296 ὅντων
577 2245 794 2316 εἴρηται
819 2265 833 2280 σ
888 2250 1083 2304 Οὐδὲν
1115 2249 1248 2328 γὰρ..
1296 2254 1451 2323 φησι,
1479 2253 1599 2308 τῶν
1629 2255 1838 2312 ὄντων.
1886 2255 1945 2309 '0

372 2336 428 2389 δὲ
458 2338 588 2402 Θεὸς
630 2341 784 2396 οὐδὲν
815 2343 923 2395 τῶν
950 2343 1122 2398 ὄντων
1153 2345 1322 2411 ἐστὶν,
1348 2347 1457 2401 οὐδ’
1484 2349 1798 2421 ὀμόστοιχος
1823 2350 1944 2404 οὐδὲ

376 2429 877 2500 συναριθμούμενος
938 2433 1120 2497 αὐτοῖς
1169 2436 1341 2504 ἐστιν,
1375 2437 1510 2491 ἀλλὰ
1544 2441 1682 2510 ὑπὲρ
1711 2442 1779 2494 τὰ
1813 2441 1942 2494 ὄντα

370 2519 718 2590 ἀσυγκρίτως
780 2523 1296 2595 ὑπερανῳκημένος.
1358 2530 1466 2581 Καὶ
1515 2519 1544 2582 6
1588 2529 1944 2598 Δαμασκὸθεν

383 2610 634 2679 Ἰωάννης
664 2612 861 2670 οὕτωσ),
899 2614 1068 2681 λέγει,
1094 2617 1288 2670 ’Ἄλλο
1325 2617 1612 2687 ἐνέργεια,
1646 2619 1744 2672 καὶ
1791 2619 1944 2674 ἄλλο

371 2700 780 2767 ἐνεργητικὸν,
812 2705 910 2757 καὶ
943 2705 1100 2758 ἄλλο
1125 2707 1443 2776 ἐνέργημα,
1470 2711 1565 2762 καί
1586 2710 1757 2764 ἄλλο
1786 2712 1948 2776 ἐνερ-

374 2791 545 2857 γοῦν.
597 2791 900 2859 Ἐνέργεια
947 2801 1064 2863 μὲν
1090 2797 1128 2861 ἡ
1177 2797 1469 2864 δραστικὴ
1511 2801 1606 2851 καὶ
1648 2799 1949 2866 οὐσιὼδης

374 2879 484 2946 τῆς
508 2883 749 2949 φύσεως
779 2885 1021 2951 κίνησις
1039 2899 1055 2915 ο
1079 2886 1460 2956 ἐνεργητικὸν
1485 2888 1552 2941 δὲ
1579 2891 1616 2956 ἡ
1644 2891 1850 2959 φύσις,
1882 2891 1950 2958 ἐξ

375 2966 452 3039 ἧς
480 2973 517 3037 ἡ
544 2971 816 3040 ἐνέργεια
837 2977 1115 3043 πρόεισιν
1134 2994 1147 3008 ·
1177 2978 1473 3050 ἐνέργημα
1490 2982 1558 3035 δὲ
1581 2983 1645 3035 τὸ
1664 2982 1772 3050 τῆς
1791 2985 1950 3052 ἐνερ-

374 3063 541 3131 γείας
569 3063 988 3134 ἀποτέλεσμα’
1023 3068 1281 3138 ἐνεργῶν
1303 3070 1373 3125 δὲ
1403 3075 1435 3126 d
1466 3075 1830 3144 κεχρημένος
1865 3076 1941 3145 τῇ

368 3155 660 3223 ἐνεργείᾳ,
692 3156 897 3211 εἷτουν
922 3160 959 3227 ἡ
1003 3161 1364 3230 ὑπόστασις,
1396 3165 1542 3218 αὐτὸ
1569 3167 1632 3219 τὸ
1661 3168 1938 3236 ὑφεστὼς

368 3248 719 3314 πρόσωπον.
781 3250 887 3302 Καὶ
918 3251 1075 3306 τοῦτο
1126 3255 1236 3324 γὰρ
1267 3257 1404 3325 πρὸς
1444 3257 1508 3310 τὰ
1541 3259 1668 3312 ὄντα
1719 3261 1746 3312 6
1775 3261 1937 3326 αὐτὸς

366 3339 698 3394 ἀποϐλέπων
731 3341 1040 3411 διωρίσατο.
1094 3346 1218 3400 Ὀτι
1257 3348 1364 3419 γὰρ
1400 3351 1460 3402 οὐ
1511 3352 1640 3420 περὶ
1664 3353 1763 3422 τῆς
1787 3356 1940 3426 ἐνερ-

367 3435 520 3496 γείας
553 3432 676 3486 καθ’
705 3434 772 3505 ἥν
802 3435 950 3488 ἐστιν
975 3439 1322 3509 ἐνεργητικὸς
1349 3441 1377 3496 6
1403 3441 1536 3505 Θεδς
1565 3444 1742 3499 ταῦτα
1761 3445 1940 3498 διαλέ-

368 3540 544 3590 γεται,
593 3526 721 3596 περὶ
778 3526 833 3580 δὲ
861 3527 970 3579 τῶν
1001 3532 1116 3592 τοῖς
1165 3530 1463 3598 κτίσμασιν
1515 3533 1938 3604 ἀριθμουμένων

367 3620 605 3669 ποιεῖται
667 3618 754 3670 τὸν
808 3618 985 3685 λόγον,
1019 3621 1238 3690 πρῶτον
1265 3621 1364 3690 μὲν
1411 3623 1572 3691 δῆλον
1604 3625 1712 3678 ἀπὸ
1739 3629 1830 3678 τοῦ
1867 3629 1943 3698 μὴ

367 3711 685 3779 προτθείναι
703 3709 796 3762 τὸν
815 3709 970 3776 ἅγιον
992 3711 1162 3762 ταῦτα
1181 3711 1405 3777 λέγοντα
1439 3713 1519 3766 ὅτι
1543 3715 1631 3766 ἐπὶ
1657 3716 1791 3769 Θεοῦ
1814 3717 1946 3772 ἄλλο

369 3801 642 3869 ἐνέργεια,
669 3803 763 3854 καὶ
807 3801 936 3855 ἄλλο
965 3803 1339 3871 ἐνεργητικὸν,
1377 3805 1471 3859 καὶ
1501 3806 1569 3860 τὰ
1616 3806 1766 3874 ἑξῆς,
1797 3808 1829 3877 ἢ
1859 3809 1946 3864 ὅτι

369 3893 460 3943 ἐπὶ
489 3889 626 3943 Θεοῦ
656 3891 811 3944 τοῦτο
844 3892 1005 3957 λέγω,
1036 3893 1151 3944 ἀλλ’
1175 3894 1362 3955 ἁπλῶς
1384 3895 1604 3960 οὑτωσὶ,
1633 3895 1823 3952 ἔπειτα
1847 3899 1943 3952 καὶ

368 3985 478 4036 ἀπὸ
511 3983 603 4037 τοῦ
651 3983 955 4054 κεχρῆσθαι
989 3987 1053 4055 τῇ
1092 3985 1288 4038 ἐαυτοῦ
1342 3987 1592 4058 ἐνεργείᾳ
1646 3987 1736 4042 τὸν
1785 3991 1938 4060 ἐνιρ-

367 4075 571 4143 γοῦντα
622 4077 796 4127 εἰπεῖν
821 4090 834 4104 ⁸
906 4077 934 4128 6
966 4075 1076 4146 γὰρ
1125 4076 1259 4140 Θεὸς
1310 4077 1370 4128 οὐ
1401 4077 1600 4147 χρῆταί
1628 4095 1734 4131 τινι
1766 4081 1845 4142 είς
1880 4081 1943 4134 τὸ

366 4168 722 4237 δημιουργεῖν
748 4167 804 4233 ἐξ
835 4167 934 4219 οὐκ
955 4167 1126 4229 ὄντος,
1153 4168 1184 4237 ἢ
1217 4171 1388 4220 ποιεῖν
1413 4169 1619 4234 ἁπλῶς,
1649 4170 1837 4239 ὥσπερ
1873 4171 1941 4228 ἂν

369 4255 420 4306 εἰ
451 4253 524 4322 μὴ
562 4253 724 4315 αὐτὸς
760 4253 936 4324 ἐαυτῷ
965 4255 1147 4324 ἤρκει.
1183 4257 1256 4308 Τὸ
1285 4257 1394 4326 γὰρ
1423 4258 1512 4312 τὸν
1543 4259 1674 4312 Θεὸν
1695 4262 1788 4313 καὶ
1823 4263 1938 4317 Πα-

2055 535 2172 574 rum
2204 528 2260 572 ut
2287 533 2400 572 rem
2431 517 2589 571 aliam
2619 517 2763 579 velit.
2798 518 3107 573 trinzelucis
3130 519 3391 574 Deitatem
3415 532 3432 583 ;
3455 515 3615 569 aliam

2053 623 2202 672 vero,
2234 607 2559 678 singularem
2617 605 2958 677 eﬂulgentem
2995 610 3263 674 nitorem;
3306 608 3466 661 aliam
3516 621 3615 660 au-

2053 707 2184 764 tem,
2217 713 2380 753 unam
2414 699 2556 752 trine
2589 699 2976 753 subsistentem
3011 707 3292 764 naturam;
3325 713 3386 751 ac
3410 706 3620 766 postre—

2054 804 2141 842 mo
2167 788 2367 853 aliam,
2425 788 2764 850 Genitorem,
2828 786 3175 859 Verbumqne
3236 798 3287 841 et
3331 787 3616 854 Spiritum.

2051 868 2320 931 Nec'cum
2363 891 2584 945 magnus
2611 875 2936 932 Hierotheus
2969 877 3022 930 in
3062 877 3340 932 amatoriis
3377 876 3618 932 Canticis
3667 892 3679 908 '

2051 967 2219 1022 dicit:
2253 967 2408 1031 Quod
2441 955 2577 1022 Deus
2605 984 2709 1021 una
2763 967 3007 1037 quredam
3029 967 3251 1038 simplex
3304 969 3468 1021 virtus
3518 977 3615 1032 est,

2049 1074 2115 1112 ex
2146 1059 2315 1127 seipsa
2346 1069 2393 1111 et
2421 1075 2512 1126 per
2539 1059 2772 1126 seipsam
2807 1069 2853 1112 et
2885 1061 2936 1112 in
2963 1059 3139 1126 seipsa
3169 1059 3393 1127 seipsmn
3448 1059 3616 1112 revol-

2049 1166 2193 1214 vens,
2225 1159 2377 1216 atque
2397 1151 2449 1202 in
2479 1149 2704 1218 seipsam
2729 1166 2922 1218 semper
2943 1151 3120 1207 eodem
3151 1154 3302 1202 modo
3331 1161 3615 1216 revertens,

2045 1240 2200 1310 juxta
2237 1245 2477 1297 diversas
2504 1243 2600 1297 bas
2651 1244 3043 1312 propositiones
3100 1260 3319 1300 necesse
3380 1242 3605 1297 habebi-

2050 1347 2168 1384 mus
2205 1331 2370 1384 Deum
2404 1334 2453 1383 in
2478 1332 2691 1386 diversa
2731 1334 3165 1402 atqucdistiucta
3219 1333 3501 1400 dividere;
3554 1347 3620 1386 ac

2051 1436 2222 1491 neque
2251 1437 2372 1478 cum
2402 1424 2476 1477 ait
2507 1424 2696 1480 beatus
2743 1424 3051 1497 Dionysius,
3115 1427 3277 1481 Deum
3327 1443 3392 1480 ea:
3443 1427 3617 1494 seipse

2048 1514 2343 1581 procedere.

2124 1603 2176 1658 ϐ.
2220 1603 2406 1668 Sexto,
2433 1607 2574 1676 quod
2618 1621 2681 1660 ea
2713 1622 2833 1676 quas
2863 1608 3006 1662 dicta
3033 1618 3158 1663 sunt
3186 1609 3390 1664 sanctis
3442 1607 3507 1661 de
3535 1623 3620 1662 es-

2051 1697 2228 1751 sentia
2251 1706 2302 1751 et
2326 1700 2658 1766 operatione,
2696 1699 2748 1754 in
2789 1700 2950 1755 rebus
2998 1701 3219 1766 creatis,
3246 1715 3308 1756 ac
3331 1702 3374 1756 si
3401 1701 3538 1755 dicta
3565 1700 3619 1756 in

2052 1787 2163 1843 Deo
2188 1799 2392 1853 essent,
2424 1791 2502 1845 sic
2528 1799 2585 1846 et
2625 1792 2678 1845 in
2731 1807 2796 1846 eo
2826 1809 2884 1847 se
2923 1792 3122 1846 habere
3181 1793 3492 1848 voluerunt.
3549 1793 3622 1852 Ut

2049 1895 2171 1936 cum
2217 1893 2437 1936 sanctus
2486 1882 2776 1954 Dionysius
2826 1884 2978 1946 dicit.
3014 1881 3162 1939 Nihil
3213 1885 3269 1939 iu
3313 1885 3467 1939 rebus
3511 1901 3620 1940 esse

2050 1974 2242 2041 absque
2265 1974 2497 2027 naturali
2531 1975 2866 2042 operatione;
2895 1991 2960 2039 ac
2987 1992 3177 2032 rursus
3207 1993 3221 2031 :
3281 1976 3430 2043 Quod
3489 1978 3614 2031 nul-

2048 2063 2155 2116 lam
2179 2063 2330 2117 habet
2357 2067 2734 2132 operationem,
2759 2080 2922 2134 neque
2949 2075 3046 2131 est,
3083 2082 3247 2136 neque
3286 2067 3488 2135 aliquid
3513 2077 3616 2132 est,

2050 2170 2210 2223 neque
2237 2155 2347 2208 ulla
2374 2171 2590 2224 prorsus
2633 2157 2747 2224 ejus
2793 2157 3008 2224 positio,
3063 2173 3156 2212 seu
3197 2157 3490 2226 afﬁrmatio
3516 2169 3617 2214 est.

2050 2244 2175 2300 Hzec
2209 2248 2353 2301 enim
2387 2249 2453 2301 de
2480 2247 2643 2302 rebus
2667 2248 2868 2317 (idest,
2891 2249 2960 2304 iis
2982 2265 3104 2318 qua:
3131 2252 3279 2320 sunt)
3298 2253 3440 2305 dicta
3467 2260 3612 2306 sunt.

2049 2337 2198 2394 Nihil
2235 2340 2408 2406 enim,
2439 2340 2638 2410 inquit,
2666 2342 2720 2396 in
2757 2343 2932 2397 rebus.
2959 2343 3098 2398 Deus
3120 2355 3300 2398 autem
3351 2345 3494 2398 nulla
3529 2359 3616 2397 re-

2046 2448 2162 2487 rum
2184 2442 2286 2496 est,
2313 2447 2413 2488 nec
2435 2433 2678 2508 ejusdem
2718 2449 2782 2489 ac
2811 2435 2916 2489 illae
2942 2437 3172 2494 ordinis.
3207 2447 3302 2492 aut
3331 2437 3424 2508 qui
3456 2439 3617 2492 rebus

2046 2534 2496 2591 connumeretur,
2525 2526 2618 2589 sed
2651 2541 2816 2598 supra
2847 2542 3050 2590 resne
3073 2543 3134 2582 ea
3165 2543 3286 2597 qua!
3336 2536 3483 2590 sunt,
3537 2529 3618 2582 in-

2047 2615 2481 2682 comparabiliter
2501 2619 2768 2671 eminens.
2801 2617 2935 2672 Cum
2989 2619 3115 2672 item
3156 2617 3392 2674 Joannes
3426 2620 3621 2674 Dama-

2057 2720 2255 2759 scenus
2287 2706 2368 2758 sic
2399 2704 2475 2757 ait
2510 2695 2725 2774 :lAliud
2739 2717 2812 2761 est
2841 2710 3096 2776 operatio.
3124 2709 3372 2779 aliudque
3428 2726 3620 2778 opera-

2053 2795 2212 2848 tirum
2243 2793 2322 2864 (ιιι
2351 2795 2432 2848 sic
2461 2794 2682 2863 dicam),
2714 2806 2868 2866 atque
2897 2797 3044 2849 aliud
3079 2815 3231 2864 opus,
3267 2809 3315 2850 et
3338 2798 3486 2850 aliud
3505 2816 3622 2866 ope-

2053 2902 2198 2940 rans.
2234 2885 2328 2939 Est
2351 2887 2488 2940 enim
2516 2888 2774 2954 operatio,
2801 2887 2994 2956 efﬁcax
3019 2905 3085 2942 ac
3129 2889 3498 2942 substantialis
3524 2906 3623 2942 na-

2054 2987 2188 3031 tura:
2221 2987 2388 3030 motus
2406 2995 2428 3042 ;
2459 2980 2780 3045 operatirum
2823 2989 3016 3044 autem,
3045 2991 3260 3044 natura,
3291 2997 3356 3034 ex
3379 2998 3481 3047 qua
3504 2999 3623 3047 ape-

2052 3070 2189 3123 ratio
2214 3071 2483 3138 procedit;
2520 3085 2647 3140 opus
2680 3087 2819 3138 vero,
2852 3073 3172 3141 operationis
3207 3071 3621 3162 effectus.;‘ope-

2044 3179 2166 3216 rans
2194 3163 2436 3233 denique,
2463 3164 2555 3233 qui
2581 3163 2744 3218 utitur
2769 3167 3104 3234 operatione;
3131 3167 3181 3221 id
3204 3177 3280 3221 est
3310 3207 3327 3232 ,
3361 3170 3616 3237 ltyposta-

2046 3256 2143 3316 sis,
2193 3255 2306 3323 ipsa
2346 3255 2542 3309 scilicet
2601 3256 2888 3311 subsistens
2924 3275 3165 3327 persona.
3225 3260 3356 3314 Nam
3407 3269 3461 3312 et
3496 3262 3613 3328 ipse

2046 3347 2112 3398 ad
2167 3361 2228 3400 ea
2282 3361 2405 3415 qua:
2458 3356 2606 3410 sunt,
2637 3362 2733 3402 seu
2762 3349 2826 3401 ad
2877 3364 2964 3403 res
3006 3348 3319 3415 attendens,
3383 3353 3484 3403 hoc
3539 3350 3610 3403 ita

2043 3436 2314 3488 distinxit.
2339 3435 2494 3501 Quod
2525 3437 2672 3491 enim
2702 3454 2806 3493 non
2826 3439 2940 3492 base
2962 3439 3214 3510 loquatur
3239 3442 3304 3493 de
3335 3443 3612 3506 operatio-

2046 3540 2138 3584 ne.
2177 3541 2284 3594 qua
2321 3527 2460 3582 Deus
2497 3529 2547 3588 vi
2577 3528 2768 3596 agendi
2805 3529 3064 3596 praeditus
3099 3538 3202 3596 est,
3254 3529 3348 3584 sed
3383 3531 3448 3583 dc
3513 3530 3618 3584 illis

2044 3628 2349 3668 sermonem
2383 3614 2603 3679 habeat,
2631 3631 2751 3684 quae
2793 3617 2994 3673 creatis
3034 3617 3482 3680 adnumerantur,
3505 3620 3614 3690 pri-

2049 3719 2196 3757 mum
2230 3704 2394 3772 liquet
2448 3721 2513 3760 ex
2539 3719 2604 3759 eo
2627 3706 2771 3775 quod
2805 3713 3030 3760 sanctus
3061 3707 3180 3760 haec
3219 3707 3474 3776 loquens,
3508 3727 3611 3763 non

2046 3796 2314 3850 addiderit
2343 3816 2355 3850 :
2385 3794 2443 3852 lu
2476 3795 2584 3852 Deo
2618 3797 2768 3854 aliud
2795 3807 2880 3853 est
2905 3799 3176 3866 operatio,
3205 3800 3354 3854 aliud
3397 3802 3536 3870 quod
3565 3803 3615 3855 vi

2045 3889 2234 3958 agendi
2289 3888 2572 3957 praeditum
2611 3900 2714 3954 est,
2755 3901 2811 3946 et
2855 3905 2976 3961 qua:
3032 3902 3354 3959 sequuntur,
3426 3894 3512 3947 vel
3561 3895 3614 3948 in

2048 3981 2159 4034 Deo
2192 3995 2249 4035 se
2282 3983 2384 4036 hoc
2419 3981 2596 4036 dicere
2625 3997 2642 4044 ;
2684 3983 2776 4037 sed
2813 3982 2892 4037 sic
2919 3981 3268 4053 simpliciter.
3301 3983 3501 4037 Deinde
3550 3999 3616 4037 ex

2045 4086 2110 4125 eo
2151 4073 2291 4140 quod
2323 4073 2462 4126 dixit
2501 4084 2816 4144 operantem
2847 4075 2923 4127 uti
2951 4088 3048 4130 sua
3086 4075 3421 4143 operatione.
3479 4075 3620 4131 Deus

2047 4163 2190 4215 enim
2217 4179 2318 4215 nou
2344 4164 2512 4216 utitur
2537 4163 2743 4232 aliquo,
2774 4165 2824 4216 iu
2847 4178 2912 4216 eo
2942 4166 3084 4234 quod
3117 4167 3303 4220 condit
3327 4180 3393 4219 ex
3449 4166 3617 4219 IllllllO

2045 4255 2124 4312 vel
2156 4257 2295 4325 quod
2324 4258 2546 4310 omnino
2571 4257 2698 4313 facit
2731 4257 2813 4311 vel
2835 4269 3004 4320 creat,
3057 4274 3121 4311 ac
3167 4260 3210 4312 si
3241 4262 3353 4326 ipse
3381 4274 3485 4313 non
3514 4259 3617 4314 sibi

368 4344 502 4413 τέρα
521 4345 608 4398 δὴ
634 4345 726 4398 τοῦ
763 4345 894 4397 ἰδίου
924 4346 1056 4398 Υἱοῦ
1097 4348 1451 4418 δημιουργεῖν
1499 4349 1650 4403 οὐδὲν
1677 4352 1754 4420 τῷ
1800 4352 1944 4426 λόγῳ

2049 4347 2338 4402 sutliceret.
2371 4345 2502 4402 Nam
2531 4349 2671 4418 quod
2701 4348 2842 4400 Deus
2872 4357 2925 4400 et
2949 4346 3104 4402 Pater
3124 4363 3218 4414 per
3240 4347 3432 4403 Filium
3459 4365 3614 4402 suum

370 4437 728 4505 λυμαίνεται·
768 4440 850 4491 Οὐ
902 4439 1012 4506 γὰρ
1066 4439 1147 4505 ὡς
1203 4440 1279 4493 δι’
1319 4441 1583 4509 ὀργάνου
1615 4443 1653 4512 ἢ
1690 4444 1940 4509 δούλου,

370 4525 510 4581 ἀλλ’
549 4528 630 4591 ὡς
658 4527 930 4594 φυσικῆς
963 4528 1060 4582 καὶ
1100 4531 1523 4586 ἐνυποστάτου
1551 4532 1879 4602 δυνάμεως,
1916 4540 1946 4590 ὁ

371 4617 535 4680 αὑτὸς
569 4618 727 4686 ἅγιός
773 4636 907 4690 φησι
932 4635 945 4648 °
999 4622 1096 4674 καὶ
1127 4620 1240 4674 ἴσον
1292 4622 1412 4675 ἐστὶ
1454 4624 1634 4692 λέγειν
1686 4627 1848 4680 αὑτὸν
1876 4627 1944 4681 δι’

370 4708 562 4762 ἐαυτοῦ
596 4711 950 4782 δημιουργεῖν
987 4729 1045 4764 τε
1100 4714 1192 4765 καὶ
1249 4717 1441 4768 ποιεῖν.
1495 4717 1556 4768 '0
1595 4716 1704 4786 γὰρ
1742 4718 1944 4786 Πατήρ

366 4817 487 4868 μου
537 4800 648 4867 ἕως
673 4801 805 4871 ᾶρτι
833 4803 1150 4871 ἐργάζεται,
1183 4806 1346 4874 κάγὼ
1401 4807 1732 4878 ἐργάζομαι,
1785 4811 1942 4879 φησι.

373 4891 488 4943 Μία
518 4893 627 4962 γὰρ
657 4894 816 4946 οὐσία
837 4896 863 4948 6
888 4896 1078 4965 Πατὴρ
1108 4897 1202 4949 καὶ
1235 4899 1261 4949 ὁ
1282 4898 1427 4962 Υἱὸς,
1451 4899 1545 4952 καὶ
1569 4900 1668 4968 μία
1691 4900 1944 4970 δύναμις,

373 4985 468 5036 καὶ
496 4983 553 5035 ἓν
585 4987 851 5058 πρᾶγμαο
905 4988 1040 5058 ὅπερ
1070 4990 1179 5041 ἐπὶ·
1220 4993 1318 5062 τῆς
1377 4992 1661 5061 ἐνεργείας
1695 4995 1793 5046 καὶ
1846 4993 1945 5060 τῆς

371 5073 554 5134 οὐσίας
586 5075 646 5126 οὑ
683 5076 850 5143 φασιν
872 5077 1047 5130 αὐτοί.
1072 5078 1452 5148 Φανερώτερον
1486 5079 1542 5132 δὲ
1568 5080 1660 5132 καὶ
1687 5080 1795 5134 ἀπὸ
1848 5080 1946 5136 τοῦ

373 5161 587 5231 κίνησιν
644 5164 850 5234 ταύτην
882 5165 981 5235 τὴν
1022 5166 1306 5234 ἐνέργειαν
1343 5170 1539 5222 εἰπεῖν.
1592 5169 1682 5222 Ἐν
1716 5171 1826 5238 γὰρ
1867 5170 1946 5240 τῷ

289 5271 292 5273 λ
371 5251 492 5320 Θεῷ
525 5257 740 5322 κίνησιν
773 5256 834 5308 οὐ
867 5258 1067 5327 φαμέν.
1115 5258 1182 5312 ἸΙ
1207 5259 1312 5328 γὰρ
1343 5262 1555 5332 κίνησις
1583 5262 1706 5315 καθ’
1742 5265 1946 5333 ἑαυτὴν

369 5343 596 5412 ὰτελής’
626 5343 724 5397 τοῦ
758 5346 866 5415 γὰρ
893 5348 1082 5412 τέλους
1126 5349 1289 5402 ἕνεκα
1336 5350 1583 5418 γίνεται·
1625 5354 1653 5405 6
1693 5352 1751 5405 δὲ
1790 5352 1943 5418 Θεὸς,

368 5433 522 5497 τέλος
554 5434 631 5487 ὢν
663 5436 726 5488 τὸ
765 5439 986 5492 πάντων
1012 5439 1396 5509 τελικώτατον,
1439 5441 1555 5494 ἐστι
1589 5443 1688 5513 μὲν
1715 5447 1829 5507 τοῖς
1849 5444 1942 5499 ἄλ-

372 5524 486 5588 λοις
513 5528 687 5592 αἴτιος
719 5531 1008 5600 κινήσεως,
1037 5532 1198 5598 αὐτὸς
1219 5533 1274 5587 δὲ
1311 5535 1591 5604 ἀκίνητος.
1631 5535 1722 5591 Διδ
1749 5538 1842 5592 καὶ
1878 5539 1938 5590 ἐν

446 5701 493 5734 ’⁸
524 5698 684 5756 Joan.
711 5717 766 5769 ν,
795 5703 882 5761 l7.

2046 4447 2317 4508 operetur,
2345 4439 2476 4494 nihil
2505 4440 2764 4494 dortriua:
2796 4436 2980 4492 allicit.
3037 4437 3158 4492 Non
3188 4441 3326 4493 enim
3359 4448 3613 4507 tanquam

2044 4546 2135 4598 per
2156 4532 2562 4584 instrumentum
2594 4541 2686 4583 aut
2710 4546 2937 4594 seruum,
2963 4530 3054 4582 sed
3085 4539 3336 4598 tanquam
3380 4545 3472 4598 per
3515 4546 3619 4582 na-

2045 4619 2270 4674 turalem
2291 4620 2558 4684 virtutem,
2584 4620 2660 4674 ait
2685 4621 2824 4674 idem
2876 4631 3098 4674 sanctus
3125 4661 3139 4683 ,
3171 4622 3416 4688 idemque
3446 4629 3527 4674 est
3557 4637 3624 4675 ao

2045 4709 2088 4762 si
2119 4709 2293 4772 dicas,
2329 4724 2452 4762 eum
2483 4724 2578 4778 per
2609 4709 2850 4776 seipsum
2884 4708 3148 4772 condere,
3163 4723 3255 4762 seu
3329 4708 3508 4763 facere
3567 4719 3622 4763 et

2046 4814 2252 4854 creare.
2281 4799 2369 4854 Ait
2405 4800 2550 4852 enim
2587 4799 2783 4853 :Pater
2801 4814 2942 4851 meus
2980 4813 3142 4866 usque
3176 4799 3328 4850 modo
3347 4809 3623 4867 operatur,

2051 4902 2098 4943 et
2132 4907 2224 4960 ego
2248 4906 2433 4958 operor
2461 4891 2524 4942 ".
2551 4889 2672 4945 Una
2707 4890 2854 4944 enim
2894 4889 3193 4944 substantia
3223 4899 3306 4944 est
3372 4888 3534 4946 Pater
3562 4904 3620 4948 et

2051 4981 2242 5048 Filius,
2267 4996 2480 5051 unaque
2504 4983 2677 5036 virtus
2706 4993 2761 5036 et
2793 4998 2897 5034 una
2933 4999 3055 5046 res;
3092 4983 3234 5052 quod
3266 4983 3340 5037 illi
3371 4983 3436 5038 de
3495 5000 3623 5053 ope-

2053 5075 2264 5129 ratione
2284 5083 2338 5127 et
2365 5074 2601 5128 essentia
2627 5089 2733 5128 non
2757 5073 2963 5131 dicunt.
2994 5074 3162 5146 Magis
3215 5087 3396 5132 autem
3457 5077 3618 5131 etiam

2055 5179 2118 5218 ex
2143 5180 2211 5220 eo
2242 5164 2432 5234 liquet,
2462 5165 2604 5235 quod
2639 5167 3160 5237 hancoperaliouetu
3184 5179 3385 5224 motum
3406 5177 3618 5222 vocant.

2053 5254 2184 5310 Nam
2217 5259 2270 5311 in
2300 5255 2408 5311 Deo
2427 5273 2534 5312 non
2585 5256 2821 5314 dicimus
2893 5270 3120 5315 motum.
3180 5257 3392 5314 Etenim
3441 5266 3620 5314 motus

2053 5350 2349 5404 secundum
2373 5362 2432 5404 se
2456 5348 2799 5419 imperfectus
2833 5360 2950 5418 est;
2987 5349 3046 5408 lit
3072 5353 3214 5406 enim
3243 5349 3471 5414 alicujus
3499 5345 3620 5400 linis

2049 5441 2248 5511 gratia.
2286 5439 2428 5497 Deus
2463 5452 2666 5508 autem,
2693 5457 2815 5497 eum
2844 5442 2914 5496 sit
2940 5443 3184 5496 omnium
3212 5439 3335 5491 linis
3367 5435 3621 5489 linulissi-

2050 5549 2169 5590 mus
2193 5533 2270 5603 (ut
2298 5533 2377 5590 sic
2401 5533 2637 5605 loquar),
2679 5534 2800 5589 aliis
2829 5533 3043 5602 quidem
3086 5537 3278 5581 auctor
3307 5537 3392 5585 est
3421 5537 3477 5582 ut
3505 5541 3620 5585 mo-
