4056 6288
496 330 601 395 3ἷο

496 457 760 513 veautur;
794 446 909 516 ipse
928 459 1084 510 vero,
1114 443 1405 501 immobilis
1434 454 1537 501 est.
1563 442 1715 521 Unde
1741 448 1903 503 etiam
1934 461 2056 518 cap.
2089 456 2134 510 Α

497 538 534 591 9
561 536 682 610 libri
718 535 789 590 De
811 537 996 591 divinis
1016 537 1339 602 nominibus,
1357 537 1433 592 ait
1457 536 1517 592 D.
1554 536 1845 609 Dionysius
1877 558 1891 596 :
1923 540 2063 607 Quid

499 644 617 681 vero
653 627 809 680 etiam
840 643 955 680 cum
990 643 1174 682 rursus
1205 629 1352 682 aiunt
1381 628 1608 699 theologi
1647 632 1928 698 procedere
1980 640 2065 685 at-

501 732 600 785 que
627 717 820 770 moveri
875 733 1017 782 eum,
1046 718 1137 786 qui
1168 718 1454 773 immobilis
1486 728 1561 772 est
1589 722 1614 774 ἵ
1636 719 1693 775 Si
1724 720 1869 775 enim
1900 720 2063 775 est-in

501 802 597 860 illo
617 807 949 874 Operationis
982 815 1181 873 motus,
1220 810 1325 864 erit
1357 810 1665 866 communis
1694 809 1866 865 forma
1919 811 2061 880 pati-

499 896 624 950 bilis
654 897 868 953 virtutis
904 912 1107 964 rerum,
1143 909 1197 954 et
1222 898 1462 964 lactricis
1513 899 1630 969 ejus
1656 899 1900 956 virtutis.
1952 899 2067 956 Mo-

503 997 588 1042 tus
617 989 758 1042 enim
806 997 959 1044 actus
997 999 1081 1044 est
1108 999 1162 1043 et
1180 990 1440 1059 perfectio
1475 1005 1538 1045 ac
1591 991 1764 1047 forma
1783 993 2065 1063 utriusque

499 1079 717 1134 virtutis
752 1093 847 1134 seu
872 1081 1144 1148 potentiae,
1173 1088 1442 1150 quatenus
1471 1083 1713 1150 potentia
1742 1093 1859 1151 est;
1921 1085 2063 1139 velut

499 1169 785 1224 adiﬁcatio
829 1169 945 1239 eius
976 1171 1118 1241 quod
1146 1170 1413 1237 aediﬁcari
1448 1173 1631 1239 habet,
1654 1183 1707 1228 et
1742 1175 1885 1245 quod
1954 1176 2061 1230 vim

500 1259 1017 1318 habetaadillcandi.
1085 1260 1238 1315 Nulla
1268 1271 1445 1317 autem
1495 1264 1588 1320 Dei
1634 1279 1700 1320 ac
1747 1280 1926 1321 rerum
1982 1276 2062 1322 est

499 1349 801 1402 communis
837 1347 1033 1404 forma.

570 1435 834 1503 Septimo,
872 1439 1013 1506 quod
1043 1439 1107 1493 de
1143 1440 1257 1509 ipsa
1282 1442 1502 1511 quidem
1564 1448 1898 1513 operatione,
1953 1461 2061 1518 qua

502 1523 650 1581 Deus
679 1528 868 1596 agendi
904 1529 951 1581 vi
977 1530 1242 1598 praeditus
1304 1542 1410 1597 est,
1477 1536 1803 1606 quandoque
1859 1540 2063 1594 sanctis

503 1617 682 1684 dicta;
712 1619 777 1678 ad
809 1618 1029 1689 haecque
1056 1623 1122 1676 de
1152 1623 1261 1676 vita
1311 1632 1366 1678 et
1407 1624 1677 1694 sapientia
1721 1633 1776 1681 et
1826 1628 2062 1695 potentia

502 1723 599 1762 seu
629 1708 824 1765 virtute
858 1718 913 1777 et
940 1712 1202 1779 bonitate,
1230 1730 1445 1786 nempe,
1474 1719 1715 1786 polentia
1760 1734 1853 1775 seu
1887 1723 2061 1776 virtus

501 1808 558 1854 et
585 1801 696 1854 vita
722 1809 778 1856 et
806 1803 1071 1872 sapientia
1112 1816 1164 1861 et
1197 1805 1410 1863 bonitas
1436 1824 1451 1875 ;
1475 1809 1605 1876 quin
1642 1809 1770 1875 imo,
1819 1811 1931 1880 ipsa
1967 1827 2064 1883 per
2097 1794 2139 1850 Β

500 1904 564 1943 se
594 1892 880 1960 sapientia.
906 1896 1019 1965 ipsa
1043 1897 1174 1962 vita,
1197 1897 1425 1967 ipsaque
1458 1901 1698 1969 potentia
1727 1916 1822 1957 seu
1852 1905 2026 1959 virtus
2045 1921 2077 1971 ς,

502 1992 624 2049 qua:
645 1980 892 2036 videlicet
930 1999 1027 2054 pro
1054 1985 1302 2043 humanae
1332 1988 1619 2044 locutionis
1655 1991 1835 2056 modo,
1867 1992 2065 2047 huma-

504 2072 628 2126 nius
647 2073 727 2144 (ut
750 2076 823 2130 ita
847 2076 1045 2146 dicam)
1065 2079 1409 2149 crassinsque
1433 2081 1625 2136 tradita
1647 2092 1928 2146 sunt,cum
1960 2099 2064 2137 nou

503 2166 776 2237 contingat
806 2166 962 2221 aliter
989 2182 1129 2232 eam,
1164 2180 1325 2237 quam
1370 2182 1466 2237 pro
1499 2184 1565 2224 eo
1584 2185 1648 2224 ac
1682 2171 1753 2224 illi
1787 2186 2067 2240 compara-

506 2260 617 2307 tum
642 2263 745 2321 est,
779 2266 1074 2325 conceptus
1106 2267 1265 2326 atque
1289 2260 1503 2312 nomina
1544 2258 1786 2328 proferre
1811 2302 1825 2326 ,
1877 2262 1955 2316 sic
2009 2272 2069 2318 ut

506 2344 648 2398 dicta
674 2352 824 2411 sunt,
859 2348 1024 2401 etiam
1055 2348 1109 2401 in
1144 2350 1252 2405 Deo
1281 2364 1339 2404 se
1363 2351 1577 2419 proprie
1631 2350 1831 2407 habere
1889 2355 2068 2408 credi-

506 2435 726 2491 derunt.
756 2435 848 2502 Ut,
881 2438 1032 2493 verbi
1065 2441 1261 2509 gratia,
1296 2442 1417 2509 quia
1454 2442 1655 2496 dicitur
1702 2443 1867 2497 Deum
1905 2446 2070 2500 habe-

508 2540 573 2580 re
597 2527 785 2593 vitam,
817 2537 910 2584 aut
941 2529 1198 2586 virtutem
1235 2542 1327 2586 aut
1376 2534 1697 2602 sapientiam
1732 2545 1826 2590 aut
1880 2551 2072 2607 opera-

504 2619 742 2686 tionem;
779 2630 832 2675 ct
862 2639 879 2675 :
916 2619 1062 2676 Sicut
1112 2622 1277 2677 Pater
1306 2624 1457 2678 habet
1498 2627 1655 2681 vitam
1690 2629 2063 2699 insemelipso,

504 2712 581 2767 sic
603 2712 748 2767 dedit
773 2721 822 2766 et
847 2712 990 2769 Filio
1008 2716 1165 2771 vitam
1197 2716 1386 2772 habere
1407 2718 1459 2772 in
1483 2720 1756 2791 semetipso
1785 2720 1851 2786 ³⁸,
1877 2730 1929 2777 et
1952 2737 2072 2791 qua:

504 2812 630 2861 sunt
659 2806 950 2875 ejusmodi;
979 2821 1043 2862 ex
1069 2807 1153 2864 bis
1183 2807 1283 2876 illi,
1304 2808 1447 2866 aliud
1469 2810 1686 2880 quidem
1718 2811 1859 2882 quod
1886 2811 2069 2876 habet,

503 2901 647 2955 aliud
701 2903 751 2957 id
798 2904 938 2974 quod
990 2904 1234 2970 habetur,
1268 2921 1387 2961 esse
1409 2915 1735 2972 statuerunt,
1760 2916 2070 2962 sanctorum

505 2993 571 3048 de
612 2994 695 3048 bis
727 2995 1147 3064 expositionibus
1181 2997 1417 3051 animum
1461 2998 1681 3052 minime
1715 2998 2069 3066 attendentes,

510 3093 606 3137 aut
637 3100 767 3148 vero
794 3089 1071 3141 attendere
1103 3088 1382 3155 nolentes;
1412 3089 1464 3142 id
1483 3089 1695 3158 quidem
1719 3089 1859 3159 quod
1888 3089 2067 3154 habet,

504 3167 903 3225 Patrem‘verbi
928 3175 1124 3241 gratia,
1159 3183 1251 3228 aut
1284 3175 1470 3239 Deum,
1523 3176 1607 3230 vel
1647 3178 1937 3233 essentiam
1981 3193 2067 3234 es-

505 3276 566 3313 se
592 3260 981 3329 decernentes;
1016 3264 1159 3333 quod
1198 3264 1328 3321 vero
1351 3265 1599 3333 habetur,
1650 3266 1814 3321 vitam
1847 3278 1939 3323 aut
1973 3283 2061 3323 sa-

505 3352 785 3419 pientiam,
814 3364 906 3408 aut
933 3356 1224 3425 potentiam
1253 3370 1350 3410 seu
1372 3356 1649 3423 virtutem,
1682 3367 1776 3412 aut
1800 3360 2072 3426 operatio-

509 3457 655 3508 nem,
683 3459 788 3513 qua
814 3444 953 3500 Deus
977 3446 1257 3515 (quidquid
1279 3448 1493 3501 tandem
1520 3458 1641 3503 actu
1665 3447 1769 3521 est)
1794 3449 1847 3503 in
1873 3461 2071 3504 aeterna

506 3534 936 3607 itmnutabilique
988 3537 1272 3593 identitate
1297 3539 1655 3596 consimiliter
1691 3541 1962 3599 subsistit.
1992 3540 2067 3596 Ita

504 3626 759 3681 nimirum
783 3628 885 3684 illis
910 3629 1023 3685 fere
1048 3631 1327 3693 evenit.ac
1364 3632 1430 3697 si,
1449 3632 1572 3703 quia
1603 3632 1765 3688 etiam
1791 3633 2068 3703 Scriptura

506 3716 638 3773 dicit
658 3716 890 3799 :qHanus
917 3732 1019 3777 tua:
1048 3720 1281 3789 fecerunt
1310 3740 1389 3778 me
1408 3734 1455 3778 et
1481 3724 1870 3795 plasmaverunt
1893 3743 1973 3780 me
1994 3725 2068 3790 ⁸¹;

504 3810 614 3879 vel,
640 3814 825 3868 Audivi
850 3831 1019 3869 vocem
1044 3824 1189 3870 tuam
1221 3816 1603 3872 deambulantis
1632 3819 1687 3871 in
1711 3817 1962 3883 paradiso
2000 3818 2069 3871 ad

505 3921 788 3972 vesperam,
827 3914 876 3961 et
917 3908 1171 3962 abscondi
1208 3925 1287 3961 me
1331 3907 1412 3971 ³⁸;
1449 3908 1567 3962 sive
1606 3925 1618 3961 :
1665 3908 1937 3963 Odoratus
1994 3916 2071 3962 est

505 3995 760 4051 Dominus
790 3997 1001 4050 odorem
1032 3997 1310 4051 suavitatis
1323 3996 1402 4063 ³³;
1429 4005 1542 4062 aut,
1577 3997 1797 4068 Pergam
1816 3999 1885 4053 od
1910 4016 1993 4054 vos
2018 4000 2073 4051 in

505 4087 685 4154 furore
714 4087 941 4153 obliquo,
983 4086 1111 4140 dicit
1146 4083 1397 4140 Dominus
1421 4085 1468 4117 “
1498 4102 1513 4140 :
1544 4081 1607 4139 ex
1643 4088 1727 4142 his
1781 4089 1968 4154 utique
2020 4094 2074 4141 et

507 4177 983 4239 simililms.Deum
1007 4177 1298 4234 statuerint
1330 4193 1443 4232 rem
1472 4163 1760 4246 quamdam
1812 4193 1934 4233 esse
1966 4181 2072 4231 hu-

509 4281 665 4321 mana
701 4266 977 4336 praeditam
1009 4265 1202 4333 forma,
1236 4277 1291 4325 et
1311 4267 1636 4324 sentientem
1663 4282 1726 4323 ac
1748 4268 2068 4322 irascentem

507 4372 571 4411 ac
592 4371 926 4426 quaecunque
974 4357 1079 4411 alia
1134 4358 1311 4413 divina
1369 4356 1648 4427 Scriptura
1711 4357 1955 4428 loquitur
2004 4357 2074 4413 ob

510 4448 812 4500 auditorum
845 4447 1292 4516 imbecillitatem,
1326 4465 1391 4505 ex
1433 4448 1516 4505 bis
1552 4450 1620 4505 ad
1670 4449 1774 4505 alia
1804 4450 1962 4505 nobis
1993 4450 2070 4504 al-
2101 4458 2149 4518 ι)

508 4537 644 4591 ῑῐοω
676 4537 777 4591 iter
813 4537 1075 4609 pindens.
1098 4537 1333 4594 Tametsi
1366 4540 1523 4604 Deus,
1555 4540 1751 4595 nedum
1782 4539 1943 4593 vitam
1978 4539 2073 4593 ba-

463 4619 465 4621 ’
512 4627 639 4679 bere
661 4625 870 4678 dicatur
890 4633 983 4680 aut
1020 4626 1417 4696 operationem,
1451 4643 1636 4684 verum
1685 4628 1850 4684 etiam
1877 4645 2070 4684 essen-

511 4715 663 4781 tiam,
703 4730 796 4771 seu
829 4718 1210 4785 substantiam,
1249 4726 1309 4773 ut
1363 4729 1555 4776 auctor
1602 4731 1685 4776 est
1713 4719 1965 4776 Justinus
2019 4721 2071 4776 in

510 4806 650 4861 libro
677 4807 936 4866 Adversus
976 4809 1224 4876 Grazcos;
1274 4821 1559 4883 totumque
1614 4812 2072 4881 comprehensum

511 4899 567 4953 in
600 4900 777 4970 seipse
809 4917 930 4960 esse
960 4904 1185 4971 habere,
1217 4913 1273 4960 ut
1299 4904 1779 4973 sentitGregorius
1839 4898 2075 4959 Theolo-

514 5004 634 5058 gus.
688 4990 1131 5064 Quandoquidem
1193 4997 1358 5067 igitur
1407 4996 1550 5051 aliud
1603 5009 1726 5051 esse
1790 4988 1972 5049 dicunt
2024 4995 2074 5049 id

1747 289 2157 397 MANUELis‘
2191 274 2494 401 CALEE/E
2560 388 2577 397 -

3671 334 3803 399 380

2163 448 2207 503 θ’
2235 449 2327 504 τοῦ
2352 452 2490 523 Περὶ
2518 452 2693 508 θείων
2713 449 3022 521 ὀνομάτων
3044 449 3209 518 φησὶν
3233 448 3259 502 ὁ
3280 447 3418 511 θεῖος
3436 449 3796 513 Διονύσιος

2168 543 2230 595 Τί
2274 540 2343 594 δὲ
2392 543 2488 597 καὶ
2517 542 2664 596 ὅταν
2714 537 2887 604 αὖθις
2912 542 2967 595 οἱ
2996 541 3269 607 θεολόγοι
3317 537 3798 605 xpotdrta'xal

2172 633 2532 703 κινούμενον
2561 633 2712 703 φασί
2746 633 2854 688 τὸν
2883 629 3293 698 dash-1110mm
3329 630 3438 698 γὰρ
3467 628 3644 682 ἐστιν
3688 628 3800 680 ἐπ’

2163 723 2375 791 ἐκείνου
2402 726 2436 793 ἡ
2471 725 2748 796 ἐνεργείας
2778 725 3019 794 κίνησις,
3069 722 3226 775 ἐσται
3266 720 3442 773 κοινὸν
3471 717 3637 782 εἶδος
3674 719 3802 786 τῆς

2165 815 2476 887 παθητικῆς
2499 815 2784 886 δυνάμεως
2812 815 2919 868 τῶν
2962 814 3154 875 ὄντων,
3195 810 3291 863 καὶ
3312 812 3411 879 τῆς
3444 807 3798 875 ποιητικῆς

2165 906 2452 978 δυνάμεως
2477 908 2663 963 αὐτοῦ.
2704 907 2770 961 Ἦ
2804 906 2912 977 γὰρ
2942 903 3158 973 κίνησίς
3187 904 3333 961 ἐστιν
3360 901 3393 969 ἡ
3430 897 3796 967 ἐντελέχεια

2167 1001 2263 1054 καὶ
2301 1000 2365 1053 τὸ
2418 997 2559 1063 εἷδος
2615 1000 2882 1070 ἑκατέρας
2934 996 3240 1067 δυνάμεως,
3268 992 3390 1048 καθ’
3418 992 3446 1044 δ
3474 991 3749 1058 δύναμις
3771 1006 3789 1020 ⁸

2162 1089 2407 1162 ὥσπερὴ
2434 1090 2783 1159 οἰκοδόμησις
2815 1088 2910 1142 τοῦ
2951 1105 3012 1140 τε
3051 1084 3409 1154 οἰκοδομητοῦ
3460 1082 3558 1136 καὶ
3598 1082 3788 1134 οἱκο-

2160 1176 2480 1251 δομητικοῦ.
2518 1181 2687 1237 Οὐδὲν
2720 1180 2776 1234 δὲ
2813 1172 2953 1244 εἶδος
2985 1179 3079 1233 τοῦ
3115 1176 3251 1232 Θεοῦ
3279 1178 3374 1230 καὶ
3403 1175 3512 1228 τῶν
3543 1174 3785 1227 ὅντων.

2235 1436 2300 1503 ζ’.
2341 1439 2464 1492 Ὀτι
2503 1440 2573 1493 τὰ
2608 1440 2737 1510 περὶ
2791 1441 2964 1509 αὑτῆς
3022 1439 3122 1510 μὲν
3149 1437 3249 1508 τῆς
3280 1438 3586 1509 ἐνεργείας,
3627 1436 3756 1490 καθ

2160 1530 2282 1599 ἢνό
2331 1531 2463 1594 Θεὸς
2518 1531 2871 1601 ἐνεργητικός
2922 1533 3093 1596 ἐστιν,
3155 1529 3373 1600 ἐνιαχοῦ
3420 1531 3533 1592 τοῖς
3566 1529 3776 1593 ἁγίοις

2163 1623 2430 1694 εἰρημένα
2449 1639 2464 1655 ο
2490 1622 2574 1677 ἔτι
2616 1624 2674 1676 δὲ
2700 1622 2830 1693 περὶ
2857 1624 2955 1692 τῆς
2982 1620 3130 1691 ζωῆς
3159 1621 3254 1674 καὶ
3286 1619 3478 1687 σοφίας
3528 1619 3637 1672 καὶ
3664 1620 3775 1672 δυ-

2163 1711 2379 1783 νάμεως
2401 1714 2495 1767 καὶ
2525 1713 2882 1782 ἁγαθὸτητος,
2918 1713 2953 1782 ἡ
2982 1709 3212 1781 δύναμις
3249 1712 3345 1765 καὶ
3378 1711 3492 1780 ζωὴ
3516 1710 3615 1764 καὶ
3656 1728 3767 1764 σου

2171 1804 2267 1873 φία
2288 1806 2381 1858 καὶ
2411 1805 2709 1874 ἀγαθότης,
2741 1803 2941 1873 μᾶλλον
2958 1803 3016 1856 δέ
3044 1803 3343 1871 αὑτοσοφία
3367 1804 3461 1857 καὶ
3487 1802 3769 1873 αὐτοζωὴ

2172 1896 2266 1949 καὶ
2290 1894 2689 1961 αὐτοδύναμις·
2721 1894 2862 1949 κατὰ
2906 1890 2972 1963 δὴ
3011 1893 3100 1946 τὸν
3154 1894 3355 1963 τρόπον
3393 1895 3493 1962 τῆς
3530 1894 3768 1963 ἀνθρω-

2173 1970 2332 2055 πίνης
2379 1984 2686 2052 διαλέξεως,
2753 1984 3239 2054 ἀνθρωπινώτερον
3304 1984 3765 2054 παραδεδομένα,

2173 2076 2271 2130 οὒκ
2303 2076 2477 2140 ἄλλως
2504 2077 2875 2146 ἐγχωρούσης,
2905 2075 2940 2147 ἢ
2967 2077 3042 2139 ὡς
3071 2075 3303 2145 πέφυκε,
3330 2076 3630 2148 προφέρειν
3687 2077 3764 2131 τὰ

2175 2167 2418 2238 νοήματα
2452 2167 2544 2221 καὶ
2577 2167 2646 2221 τὰ
2670 2166 2929 2232 ὀνόματα,
2956 2165 3131 2229 οὕτως
3154 2165 3229 2228 ὡς
3254 2165 3496 2237 εἴρηται,
3523 2166 3625 2219 καὶ
3655 2166 3762 2217 ἐπὶ

2177 2258 2266 2313 τοῦ
2327 2257 2459 2310 Θεοῦ
2512 2257 2716 2327 κυρίως
2750 2255 2897 2337 ἔχειν
2957 2257 3307 2312 ἐπίστευσαν.
3348 2251 3494 2322 ΟῘον,
3521 2256 3759 2309 ἐπειδὰν

2175 2349 2391 2417 λέγεται
2433 2347 2526 2401 τὸν
2559 2347 2693 2400 Θεὸν
2724 2347 2868 2417 ἐχειν
2898 2345 3064 2417 ζωὴν,
3100 2347 3132 2416 ἢ
3158 2346 3383 2416 δύναμιν
3414 2347 3447 2416 ἢ
3474 2347 3673 2415 σοφίαν
3714 2347 3753 2415 ἡ

2176 2442 2492 2510 ἐνέργειαν·
2554 2439 2675 2500 καὶ,
2733 2439 2961 2506 ’Ὠσπερ
3022 2440 3055 2492 ὸ
3089 2438 3286 2506 Πατὴρ
3337 2439 3463 2506 ἔχει
3493 2436 3648 2503 ζωὴν
3681 2437 3758 2489 ἐν

2177 2529 2384 2596 ἐαυτῷ,
2419 2530 2608 2595 οὕτως
2653 2529 2839 2584 ἔδωκε
2897 2530 2995 2585 καὶ
3031 2530 3110 2595 τῷ
3139 2529 3247 2595 Υὶῷ
3276 2528 3428 2596 ζωὴν
3488 2528 3655 2597 ἔχειν
3678 2529 3754 2582 ἐν

2178 2622 2389 2688 ἐαυτῷ,
2422 2622 2513 2674 καὶ
2544 2624 2645 2676 ὅσα
2676 2622 2901 2674 τοιαῦτα
2924 2637 2939 2653 ’
2996 2622 3055 2685 ἐξ
3084 2614 3158 2676 ὧν
3184 2620 3310 2676 ἄλλο
3360 2621 3461 2690 μὲν
3488 2620 3549 2673 τὸ
3599 2620 3752 2690 ἔχον,

2179 2713 2306 2768 ἄλλο
2337 2713 2393 2766 δὲ
2420 2713 2479 2766 τὸ
2513 2713 2771 2783 ἐχόμενον
2806 2712 2989 2766 ἔθεντο
3017 2706 3179 2777 εῖναι,
3217 2712 3295 2782 μὴ
3322 2713 3439 2773 ταῖς
3465 2712 3595 2779 περὶ
3620 2710 3749 2763 τοὺ-

2178 2822 2285 2859 τωΛ
2317 2804 2605 2873 ἐξηγήσεσι
2634 2804 2741 2857 τῶν
2769 2805 2939 2873 ἁγίων
2980 2804 3365 2874 προσσχόντες,
3391 2803 3425 2872 ἢ
3447 2804 3746 2872 προσσχεῖν

2183 2897 2256 2968 μὴ
2284 2896 2660 2967 βουληθέντες,
2685 2897 2743 2948 τὸ
2778 2896 2876 2966 μὲν
2906 2895 3026 2966 ἔχον
3042 2897 3133 2948 τὸν
3156 2894 3371 2963 Πατέρα
3395 2894 3525 2964 φέρε
3543 2896 3741 2956 εἰπεῖν,

2180 2989 2214 3058 ἢ
2252 2988 2342 3041 τὸν
2378 2989 2529 3049 Θεὸν,
2560 2989 2592 3057 ἢ
2633 2989 2730 3059 τὴν
2762 2988 2950 3040 οὐσίαν
2978 2982 3118 3040 εἶναι
3177 2986 3498 3057 ὁρισάμενοι
3521 3003 3537 3019 ο
3574 2985 3632 3037 τὸ
3681 2985 3740 3038 δὲ

2180 3078 2437 3149 ἐχόμενον
2466 3080 2563 3151 τὴν
2591 3080 2737 3149 ζωὴν
2764 3080 2796 3149 ἢ
2821 3080 2921 3151 τὴν
2971 3080 3187 3148 σοφίαν,
3223 3076 3255 3147 ἧ
3296 3079 3394 3145 τὴν
3423 3077 3653 3147 δύναμιν
3700 3076 3731 3143 ἦ

2172 3169 2268 3239 τὴν
2307 3171 2605 3241 ἐνέργειαν,
2662 3171 2873 3241 καθ’ἥν
2901 3171 3227 3240 ὑφέστηκεν,
3266 3172 3293 3224 ὅ
3336 3172 3388 3223 τί
3419 3164 3540 3223 ποτ⁵
3591 3170 3730 3223 ἔστιν

2173 3261 2443 3332 ἐνεργείᾳ,
2483 3265 2510 3317 ὁ
2549 3263 2707 3328 Θεὸς,
2739 3265 2795 3315 ἐν
2824 3263 3023 3333 αἰωνίᾳ
3048 3261 3140 3315 καὶ
3167 3261 3538 3333 ἀμεταϐλήτῳ
3557 3260 3721 3315 ταυτό-

2170 3366 2295 3418 τητι
2325 3350 2713 3420 παραπλήσιον
2746 3351 3097 3414 πεπονθότες,
3123 3349 3313 3421 ὥσπερ
3344 3350 3410 3403 ἂν
3441 3352 3491 3403 εί
3529 3347 3707 3416 καὶτῆς
3786 3410 3789 3411 ν

2172 3442 2395 3513 Γραφῆς
2424 3442 2711 3513 λεγούσης,
2744 3447 2813 3498 Al
2853 3443 3046 3510 χεῖρές
3071 3458 3184 3496 σου
3219 3442 3522 3508 ἐποίησάν
3548 3459 3617 3513 με
3638 3438 3716 3493 καὶ

2174 3534 2452 3589 ἔπλασάν
2475 3551 2580 3603 μεο
2619 3535 2674 3603 ἦ,
2747 3534 2862 3604 Τῆς
2894 3534 3101 3604 φωνῆς
3138 3551 3255 3588 σου
3302 3534 3546 3602 ἤκουσα
3580 3550 3729 3601 περιρ

2174 3625 2508 3692 πατοῦντος
2564 3626 2633 3679 ἐν
2671 3624 2752 3690 τῷ
2791 3624 3132 3694 παραδείσῳ
3182 3625 3249 3676 τὸ
3298 3623 3590 3692 δειλινὸν,
3642 3622 3735 3679 καί

2173 3717 2435 3786 ἐκρύϐην
2456 3735 2471 3751 ο
2502 3718 2560 3789 ἢ,
2586 3718 2716 3771 Ὀτι
2740 3715 3062 3786 ὠσφράνθη
3099 3716 3313 3783 Κύριος
3350 3716 3556 3784 ὀσμὴν
3576 3706 3589 3718 ’
3605 3715 3740 3769 εὐω-

2173 3808 2307 3875 δίας
2330 3825 2345 3840 ο
2381 3810 2496 3873 καὶ,
2523 3809 2653 3862 Ὅτι
2698 3808 3069 3877 πορεύσομαι
3097 3807 3247 3873 πρὸς
3296 3807 3450 3876 ὑμᾶς
3478 3807 3550 3859 ἐν
3583 3802 3741 3874 θυμῷ

2173 3900 2427 3967 πλαγίῳ,
2463 3898 2625 3969 λέγει
2651 3900 2885 3967 Κύριος-ο
2916 3900 2980 3951 ἐκ
3001 3898 3064 3967 δὴ
3089 3898 3295 3950 τούτων
3318 3898 3414 3950 καὶ
3437 3895 3547 3949 τῶν
3569 3897 3766 3967 τοιού-ι

2171 4004 2280 4044 των
2309 3989 2773 4060 ἀνθρωπόμορφόν
2806 4007 2859 4042 τι
2894 3984 3032 4041 εἶναι
3068 3987 3158 4040 τὸν
3185 3988 3316 4041 Θεὸν
3341 3986 3598 4053 ἐτίθεντο,
3650 3986 3745 4041 καὶ

2174 4078 2566 4147 αἰσθανόμενον
2602 4079 2696 4133 καὶ
2728 4078 3094 4148 θυμούμενον,
3125 4079 3219 4131 καὶ
3241 4078 3341 4132 ὃσα
3364 4077 3498 4131 ἄλλα
3525 4075 3611 4129 διὰ
3644 4074 3746 4146 τὴν

2173 4167 2283 4221 τῶν
2306 4169 2613 4223 ἀκουόντων
2639 4168 2928 4222 ἀσθένειαν
2950 4170 2984 4239 ἡ
3017 4168 3137 4222 οεία
3170 4168 3364 4240 Γραφὴ
3411 4168 3747 4235 διαλέγεται,

2173 4259 2262 4312 διὰ
2317 4260 2523 4313 τούτων
2574 4259 2660 4328 ἐφ’
2690 4260 2852 4331 ἕτερα
2909 4261 3060 4331 ἡμᾶς
3110 4261 3409 4327 ἀνάγουσα.
3447 4261 3643 4314 Καίτοι
3682 4260 3742 4314 οὐ
3802 4310 3811 4319 ι

2177 4350 2338 4420 μόνον
2387 4353 2415 4405 ὁ
2446 4351 2577 4415 Θεὸς
2627 4350 2848 4420 λέγεται
2890 4353 2973 4405 ὅτι
3025 4350 3140 4423 ἔχει
3194 4350 3401 4423 ζωὴνῆ
3441 4352 3747 4433 ἐνέργειαν,

2176 4441 2291 4495 ἀλλ’
2313 4442 2393 4495 δτι
2433 4442 2559 4511 ἔχει·
2600 4442 2697 4495 καὶ
2730 4442 2940 4510 οὐσίαν,
2976 4445 3115 4496 κατὰ
3137 4444 3226 4498 τὸν
3269 4443 3423 4512 ἅγιον
3458 4444 3749 4496 Ἰουστῖνον

2177 4534 2237 4586 ἐν
2257 4534 2335 4603 τῷ
2369 4534 2508 4587 κατὰ
2567 4533 2836 4604 Ἐλλήνων
2865 4532 3029 4587 αὐτοῦ
3061 4534 3207 4603 λόγῳ
3234 4550 3250 4564 ο
3297 4534 3392 4588 καὶ
3436 4534 3517 4588 ὅτι
3537 4532 3659 4588 ὅλον
3689 4536 3748 4588 ἐν

2178 4625 2355 4696 ἑαυτῷ
2380 4623 2658 4678 συλλαϐὼν
2688 4624 2801 4693 ἔχει
2846 4624 2907 4677 τὸ
2965 4616 3129 4685 εἶναι,
3164 4622 3306 4678 κατὰ
3355 4625 3450 4678 τὸν
3483 4625 3746 4694 Θεολόγον

2179 4718 2499 4789 Γρηγόριον.
2526 4716 2679 4769 Ἐπεὶ
2700 4714 2794 4769 οὖν
2819 4732 2985 4784 φασιν
3020 4716 3149 4770 ἄλλο
3177 4719 3276 4789 μὲν
3302 4713 3441 4772 εῖναι
3465 4719 3527 4771 τὸ
3555 4718 3750 4788 ἐχόμε-

2180 4796 2292 4873 νον,
2324 4808 2453 4863 ἄλλο
2503 4807 2561 4861 δέ
2604 4808 2663 4862 τὸ
2713 4807 2836 4878 ἔχον
2871 4808 3129 4878 πρᾶγμα,
3178 4809 3369 4878 ἕψεται
3395 4808 3520 4863 κατ’
3553 4808 3750 4872 αὐτοὺς

2180 4900 2308 4956 ἄλλο
2332 4900 2428 4969 μέν
2450 4895 2589 4952 εἷναι
2618 4899 2707 4952 τὸν
2737 4896 2891 4964 Θεὸν,
2919 4898 3107 4968 ἕτερον
3138 4899 3195 4952 δέ
3218 4898 3316 4969 τὴν
3346 4898 3535 4953 οὐσίαν
3558 4897 3751 4965 αὑτοῦ,

2183 4992 2278 5046 καὶ
2316 4986 2382 5045 αὖ
2406 4989 2535 5044 ἄλλο
2575 4990 2672 5059 μὲν
2704 4989 2887 5054 αὐτὸν,
2913 4990 3099 5061 ἕτερον
3121 4991 3177 5043 δὲ
3210 4989 3270 5043 τὸ
3306 4984 3447 5046 εἶναι
3484 4989 3671 5044 αὐτοῦ.

513 5084 656 5152 quod
688 5086 935 5153 habetur,
964 5104 1187 5160 remque
1211 5091 1367 5147 aliam
1399 5091 1450 5146 id
1503 5090 1648 5161 quod
1682 5090 1881 5156 habet,
1952 5102 2289 5158 consequens
2341 5086 2403 5141 lit
2474 5088 2528 5140 in
2576 5086 2790 5139 illorum
2852 5090 3143 5172 sententia.
3188 5085 3331 5140 aliud
3383 5100 3511 5142 esse
3555 5084 3748 5150 Deum,

515 5184 678 5243 alque
709 5173 852 5230 aliud
875 5177 993 5247 ejus
1015 5182 1307 5235 essentiam
1337 5196 1401 5237 ac
1442 5182 1826 5246 substantiam,
1848 5196 1912 5237 ac
1937 5195 2123 5235 rursus
2157 5179 2335 5251 ipsum
2372 5178 2518 5234 aliud
2550 5193 2695 5246 esse,
2727 5178 2983 5247 aliudque
3008 5194 3128 5233 esse
3157 5178 3325 5233 illius.

590 5267 853 5323 Praeterea
874 5269 1033 5340 juxta
1056 5287 1242 5328 eorum
1292 5275 1568 5342 theologia:
1623 5277 1863 5345 regulas,
1931 5275 2077 5330 Deus

517 5374 709 5429 expers
736 5362 987 5417 essentia:
1009 5363 1114 5418 erit
1132 5381 1147 5431 ;
1166 5379 1266 5419 nec
1287 5366 1519 5420 essentia
1549 5366 1643 5420 Dei
1704 5381 1797 5421 seu
1826 5366 2081 5423 subStan-

522 5453 593 5504 tia
625 5450 763 5509 Deus
792 5451 973 5510 futura
1001 5463 1105 5510 est.
1128 5451 1288 5508 Juxta
1321 5453 1464 5509 cnim
1519 5456 1858 5523 divisionem,
1916 5470 2078 5525 quam

519 5540 1165 5614 iuduxerunt,babentis,
1201 5554 1254 5601 et
1279 5545 1394 5616 ejus
1445 5547 1588 5616 quod
1630 5546 1861 5602 habetur
1936 5561 2076 5600 nun-

2265 5276 2387 5330 Ἔτι
2411 5275 2553 5329 κατὰ
2583 5277 2710 5338 τοὺς
2732 5274 2894 5343 ὄρους
2922 5275 3023 5343 τῆς
3055 5274 3334 5343 θεολογίας
3356 5274 3554 5339 αὐτῶν,
3573 5275 3599 5325 ὁ
3618 5273 3758 5337 Θεὸς

2186 5365 2434 5429 ἀνούσιος
2459 5363 2611 5418 ἔσται
2633 5363 2768 5418 ικαὶ
2791 5365 2824 5435 ἡ
2847 5362 3001 5417 οὐσία
3031 5361 3123 5416 τοῦ
3146 5362 3279 5417 Θεοῦ
3301 5366 3402 5417 οὐκ
3424 5364 3576 5418 ἔσται
3595 5364 3745 5425 Θεός·

2188 5452 2331 5505 κατᾶ
2358 5453 2468 5523 γὰρ
2501 5452 2602 5522 τὴν
2631 5450 2725 5504 τοῦ
2750 5452 2965 5520 ἔχοντος
2992 5450 3085 5504 καὶ
3117 5449 3399 5520 ἐχομένου,
3439 5448 3506 5519 ἣν
3527 5448 3751 5516 εἰσήγα-

2186 5559 2307 5611 γον,
2339 5545 2624 5615 διαίρεσιν,
2664 5542 2764 5596 obit
2793 5533 2859 5596 ἂν
2894 5543 2982 5613 εἴη
3017 5542 3075 5594 τὸ
3118 5541 3305 5611 ἕτερον
3335 5538 3448 5595 οἷον
3470 5539 3529 5593 τὸ
3557 5540 3751 5608 ἕτερον

554 5728 559 5731 ‘
600 5719 806 5776 "han
860 5740 889 5777 ν
935 5724 1021 5779 26.
1103 5724 1144 5757 ¹¹
1173 5721 1312 5777 l’sal.
1374 5734 1563 5781 CXVIII,
1609 5719 1695 5773 73.
1777 5719 1817 5750 ³²
1849 5719 1982 5774 Gen.
2015 5734 2071 5785 ιι,

2174 5720 2202 5769 l.
2285 5719 2326 5751 ³³
2371 5717 2503 5773 Gen.
2573 5732 2687 5783 vm,
2737 5715 2825 5769 2!.
2904 5714 2944 5749 ³⁵
2991 5714 3162 5770 ιρι-Π.
3209 5729 3353 5779 un,
3388 5713 3480 5777 Ἡ,
3510 5712 3607 5767 Ξ8.
