4056 6288
499 255 606 319 383
1764 254 1926 316 MAN
1936 253 2164 315 UELlS
2204 254 2512 317 CALEC/E

493 555 581 601 est
615 545 680 598 ad
722 544 979 599 solvenda
1044 545 1247 609 omnia,
1278 560 1398 614 quae
1425 546 1633 613 dicunt,
1666 545 1833 601 Deum
1865 545 2067 601 habere

494 638 896 704 operationem,
922 644 976 692 et
1015 650 1140 693 esse
1179 636 1381 705 aliquid
1430 637 1482 692 in
1513 651 1618 704 eo;
1671 650 1901 707 esseque
1939 650 2069 706 ope-

495 731 759 785 rationem
783 745 847 784 es
881 733 1137 798 essentia,
1157 746 1219 787 ac
1238 731 1284 786 si
1315 747 1418 803 qua
1434 732 1536 786 alia
1553 739 1678 788 sunt
1696 734 1817 802 ejus
1832 730 2066 801 generis.

494 818 688 891 Liquet
715 812 893 877 autem
915 823 1081 878 etiam
1103 836 1197 879 eos
1222 823 1316 893 qui
1366 822 1595 878 necdum
1618 821 1917 894 intelligere
1940 836 2067 891 pos-

494 924 646 973 sunt,
673 912 838 965 vitam
868 926 931 967 ac
966 911 1141 967 lucem
1168 912 1340 983 ipsam
1364 927 1492 967 vere
1520 928 1585 966 ac
1612 926 1713 982 per
1742 926 1801 967 se
1829 911 2069 967 existen-

494 1011 625 1065 tem,
657 1017 844 1058 eorum
876 1004 1074 1060 classis
1101 1017 1221 1058 esse
1252 1012 1413 1074 atque
1453 1004 1690 1073 generis,
1742 1004 2062 1074 quibuscum

507 1094 559 1147 in
592 1093 872 1165 Scriptura
896 1095 1280 1163 indulgentius,
1318 1110 1415 1164 pro
1438 1109 1627 1150 eorum
1658 1107 1843 1164 captu,
1868 1095 2063 1166 agitur,

490 1198 725 1253 quorum
755 1186 918 1239 etiam
945 1200 1130 1251 causa,
1166 1184 1255 1238 tali
1283 1185 1550 1239 sermonis
1587 1184 1915 1239 demissioue
1979 1183 2067 1237 illa

492 1278 667 1331 utitur
697 1295 712 1331 :
746 1277 960 1346 alioque
990 1277 1147 1331 modo
1182 1278 1504 1347 theologiam
1539 1276 1646 1331 illis
1678 1277 1824 1344 loqui
1856 1275 1948 1346 qui
1981 1291 2071 1328 ru-

496 1368 805 1421 dimentarii
838 1376 966 1422 sunt
1000 1383 1063 1422 ac
1098 1368 1452 1433 inducuntur,
1485 1368 1697 1439 alioque
1725 1368 1791 1423 iis
1823 1368 1913 1437 qui
1940 1378 2069 1423 sunt

495 1456 722 1525 perfecti
751 1474 766 1523 ;
798 1471 895 1513 nec
915 1471 1131 1526 semper
1158 1459 1477 1515 discendum
1508 1474 1650 1524 esse,
1693 1474 1758 1514 ac
1782 1475 2063 1530 nunquam

494 1546 984 1617 intelligendum“;
1054 1565 1452 1618 puerorumque
1497 1550 1861 1607 immaneutes
1896 1551 2065 1607 disci-

491 1643 678 1713 plinis,
712 1641 951 1710 perlecta
978 1641 1133 1697 delici
1168 1656 1265 1710 par
1291 1652 1375 1698 est
1395 1643 1661 1709 doctrina,
1686 1643 1774 1713 qui
1800 1659 1865 1698 ex
1900 1642 2069 1698 Paulo

2168 1368 2375 1430 τελείας
2426 1368 2805 1436 διδασκαλίας,
2856 1370 3155 1433 ἀκούοντας
3204 1371 3299 1425 τοῦ
3342 1371 3604 1436 Παύλου,
3673 1374 3761 1426 λέ.

2170 1474 2375 1524 γοντος,
2403 1457 2525 1511 Ὀτι
2565 1457 2631 1511 τὸ
2662 1457 2896 1526 γράμμα
2918 1459 3296 1523 ἀποκτείνει,
3333 1461 3397 1515 τὸ
3417 1460 3486 1515 δὲ
3502 1462 3763 1531 πνεῦμα

2169 1547 2474 1616 ζωογονεῖ·
2510 1548 2623 1613 καὶ,
2659 1547 2834 1602 ὐσοι
2864 1548 2933 1603 ἐν
2957 1551 3119 1619 νόμῳ
3150 1549 3622 1620 καυχᾶσθεμῶ.
3642 1553 3758 1618 τῆς

2166 1640 2409 1711 χάριτος
2440 1640 2769 1705 ἐξεπέσατε
2796 1658 2809 1673 ο
2835 1640 3014 1696 καίτοι
3052 1641 3329 1697 τοσούτων
3349 1643 3549 1712 φωνῶν
3574 1643 3763 1712 ἐμπε-

494 1732 801 1798 audiamus,
824 1731 1026 1787 Littera
1055 1733 1268 1796 occidit,
1292 1732 1507 1799 spiritus
1534 1742 1708 1786 autem
1738 1733 1961 1801 uiviﬁcat
1984 1734 2028 1767 ³⁹
2051 1752 2066 1800 ;

2176 1730 2576 1801 ριειλημμένων
2598 1732 2666 1801 τῇ
2707 1730 2829 1800 θεία
2876 1731 3091 1801 Γραφῇ,
3135 1731 3245 1785 ἀπὸ
3270 1731 3386 1785 τῶν
3429 1732 3764 1785 ταπεινοτέ-

493 1832 599 1877 et:
644 1821 836 1878 Omnes
880 1824 970 1893 qui
1018 1824 1073 1877 in
1120 1821 1228 1893 lege
1276 1823 1602 1892 gloriamini,
1630 1840 1662 1877 a
1704 1824 1876 1893 gratia
1924 1824 2069 1877 exci-

492 1910 643 1965 distis
670 1911 751 1977 ‘°;
797 1911 1009 1967 tametsi
1038 1919 1119 1967 tot
1148 1912 1202 1967 in
1234 1912 1419 1967 divina
1451 1911 1728 1982 Scriptura
1786 1912 2072 1966 continen-

2170 1834 2280 1892 ρων
2316 1821 2411 1874 ἐπὶ
2454 1822 2522 1874 τὰ
2565 1820 2874 1891 ὑψηλότερα
2928 1823 3077 1891 ἡμᾶς
3132 1823 3483 1891 ἁναγοοαῶν·
3531 1824 3621 1877 διὸ
3655 1811 3757 1878 καί

2167 1913 2289 1965 ἐπεὶ
2319 1911 2379 1965 οὐ
2406 1911 2630 1965 δύναται
2663 1912 2839 1967 ταῦτα
2871 1912 3054 1967 πάντα
3086 1914 3431 1968 ὲνυπόστατα
3462 1909 3635 1980 εἶναι,
3672 1916 3755 1977 ὡς

496 374 641 431 sunt,
666 364 928 435 quomodo
952 363 1138 416 horum
1166 361 1450 433 quodlibet,
1481 363 1650 429 ipsum
1687 379 1803 419 vere
1830 373 1883 418 et
1906 381 1999 435 per
2019 380 2074 419 se

2176 367 2329 423 λύσιν
2350 372 2587 437 πάντων,
2616 387 2650 424 α
2673 387 2839 439 φασιν
2866 370 3011 440 ἔχειν
3035 371 3125 427 τὸν
3149 372 3282 426 Θεὸν
3312 371 3641 445 ἐνέργειαν,
3681 384 3804 431 καὶ

493 456 800 510 eminentia
825 456 1075 524 gaudeat.
1109 453 1205 509 Hic
1236 469 1398 525 porro
1427 455 1579 511 locus
1607 472 1746 511 unus
1794 454 2065 511 sufﬁciens

2176 454 2313 514 εἶναι
2351 461 2409 513 ιν
2436 459 2589 531 αὑτῷ
2614 478 2666 514 τι
2689 478 2702 492 ο
2737 460 2832 515 καὶ
2860 454 2998 515 εἶναι
3032 463 3098 515 ὲκ
3129 463 3229 533 τῆς
3254 462 3444 527 οὐσίας
3470 466 3578 537 τὴν
3606 467 3800 538 ἐνέρ-

2170 570 2349 621 γειαν,
2368 553 2461 606 καὶ
2482 554 2585 608 ὅσα
2614 553 2749 607 ἄλλα
2780 552 3009 609 τοιαῦτα
3031 571 3047 588 ·
3091 558 3327 626 φανερὸν
3358 558 3415 611 δὲ
3458 561 3554 612 καὶ
3592 562 3701 615 δτι
3730 564 3798 613 οι

2173 644 2309 713 μηδὲ
2339 643 2438 699 νῦν
2465 661 2547 699 πω
2577 644 2867 716 δυνάμενοι
2905 649 3049 700 νοεῖν
3099 646 3199 718 τὴν
3224 647 3393 719 ζωὴν,
3425 650 3519 702 καὶ
3538 650 3615 704 τὸ
3647 652 3796 719 φῶς

2172 733 2297 788 καθ’
2325 733 2491 787 ἑαυτὸ
2508 734 2778 803 ὑφεστὼς,
2811 735 2908 791 καὶ
2934 736 3002 790 τὰ
3028 736 3190 798 ἄλλα,
3231 737 3332 805 τῆς
3356 737 3618 808 ἑταιρίας
3657 741 3794 794 εἰσὶ

2169 824 2278 879 τῶν
2296 823 2770 894 οἰκονομουμένων
2786 826 2856 879 »δν
2880 827 2944 894 τῇ
2972 824 3095 896 θείᾳ
3118 825 3330 895 Γραφῇ.
3356 825 3425 878 δι’
3446 825 3541 889 οὓς
3561 828 3600 893 ἠ
3629 844 3796 895 συγ-

2171 913 2474 974 κατάὄασις
2496 913 2691 983 γέγονε
2716 916 2818 983 τῆς
2839 915 3099 986 τοιαύτης
3126 915 3473 984 ἀπαγγελίας
3490 932 3508 949 ·
3538 919 3657 972 καὶ
3687 918 3787 972 ἔτι

2171 1005 2372 1077 ἑτέρως
2398 1006 2430 1075 ἡ
2459 1004 2710 1072 θεολογία
2730 1009 2848 1069 τοῖς
2879 1007 3270 1075 είσαγωγικοῐς
3292 1008 3639 1077 διαλέγεται,
3666 1012 3782 1064 καὶ
3812 1020 3815 1021 ⁷

2126 1144 2131 1149 .
2172 1098 2374 1163 ἑτέρως
2402 1100 2516 1159 τοῖς
2555 1096 2782 1154 τελείοις
2801 1114 2815 1128 '
2843 1099 2939 1150 καὶ
2968 1099 3029 1152 οὐ
3055 1098 3137 1151 δεῖ
3165 1099 3396 1152 πάντοτε
3437 1100 3780 1170 μανθάνον-

2169 1203 2267 1248 τας
2322 1187 2580 1239 οδδέποτε
2641 1188 2925 1250 συνιέναι,
2989 1188 3083 1242 καὶ
3145 1191 3575 1259 παραμένοντας
3636 1196 3774 1253 τοῖς

2168 1279 2277 1331 τῶν
2340 1278 2641 1349 παιδαρίων
2700 1278 3057 1348 μαθήμασιν,
3107 1281 3590 1350 ἀπολιμπάνεσθαι
3659 1287 3770 1351 τῆς

498 2015 587 2058 tur
614 2018 796 2068 voces,
844 2005 1041 2074 quibus
1074 2003 1142 2058 ab
1192 2005 1571 2059 humilioribus
1630 2002 1699 2056 ad
1755 2002 2068 2057 sublimiora

2176 2000 2274 2053 ἴδια
2334 1999 2656 2071 πράγματα,
2699 2000 2760 2052 ἓν
2820 2016 2875 2052 τι
2919 2000 3097 2055 πάντα
3149 2000 3327 2054 ταῦτα
3376 2003 3753 2057 ἐνυπόστατον

497 2111 676 2156 mente
708 2100 1000 2170 erigamur.
1028 2099 1235 2166 Quare,
1270 2103 1413 2169 quod
1445 2100 1563 2155 ﬂeri
1598 2108 1834 2170 nequeat
1862 2106 1921 2153 ut
1955 2100 2070 2154 [nec

2176 2094 2400 2162 πρᾶγμα
2425 2090 2766 2160 ὑποληπτίον
2789 2105 2805 2123 '
2829 2093 2930 2147 ὅσα
2955 2093 3023 2146 τὰ
3049 2093 3107 2145 ὲν
3133 2093 3262 2161 ἡμῖν
3289 2093 3628 2162 ὑποκείμενα
3654 2096 3753 2147 καὶ

494 2191 678 2245 omnia
706 2206 799 2260 per
832 2206 891 2245 se
916 2191 1183 2244 exsistant
1205 2199 1262 2242 ut
1287 2206 1373 2246 res
1419 2190 1672 2259 propriae,
1731 2205 1895 2243 unum
1934 2189 2063 2258 quid

2176 2182 2744 2254 κατηγορούμενα,καὶ
2765 2182 3060 2251 ἀπειράκις
3087 2183 3256 2237 πλείω
3271 2182 3332 2238 δν
3351 2185 3494 2237 κατὰ
3511 2184 3573 2238 τὸ
3592 2184 3746 2238 αιἠό.

497 2298 593 2349 per
622 2300 681 2338 se
711 2285 984 2338 essistens
1017 2295 1241 2336 necesse
1264 2292 1348 2336 est
1405 2289 1463 2336 ut
1484 2295 1545 2336 ea
1566 2282 1747 2335 omnia
1780 2282 2191 2341 existimemus.
2224 2291 2561 2346 quaecunque
2589 2275 2803 2333 scilicet
2858 2275 2912 2329 in
2962 2276 3123 2357 nobis
3190 2287 3246 2332 et
3308 2275 3553 2347 subjects
3616 2287 3745 2334 sunt

497 2390 558 2425 ac
588 2374 899 2438 pra-dicata,
948 2371 1313 2441 intlnitiesque
1342 2371 1495 2441 plura
1551 2371 1849 2427 secundum
1902 2387 2064 2425 unum
2105 2384 2169 2423 ac
2205 2368 2344 2423 idem
2369 2370 2662 2425 exsistens.
3060 2346 3083 2371 ί

567 2466 766 2518 Octava
820 2464 982 2534 hujus
1035 2465 1393 2535 corruptionis
1437 2481 1620 2533 causa,
1656 2468 1795 2536 quod
1829 2480 1913 2531 ea,
1953 2482 2072 2537 quae

2253 2464 2478 2530 Ὄγδοον
2527 2465 2628 2531 τῆς
2656 2462 2955 2533 διαφθορᾶς
3003 2463 3207 2534 ταύτης
3252 2462 3313 2515 τὸ
3341 2462 3653 2527 deamo-rt
3680 2464 3746 2516 τὲ

497 2554 817 2624 quihusdam
856 2555 988 2611 locis
1020 2570 1053 2610 a
1079 2556 1283 2611 sanctis
1312 2556 1455 2611 dicit!
1487 2564 1613 2614 sunt
1645 2556 1713 2612 de
1743 2556 1834 2612 Dei
1887 2572 2065 2611 essen-

2177 2554 2391 2625 ἐνιαχοῦ
2409 2559 2519 2617 τοῖς
2543 2554 2718 2623 ἁγίοις
2736 2555 3004 2625 εἰρημένα
3023 2556 3116 2608 ἐπὶ
3145 2556 3243 2625 τῆς
3261 2554 3451 2617 οὐσίας
3464 2555 3563 2607 τοῦ
3586 2555 3742 2617 Θεοῦ,

499 2648 571 2701 tia
612 2658 865 2718 tauquam
899 2648 964 2703 tle
994 2647 1326 2717 operatione,
1364 2664 1469 2719 qua
1516 2649 1606 2705 ille
1634 2650 1682 2705 vi
1715 2650 1906 2721 agendi
1938 2664 2067 2717 pne-

2176 2647 2250 2707 ὼς
2271 2647 2364 2697 ἐπὶ
2395 2646 2673 2715 ἐνεργείας
2707 2647 2829 2699 καθ’
2859 2647 2928 2717 ἢν
2959 2648 3314 2717 ἑνεργητικός
3344 2648 3495 2698 ἐστιν
3523 2663 3540 2679 ·
3586 2646 3745 2700 τοῦτο

494 2738 641 2793 ditus
669 2753 740 2791 ac.
784 2737 969 2793 cliicax
1021 2748 1103 2794 est
1152 2738 1226 2809 (id
1266 2741 1411 2795 enim
1457 2744 1662 2796 sanctis
1710 2741 2073 2811 promiscuum

2178 2741 2287 2808 γὰρ
2312 2741 2456 2805 παρὰ
2478 2740 2592 2800 τοῖς
2617 2738 2794 2807 ἁγίοις
2811 2739 3126 2807 ἀδιάφορον,
3151 2738 3226 2800 ὡς
3246 2738 3539 2804 δέδεικται,
3560 2739 3637 2800 ὡς
3656 2736 3746 2790 ἐπὶ

496 2831 743 2896 habetur,
776 2834 855 2887 uti
894 2834 1177 2903 probatum
1220 2836 1349 2902 est),
1375 2834 1473 2902 ipsi
1519 2847 1615 2902 pro
1660 2833 1810 2889 libito
1842 2837 1908 2888 de
1943 2847 2076 2901 ope-

2177 2831 2457 2899 ἐνεργείας
2510 2830 2669 2885 αὐτοὶ
2704 2816 3003 2895 Ἔδέξαντο,
3060 2829 3447 2899 διαιρουμένης
3495 2831 3606 2883 ἀπὸ
3653 2828 3744 2897 τῆς

498 2926 729 2989 ratione,
751 2940 872 2992 quae
903 2940 932 2978 a
956 2923 1050 2978 Dei
1074 2925 1307 2980 essentia
1335 2925 1612 2989 dividitur,
1644 2926 1801 2980 modo
1825 2938 2073 2995 supernus

494 3014 688 3079 relato,
732 3024 1076 3081 acceperunt.
1094 3015 1182 3069 Ait
1203 3015 1344 3070 enim
1370 3030 1594 3083 magnus
1614 3017 2067 3087 Dionysius,quod

494 3113 550 3157 et
578 3112 763 3172 postea
797 3103 872 3157 illi
906 3104 1175 3160 secundus
1207 3102 1445 3160 Joannes
1481 3105 1843 3161 Damascenus
1878 3107 2068 3161 iisdem

496 3194 679 3249 verbis
736 3196 1023 3263 exposuit,
1079 3208 1320 3264 nempe:
1367 3195 1613 3252 Divinam
1673 3198 2076 3252 illustrationem

498 3294 651 3352 atque
683 3283 950 3352 virtutem,
973 3300 1081 3339 una
1116 3300 1235 3340 cum
1259 3286 1325 3341 sit
1348 3294 1397 3341 et
1420 3287 1645 3354 simplex
1676 3298 1724 3342 et
1753 3288 1981 3342 indivisa
2027 3296 2079 3341 et

492 3375 845 3445 boniformis,
896 3379 952 3431 in
993 3376 1225 3432 dividuis
1292 3380 1587 3435 vuriantem
1631 3381 1930 3449 cunctisque
1974 3381 2077 3455 tris

501 3468 739 3521 (mentem
771 3467 960 3538 quibus
990 3469 1203 3538 propria
1237 3479 1430 3524 natura
1463 3478 1748 3541 prmtalur
1777 3472 2076 3535 incolumis,

496 3559 785 3625 simplicem
826 3577 1038 3614 manere
1061 3576 1080 3615 :
1102 3576 1217 3631 quae
1256 3562 1633 3631 multiplicetur
1650 3562 1859 3634 quidem
1906 3565 1961 3616 in
1996 3562 2078 3615 1ἰν

495 3651 663 3705 viduis
714 3652 955 3719 indivise,
980 3652 1298 3724 dividuaque
1340 3653 1391 3705 in
1416 3669 1570 3707 suam
1604 3654 1722 3722 ipsa
1760 3653 2077 3720 simplicita-

496 3751 598 3795 tem
635 3742 843 3812 colligat
870 3751 1030 3814 atque
1083 3752 1365 3797 convertat.
1394 3742 1596 3797 Cuncta
1654 3744 1790 3797 enim
1817 3743 1963 3797 illius
1990 3743 2081 3798 de-

486 3822 698 3889 ‘siderio
764 3843 1025 3899 tenentur,
1079 3846 1124 3888 et
1176 3837 1230 3888 in
1273 3836 1386 3903 ipsa
1438 3837 1799 3890 exsistentiam
1866 3835 2077 3902 habent,

498 3925 802 3993 cunctisque
825 3941 959 3987 esse,
982 3939 1076 3991 pro
1107 3939 1166 3976 eo
1216 3938 1280 3976 ac
1319 3923 1426 3976 illis
1479 3934 1670 3977 natura
1715 3936 2079 3993 comparatum

496 4024 595 4077 est,
653 4014 936 4080 impartit;
981 4021 1162 4080 estque
1191 4027 1275 4076 ea,
1337 4028 1523 4065 eorum
1576 4028 1693 4081 qua:
1738 4024 1896 4075 sunt,
1944 4032 2081 4079 esse,

498 4120 679 4156 eorum
715 4120 831 4172 qua:
855 4104 1055 4163 vivunt,
1087 4103 1217 4165 vita,
1245 4118 1424 4155 eorum
1452 4118 1567 4172 qua:
1599 4103 1799 4155 ratione
1823 4106 2081 4158 utentium

500 4210 641 4248 more
671 4204 813 4259 sunt,
847 4195 1008 4260 ratio,
1030 4210 1313 4264 eorumque
1340 4211 1454 4264 quea
1478 4194 1882 4264 intelligentiam
1918 4212 2080 4261 more,

498 4286 867 4354 intelligentia,
902 4301 1020 4337 cum
1064 4284 1175 4351 ipsa
1200 4300 1358 4353 supra
1410 4272 1651 4350 mentem,
1680 4302 1942 4357 supraque
1986 4304 2079 4342 ra-

2175 2920 2365 2982 οὐσίας
2385 2920 2479 2975 τοῦ
2501 2921 2765 2987 Θεοῦ,τὸν
2800 2921 3288 2991 προηριθμημίνον
3308 2921 3532 2991 τρόπον,
3563 2921 3743 2990 ὥσπερ

2175 3012 2570 3083 ἑδουλήθησαν·
2593 3013 2730 3082 φησι
2750 3010 2856 3082 γὰρ
2874 3014 2901 3066 ὀ
2920 3012 3095 3081 μέγας
3115 3012 3413 3077 Διονύσιος,
3443 3013 3473 3065 δ
3495 3013 3589 3066 καὶ
3610 3014 3742 3066 6M-

2179 3102 2454 3173 μασκόθεν
2495 3103 2748 3172 Ἰωάννης
2775 3101 3000 3170 ὕστερον
3023 3101 3404 3171 ἐκδεξάμενος,
3429 3103 3615 3167 αὐτοῖς
3635 3105 3736 3156 eve.

2178 3211 2343 3264 μασιν
2372 3192 2650 3262 ἐξέθηκεν,
2690 3194 2823 3249 Ὅτι
2876 3198 2915 3266 ἠ
2945 3198 3075 3252 θεία
3102 3196 3411 3265 “Ianum:
3450 3197 3551 3251 zeal
3588 3195 3722 3259 ἐνέρ-

2177 3303 2324 3355 γεια,
2351 3285 2457 3352 μία
2485 3281 2643 3340 οὖσα
2672 3286 2771 3338 zeal
2804 3288 2972 3358 ἁπλῆ
3002 3288 3102 3342 zeal
3127 3288 3355 3357 ἀμερὴς
3389 3288 3493 3341 zeal
3533 3287 3716 3353 ἀγαθο·

2176 3376 2344 3443 ειδὴς
2370 3418 2384 3438 ,
2418 3377 2487 3429 ἐν
2514 3375 2638 3442 τοῖς
2659 3378 2968 3446 μεριστοῖς
2990 3394 3149 3433 ποικι
3168 3377 3447 3449 ιλομένη,
3474 3379 3574 3432 zeal
3600 3375 3728 3433 πᾶσι

2178 3467 2251 3522 τὰ
2277 3466 2386 3535 τῆς
2424 3466 2648 3533 οἰκείας
2709 3469 2953 3538 φύσεως
3001 3472 3269 3524 σωστικὰ
3292 3469 3563 3537 νέμουσα
3586 3467 3737 3537 μένει

2177 3559 2344 3629 ἀπ.ίῆ
2372 3576 2384 3589 '
2421 3560 2859 3629 πληθυνομένη
2883 3560 2999 3629 μὲν
3029 3561 3100 3616 ἐν
3125 3561 3252 3627 τοῖς
3277 3561 3588 3630 μεριστοῖς
3612 3561 3740 3628 dpe-

2171 3654 2417 3720 ρίστως,
2449 3651 2549 3707 καί
2572 3652 2645 3706 τὰ
2674 3653 2927 3721 μεριστὰ
2970 3653 3123 3720 πρὸς
3169 3653 3287 3721 τὴν
3319 3652 3546 3719 ἑαυτῆς
3569 3652 3741 3705 ἁπλό-

2179 3758 2324 3809 τητα
2365 3740 2723 3810 συνάγουσα
2771 3738 2869 3794 καί
2897 3739 3369 3809 ἐπιστρέφουσα.
3410 3739 3614 3793 Πάντα
3642 3741 3738 3806 γὰρ

2180 3831 2370 3899 αὐτῆς
2396 3831 2645 3900 ἐφίεται,
2666 3831 2765 3886 καί
2791 3832 2859 3884 ἐν
2884 3830 3041 3899 αὐτῇ
3065 3831 3187 3900 ἔχει
3214 3831 3332 3897 τὴν
3354 3830 3629 3896 ὕπαρξιν,
3651 3829 3737 3881 zeal

2180 3920 2334 3989 αὐτ-ὴ
2357 3921 2483 3988 τοῖς
2515 3920 2669 3977 πᾶσι
2699 3923 2767 3976 τὸ
2797 3920 2975 3989 εἶναι,
3009 3922 3205 3988 καθὼς
3234 3922 3359 3990 ἔχει
3376 3921 3633 3989 φύσεως,
3648 3935 3737 3988 με·

2181 4013 2465 4067 ταδίδωσι
2487 4030 2502 4044 ο
2529 4014 2629 4067 zeal
2649 4013 2805 4082 αὐτή
2833 4016 2966 4069 ἐστι
2993 4014 3111 4068 τῶν
3134 4014 3327 4068 ὄντων
3354 4013 3420 4065 τὸ
3443 4009 3597 4065 εἶναι
3615 4051 3631 4077 ,
3652 4010 3736 4063 zeal

2180 4103 2301 4158 τῶν
2330 4101 2560 4163 ζώντων
2583 4106 2620 4172 ἠ
2647 4102 2784 4171 ζωὴ,
2823 4105 2921 4158 καὶ
2954 4104 3072 4157 τῶν
3095 4101 3353 4175 λογικῷς
3376 4102 3566 4155 ὄντων
3592 4103 3625 4155 ὁ
3650 4101 3736 4154 ,ἰό-

2182 4212 2289 4265 γος
2307 4237 2321 4259 ,
2352 4194 2447 4249 zeal
2482 4193 2601 4247 τῶν
2628 4192 2843 4262 νοερῶς
2871 4194 3063 4249 ὄντων
3080 4195 3117 4261 ἠ
3141 4195 3356 4260 νόησις
3378 4235 3396 4258 ,
3422 4193 3574 4259 αὐτὴ
3602 4191 3735 4255 ὑπὲρ

2182 4287 2335 4343 γοῦν
2383 4281 2556 4352 οὖσα,
2577 4285 2676 4341 zeal
2721 4286 2873 4355 ὑπὲρ
2899 4288 3110 4356 λόγον,
3129 4286 3229 4339 καὶ
3262 4285 3416 4354 ὑπὲρ
3445 4284 3613 4349 ζωὴν,
3650 4281 3737 4336 καί

500 4378 716 4440 tionem,
746 4386 792 4429 et
812 4392 972 4445 supra
1001 4375 1184 4436 vitam,
1219 4392 1281 4429 ac
1310 4392 1472 4445 supra
1498 4377 1775 4431 essentiam
1802 4380 2047 4436 exsistat.

2184 4380 2339 4449 ὑπὲρ
2376 4381 2621 4435 οὐσίαν.

575 4464 669 4519 llis
723 4466 907 4535 itaque
952 4475 1013 4520 ut
1056 4466 1403 4523 validissimis
1450 4478 1695 4532 utuntur,
1730 4469 1796 4522 ad
1848 4472 2081 4539 proban-

494 4554 652 4619 dum,
689 4554 929 4608 divinam
960 4555 1273 4621 essentiam,
1305 4556 1505 4612 nullius
1543 4572 1732 4612 eorum
1770 4574 1893 4629 quas
1927 4569 2078 4616 extra

503 4654 631 4700 sunt
651 4661 770 4701 esse
793 4646 1139 4716 ell‘ectricem,
1168 4648 1263 4704 sed
1286 4662 1653 4720 operationem
1679 4667 1775 4707 seu
1803 4654 2079 4716 virtutem,

498 4753 663 4808 quam
709 4750 987 4812 tantopere
1024 4744 1092 4798 ab
1131 4742 1365 4797 essentia
1417 4741 1672 4812 distingui
1720 4744 1986 4809 dixerunt,
2017 4744 2083 4798 il-

504 4832 662 4899 laque
694 4834 950 4889 inlinities
974 4834 1182 4890 inﬁnite
1210 4833 1523 4890 inferiorem
1552 4850 1697 4901 esse;
1722 4834 1861 4889 hanc
1894 4849 2084 4903 nempe

498 4925 705 4978 creatis
771 4928 1156 4996 propinquare,
1217 4943 1390 4997 eaque
1445 4926 1734 4982 incolumia
1800 4939 2078 4996 praestare,

504 5026 667 5082 atque
692 5014 760 5067 ad
789 5026 1097 5070 ereaturam
1153 5020 1379 5073 inferius
1437 5020 1729 5081 ventitare,
1763 5016 1989 5084 ejusque
2022 5020 2086 5072 il-

503 5104 610 5157 lam
664 5104 985 5172 participem
1017 5120 1158 5173 esse,
1187 5116 1242 5161 et
1267 5109 1628 5171 sanetiticare,
1661 5116 1715 5161 et
1759 5105 2085 5173 illuminare,

503 5208 559 5250 et
595 5195 848 5260 insidere,
878 5208 932 5251 et
962 5212 1057 5253 eos
1086 5200 1177 5267 qui
1223 5199 1368 5268 digni
1402 5199 1507 5254 sint
1538 5199 1812 5264 deiﬁcare,
1850 5200 2090 5268 proprie-

585 5380 630 5411 ⁸⁸
656 5378 700 5433 ll
754 5376 900 5433 Tim.
939 5390 1021 5441 ιιι,
1053 5376 1103 5431 7.
1181 5375 1224 5409 ³⁹
1248 5373 1293 5431 ll
1314 5375 1443 5432 Cor.
1468 5392 1553 5443 ιιι,
1582 5376 1639 5429 6.
1714 5376 1763 5409 ⁸ο
1785 5375 1963 5431 Galat.
2002 5391 2055 5441 v,
2086 5375 2140 5431 4.

581 5588 696 5654 (l5)
741 5585 845 5641 Ἔν
873 5586 1035 5655 νόμῳ
1056 5583 1387 5654 καυχᾶσθε.
1424 5583 1634 5653 Lapsus
1676 5584 1948 5655 memoria
1973 5581 2081 5655 (2ου

512 5657 615 5711 lcc.
649 5656 825 5711 Locus
858 5653 1004 5712 Pauli
1038 5659 1095 5711 ὲν
1119 5653 1267 5732 νόμῳ
1292 5654 1622 5711 δικαιοῦσθε.
1657 5654 1723 5709 In
1757 5654 1886 5723 Lege
1917 5653 2081 5720 justi-

2258 4471 2484 4534 Τούτοις
2532 4470 2628 4526 οὖν
2653 4471 2728 4534 ὡς
2761 4469 3137 4539 ίσχυροτάτοις
3183 4467 3424 4539 χρῶνται
3451 4465 3588 4537 πρὸς
3616 4466 3735 4518 ἀπό-

2187 4563 2354 4631 δειξιν
2384 4562 2478 4616 τοῦ
2506 4562 2588 4616 ὅτι
2611 4564 2644 4631 ἡ
2679 4562 2798 4614 θεία
2820 4560 2977 4614 οὐσία
2998 4560 3215 4622 οὐδενξς
3246 4556 3623 4626 ἀπεργαστικὴ
3643 4555 3734 4607 τῶν

2166 4655 2343 4715 ,ἐντός
2377 4653 2548 4715 ἐστιν,
2589 4650 2705 4704 ἀλλ’
2755 4653 2787 4720 ἠ
2820 4650 3094 4719 ἐνέργεια,
3129 4650 3195 4717 ἣν
3251 4649 3348 4699 ἐπὶ
3377 4646 3624 4698 τοσοῦτον
3650 4645 3735 4710 τῆς

2190 4744 2378 4808 οὐσίας
2404 4741 2684 4811 διαφέρειν
2717 4740 2947 4809 ἔφασαν,
2980 4748 3076 4793 καὶ
3114 4740 3282 4807 αὐτῆς
3325 4736 3574 4806 ὑφεῖσθαι
3603 4738 3736 4787 ἀπει-

2193 4837 2353 4906 ράκις
2380 4836 2646 4905 ἀπείρως,
2680 4832 3053 4901 προσπελάζει
3075 4833 3187 4894 τοῖς
3218 4830 3506 4899 κτίσμασι,
3532 4829 3620 4879 zeal
3645 4825 3734 4877 σώ-

2192 4927 2277 4990 ζει
2314 4926 2508 4991 ταῦτα,
2544 4927 2638 4981 καὶ⁵
2691 4926 2853 4995 φοιτᾷ
2888 4925 3037 4979 κάτω
3090 4923 3227 4993 πρὸς
3272 4922 3372 4991 τὴν
3434 4920 3624 4982 κτίσιν,
3658 4917 3735 4970 καὶ

2196 5018 2490 5088 μετέχεται
2525 5016 2616 5070 ὑπ’
2643 5016 2813 5085 αὐτῆς
2867 5017 2959 5068 καὶ
2991 5015 3211 5083 ἁγιάζει
3243 5015 3339 5066 καὶ
3397 5011 3616 5080 φωτίζει
3656 5008 3734 5061 καὶ

2194 5107 2427 5178 ὲνιδρύει
2465 5107 2559 5162 καὶ
2589 5105 2703 5160 θεοῖ
2737 5107 2865 5169 τοὺς
2895 5104 3099 5171 ἀξίους,
3132 5104 3227 5159 καὶ
3252 5103 3458 5174 κυρίως
3490 5100 3604 5152 ἐστὶ
3636 5098 3736 5150 θεό-

2197 5217 2294 5270 της
2318 5200 2411 5253 καὶ
2440 5197 2556 5271 ζωὴ
2583 5200 2679 5253 καὶ
2702 5197 2864 5268 σοφία
2895 5196 2989 5251 καὶ
3014 5196 3246 5266 δύναμις
3266 5209 3279 5225 '
3306 5193 3402 5247 καὶ
3428 5188 3730 5261 κληρονομία

2190 5580 2592 5707 ῧῖξῖἰιίἱτιὶ.αξὸ,
2655 5584 2713 5635 ἐν
2792 5581 2938 5651 νόμῳ
3006 5579 3314 5653 καυχᾶσθαι
3370 5576 3478 5631 alio
3529 5584 3733 5643 spectat.
