4056 6288
376 309 480 372 3.99

1372 317 1469 375 DE
1515 315 1886 376 ESSENTIA
1931 313 2024 371 ET
2060 312 2569 381 OPEIMTIONE.

3502 319 3610 383 390

375 421 518 484 τοὺς
543 461 558 484 ,
598 421 676 486 ὥς
706 437 896 492 φησιν
940 426 1223 492 Ἰωάννης
1256 429 1288 480 ό
1317 427 1471 491 θεῖος
1499 428 1733 493 Πατήρ;
1766 429 1846 478 Οὐ
1883 429 1945 477 τό

2052 439 2256 486 monas,
2278 441 2459 494 eosque
2477 428 2643 493 fugat,
2668 427 3098 495 quemadmodum
3118 430 3192 481 ait
3216 428 3420 481 divinus
3451 426 3612 485 Pater

372 513 478 565 τοῦ
511 515 736 580 Κυρίου
776 517 1002 581 Ἰησοῦ,
1031 518 1100 576 τὸ
1131 517 1200 569 ἐν
1226 518 1297 582 τῇ
1331 518 1540 585 μνήμῃ
1590 518 1776 570 αὑτοῦ
1805 515 1946 579 ἐξά-

371 621 525 656 acor
552 604 771 668 ἓνδον;
815 609 997 676 Ὀσμὴ
1029 609 1100 660 δὲ
1138 610 1458 677 Ὑψίστου,
1490 609 1632 662 ποία
1662 609 1852 675 ἑτέρα,
1894 609 1945 660 et

365 696 450 764 μὴ
491 699 675 765 θέρμη
697 699 804 753 τοῦ
837 701 1010 768 ἁγίου
1059 702 1429 769 Πνεύματος,
1473 702 1610 768 ἣτις
1664 702 1815 753 ποτὲ
1849 701 1944 754 καὶ

367 787 436 839 ἐκ
469 789 579 855 τῆς
618 791 792 856 ῥινὸς
839 792 1108 861 ἀρῤαήτως
1157 793 1497 862 ἐξέρχετίιι;
1558 795 1625 846 Ἀ
1656 793 1719 862 δὴ
1750 795 1806 844 ὲν
1835 796 1948 854 τοῖς

375 881 505 946 περὶ
535 882 708 944 φωτὸς
739 884 909 936 αὐτοῦ
940 885 1141 951 λόγοις,
1169 884 1261 946 οὒς
1286 885 1584 953 ἐπιγράφει
1618 884 1949 951 Προτέρσυς

376 972 472 1020 καὶ
525 973 873 1040 Δευτέροιτ,
911 976 1075 1042 φησὶν
1108 974 1330 1037 ὀὕτως’
1397 976 1458 1026 Ὃ
1502 974 1704 1042 μέντοι
1733 973 1856 1040 φῶς
1879 973 1949 1024 ἐν

375 1064 713 1117 ὑποστάσει
743 1067 892 1133 φησι
927 1067 1345 1136 πνευματικῶς
1376 1066 1548 1134 ὀρᾷν,
1591 1067 1664 1119 ἂν
1678 1067 1809 1134 μὲν,
1850 1066 1945 1126 καὶ

373 1153 456 1218 μὴ
493 1159 870 1222 συμϐολικόν
893 1171 908 1187 '
941 1159 1033 1211 del
1064 1158 1172 1226 γὰρ
1203 1159 1296 1226 ὒν,
1323 1158 1418 1210 καὶ
1447 1157 1514 1210 τὰ
1564 1157 1708 1225 ἑξῆς.
1751 1158 1830 1209 Τά
1884 1156 1947 1226 δὴ

374 1245 598 1297 τοιαῦτα
657 1249 713 1298 ἐν
773 1248 850 1315 τῷ
882 1247 1084 1317 πρώτῳ
1117 1248 1258 1317 λόγῳ
1308 1249 1646 1319 προείρηται,
1696 1250 1827 1302 ὅπου
1850 1249 1949 1318 τὴν

375 1339 486 1390 τῶν
521 1340 731 1410 ἀνδρῶν
751 1341 957 1394 τούτων
981 1342 1163 1396 πίστιν
1193 1343 1522 1410 ἐδείκνυμεν.

461 1603 583 1656 Ἐπὶ
615 1606 671 1658 δέ
716 1606 925 1669 τούτοις
967 1608 1325 1676 ἐλεγχόμενος
1379 1608 1485 1661 ὑπό
1518 1626 1703 1670 τινων,
1765 1609 1949 1676 σαφῶς

375 1695 475 1762 τὴν
516 1696 702 1749 οὐσίαν
741 1697 834 1749 τοῦ
893 1698 1024 1751 Θεοῦ
1085 1701 1288 1768 δρατὴν
1313 1701 1407 1751 καὶ
1442 1702 1716 1769 πνευστὴν
1771 1717 1946 1755 κατα-

2044 513 2277 569 Joannes
2306 516 2332 568 7
2361 515 2544 568 Nonne
2571 516 2778 570 Domini
2808 519 2936 571 Jesu
2980 521 3069 588 qui
3098 521 3244 573 intus
3275 521 3330 572 in
3364 521 3477 589 ejus
3507 539 3614 575 rne-

2048 607 2218 659 moria
2250 609 2556 660 accenditur
2581 609 2607 660 1
2639 607 2809 661 Porro
2862 609 3118 662 Altissimi
3167 611 3314 675 odor,
3366 611 3611 679 quisnam

2047 697 2212 752 alius.
2261 699 2361 750 nisi
2411 701 2584 766 [error
2613 697 2843 765 Spiritus
2887 700 3055 753 sancti
3112 703 3199 769 qui
3248 711 3292 754 et
3335 717 3424 770 per
3456 717 3609 756 nares

2045 789 2354 858 quandoque
2391 807 2589 844 arcana
2629 793 2832 844 ratione
2880 792 3108 858 procedit
3131 793 3156 844 .’
3186 790 3314 857 Qua:
3344 793 3526 861 utique
3554 792 3607 844 in

2047 880 2380 934 orationibus
2414 881 2528 934 suis
2573 881 2639 934 de
2672 881 2897 944 lumine,
2922 894 3057 948 quas
3115 879 3324 933 Priores
3351 891 3404 933 et
3432 891 3602 947 poste-

2049 973 2212 1023 riores
2278 981 2563 1039 prmnotat,
2650 974 2814 1042 inque
2874 973 3015 1026 hunc
3074 973 3289 1025 modum
3343 973 3609 1040 exponit:

2050 1061 2204 1114 Ilnuc
2249 1063 2496 1116 nimirum
2548 1067 2711 1134 ignem
2771 1066 2936 1130 ipsum
2971 1064 3025 1115 in
3075 1063 3344 1132 hypostasi
3378 1078 3440 1114 ac
3491 1063 3616 1114 sub-

2047 1155 2312 1206 sistentem
2364 1157 2670 1220 spiritaliter
2708 1172 2762 1209 se
2811 1157 2986 1209 ridere
3031 1156 3205 1220 aiunt,
3243 1153 3381 1224 quod
3407 1153 3614 1222 quidem

2047 1247 2400 1299 ersistentiam
2440 1247 2612 1311 habet,
2641 1256 2690 1299 et
2746 1263 2844 1300 non
2900 1247 3242 1316 sgmbolieum
3271 1257 3348 1298 est
3371 1260 3391 1308 ,'
3412 1261 3614 1312 semper

2049 1338 2182 1390 enim
2205 1339 2455 1391 exsistens
2490 1349 2586 1401 est,
2620 1349 2670 1391 et
2703 1355 2821 1406 qua:
2873 1349 3190 1408 sequuntur.
3236 1340 3366 1405 Quae
3426 1339 3611 1405 utique

2040 1427 2153 1492 jam
2184 1438 2307 1482 ante
2336 1429 2476 1482 dicta
2510 1441 2630 1482 sunt
2655 1430 2792 1483 libro
2837 1430 3026 1498 primo,
3069 1430 3159 1484 ubi
3213 1431 3401 1484 horum
3435 1428 3612 1484 homi-

2049 1509 2178 1576 nnni
2207 1523 2360 1574 fidem
2392 1521 2741 1575 ostendimus.

2123 1614 2257 1668 H'ne
2287 1625 2462 1668 autem
2519 1613 2865 1681 arguentibus
2901 1611 3241 1680 quibusdam,
3266 1611 3405 1679 quod
3436 1611 3612 1680 palam

2054 1707 2144 1760 Dei
2173 1691 2462 1761 essent-iam
2509 1706 2678 1759 oculis
2709 1704 3088 1772 aspectabilem
3121 1717 3359 1771 nareque
3408 1703 3616 1769 aspira-

375 1785 674 1848 σκευάζων,
703 1787 987 1855 ἐκφεύγων
1017 1789 1175 1858 δῆθεν
1207 1789 1266 1841 τὸ
1307 1791 1525 1853 ἄτοπον,
1561 1791 1766 1860 χείρονι
1792 1791 1946 1859 κακῷ

2051 1797 2212 1849 bilem
2263 1795 2577 1860 afﬁrmaret,
2637 1794 2890 1846 nimirum
2946 1801 3004 1844 ut
3051 1792 3336 1845 absurdum
3385 1794 3604 1853 vitaret,

373 1873 699 1941 Θεραπεὺειν
723 1875 783 1928 τὸ
816 1877 1139 1945 βλάσφημον
1189 1882 1515 1950 ἐπεχείρησε
1543 1897 1556 1910 ·
1623 1883 1718 1933 καὶ
1771 1882 1946 1951 τολμᾷ

370 1966 470 2032 τὴν
493 1966 818 2034 ὑπερούσιον
844 1967 1082 2038 ὓπαρξιν
1107 1971 1201 2023 τοῦ
1231 1973 1366 2024 Θεοῦ
1388 1974 1485 2041 τὴν
1511 1974 1946 2041 ὑπερηνωμένην

373 2053 535 2106 ἐνάδα
558 2056 815 2124 ἀθέσμως
844 2065 1206 2130 πραγματικῇ
1235 2062 1502 2130 διακρίσει
1531 2065 1610 2126 είς
1639 2064 1824 2116 οὐσίαν
1856 2065 1948 2117 καὶ

374 2144 676 2212 ἐνέργειαν,
714 2147 914 2215 μᾶλλον
940 2149 996 2202 δέ
1027 2153 1308 2218 ἐνεργείας
1336 2153 1644 2207 διελέσθαι·
1668 2155 1760 2207 καί
1783 2172 1949 2224 φησιν

375 2234 432 2286 ἐν
467 2245 573 2289 τινι
624 2238 734 2289 τῶν
783 2242 1090 2310 εἰρημένων
1129 2244 1322 2308 λόγων,
1371 2246 1452 2297 ὅτι
1489 2247 1666 2299 Τοῦτο
1700 2250 1766 2300 τὸ
1824 2248 1949 2316 φῶς

371 2331 552 2383 οὐσία
606 2331 726 2399 μὲν
774 2333 921 2387 Θεοῦ
957 2337 1069 2389 οὐκ
1118 2337 1281 2390 ἐστι·
1333 2337 1431 2391 καὶ
1485 2338 1598 2406 γὰρ
1638 2339 1947 2409 ἀνέπαφος

372 2420 597 2488 ἐκείνη.
635 2426 928 2494 Ἀγγελος
983 2429 1093 2481 οὐκ
1154 2429 1286 2481 ἔστι
1315 2447 1330 2461 ο
1375 2433 1779 2498 Δεσποτικοὺς
1837 2434 1946 2501 γὰρ

376 2515 542 2584 φέρει
573 2519 978 2588 χαρακτῆρας.
1001 2523 1110 2574 Καὶ
1140 2525 1323 2587 πάλιν,
1354 2525 1420 2577 Td
1447 2525 1572 2593 φῶς
1603 2528 1782 2580 τοῦτο
1815 2532 1947 2582 θεω-

369 2608 477 2673 ρία
504 2604 582 2675 ἦν
614 2611 687 2663 οὐ
722 2610 835 2675 τῆς
885 2613 1051 2676 θείας
1112 2615 1374 2681 φύσεως,
1408 2617 1568 2669 ἀλλὰ
1603 2618 1712 2682 τῆς
1765 2619 1950 2684 δόξης

377 2699 486 2763 ’τῆς
517 2702 756 2767 φύσεως
789 2703 998 2764 αὐτοῦ,
1034 2703 1116 2770 ἢν
1147 2707 1241 2758 καὶ
1277 2707 1459 2759 ἔδωκε
1507 2709 1631 2773 τοῖς
1658 2711 1951 2777 μαθηταῖς

381 2793 415 2842 ὁ
446 2793 677 2856 Κύριος,
713 2794 807 2844 καί
837 2794 910 2845 δι’
943 2795 1144 2846 αὐτῶν·
1198 2796 1350 2850 πᾶσι
1403 2797 1526 2861 τοῖς
1551 2799 1952 2851 πιστεύουσιν

384 2883 572 2948 αὐτῷ.
612 2886 722 2939 Καὶ
762 2889 876 2954 μετ’
923 2888 1100 2954 ὀλίγα,
1137 2890 1322 2942 Ὥστε
1368 2891 1464 2942 καὶ
1498 2892 1570 2960 τῇ
1607 2893 1951 2962 ἀνθρωπίνῃ

385 2977 570 3041 φύσει
597 2976 712 3041 τὴν·
738 2977 930 3040 δόξαν
953 2977 1138 3031 ἔδωκε
1155 2979 1265 3044 τῆς
1297 2983 1605 3046 Θεότητος.
1635 2984 1749 3050 τὴν
1763 2985 1953 3052 φύσιν

385 3068 440 3118 δ’
465 3067 537 3122 οὔ
559 3082 574 3096 ⁸
601 3067 756 3121 ἄλλο
779 3069 894 3134 ἄρα
922 3071 1108 3136 φύσις
1133 3070 1302 3133 θεοῦ,
1338 3073 1432 3124 καὶ
1464 3073 1501 3139 ἠ
1530 3073 1679 3136 δόξα
1727 3077 1950 3141 ταύτης

381 3159 608 3225 ἕτερον.
654 3159 816 3212 Ἀλλ’
852 3163 905 3214 ει
959 3161 1056 3213 καί
1106 3159 1214 3227 τῆς
1253 3163 1414 3227 θείας
1469 3165 1711 3232 φύσεως
1747 3167 1954 3234 ἔτερόν

381 3252 534 3311 ἐστι,
570 3249 692 3314 τοῖς
719 3249 899 3303 οὖσιν
947 3253 1060 3305 οὐκ
1113 3253 1191 3306 ἂν
1224 3254 1321 3319 εἴη
1349 3255 1707 3325 ἐναρίθμιος.
1742 3261 1847 3312 Καὶ
1873 3262 1951 3323 είς

384 3343 732 3409 παράστασιν
767 3341 874 3393 τῶν
902 3343 1160 3395 τοιούτων
1194 3345 1360 3396 αὐτοῦ
1390 3345 1585 3413 λόγων,
1614 3347 1692 3416 τῷ
1719 3349 1812 3400 ἐπὶ
1851 3350 1951 3418 τῆς

383 3431 478 3482 τοῦ
516 3433 720 3501 Κυρίου
753 3433 1231 3503 μεταμορφώσεως
1256 3436 1460 3505 χρῆται
1505 3441 1664 3504 φωτὶ,
1699 3439 1792 3490 καὶ
1823 3442 1953 3505 περὶ

382 3523 548 3576 αὑτοῦ
579 3523 670 3576 τοῦ
722 3524 900 3590 φωτὸς
946 3526 1014 3577 τὰ
1061 3527 1224 3594 ὅμοια
1278 3528 1533 3592 διέξεισιν
1561 3529 1618 3579 ἐν
1674 3529 1954 3600 διαφόροις

383 3613 564 3679 λόγοις
595 3613 762 3666 αὐτοῦ
785 3629 801 3644 ο
833 3607 876 3680 ᾧ
909 3615 942 3684 ή
971 3614 1191 3679 σύνοδος
1232 3616 1670 3684 ἀκολουθήσασα,
1703 3622 1800 3687 τὴν
1823 3637 1956 3689 προ-

361 3704 697 3757 ἐκτεθεῖσαν
745 3705 1043 3766 ἐϐεϐαίωσε
1095 3705 1304 3759 πίστιν.
1357 3706 1454 3759 Διὰ
1511 3707 1685 3759 ταῦτα
1739 3710 1954 3772 πολλοῖς

383 3795 751 3863 προσέκοψαν.
783 3794 1244 3864 συμποδισθέντες
1263 3798 1374 3858 τοῖς
1402 3797 1716 3866 εἰρημένοις
1736 3800 1950 3862 αἰτίοις,

383 3885 473 3935 καὶ
518 3884 752 3952 μάλιστα
773 3886 839 3954 τῇ
873 3885 1024 3954 παρὰ
1075 3885 1173 3956 τὴν
1197 3886 1519 3955 ὁμωνυμίαν
1549 3887 1764 3958 ἀπάτῃ·
1799 3890 1864 3942 δι’
1887 3891 1954 3958 ἢν

381 3975 442 4025 οὗ
483 3974 643 4043 μόνον
671 3974 730 4026 τὸ
755 3975 853 4044 τῆς
880 3975 1162 4043 ἐνεργείας
1211 3975 1383 4045 ὄνομα
1436 3978 1728 4046 ὁμώνυμον
1769 3978 1846 4044 ὃν,
1879 3980 1954 4043 ὡς

379 4066 664 4130 δέδεικται,
699 4069 1062 4137 παρενόησαν,
1099 4067 1319 4130 ἑκόντες
1360 4069 1587 4132 ἑαυτοὺς
1629 4073 1953 4142 ἀποτυφλώ-

382 4174 574 4220 cavsa;
638 4157 774 4228 πρὸς
829 4157 1072 4226 φανερὰν
1131 4157 1413 4227 ἀλήθειαν,
1469 4159 1604 4212 ἀλλὰ
1637 4162 1731 4214 καὶ
1759 4163 1818 4215 τὸ
1854 4165 1954 4232 τῆς

382 4249 664 4317 δυνάμεως
691 4249 784 4310 καὶ
810 4247 1150 4318 ἀγαθότητος
1177 4248 1272 4301 καὶ
1301 4248 1446 4318 ζωῆς
1472 4250 1568 4304 καὶ
1604 4253 1821 4320 σοφίας,
1857 4257 1953 4308 καὶ

381 4339 663 4402 αὐτοζωῆς
691 4339 783 4392 καὶ
821 4339 1173 4407 αὐτοσοφίας,
1201 4337 1297 4392 καὶ
1347 4341 1602 4410 προνοίας
1639 4343 1734 4394 καὶ
1757 4344 1954 4414 βουλή-

385 4445 518 4490 σεως
540 4441 554 4456 ⁸
591 4428 650 4491 ἐξ
677 4421 737 4480 οἶ)
758 4427 1008 4496 καθάπερ
1030 4429 1088 4478 ἐν
1115 4429 1291 4497 σκότῳ
1325 4429 1420 4480 καὶ
1474 4430 1733 4500 συγχύσει
1783 4433 1952 4502 μηδὲν

380 4521 776 4590 διακρίναντες,
825 4518 968 4572 κατὰ
1015 4519 1115 4587 τῆς
1170 4518 1356 4588 κοινῆς
1414 4520 1654 4585 πίστεως
1704 4526 1797 4576 καὶ
1827 4525 1948 4578 καθ’

383 4609 591 4686 ἑαυτῶν
631 4608 940 4678 ἐχώρησαν,
970 4606 1254 4676 βαράθρων
1283 4606 1408 4674 ἄξια
1440 4611 1908 4678 συμπεράναντες.

2051 1889 2229 1958 pejore
2263 1890 2405 1940 malo
2463 1887 2846 1956 blasphemiam
2891 1884 3059 1938 lenire
3105 1892 3328 1938 conatus
3349 1895 3459 1948 est;
3518 1899 3613 1936 au-

2052 1984 2245 2049 detque
2275 1981 2508 2035 essentia
2545 1981 2689 2033 omni
2722 1981 3054 2048 superiorem
3105 1974 3198 2029 Dei
3243 1975 3614 2029 cxsistentiam

2050 2087 2110 2124 ac
2157 2086 2481 2140 supraquam
2511 2071 2714 2123 unitam
2740 2070 3024 2134 unitatem,
3049 2071 3278 2124 sceleste
3331 2069 3458 2122 reali
3510 2069 3619 2121 dis-

2051 2165 2306 2217 tinctione
2348 2164 2397 2214 in
2423 2161 2712 2215 essentiam
2735 2171 2784 2215 et
2835 2161 3228 2227 operationem.
3290 2174 3382 2214 seu
3440 2160 3616 2226 potius

2047 2252 2409 2322 operationes,
2453 2251 2716 2313 dividere,
2787 2251 2971 2318 aitque
3003 2251 3056 2301 in
3087 2249 3315 2318 quadam
3349 2249 3616 2302 dictarum

2047 2346 2364 2398 Orationum
2393 2384 2408 2408 ,
2467 2342 2642 2395 lumen
2679 2343 2775 2395 hoc
2811 2358 2912 2395 non
2951 2340 3044 2392 Dei
3099 2344 3306 2407 quidem
3339 2342 3616 2393 essentiam

2046 2453 2197 2500 esse;
2260 2452 2379 2489 nam
2413 2435 2504 2487 illa
2529 2453 2626 2487 non
2667 2443 2830 2516 potest
2862 2435 3008 2501 tangi
3033 2450 3051 2497 ;
3080 2433 3320 2500 angelum
3353 2417 3451 2485 non
3485 2449 3617 2504 esse,

2047 2530 2235 2595 quippe
2260 2544 2374 2580 cum
2412 2527 2709 2580 Dominicos
2741 2527 2877 2594 ferat
2902 2527 3250 2578 characteres.
3279 2525 3352 2577 Ac
3385 2539 3572 2576 rursus
3599 2545 3614 2578 ι

2051 2617 2245 2670 Lumen
2277 2618 2372 2668 hoc
2404 2617 2530 2667 cisio
2556 2626 2689 2677 erat,
2731 2633 2830 2668 non
2881 2616 3075 2668 divina:
3129 2625 3352 2676 naturte,
3381 2617 3468 2668 sed
3509 2614 3618 2665 cla-

2051 2709 2227 2759 ritatis
2257 2723 2343 2758 seu
2379 2707 2662 2762 maiestatis
2697 2719 2900 2759 naturas
2927 2707 3039 2774 ejus
3089 2724 3246 2772 quam
3276 2714 3325 2758 et
3352 2707 3619 2769 discipulis

2059 2797 2310 2849 Dominus
2361 2797 2599 2857 tradidit.
2633 2812 2678 2850 et
2705 2813 2797 2863 per
2842 2801 3153 2862 eos,cuncti
3195 2800 3306 2865 ejus
3347 2799 3611 2865 ﬁdelibus.

2054 2888 2352 2956 Paucis-que
2410 2889 2739 2954 interiectis:
2778 2888 3124 2952 Quamobrem
3175 2891 3334 2942 etiam
3382 2889 3623 2941 Itunmnte

2054 2988 2258 3034 natm-te
2281 2980 2573 3032 claritatem
2616 2979 2762 3032 dedit
2812 2979 3052 3034 Deitatis.
3082 2996 3182 3033 non
3234 2990 3407 3032 tamen
3461 2989 3618 3031 natu-

2053 3086 2188 3122 ram.
2230 3069 2390 3122 Aliud
2423 3085 2544 3140 ergo
2569 3080 2643 3122 est
2677 3069 2769 3121 Dei
2821 3080 3036 3128 natura,
3063 3069 3307 3138 aliudque
3347 3068 3458 3138 ejus
3506 3069 3620 3120 Cla-

2055 3163 2208 3215 ritas.
2253 3161 2508 3215 Cteterum
2565 3162 2800 3229 quamvis
2856 3161 3004 3213 aliud
3033 3160 3098 3213 sit
3130 3177 3161 3213 a
3193 3160 3368 3212 dit-ina
3403 3169 3614 3223 natura,

2053 3253 2196 3306 haud
2237 3264 2408 3307 tamen
2467 3254 2617 3307 rebus
2661 3253 3030 3305 conuumerari
3059 3252 3316 3304 debuerit.
3349 3254 3524 3318 Atque
3560 3261 3619 3302 ut

2052 3346 2314 3413 ejusmodi
2377 3346 2718 3400 sermonibus
2775 3346 2885 3395 suis
2945 3343 3103 3396 [idem
3164 3351 3395 3403 astruat,
3452 3342 3619 3392 utitur

2055 3436 2256 3490 lumine
2309 3435 2450 3503 quod
2511 3435 2564 3486 in
2617 3433 2825 3486 Domini
2876 3432 3351 3486 translermatione
3397 3430 3620 3492 emilsit,

2053 3533 2348 3596 eademque
2375 3527 2441 3579 de
2474 3526 2565 3579 illo
2597 3525 2798 3577 lumine
2832 3523 3051 3576 disserit
3110 3525 3159 3575 in
3215 3522 3445 3574 diversis
3494 3538 3621 3574 sna-

2058 3635 2172 3673 rum
2206 3618 2505 3670 orationum
2531 3615 2694 3678 locis;
2725 3615 2872 3681 cujus
2907 3613 3148 3682 vestigiis
3187 3613 3458 3665 inluerens
3490 3630 3620 3684 syn-

2055 3710 2211 3772 odus,
2275 3722 2433 3775 quam
2466 3705 2712 3774 superius
2735 3705 3106 3771 exposuimus.
3149 3705 3305 3758 [idem
3331 3707 3620 3757 continua-

2057 3810 2203 3854 runt.
2257 3798 2460 3851 ldcirco
2514 3794 2694 3848 multis
2764 3794 3127 3860 oﬂ'emlerunt,
3182 3810 3275 3864 per
3317 3811 3430 3856 eas,
3490 3811 3623 3863 quas

2057 3892 2188 3957 dixi,
2218 3902 2415 3944 causas
2439 3888 2488 3940 in
2530 3899 2769 3940 errorem
2837 3884 3092 3953 impulsi;
3147 3886 3442 3954 praesertim
3499 3901 3624 3939 vero

2057 3997 2151 4050 per
2173 3995 2360 4034 vocum
2393 3975 2812 4046 homonymiam,
2841 3976 3109 4045 aliamque
3143 3991 3204 4030 ac
3238 3975 3396 4028 aliam
3430 3989 3614 4028 earum

2053 4070 2445 4137 acceptionem,
2473 4082 2538 4121 ex
2565 4081 2669 4136 qua
2702 4065 2902 4119 factum
2951 4075 3033 4118 est
3067 4073 3123 4119 ut
3180 4065 3378 4119 nedum
3431 4080 3625 4133 opera-

2056 4162 2215 4216 tionis
2246 4175 2462 4226 nomen;
2498 4158 2642 4229 quod
2678 4158 2795 4224 ejus
2829 4157 3046 4227 generis
3078 4164 3162 4212 est
3199 4171 3262 4211 ac
3316 4155 3626 4226 ὁμώνυμον,

2053 4260 2113 4306 ut
2173 4260 2452 4306 ostensum
2509 4258 2613 4310 est,
2648 4249 2786 4302 male
2839 4247 3226 4310 intellexerint,
3271 4247 3370 4314 ipsi
3421 4246 3627 4314 seipsos

2053 4350 2262 4409 sponte,
2307 4340 2374 4393 ad
2444 4340 2646 4392 claram
2691 4337 2974 4391 veritatem
3025 4347 3378 4398 excitantes.
3429 4337 3520 4389 sed
3573 4347 3628 4388 et

2054 4432 2268 4486 virtutis
2303 4445 2394 4484 seu
2445 4429 2717 4500 potentia,
2755 4439 2811 4482 et
2840 4429 3098 4484 bonitatis
3129 4437 3183 4481 et
3229 4428 3352 4483 vitae
3388 4436 3442 4480 et
3487 4427 3631 4494 sapi-

2055 4525 2233 4582 entiae.
2265 4531 2318 4575 et
2344 4537 2439 4590 per
2491 4535 2549 4574 se
2599 4521 2722 4572 vita!
2759 4528 2811 4572 et
2867 4519 3164 4587 sapientius,
3199 4527 3246 4571 et
3280 4518 3630 4587 providen'ire

1987 4646 1990 4650 ~
2055 4624 2110 4668 et
2145 4614 2438 4667 voluntatis
2474 4629 2487 4664 :
2532 4626 2595 4665 ac
2637 4611 2759 4664 inde
2787 4611 2928 4662 velut
2963 4609 3014 4662 in
3076 4607 3309 4660 tenebris
3337 4623 3398 4660 ac
3445 4607 3632 4659 confu-

380 4704 532 4754 sione
607 4701 740 4754 nihil
821 4700 1214 4764 discernentes,
1269 4701 1530 4756 adversus
1593 4717 1933 4759 communem
1975 4707 2169 4772 ﬁdem,
2222 4706 2432 4777 ipsique
2485 4707 2746 4758 adversus
2818 4701 3026 4770 seipsos
3060 4697 3445 4768 processelilll.
3513 4713 3631 4766 qua:

382 4795 538 4860 digna
569 4793 824 4848 barathro
857 4793 984 4857 sint,
1015 4792 1424 4847 coneludentes.

456 4891 624 4957 Δῆλον
651 4888 709 4942 δέ
736 4888 964 4957 (ῥητέον
991 4887 1100 4956 γὰρ
1129 4889 1283 4958 ὀλίγα
1315 4892 1846 4962 προχειρισαμένοις,
1871 4896 1951 4957 είς

383 4985 722 5050 παράστασιν
759 4981 856 5048 τῆς
890 4979 996 5031 τῶν
1053 4979 1346 5048 ’Δρειανῶν
1389 4983 1598 5035 τούτων
1629 4990 1953 5055 παραφορᾶς

386 5077 477 5126 καὶ
503 5069 970 5140 παρεξηγήσεως)
993 5083 1007 5100 ο
1042 5067 1211 5135 φησὶν
1233 5070 1260 5120 ὁ
1312 5067 1466 5136 ἅγιος
1500 5071 1752 5139 Μάξιμος
1782 5075 1841 5125 ὲν
1874 5072 1952 5126 κε’

382 5167 478 5236 τῆς
499 5165 683 5236 τρίτης
708 5162 818 5214 τῶν
846 5177 911 5211 πε
923 5161 972 5229 pl
990 5159 1793 5226 ’ΔγάπηςἙκατοντάδος,“οτι
1818 5164 1953 5217 τέσ-

382 5273 539 5323 σαρα
560 5254 678 5308 τῶν
696 5254 868 5308 θείων
887 5249 1232 5318 ἰδιωμάτων,
1249 5239 1574 5304 συνεκτικᾶ
1586 5254 1680 5306 καὶ
1698 5271 1956 5322 sep-omn-

381 5349 514 5402 τικὰ
541 5344 648 5400 καὶ
669 5340 995 5398 mamma
1039 5339 1150 5392 τῶν
1174 5340 1386 5404 ὄντων,
1418 5341 1493 5393 δι’
1525 5342 1716 5409 ἄκραν
1736 5346 1948 5412 ἀγαθό-

382 5455 529 5505 τητα
544 5423 1002 5498 ἐκοινοποιησεν
1025 5436 1057 5486 ό
1083 5432 1249 5497 Θεὸς,
1277 5432 1557 5500 παράγων
1580 5436 1664 5498 εἰς
1694 5435 1761 5487 τὸ
1794 5430 1948 5487 εἶναι

381 5529 496 5596 τὴν
513 5525 766 5595 λογικὴν
794 5524 891 5576 καὶ
914 5523 1128 5592 γοερὰν
1143 5525 1365 5577 οὐσίαν
1383 5539 1396 5553 ο
1421 5525 1486 5576 τὸ
1516 5524 1609 5589 ὃν,
1634 5525 1699 5577 τὸ
1731 5525 1819 5579 del
1851 5525 1942 5588 ὃν,

381 5619 496 5683 τὴν
524 5617 875 5684 ἀγαθότητα
905 5614 1001 5666 καὶ
1031 5613 1146 5680 τὴν
1166 5613 1417 5680 σοφίαν.
1473 5614 1706 5666 Τούτων
1731 5615 1802 5667 τὰ
1827 5614 1944 5682 μὲν

383 5714 493 5768 δύο
527 5711 599 5779 τῇ
642 5710 818 5774 οὐσίῃ
851 5703 1150 5773 παρέσχε,
1187 5703 1250 5757 τὸ
1281 5704 1354 5758 ὂν
1380 5706 1474 5759 καὶ
1511 5705 1574 5759 τὸ
1608 5705 1694 5759 ἀεὶ
1728 5705 1799 5760 ὅ).
1822 5723 1835 5736 .
1882 5707 1954 5761 τὰ

2130 4892 2205 4942 Ac
2263 4887 2431 4954 liquet
2500 4880 2810 4950 (dicendum
2861 4879 3006 4933 enim
3053 4892 3247 4948 pauca,
3296 4887 3352 4932 ut
3415 4877 3631 4935 Arionis

2064 4983 2274 5038 afﬁnem
2326 4981 2518 5033 horum
2575 4989 2811 5029 errorem
2863 4987 3193 5043 pravumque
3246 4975 3631 5043 expositionem

2060 5068 2391 5139 probemus).
2426 5067 2512 5118 Ait
2559 5077 2779 5118 sanctus
2842 5063 3112 5118 Maximus
3152 5066 3328 5132 capite
3351 5079 3454 5119 sin
3491 5064 3630 5119 terti

2058 5159 2366 5218 Centenarii
2400 5155 2765 5211 de'cbaritale
2803 5172 2816 5208 :
2851 5155 3098 5221 Quatuor
3155 5157 3363 5210 divinas
3396 5157 3632 5225 proprie-

2060 5263 2217 5314 tates,
2251 5267 2476 5316 quarum
2511 5249 2579 5301 sit
2612 5249 2816 5301 virtutis
2865 5259 2918 5299 ut
2956 5265 3034 5301 res
3080 5251 3398 5310 contineant,
3429 5257 3476 5299 et
3521 5258 3635 5299 tue—

2060 5355 2220 5398 antur
2277 5351 2622 5411 praestemque
2679 5339 2982 5398 iucolumcs.
3020 5341 3080 5391 ob
3135 5354 3392 5392 summam
3423 5338 3630 5392 bonita-

2058 5447 2159 5488 tem
2195 5433 2332 5486 Dens
2362 5447 2654 5484 communes
2685 5430 2845 5499 fecit,’
2887 5431 3137 5494 producta
3167 5431 3218 5478 in
3255 5443 3425 5477 rerum
3469 5439 3627 5479 natu-

2057 5541 2171 5579 ram
2233 5523 2530 5577 substantia
2588 5521 2805 5573 rationis
2859 5517 3114 5585 participe
3153 5532 3214 5567 ac
3268 5515 3632 5584 intelligente;

2057 5632 2241 5688 nempe
2277 5629 2337 5669 eo
2368 5615 2502 5685 quod
2526 5624 2620 5676 est,
2645 5623 2696 5666 et
2724 5611 2863 5679 quod
2896 5621 3095 5671 semper
3117 5615 3212 5666 est,
3262 5607 3485 5675 itemque
3535 5608 3630 5660 bo—

2060 5712 2226 5766 nitate
2257 5719 2303 5764 ct
2336 5706 2615 5774 sapientia.
2665 5703 2865 5757 Harum
2904 5698 3035 5748 duas
3067 5696 3370 5750 substau'ia'
3420 5701 3634 5759 tributi.
