4056 6288
469 398 575 464 427

1720 396 2113 457 MANUELIS
2152 396 2453 458 CALEC/E

3646 396 3775 460 L28

467 523 594 571 aunt
632 525 794 565 unum
834 526 846 562 :
891 520 1135 579 superest
1177 525 1326 581 ergo,
1359 521 1415 565 nt
1449 525 1610 565 unum
1647 522 1916 580 competat
1949 527 2033 565 ra-

2141 514 2236 584 τὴν
2261 515 2449 567 οὐσίαν
2470 508 2628 567 εἶναι.
2653 512 2716 565 Εἰ
2743 510 2867 579 γοῦν
2895 512 2983 564 καὶ
3008 513 3066 565 τὸ
3090 510 3394 580 κατάὑιεὴν
3412 512 3779 581 τὴνοὶσίαν

472 607 617 659 tione
644 602 911 656 essentim.
941 601 1219 677 Siquidem
1281 603 1437 673 igitur
1473 601 1599 656 illud
1629 602 1801 670 ipsum
1844 618 2031 667 unum,

469 696 612 765 quod
646 710 809 764 penes
838 696 1129 749 essentiam
1182 705 1263 749 est
1286 734 1301 759 ,
1332 696 1384 749 in
1418 704 1525 749 tam
1568 695 1735 748 multa
1772 695 1893 764 quis
1923 694 2036 749 dis-

471 789 670 843 similia
698 787 923 849 dividat,
966 786 1120 856 juxta
1152 801 1247 841 eas
1274 802 1393 855 quae
1439 785 1597 839 dicta:
1624 793 1751 840 sunt
1806 786 2033 839 istorum

469 880 743 933 hominum
811 879 1156 940 antitheses,
1218 892 1381 930 unum
1453 877 1505 929 in
1568 875 1679 929 Deo
1742 876 2032 931 indivisum

468 983 734 1037 nusquam
759 967 1061 1022 occurrerit
1085 984 1099 1031 ;
1130 966 1276 1035 quod
1306 980 1433 1019 vero
1460 965 1528 1019 sit
1552 964 1867 1025 indivisum.
1889 980 2035 1019 com-

468 1057 647 1111 animis
685 1055 820 1111 ﬁdes
846 1067 1272 1125 sanctorumque
1301 1056 1573 1126 proposita
1608 1055 1851 1111 doctrina
1876 1056 2034 1111 ﬁdem

464 1148 615 1203 facit.

535 1240 673 1295 Cum
708 1239 856 1307 plura
891 1254 1106 1307 quoque
1156 1239 1259 1294 alia
1305 1239 1424 1308 ejus
1458 1242 1672 1309 generis
1720 1256 1787 1295 ex
1848 1249 2034 1309 aperta

466 1346 705 1400 veraque
758 1340 1075 1385 sanctorum
1145 1332 1423 1386 doctorum
1506 1331 1773 1401 theologia
1842 1331 2035 1386 all'erre

466 1422 677 1486 liceret,
723 1423 918 1491 partim
962 1423 1028 1476 ad
1058 1437 1246 1476 eorum
1283 1424 1686 1491 corruptionem
1736 1438 2035 1492 reprzesen-

466 1518 707 1581 tendam,
732 1530 834 1583 qua
868 1516 946 1568 sic
972 1514 1147 1585 palam
1192 1517 1526 1584 scripserunt
1560 1530 1623 1569 ac
1667 1513 1826 1568 ﬁdem
1851 1514 2037 1568 edide-

465 1617 613 1672 runt,
640 1608 833 1676 partim
880 1608 948 1662 ad
992 1608 1233 1676 ipsorum
1262 1606 1587 1661 confutantla
1618 1606 1894 1660 mendacia
1924 1643 1939 1670 ,
1973 1618 2037 1657 ac

465 1697 882 1760 ostendendum,
926 1697 1093 1750 multa
1129 1708 1438 1751 sanctorum
1477 1698 1615 1751 dicta
1648 1697 1826 1751 alieno
1861 1710 1887 1747 a
1942 1710 2035 1747 ra-

470 1788 617 1840 tione
669 1802 801 1842 ausu
851 1787 1130 1856 animique
1174 1788 1443 1855 pravitate
1494 1786 1546 1839 in
1584 1787 1783 1840 malum
1812 1800 2032 1840 sensum

471 1879 721 1943 traxisse,
775 1891 873 1933 nec
904 1888 961 1931 ut
987 1893 1224 1934 consone
1257 1878 1453 1934 divinis
1496 1879 1791 1948 Scriptnris
1846 1880 2032 1940 loque-
2066 1848 2107 1903 Β

468 1980 680 2036 rentur,
723 1971 807 2025 vel
838 1971 1117 2025 minimum
1143 1985 1367 2026 curasse
1399 1988 1413 2023 :
1444 1971 1495 2025 in
1529 1986 1687 2039 quam
1717 1969 1881 2024 multa
1910 1970 2034 2023 item

468 2063 699 2118 absurda
749 2061 1054 2130 praecipites
1112 2059 1375 2123 ferantur.
1424 2074 1488 2113 ac
1541 2068 1746 2128 quanta
1799 2059 1867 2113 de
1925 2057 2036 2112 Deo

467 2153 745 2222 explorata
778 2166 873 2220 per
908 2165 1001 2204 eos
1030 2148 1240 2204 sublata
1278 2156 1427 2212 sunt,
1454 2164 1779 2218 omnemque
1817 2160 2036 2203 sancto-

467 2260 590 2299 rum
625 2242 950 2311 theologiam
986 2240 1177 2306 dilabi,
1213 2241 1259 2293 si
1290 2242 1451 2294 modo
1474 2240 1733 2308 synodica
1769 2240 1886 2295 haec
1916 2254 2038 2293 sen-

472 2335 638 2389 tentia
665 2331 832 2407 robqr
858 2331 1093 2395 habeat;
1125 2329 1357 2384 ulterius
1390 2330 1646 2399 prosequi
1684 2330 2035 2399 supersedeo,

470 2426 575 2481 hoc
603 2436 804 2478 cavens
841 2434 909 2476 ne
938 2420 1248 2490 prolixitate
1297 2422 1457 2475 taedio
1499 2421 1754 2476 lectorem
1786 2420 2033 2475 alﬁciam.

469 2514 755 2571 Snlliciunt
804 2514 947 2569 enim
985 2527 1046 2568 ea
1070 2552 1086 2578 ,
1123 2526 1232 2582 qua
1273 2513 1417 2567 dicta
1464 2524 1632 2578 sunt,
1659 2514 1778 2581 his,
1804 2529 2036 2584 quorum

472 2624 578 2665 non
603 2616 804 2664 caecata
836 2605 1061 2662 omnino
1096 2616 1224 2662 sunt
1270 2607 1437 2661 animi
1480 2607 1683 2661 lumina
1704 2648 1720 2674 ,
1752 2612 1818 2663 ad
1850 2618 2040 2663 osten-

473 2701 735 2767 dendum,
769 2714 884 2763 eos.
911 2699 1004 2769 qui
1037 2708 1244 2754 asserta
1287 2699 1339 2753 in
1374 2697 1540 2754 Tomo
1571 2685 1636 2754 de
1659 2698 1765 2754 ﬁde
1798 2711 2037 2765 teneant,

473 2796 633 2850 Iidem
666 2788 935 2857 conﬁteri,
959 2805 1123 2861 quam
1165 2806 1271 2845 non
1297 2798 1570 2845 noverunt
1601 2789 1788 2845 Patres
1822 2790 1993 2844 nostri
2021 2830 2036 2855 ,

475 2888 707 2943 alienam
735 2886 947 2942 scilicet
974 2886 1041 2939 ab
1070 2899 1155 2945 ea,
1190 2898 1311 2953 qua:
1341 2898 1368 2937 a
1399 2884 1601 2939 sanctis
1635 2884 1921 2949 przedicata
1954 2891 2040 2936 est

471 2982 527 3033 in
560 2979 829 3032 catholica
870 2988 924 3031 et
960 2976 1254 3043 apostolica
1302 2974 1503 3029 Christi
1540 2974 1781 3030 Ecclesia
1816 2993 1830 3028 :
1871 2974 2041 3043 quod-

473 3084 581 3139 que
599 3083 627 3120 a
651 3068 917 3135 principio
944 3064 1215 3129 dicebam,
1241 3080 1361 3119 cum
1381 3066 1578 3133 duplex
1603 3066 1654 3119 in
1677 3067 1777 3119 hac
1798 3064 2038 3119 Ecclesia

442 3153 746 3209 exstiterit
783 3150 1048 3222 synodus,
1086 3152 1396 3221 duplexque
1432 3168 1495 3207 ac
1529 3155 1802 3207 contraria
1834 3154 2037 3223 prolata
2066 3180 2107 3237 ο

473 3244 744 3302 sententia
772 3242 864 3309 sit,
895 3243 1039 3312 quod
1065 3243 1261 3298 attinet
1290 3245 1355 3297 ad
1390 3246 1741 3313 quaestionem
1761 3248 1825 3299 de
1855 3246 2039 3300 divina

472 3338 710 3395 essentia
745 3345 801 3391 et
823 3336 1135 3405 operatione
1156 3338 1186 3401 ,‘
1222 3338 1629 3406 obscurumque
1658 3337 1823 3391 videri
1865 3339 2041 3407 possit

474 3436 596 3480 utra
642 3425 833 3480 harum
887 3424 1287 3479 sententiarum
1325 3425 1605 3480 veritatem
1653 3428 1905 3483 comitem
1937 3428 2037 3483 ba-

471 3517 599 3573 beat
617 3517 766 3589 (sunt
788 3519 935 3573 enim
960 3518 1104 3572 inter
1130 3532 1189 3572 se
1210 3518 1544 3586 conuariat),
1568 3530 1774 3575 certum
1794 3522 2035 3589 omnino,

472 3626 535 3665 ex
570 3610 637 3665 iis
665 3625 783 3681 quae
811 3610 954 3666 dicta
977 3620 1122 3677 sunt,
1165 3611 1618 3683 exploratumque
1643 3623 1749 3682 est,
1779 3630 1897 3672 eam
1921 3632 2040 3687 quae

476 3718 619 3760 nunc
665 3704 842 3774 viget,
885 3707 1165 3761 mendacio
1200 3704 1381 3762 fulciri
1417 3721 1482 3761 ac
1523 3708 1913 3778 blasphemiam
1945 3713 2041 3766 ha-

471 3795 621 3853 bere.
677 3795 912 3852 Proinde
959 3813 1082 3867 qua:
1133 3798 1247 3853 base
1270 3800 1467 3856 astruit
1514 3800 1881 3871 praedicatque
1931 3801 2039 3856 Ec-

473 3889 663 3952 clesia.
694 3890 797 3945 hoc
826 3892 1048 3954 amisit,
1098 3899 1158 3945 ut
1197 3902 1384 3947 sancta
1431 3893 1701 3949 catholica
1739 3906 1794 3950 et
1826 3907 2041 3965 aposto-

472 3980 574 4033 lica
603 3989 786 4045 esset,
840 3982 909 4036 de
952 3995 1061 4049 qua
1105 3982 1349 4049 quotidie
1388 3982 1756 4049 conﬁtemur;
1794 4002 2041 4054 quaeren-

470 4070 710 4140 dumque
741 4071 965 4125 ubinam
1022 4081 1288 4126 terrarum
1343 4071 1432 4127 illa
1479 4073 1570 4138 sit,
1603 4078 2038 4146 quandoquidem
2085 4086 2091 4097 ‘

472 4166 588 4221 ﬁeri
639 4180 743 4219 non
790 4174 968 4234 potest
1004 4174 1063 4220 ut
1112 4164 1354 4222 Ecclesia
1401 4165 1603 4224 Christi
1652 4168 1884 4224 deﬁciat.
1928 4173 2039 4226 Ad-

472 4273 663 4313 versus
695 4262 839 4312 enim
878 4273 1020 4323 eam,
1048 4273 1168 4328 qua:
1204 4256 1342 4313 falsa
1374 4274 1521 4316 nunc
1548 4260 1693 4315 circa
1722 4262 1877 4316 Iidem
1918 4278 2041 4333 pro-

474 4350 677 4415 ﬁtetur,
710 4349 787 4403 uti
812 4350 961 4419 prius
1002 4363 1113 4401 non
1150 4363 1295 4415 raro,
1328 4361 1475 4403 nunc
1515 4362 1731 4419 quoque
1756 4359 1927 4419 portae
1953 4350 2039 4404 in-

473 4442 574 4501 feri
612 4443 844 4513 turpiter
872 4441 1295 4513 praevaluerunt.

2138 606 2195 658 ἓν
2225 609 2302 669 είς
2339 604 2575 661 τοσαῦτα
2625 605 2788 659 διέλοι
2835 624 2917 669 τις
2964 607 3217 674 ἀνόμοια,
3251 603 3391 658 κατὰ
3420 606 3514 666 τὰς
3549 605 3768 671 εἰρη-

2140 705 2307 773 μένας
2326 701 2434 756 τῶν
2461 701 2672 771 ἀνδρῶν
2703 702 2907 755 τούτων
2931 701 3252 766 ἀντιθέσεις,
3287 700 3345 752 τὸ
3368 701 3425 752 ἓν
3449 700 3539 751 ἐπὶ
3581 699 3768 750 Θεοῦ

2137 797 2444 865 ἀδιαίρετον
2468 796 2568 849 οὐκ
2624 795 2771 849 ἐστιν
2807 796 3009 865 εὑρεῖν.
3051 792 3175 847 Ὀτι
3206 790 3262 845 δὲ
3309 792 3681 858 ἀδιαίρετον,
3723 793 3765 860 ἡ

2136 886 2289 957 κοινὴ
2318 889 2499 951 πίστις
2529 886 2623 942 καὶ
2643 886 3023 958 η’προτεθεῖσα
3052 885 3160 939 τῶν
3183 883 3355 952 ἁγίων
3385 881 3765 936 διδασκαλία

2140 982 2427 1055 μαρτυρεῖ.

2212 1226 2395 1295 Ἔχων
2420 1224 2522 1292 μὲν
2547 1219 2640 1276 οῦν
2672 1224 2766 1276 καὶ
2794 1222 2928 1277 ἄλλα
2961 1222 3131 1275 πολλὰ
3150 1219 3394 1282 τοιαῦτα,
3423 1218 3591 1273 τοῦτο
3625 1219 3757 1289 μὲν

2137 1320 2215 1381 είς
2248 1317 2592 1387 παράστασιν
2618 1316 2717 1385 τῆς
2764 1315 3060 1384 διαφθορᾶς
3108 1313 3215 1366 τῶν
3266 1311 3503 1381 ἀνδρῶν,
3538 1313 3610 1376 ἐξ
3656 1308 3751 1366 ὧν

2137 1411 2449 1482 ἀνέγραψαν
2503 1411 2596 1463 καὶ
2626 1410 2958 1462 ἐπίστευσαν
2990 1406 3301 1477 παρρησία,
3348 1404 3508 1457 τοῦτο
3535 1405 3601 1458 δὲ
3649 1408 3749 1467 εἰς

2135 1504 2355 1572 ἔλεγχον
2390 1502 2486 1571 τῆς
2514 1499 2865 1570 ψευδολογίας
2889 1499 3091 1563 αὐτῶν,
3115 1500 3180 1550 ὲκ
3211 1498 3307 1566 τῆς
3339 1497 3586 1565 φανερᾶς
3624 1497 3746 1549 καὶ

2136 1597 2371 1667 ἀληθοῦς
2401 1598 2505 1651 τῶν
2542 1596 2712 1664 ἁγίων
2755 1593 3092 1647 διδασκάλων
3124 1592 3404 1660 θεολογίας
3438 1592 3744 1661 παραθεῖ-

2138 1707 2249 1752 ναι,
2288 1687 2383 1741 καὶ
2415 1689 2560 1749 ὃπως
2604 1686 2702 1756 μὲν
2742 1686 2973 1747 πολλοὺς
3002 1684 3108 1736 τῶν
3137 1682 3310 1749 ἁγίων
3354 1682 3550 1750 λόγους
3608 1698 3740 1733 πα-

2140 1779 2382 1849 ραλόγως
2420 1780 2513 1831 καὶ
2576 1776 2863 1845 κακοήθως
2926 1775 3416 1844 ἐσυκοφάντησαν,
3465 1773 3629 1835 ὅπως
3669 1773 3737 1824 δὲ

2136 1871 2229 1923 τοῦ
2289 1868 2597 1939 συμφώνως
2663 1870 2783 1930 ταῖς
2844 1867 3018 1928 θείαις
3055 1866 3302 1936 Γραφαῖς
3354 1864 3537 1932 λέγειν
3599 1864 3737 1916 οὐδ’

2134 1963 2313 2017 ὁτιοῦν
2345 1963 2687 2031 ἐφρόντισαν,
2722 1960 2817 2013 καὶ
2850 1962 2926 2022 εἰς
2960 1960 3058 2011 ὅσα
3095 1958 3193 2026 μὲν
3224 1957 3291 2010 τὰ
3316 1957 3498 2010 ἄτοπα
3536 1970 3734 2007 κατα.-

2137 2058 2415 2128 φέρονται,
2472 2054 2571 2107 ὃσα
2618 2052 2675 2106 δὲ
2722 2053 2829 2104 τῶν
2872 2050 3330 2121 ὁμολογουμένων
3382 2053 3509 2119 περὶ
3571 2048 3728 2101 Θεοῦ

2136 2147 2511 2215 ἀναιροῦνται,
2546 2146 2641 2198 καὶ
2677 2145 2824 2196 πᾶσα
2857 2144 2890 2210 ἡ
2943 2143 3052 2198 τῶν
3082 2142 3255 2211 ἁγίων
3288 2141 3538 2209 θεολογία
3589 2141 3725 2193 δια-

2140 2242 2351 2303 πίπτει,
2384 2240 2483 2309 τῆς
2515 2237 2800 2306 συνοδικῆς
2849 2236 3054 2307 ταύτης
3105 2236 3437 2305 ἀποφάσεως
3469 2235 3727 2305 κρατοῦ-

2141 2351 2276 2402 σης,
2329 2332 2423 2385 καὶ
2477 2330 2624 2392 ὅπως
2693 2330 2910 2393 ἑαυτοῖς
2959 2329 3228 2400 μυριαχοῦ
3285 2328 3719 2398 περιπίπτουσι,

2142 2423 2537 2495 παραιτοῦμαι,
2597 2420 2693 2475 τοῦ
2750 2421 2910 2489 λόγου
2976 2422 3069 2475 τὸν
3112 2421 3278 2490 κόρον
3330 2420 3718 2490 ὑφορώμενος.

2152 2517 2332 2571 Ἱκανά
2364 2518 2473 2585 γὰρ
2518 2514 2587 2568 τὰ
2624 2513 2893 2584 εἰρημένα
2927 2515 3042 2577 τοῖς
3086 2514 3160 2581 μὴ
3212 2511 3389 2579 πάντη
3427 2510 3719 2578 τετυφλω-

2143 2608 2344 2678 μένοις,
2374 2607 2508 2674 πρὸς
2531 2605 2589 2658 τὸ
2613 2606 2783 2671 δεῖξαι
2807 2604 2930 2667 τοὺς
2961 2606 3057 2673 τὴν
3080 2603 3171 2657 τοῦ
3202 2604 3385 2672 Τόμου
3412 2602 3559 2655 θέσιν
3578 2602 3720 2669 περὶ

2140 2704 2237 2770 τῆς
2288 2701 2524 2762 πίστεως
2558 2698 2891 2768 κατέχοντας
2940 2697 3127 2751 πίστιν
3172 2697 3474 2764 ὁμολογεῖν,
3510 2696 3578 2765 ῆν
3608 2697 3715 2748 οὐκ

2139 2795 2361 2866 ᾔδεισαν
2384 2794 2432 2846 οἱ
2470 2793 2711 2862 Πατέρες
2742 2791 2900 2861 ἡμῶν
2929 2806 2942 2821 ·
2970 2791 3034 2843 τὸ
3060 2790 3104 2842 δ’
3131 2790 3278 2842 ἔστιν
3315 2789 3607 2858 ἀλλοτρίαν
3632 2784 3715 2840 εἷ-

2141 2889 2349 2952 ναιτῆς
2382 2886 2440 2937 ὲν
2472 2884 2536 2952 τῇ
2570 2881 2833 2950 καθολικῇ
2865 2879 2962 2933 καὶ
2982 2881 3318 2950 ἀποστολικῇ
3341 2878 3435 2933 τοῦ
3466 2879 3706 2946 Χριστοῦ

2154 2974 2451 3046 Ἐκκλησία
2480 2974 2629 3043 παρὰ
2649 2973 2757 3027 τῶν
2790 2973 2959 3041 ἁγίων
2993 2974 3408 3043 κηρυττομένης
3431 2974 3666 3032 πίστεως
3688 2987 3701 2998 ο

2140 3067 2255 3133 καὶ,
2288 3067 2315 3119 δ
2348 3066 2607 3137 πρότερον
2649 3065 2952 3135 ἀρχόμενος
2984 3064 3191 3130 ελεγον,
3226 3066 3307 3119 ὃτι
3338 3064 3521 3133 διττῆς
3553 3080 3699 3130 γενος

2145 3160 2310 3227 μένης
2345 3159 2563 3211 συνόδου
2592 3159 2745 3227 παρὰ
2774 3158 2870 3228 τῆς
2902 3158 3230 3228 Ἐκκλησίας
3255 3160 3481 3228 ταύτης,
3514 3160 3602 3212 καὶ
3625 3158 3691 3208 δι-

2140 3248 2282 3322 πλῆς
2316 3251 2409 3304 καὶ
2468 3249 2718 3311 ἐναντίας
2768 3249 3144 3320 ἐξενεχθείσης
3184 3251 3517 3319 ἀποφάσεως
3570 3250 3677 3314 περὶ

2138 3345 2236 3396 τοῦ
2276 3343 2589 3413 ζῃτήματος
2611 3342 2705 3412 τῆς
2737 3341 2884 3404 θείας
2903 3343 3089 3405 οὐσίας
3118 3343 3214 3395 καὶ
3244 3343 3550 3413 ἐνεργείας,
3570 3341 3675 3406 ἀδη-

2143 3437 2232 3490 λον
2271 3434 2509 3503 ὁποτέρα
2559 3433 2666 3487 τῶν
2719 3435 3051 3504 ἀποφάσεων
3081 3433 3317 3502 τάληθὲς
3349 3434 3470 3502 μεθ’
3507 3432 3686 3498 cauti}:

2141 3529 2252 3600 ἔχει
2283 3526 2547 3599 (ἐναντίαι
2576 3525 2684 3595 γὰρ
2709 3524 3014 3595 ἀλλήλαις),
3037 3524 3214 3595 πὰντη
3242 3524 3610 3593 ἀναμφίϐολον
3636 3524 3694 3572 ἐκ

2139 3624 2248 3676 τῶν
2278 3622 2381 3691 ἠδη
2410 3619 2716 3689 εἰρημένων
2759 3616 2951 3685 γέγονε
3002 3618 3101 3687 τὴν
3147 3615 3242 3669 νῦν
3295 3614 3609 3685 κρατοῦσαν
3640 3614 3699 3667 τὸ

2139 3716 2335 3785 ψεῦδος
2368 3713 2486 3785 μεθ’
2518 3711 2716 3782 ἑαυτῆς
2761 3708 2857 3763 καὶ
2890 3708 2952 3763 τὸ
2999 3709 3320 3780 βλάσφημον
3347 3710 3489 3779 ἔχειν
3511 3728 3525 3741 ·
3561 3710 3700 3763 ὥστε

2142 3806 2384 3879 ηταῦτα
2436 3802 2733 3875 βεϐαιοῦσα
2781 3802 2875 3854 καί¹
2928 3801 3277 3872 κηρύττουσα
3315 3801 3613 3870 Ἐκκλησία
3642 3801 3702 3852 τὸ

2143 3895 2282 3953 εἶναι
2313 3899 2442 3967 μίαν
2473 3896 2636 3964 ὒγίαν
2688 3894 2980 3965 καθολικὴν
3018 3893 3115 3947 καὶ
3170 3894 3535 3965 ἀποστολικὴν
3573 3894 3698 3947 Ἐκ-

2143 3992 2393 4061 κλησίαν,
2429 3986 2571 4057 περῐ
2590 4006 2657 4061 ης
2705 3987 2828 4042 καθ’
2876 3987 3087 4058 ἡμέραν
3124 3986 3515 4058 ὁμολογοῦμεν,
3550 3989 3702 4041 ἀπών

2140 4080 2265 4133 λεσε
2289 4095 2304 4111 ο
2352 4080 2445 4132 καὶ⁵
2472 4079 2741 4148 ζητητέον
2773 4078 2908 4132 ὅπου
2942 4077 3046 4146 γῆς
3095 4079 3246 4131 ἐστιν
3277 4076 3437 4145 αὕτη,
3474 4076 3703 4144 ἐπείπερ

2140 4173 2398 4228 ἀδύνατον
2422 4174 2521 4242 τὴν
2556 4172 2885 4241 Ἐκκλησίαν
2908 4170 3004 4223 τοῦ
3028 4169 3264 4240 Χριστοῦ
3292 4169 3557 4222 ἐκλιπεῖν.
3587 4169 3702 4234 Τῆς

2143 4267 2253 4337 γάρ
2282 4268 2352 4319 τὰ
2401 4266 2570 4335 ψευδῆ
2623 4266 2753 4335 περὶ
2785 4266 2883 4334 τὴν
2935 4265 3119 4319 πίστιν
3168 4263 3265 4317 νῦν
3308 4264 3702 4333 ὁμολογούσης.

2139 4356 2329 4426 ὥσπερ
2368 4358 2634 4427 πρότερον
2680 4357 2736 4409 αί
2784 4357 2949 4410 πύλαι
2989 4355 3083 4410 τοῦ
3130 4356 3257 4425 ᾅδου
3289 4354 3573 4420 πολλάκις,
3611 4353 3707 4405 καὶ

2140 4446 2235 4503 νῦν
2269 4448 2512 4519 αἰσχρῶς
2542 4448 2937 4521 ὑπερίσχυσαν.
