4056 6288
543 492 643 558 ιει

1791 485 2186 548 MANUELIS
2219 485 2518 546 CALECJI

3693 479 3829 538 432

547 612 610 662 Iis
640 607 871 672 exsistit,
915 615 968 661 et
1021 611 1154 669 iuste
1201 621 1262 660 ea
1309 604 1667 675 appellatione
1721 603 1989 672 gaudebit,
2026 599 2098 652 uti

2221 597 2315 668 ιὴν
2347 601 2727 668 ἐπιστάμενος,
2766 597 2857 652 τοῦ
2893 599 2991 667 μὲν
3032 595 3246 664 άληθῶς
3288 594 3576 661 ἄνθρωπος
3646 589 3832 648 εἶναι

550 717 615 749 ιιι
637 701 784 752 issim
820 700 912 766 qui
945 713 1131 752 earutn
1167 712 1342 752 rerum
1377 712 1495 766 qua:
1530 698 1766 749 honestae
1799 701 1942 756 sunt,
1997 691 2112 744 nul-

547 792 654 842 iam
694 798 781 842 aut
811 789 1004 858 quatrit
1052 797 1142 841 aut
1183 788 1405 850 invenit,
1453 801 1626 854 neque
1672 798 1800 838 vero
1851 784 1993 847 scit,
2044 781 2110 846 is,

550 878 751 932 amisso
780 878 923 946 quod
955 893 1080 931 vere
1128 881 1288 932 homo
1326 888 1427 938 est,
1456 876 1708 944 jumentis
1748 871 2112 942 insipientibus

549 977 892 1035 comparatur
925 969 964 1019 ³.
997 968 1202 1021 Idcirco
1231 967 1394 1020 etiam
1422 965 1690 1030 Christus,
1729 965 1844 1031 ipsa
1889 963 2112 1024 veritas,

553 1059 667 1126 ipsa
709 1057 1000 1126 sapientia,
1033 1072 1218 1109 earum
1260 1071 1359 1110 nos
1392 1071 1571 1110 rerum
1604 1053 1862 1108 sollicitos
1902 1050 2110 1113 volens,

547 1163 668 1216 qua:
701 1148 936 1202 hanestze
974 1156 1100 1198 sunt
1123 1184 1137 1208 ,
1191 1145 1347 1198 modo
1387 1145 1602 1214 quidem
1633 1144 1892 1198 dicebat:
1947 1138 2114 1193 Petita

543 1251 594 1294 et
625 1239 840 1292 dabitur
865 1237 1047 1302 vobis;
1083 1237 1248 1289 omnis
1297 1237 1434 1288 enim
1487 1237 1578 1304 qui
1626 1234 1774 1302 petit,
1805 1231 2032 1300 accipit;
2065 1236 2114 1281 et

550 1330 641 1399 qui
694 1329 904 1398 qtttert'l,
952 1329 1180 1391 invenit;
1217 1337 1262 1379 et
1298 1327 1531 1394 pulsanti
1577 1323 1915 1389 aperietur‘;
1955 1319 2115 1374 modo

550 1431 728 1474 autem
758 1437 771 1473 :
809 1418 1130 1473 Scrutumt‘ni
1163 1417 1464 1485 Scriptura:
1487 1418 1524 1469 ³.
1563 1415 1716 1483 Nam,
1740 1423 1798 1468 ut
1827 1414 1897 1466 ait
1925 1412 2115 1466 beatus

556 1510 775 1575 Paulus,
833 1511 964 1576 Qua:
1013 1511 1136 1564 olim
1193 1511 1385 1577 scripta
1431 1518 1574 1572 sunt,
1603 1509 1672 1560 ad
1723 1515 1958 1560 nostram
2000 1503 2115 1571 jam

557 1615 664 1656 tum
707 1606 1002 1656 doctrinam
1039 1605 1229 1670 scripta
1259 1610 1380 1654 sunt
1401 1600 1445 1654 δ.

626 1695 706 1746 'l‘n
747 1695 931 1762 igitur,
960 1694 1202 1748 veritatis
1250 1705 1300 1747 te
1345 1707 1530 1746 amore
1570 1692 1762 1756 teneri,
1813 1689 1996 1743 tnultis
2023 1703 2114 1742 os-

557 1783 782 1837 tendis:
836 1784 996 1837 modo
1047 1785 1283 1853 quidem,
1339 1798 1462 1835 cum
1520 1781 1949 1851 indisciplinatos
1998 1779 2116 1833 illos

552 1873 855 1936 arbitraris,
887 1876 980 1943 qui
1028 1875 1386 1928 eruditionem
1441 1873 1753 1942 litterasque
1805 1887 1868 1926 ac
1899 1869 2114 1938 sapien-

551 1966 683 2034 tiatn
719 1967 885 2020 animi
918 1969 1113 2020 damno
1142 1965 1346 2020 ditt-unt
1383 1979 1397 2017 :
1437 1965 1596 2018 modo
1631 1972 1834 2026 autem,
1869 1977 1989 2016 cum
2021 1961 2112 2015 tibi

551 2060 666 2128 ipse
693 2059 890 2112 damno
925 2061 1158 2112 maximo
1204 2059 1378 2121 ducis,
1421 2057 1561 2125 quod
1595 2066 1645 2110 te
1691 2071 1788 2124 pro
1833 2053 2112 2114 facultate,

551 2165 614 2204 ac
641 2160 902 2219 quantum
936 2151 1150 2218 assequi
1183 2149 1400 2210 licebat,
1432 2147 1694 2200 doctrinis
1738 2144 2114 2213 sapientiaque

552 2241 720 2294 itnhtti
773 2240 1191 2307 haudquaquam
1241 2237 1550 2304 contigerit.
1583 2233 1800 2290 Versari
1849 2243 1900 2286 te
1939 2244 2113 2286 autem

553 2331 607 2386 iit
641 2332 707 2385 iis
756 2345 876 2399 qua:
909 2329 1142 2382 maxima
1178 2338 1304 2381 sunt
1336 2327 1607 2394 animique
1645 2326 1873 2380 salutent
1901 2325 2112 2392 juvant,

551 2419 636 2475 vel
682 2420 824 2473 istud
855 2418 1055 2488 prodit,
1101 2416 1246 2487 quod
1282 2415 1767 2482 impraesentiarum
1797 2431 1828 2469 a
1864 2414 2021 2468 nobis
2053 2417 2117 2468 de

553 2513 640 2567 his
667 2509 1003 2581 Percontat'is
1035 2525 1098 2563 ac.
1130 2509 1310 2563 doceti
1359 2510 1578 2576 ιιυωι-ίε,
1611 2522 1728 2576 qua:
1773 2507 1838 2562 ad
1875 2515 2114 2561 nosuam

551 2604 988 2662 Christianorum
1047 2603 1208 2657 tidem
1266 2610 1530 2670 spectant.
1590 2601 1733 2656 Sane
1789 2614 1938 2662 vero,
1993 2612 2116 2651 cum

556 2709 704 2750 tuum
764 2696 910 2749 illum
964 2693 1204 2749 discendi
1266 2695 1514 2749 ardorem
1571 2691 1804 2755 laudem,
1849 2691 1954 2746 hoc
2007 2704 2114 2744 non

555 2789 739 2853 laudo,
771 2788 923 2858 quod
980 2803 1078 2841 nos
1115 2786 1248 2842 tales
1296 2788 1590 2840 arbitratus
1637 2784 1736 2850 sis,
1777 2784 1870 2854 qui
1921 2792 2012 2835 tuo
2042 2781 2117 2835 illi

553 2880 825 2942 desiderio
845 2880 1109 2948 explendo
1140 2893 1404 2933 essemus.
1437 2877 1626 2946 Opera:
1655 2875 1886 2944 pretium
1920 2874 2116 2937 fuerat,

557 2987 672 3026 rem
723 2971 992 3040 ejusmodi
1023 2985 1090 3023 et
1143 2971 1266 3024 aliis
1316 2983 1576 3038 quaerere,
1623 2968 1753 3021 viris
1787 2965 1995 3022 scilicet
2026 2963 2117 3032 qui

557 3064 666 3114 vita
701 3061 992 3130 purissima
1035 3073 1098 3113 ac
1128 3060 1438 3126 quotidiana
1472 3059 1606 3129 legis
1652 3057 1862 3112 Domini
1895 3055 2118 3110 medita-

559 3154 708 3204 tione
743 3151 883 3208 fulti,
919 3161 1178 3217 quantum
1212 3148 1426 3214 suilicit,
1463 3151 1586 3204 talia
1623 3149 1986 3218 querentibus
2018 3149 2116 3215 ipsi

563 3243 786 3297 reddere
836 3241 1067 3310 possint.
1116 3239 1224 3294 Nos
1257 3255 1404 3298 vero,
1441 3255 1562 3294 eum
1613 3242 1727 3294 haec
1761 3240 1942 3293 omnia
1988 3242 2117 3294 deti-

561 3335 727 3398 ciant,
757 3333 853 3402 qtti
891 3332 984 3386 θαι
1014 3341 1071 3385 ut
1103 3347 1188 3386 rt-s
1218 3331 1480 3400 ejusmodi
1521 3333 1653 3387 alios
1688 3333 1998 3395 doceamus,
2030 3335 2121 3401 qui

559 3437 613 3482 et
647 3428 745 3496 ipsi
775 3426 842 3480 ab
883 3441 1070 3481 earum
1112 3426 1299 3496 peritis
1335 3425 1556 3495 perinde
1587 3427 1765 3480 doceri
1797 3425 2122 3480 debeamus?

562 3521 869 3585 Enimvero,
920 3521 1116 3590 quibus
1146 3520 1285 3572 haud
1319 3520 1450 3574 satis
1489 3533 1554 3572 ex
1589 3519 1751 3574 oﬂlcii
1793 3521 2000 3574 ratione
2041 3522 2122 3572 vi-

562 3613 774 3675 deatur,
809 3623 867 3666 ut
894 3611 1092 3680 quibus
1141 3625 1328 3680 magna
1363 3625 1468 3664 non
1514 3621 1826 3681 suppetunt,
1871 3626 1968 3666 nec
2005 3627 2125 3678 qua:

566 3707 746 3759 tenuia
779 3718 875 3772 pro
909 3703 1159 3758 facultate
1189 3706 1476 3769 exsistant,
1505 3703 1726 3758 minime
1757 3707 2121 3772 praebeamus;

565 3814 628 3852 ac
681 3811 807 3850 cum
859 3797 994 3850 alias
1046 3797 1299 3850 amicitia:
1344 3796 1466 3863 jure
1525 3797 1748 3864 obsequi
1809 3797 2122 3864 gestiamus,

564 3889 824 3957 quidquid
858 3888 924 3942 iis
952 3889 1018 3942 de
1042 3894 1221 3954 rebus,
1253 3890 1318 3940 de
1347 3891 1544 3956 quibus
1573 3887 1858 3956 qutesiisti,
1889 3902 1956 3940 ex
1983 3887 2127 3940 Scri-

567 3993 724 4050 ptura
776 3994 838 4030 ac
874 3977 1128 4032 Ecclesia:
1166 3980 1456 4044 magistris,
1494 3977 1587 4030 Dei
1626 3978 2129 4032 subministratione

565 4070 775 4138 assequi
829 4067 1002 4132 licuit,
1056 4068 1107 4120 id
1158 4081 1284 4120 vero
1329 4081 1452 4119 cutn
1505 4067 1700 4122 timore
1751 4069 1846 4121 tibi
1904 4070 2129 4124 reddere

566 4163 946 4224 eonnitetnur;
1000 4159 1078 4212 sic
1135 4157 1386 4210 nimirum
1442 4167 1501 4209 ut
1555 4172 1619 4210 ex
1667 4159 1932 4213 immenso
1987 4160 2130 4213 velut

567 4267 815 4321 aequore,
852 4251 1106 4317 pauculas
1136 4259 1313 4318 guttas
1347 4247 1674 4311 haurientes,
1708 4249 1845 4301 baud
1877 4263 2128 4319 magnam

567 4351 774 4396 ornata:
802 4339 1058 4393 dictionis
1102 4354 1165 4392 at:
1199 4352 1388 4391 vocum
1416 4337 1992 4405 elegantiae’rationetn
2029 4340 2128 4394 ha-

568 4433 818 4494 beamus,
867 4431 975 4482 itno
1017 4429 1200 4495 etiam,
1230 4432 1407 4496 quoad
1452 4428 1602 4494 licet,
1629 4430 1894 4485 claritatis
1933 4433 2126 4502 gratia,

569 4521 935 4592 negligamtts,
987 4537 1150 4574 unum
1203 4521 1304 4575 hoc
1350 4532 1677 4590 speetantes,
1725 4531 1782 4576 ut
1831 4539 1951 4594 quae
2003 4538 2127 4579 vera

567 4618 834 4672 sententia
880 4617 1284 4686 rectissitnaque
1318 4631 1647 4687 prometnus,
1684 4629 1994 4675 sanctorum
2025 4636 2130 4675 un-

569 4710 732 4778 dique
767 4709 1107 4764 sermonibus
1151 4709 1482 4764 muniantur.
1541 4708 1740 4779 Sicque
1790 4710 1910 4780 ejus
1955 4713 2033 4768 rei
2073 4713 2126 4767 in

567 4801 816 4856 omnibus
845 4811 1030 4855 sant-te
1076 4801 1234 4857 nobis
1279 4805 1538 4855 servanda
1578 4803 1764 4872 religio
1796 4814 1898 4868 est,
1936 4814 1993 4858 ut
2015 4805 2129 4875 jam

568 4895 686 4960 ipso
720 4895 942 4948 exordio
987 4897 1117 4947 tultil
1151 4911 1245 4948 nos
1282 4911 1310 4946 a
1343 4895 1496 4948 nobis
1527 4911 1689 4966 atque
1731 4897 2002 4966 proprium
2049 4897 2133 4952 di-

570 4998 752 5041 t'tut‘os
787 4989 1160 5056 proliteamur,
1218 5005 1491 5058 unumque
1531 4991 1629 5046 huc
1661 4993 1927 5044 duntaxat
1957 4991 2126 5045 colla-

571 5089 741 5140 turus,
776 5088 832 5129 ut
865 5093 981 5143 quae
1014 5082 1187 5132 sancti
1224 5080 1432 5143 Patres,
1466 5082 1634 5137 divini
1661 5081 1842 5137 alliatu
1873 5081 2128 5150 Spiritus.

571 5171 731 5223 locuti
778 5180 923 5234 sunt,
976 5172 1086 5223 haec
1135 5187 1261 5225 vero
1297 5189 1665 5242 exponamus;
1721 5177 1796 5229 uti
1847 5175 2133 5230 manifeste

568 5262 816 5330 liquebit,
845 5274 909 5312 ex
957 5260 1022 5314 iis
1070 5278 1189 5330 qua:
1217 5266 1459 5329 edemus,
1489 5267 1742 5320 nimirum
1779 5269 1830 5320 itt
1884 5268 2129 5335 singulis.

570 5374 691 5425 quae
729 5372 757 5408 a
792 5355 949 5408 nobis
979 5356 1198 5408 dicenda
1230 5365 1373 5420 sunt,
1403 5358 1710 5424 aperiendo,
1741 5362 1865 5428 quid
1895 5377 1954 5415 ea
1989 5363 2042 5414 itt
2076 5374 2133 5414 re

567 5453 644 5506 illi
676 5448 972 5514 senserint;
1001 5463 1064 5500 ac
1100 5447 1358 5514 quidquid
1387 5451 1681 5504 dixerimus
1722 5467 1784 5503 ex
1816 5463 2126 5506 sanctorum

641 5673 653 5704 ‘
698 5675 834 5727 l’sat.
866 5692 1046 5737 xum,
1087 5675 1166 5727 l5.
1245 5676 1263 5703 ²
1296 5674 1483 5726 .\l.tttlt.
1515 5692 1608 5739 VII,
1645 5679 1694 5730 7.
1774 5679 1793 5708 ³
1851 5677 2012 5733 Joan.
2080 5695 2135 5747 ν,

651 5898 730 5967 (2)
758 5897 848 5953 S'c
872 5898 1230 5956 Damasceuus
1265 5902 1475 5972 pra-lat.
1500 5903 1564 5956 ad
1604 5901 1854 5959 Cosmatn
1882 5903 2124 5974 Majtttttce

2214 691 2492 756 ἐκπίπτει,
2528 692 2642 752 τοῖς
2691 691 2738 742 δ’
2769 689 3021 759 ἀνοήτοις
3059 689 3281 757 κτήνεσι
3339 685 3826 754 παραϐάλλεται.

2213 783 2312 836 Διά
2366 799 2447 834 τοι
2492 781 2650 835 τοῦτο
2682 782 2774 834 καὶ
2810 783 2838 834 ὁ
2881 779 3138 849 Χριστὸς,
3191 780 3222 847 ἡ
3278 775 3654 846 αὑτοαλήθεια
3711 780 3827 828 καὶ

2214 873 2536 941 αὐτοσοφία,
2565 873 2894 942 ζητητικοὺς
2927 871 3075 939 ήμᾶς
3121 869 3249 936 περὶ
3286 867 3355 919 τὰ
3389 867 3532 920 καλὰ
3588 866 3826 934 βουλό-

2219 980 2378 1032 μενος
2409 960 2572 1028 εἶναι,
2607 963 2702 1016 νῦν
2735 964 2833 1032 μὲν
2860 962 3160 1024 ἐδίδασκεν,
3187 958 3427 1022 Αιτεῖτε,
3459 957 3561 1010 καὶ
3606 957 3828 1021 δοθή-

2213 1068 2386 1110 σεται
2425 1055 2586 1123 ὑμῖν-ο
2623 1053 2742 1120 πᾶς
2769 1054 2877 1124 γὰρ
2930 1058 2963 1108 ὁ
3007 1052 3187 1108 αίτῶν
3216 1051 3506 1120 λαμϐάνει
3531 1066 3544 1079 ·
3597 1054 3720 1101 καὶ
3785 1051 3825 1102 ὁ

2215 1146 2400 1215 ζητῶν
2428 1149 2713 1215 εὑρίσκει·
2759 1150 2858 1202 καὶ
2913 1147 2994 1212 τῷ
3043 1147 3318 1215 κρούοντι
3343 1144 3770 1211 ἀνοιγήσεται
3799 1157 3816 1172 ·

2215 1239 2306 1293 νῦν
2336 1240 2418 1304 δὲ,
2460 1241 2773 1308 Ἐρευνᾶτε
2805 1239 2910 1304 τὰς
2935 1239 3201 1306 Γραφάς.
3225 1235 3335 1290 Καὶ
3367 1235 3493 1304 γὰρ,
3512 1233 3590 1294 ὦς
3613 1249 3818 1302 φησιν

2215 1334 2242 1385 ὁ
2283 1333 2554 1401 μακάριος
2603 1331 2834 1395 Παῦλος,
2873 1333 3029 1384 Ὅσα
3075 1328 3443 1398 προεγράφη,
3499 1327 3591 1392 είς
3640 1327 3817 1393 ἠμε-

2216 1423 2394 1490 τέραν
2421 1423 2828 1477 διδασκαλίαν
2861 1422 3227 1491 προεγράφη.

2286 1702 2358 1754 Σὺ
2385 1701 2588 1765 τοίνυν,
2636 1700 2716 1751 ὅτι
2752 1697 2852 1766 μὲν
2889 1697 3156 1764 ὑπάρχεις
3198 1693 3527 1763 φιλομαθής,
3584 1694 3811 1746 πολλα-

2215 1795 2376 1864 χόθεν
2429 1777 2695 1851 δεικνύεις
2723 1805 2736 1819 ο
2782 1788 2914 1840 ποτὲ
2975 1789 3076 1856 μὲν
3122 1785 3485 1845 ἀπαιδεύτους
3531 1783 3806 1845 ἐκείνους

2216 1885 2539 1957 ἡγούμενος,
2568 1883 2618 1936 οἳ
2655 1881 2861 1952 βλάϐην
2912 1879 3093 1949 ψυχῆς
3135 1878 3262 1941 τοὺς
3305 1877 3498 1945 λόγους
3544 1877 3643 1928 καὶ
3696 1877 3807 1943 τὴν

2219 1974 2409 2040 σοφίαν
2444 1971 2927 2040 ὑπολαμϐάνουσιο
2981 1968 3110 2021 ποτὲ
3147 1967 3204 2020 δέ
3252 1966 3459 2037 ζημίαν
3517 1967 3804 2034 μεγίστην

2217 2065 2401 2134 σαυτῷ
2432 2065 2739 2132 τιθέμενος,
2773 2063 2853 2115 ὅτι
2889 2079 2970 2114 σοι
3008 2060 3084 2130 μή
3114 2059 3291 2126 λόγων
3318 2059 3413 2112 καὶ
3438 2057 3635 2126 σοφίας
3675 2057 3801 2122 ἐξε-

2216 2158 2406 2226 γένετο
2430 2155 2571 2208 κατὰ
2600 2154 2661 2206 τὸ
2683 2154 2910 2206 δυνατὸν
2941 2153 3257 2222 μετασχεῖν.
3297 2151 3420 2202 Ὅτι
3463 2150 3519 2202 δέ
3555 2151 3695 2218 περὶ
3728 2149 3798 2200 τὰ

2220 2249 2455 2317 μέγιστα
2502 2248 2594 2298 καὶ
2623 2244 2923 2316 ψυχωιρελῆ
2970 2244 3274 2314 μαθήματα
3325 2242 3649 2312 διατρίϐεις,
3701 2242 3800 2292 καὶ

2217 2341 2374 2394 τοῦτο
2414 2339 2705 2402 δεικνύεις,
2757 2339 2852 2406 ἀφ’
2888 2329 2963 2392 ὧν
2990 2337 3262 2407 ἐζήτησας
3301 2333 3398 2388 νῦν
3431 2334 3626 2406 μαθεῖν
3656 2332 3796 2401 παρ’

2217 2431 2378 2503 ήμῶν
2405 2433 2532 2500 περὶ
2563 2431 2672 2484 τῶν
2701 2431 3013 2501 ἀνηκόντων
3064 2431 3131 2498 τῇ
3179 2427 3305 2482 καθ’
3333 2428 3482 2497 ἡμᾶς
3513 2427 3623 2480 τῶν
3657 2427 3796 2493 Χρι-

2220 2521 2450 2574 στιανῶν
2504 2522 2706 2574 πίστει.
2767 2518 2909 2586 Ἐγὼ
2950 2519 3050 2588 μὲν
3078 2516 3194 2583 οὖν,
3230 2516 3324 2570 σοῦ
3371 2517 3434 2570 τὸ
3485 2515 3791 2585 φιλομαθὲς

2217 2613 2477 2677 ἐπαινῶν,
2512 2613 2672 2664 τοῦτο
2701 2611 2800 2664 οὐκ
2846 2610 3076 2675 ἐπαινῶ,
3111 2611 3195 2662 ὅτι
3228 2625 3320 2661 σου
3353 2608 3452 2676 τὴν
3484 2606 3786 2676 ἐπιθυμίαν

2222 2704 2439 2767 ἱκανοὺς
2467 2704 2614 2774 ἡμᾶς
2642 2704 2904 2771 ἐνόμισας
2934 2701 3340 2773 ἐκπληρώσειν.
3377 2698 3527 2752 Ἔδει
3579 2699 3688 2766 γάρ
3725 2713 3781 2747 σε

2219 2795 2350 2864 παρ’
2389 2794 2564 2848 ἄλλων
2585 2793 2808 2846 τοιαῦτα
2843 2792 3150 2860 ἐπιζητεῖν,
3186 2790 3236 2843 οἳ
3269 2790 3366 2842 καὶ
3394 2788 3497 2858 βίῳ
3531 2787 3782 2854 καθαρω-

2219 2890 2364 2958 τάτῳ
2415 2887 2509 2940 καὶ
2556 2884 2633 2955 τῷ
2679 2883 2801 2938 καθ’
2833 2884 3048 2953 ἡμέραν
3077 2883 3166 2937 τὸν
3219 2882 3383 2951 νόμον
3430 2880 3659 2951 μελετᾷν
3685 2877 3775 2930 τοῦ

2219 2979 2428 3050 Κυρίου
2453 2979 2774 3049 δυνήσονται
2813 2979 2925 3038 τοῖς
2951 2975 3129 3032 ταῦτα
3162 2977 3420 3046 ζητοῦσιν
3467 2976 3773 3046 ἀρκούντως

2219 3072 2552 3126 ἀποδιδόναι.
2599 3073 2790 3141 Ἡμεῖς
2817 3069 2875 3122 δὲ
2900 3068 3110 3121 τούτων
3140 3067 3476 3136 ἀποροῦντες
3503 3065 3766 3123 ἁπάντων,

2223 3165 2334 3224 πῶς
2371 3165 2479 3235 ἄρα
2513 3163 2857 3233 δυνησόμεθα
2887 3161 3014 3224 τοὺς
3058 3159 3258 3224 ἄλλους
3310 3157 3380 3212 τὰ
3433 3158 3655 3210 τοιαῦτα
3694 3153 3764 3204 δι·

2149 3248 2191 3308 C
2221 3255 2463 3319 δάσκειν,
2503 3255 2630 3324 περὶ
2665 3248 2740 3309 ὧν
2771 3256 2866 3308 καὶ
2899 3252 3056 3307 αὐτοὶ
3089 3250 3242 3322 παρὰ
3284 3250 3393 3304 τῶν
3433 3249 3642 3302 εἰδότων
3664 3261 3752 3313 μη-

2221 3345 2308 3397 δὲν
2335 3343 2554 3396 ἔλαττον
2585 3343 2936 3397 διδάσκεσθαι
2963 3343 3273 3413 χρῄζομεν;
3297 3341 3494 3410 Ὅμως
3520 3339 3570 3392 οὐ
3590 3333 3737 3391 καλῶς

2223 3434 2366 3502 ἔχειν
2393 3431 2889 3501 ὑπολαμϐανοντες,
2940 3436 2992 3489 ετ
3034 3451 3118 3496 τις
3163 3432 3241 3503 μὴ
3289 3432 3504 3485 πολλῶν
3541 3425 3748 3496 εὐπορῦιν

2225 3529 2317 3580 καὶ
2352 3525 2626 3596 μεγάλων,
2671 3525 2794 3579 οὐδὲ
2835 3527 2902 3580 τὰ
2949 3526 3150 3580 δυνατά
3195 3525 3283 3578 διά
3329 3523 3494 3576 τοῦτο
3525 3522 3757 3592 παρέχει*

2224 3618 2320 3671 καὶ
2353 3615 2469 3686 ἅμα
2524 3633 2608 3669 σοι
2657 3615 2745 3668 διὰ
2793 3615 2892 3686 τήν
2936 3615 3117 3684 φιλίαν
3149 3614 3429 3680 ἀξιοῦντες
3462 3611 3767 3667 ὑπακούειν,

2225 3712 2323 3762 ὅσα
2348 3709 2477 3779 περὶ
2504 3703 2578 3762 ὧν
2614 3706 2798 3776 ζητεῖς
2856 3707 3007 3775 παρὰ
3057 3708 3158 3775 τῆς
3214 3703 3378 3773 άγίας
3423 3701 3652 3774 Γραφῆς
3692 3695 3777 3752 καὶ

2225 3802 2333 3853 τῶν
2363 3799 2696 3854 διδασκάλων
2749 3798 2845 3866 τῆς
2884 3796 3234 3867 Ἐκκλησίας,
3280 3796 3376 3850 τοῦ
3427 3795 3570 3849 Θεοῦ
3628 3810 3780 3863 χοργ

2228 3894 2476 3960 γοῦντος,
2532 3891 2861 3946 καταλαϐεῖν
2913 3889 3274 3959 ἐδυνήθημεν,
3334 3887 3452 3958 μετ’
3503 3885 3782 3946 εὐλαϐείας

2229 4001 2312 4038 σοι
2350 3983 2726 4055 πειρασόμεθα
2771 3979 3104 4035 ἀποδοῦναι’
3159 3979 3349 4048 ὥσπερ
3397 3979 3462 4031 ἐκ
3521 3977 3783 4044 πελάγους

2227 4079 2457 4150 ἀπείρου
2509 4080 2776 4147 σταγόνας
2803 4079 3006 4146 μικρὰς
3039 4067 3533 4147 ἀρυσάμενοι,”τῆς
3576 4073 3678 4142 μὲν
3703 4071 3786 4123 te-

2231 4171 2365 4237 ξεως
2401 4175 2496 4226 καὶ
2547 4171 2640 4225 τοῦ
2696 4171 2924 4232 κάλλους
2955 4171 3064 4222 τῶν
3095 4171 3379 4240 ὀνομάτων
3412 4167 3592 4236 ὀλίγον
3630 4182 3784 4237 φρον⁹

2229 4262 2489 4326 τίςοντες,
2529 4261 2731 4332 μᾶλλον
2756 4261 2835 4327 δὲ,
2871 4261 2964 4314 καὶ
2985 4263 3108 4314 ὅσον
3138 4262 3395 4330 ἐγχωρεῖ,
3423 4261 3512 4314 διά
3531 4259 3595 4312 τὸ
3625 4259 3812 4327 σαφὲς,

2231 4352 2586 4424 ἀμελοῦντεςο
2622 4353 2770 4414 ὅπως
2803 4351 2860 4404 δέ
2908 4353 2974 4404 τὰ
3025 4353 3276 4422 νοήματα
3302 4351 3479 4422 ἀληθῆ
3514 4353 3610 4405 καὶ
3640 4351 3791 4420 ὀρθὸ-

2231 4461 2365 4498 τατα
2411 4445 2495 4514 εἴη
2553 4443 2734 4512 λόγοις
2792 4443 2963 4511 ἁγίων
3014 4443 3279 4498 πάντοθεν
3326 4444 3792 4513 κατωχυρωμένα,

2157 4575 2212 4637 D
2235 4536 2395 4590 τοῦτο
2418 4535 2750 4598 σκοποῦντες
2778 4536 2958 4604 μόνον·
2989 4537 3126 4603 ὅπερ
3154 4535 3318 4604 ἡμεῖς
3345 4533 3576 4586 ἐνταῦθα
3589 4531 3794 4618 ,τοσοῦ-

2236 4647 2327 4683 τον
2365 4629 2455 4685 διὰ
2488 4627 2706 4684 πάντων
2731 4603 3037 4696 φυλάξομεν
3063 4628 3163 4697 (2),
3191 4627 3332 4680 ὥστε
3362 4628 3454 4681 καὶ
3503 4603 3796 4698 άργξόμενοι

2165 4774 2169 4777 γ
2238 4721 2406 4790 μηδὲν
2437 4721 2533 4786 ἀφ’
2559 4719 2717 4790 ήμῶν
2751 4719 2932 4772 αὐτῶν
2981 4721 3127 4788 ἐρεῖν
3168 4720 3370 4772 οἰκεῖον
3399 4719 3799 4788 καθυπισχνού-

2239 4813 2398 4882 μεθα.
2439 4811 2611 4864 Τοῦτο
2665 4812 2722 4864 δέ
2782 4811 2946 4880 μόνον
2977 4811 3306 4878 εἰσοίσομεν,
3355 4812 3424 4863 τὰ
3474 4813 3588 4873 τοῖς
3622 4813 3798 4876 ἁγίοις

2236 4905 2397 4973 ήμῶν
2433 4901 2712 4972 Πατράσιν
2741 4902 2846 4954 ὑπὸ
2883 4901 2978 4953 τοῦ
3005 4901 3162 4968 άγίου
3188 4901 3510 4969 Πνεῦματος
3565 4904 3801 4970 ἐμπνευ-

2239 4992 2436 5045 σθὲντα
2473 4989 3043 5060 καταστρωννύοντες,
3081 4991 3158 5054 ὡς
3196 4991 3307 5043 ἀπὸ
3332 4991 3440 5044 τῶν
3469 4992 3800 5044 ἐκτεθέντων

2238 5083 2396 5137 τοῦτο
2424 5085 2744 5152 φανήσεται·
2783 5081 3090 5143 δεικνύντες
3132 5082 3218 5150 ἐφ’
3250 5083 3482 5136 ἑκάστου
3513 5082 3622 5136 τῶν
3649 5085 3801 5151 λεγο⁴

2241 5180 2442 5248 μένων,
2473 5177 2594 5228 τίνα
2643 5175 2864 5246 γνώμην
2899 5175 3056 5244 ἔσχον
3089 5175 3217 5244 περὶ
3257 5173 3352 5227 τοῦ
3390 5181 3758 5244 προκειμένου
3783 5189 3797 5203 °

2242 5270 2336 5322 καὶ
2369 5269 2507 5337 ὅπερ
2546 5268 2612 5320 ἂν
2647 5267 2931 5336 είποιμεν,
2969 5266 3163 5317 τούτου
3202 5265 3300 5334 τήν
3349 5266 3660 5333 μαρτυρίαν
3706 5265 3800 5316 καὶ

2241 5360 2301 5412 τὸ
2335 5360 2525 5413 πιστὸν
2569 5359 2634 5410 ἐκ
2677 5357 2788 5411 τῶν
2831 5358 3003 5424 λόγων
3048 5357 3155 5409 τῶν
3178 5356 3352 5423 ἁγίων
3387 5357 3796 5424 ἐπαγαγόντες“

2239 5452 2326 5505 ἵνα
2374 5452 2449 5522 μὴ
2494 5450 2744 5521 δοκῶμεν
2788 5450 3104 5520 γεννήματα
3155 5449 3256 5518 τῆς
3305 5447 3580 5518 ήμετέρας
3633 5449 3802 5517 φθέγ-

2163 5680 2256 5736 59.
2335 5682 2355 5712 ⁸
2386 5683 2543 5735 Rom.
2582 5697 2684 5736 xv.
2724 5677 2776 5732 4.

2163 5913 2501 5980 episcopum.
