4036 6262
507 318 617 381 435

514 524 730 579 creabit.
761 522 918 589 Quod
974 532 1152 578 autem
1191 521 1336 578 Deus
1381 523 1473 588 sit,
1505 529 1597 576 aut
1625 523 1698 577 sit
1724 537 1863 578 unus
1915 522 2076 584 Deus,

513 614 754 680 sapiens,
786 613 986 684 justus,
1037 615 1251 678 bonus,
1292 615 1396 672 hoc
1445 614 1515 670 de
1564 614 1658 669 illo
1705 614 1881 669 solum
1921 613 2078 667 novi-

515 721 670 773 mus;
727 715 891 776 atque
946 707 1001 762 id
1047 707 1265 776 quidem
1319 707 1686 772 mediocriter,
1729 713 2079 776 aequantnm

515 809 614 864 pro
649 795 927 852 facultatis
979 813 1096 854 suae
1135 797 1356 854 modulo
1405 813 1560 866 mens
1615 798 1852 853 humane
1904 803 2082 866 potest

514 888 732 956 assequi
781 903 799 942 :
851 885 1026 942 Deum
1057 889 1197 943 enim
1239 905 1390 946 nemo
1422 889 1553 945 sidit
1585 905 1818 961 unquam
1842 904 1862 943 :
1894 888 2079 958 unige-

514 966 657 1032 nitus
689 976 784 1032 Dei
826 976 1028 1045 Filius,
1060 981 1156 1049 qui
1187 993 1261 1036 est
1291 984 1345 1037 in
1382 983 1504 1036 sinu
1547 981 1752 1048 Patris,
1788 982 1899 1050 ipse
1924 997 2079 1037 enar»

513 1069 674 1133 ravil,
701 1068 877 1138 inquit
915 1067 1151 1125 Joannes
1197 1072 1526 1142 evangelista
1552 1072 1596 1125 ⁸.
1631 1070 1702 1128 Ut
1728 1086 1858 1127 vero
1891 1081 2080 1127 auctor

511 1170 595 1214 est
650 1161 847 1217 beatus
905 1160 1125 1229 Paulus,
1208 1163 1505 1220 lnoisibilia
1558 1165 1694 1234 ejus,
1745 1181 1778 1218 α
1837 1172 2080 1217 creatura

517 1252 722 1317 mundi,
751 1269 843 1322 per.
874 1270 934 1308 ea
967 1271 1083 1324 qua:
1111 1255 1257 1323 facta
1286 1268 1435 1320 sunt,
1462 1256 1726 1310 intellecta
1750 1255 2083 1324 conspiciat:-

515 1353 601 1395 tur
623 1346 667 1398 ’.
708 1343 823 1402 Sed
846 1357 902 1400 et
931 1361 1158 1417 magnus
1200 1347 1430 1404 Basilius
1461 1349 1722 1404 adversus
1757 1347 2077 1402 Eunomium

515 1435 818 1501 decertans,
845 1437 928 1492 sic
966 1437 1042 1492 ait
1067 1458 1081 1492 :
1107 1437 1222 1493 Par
1247 1456 1372 1494 sane
1399 1449 1474 1493 est
1498 1449 1557 1496 ut
1583 1441 1754 1509 ipsam
1799 1439 2082 1494 essentiam

513 1529 714 1581 cunctis
776 1529 1104 1598 inaspectum
1175 1532 1569 1598 existimemus,
1645 1549 1750 1586 uno
1816 1532 2081 1585 duntaxat

517 1617 798 1690 Unigenito
842 1631 1054 1690 excepto
1092 1639 1154 1676 ac
1193 1621 1398 1690 Spiritu
1424 1634 1635 1678 sancto.
1667 1623 1750 1677 Ea:
1781 1622 1877 1676 Dei
1902 1631 2078 1676 autem

1766 315 2165 376 MANUELIS
2194 313 2499 374 CALECE

394 423 398 426 ’
511 445 611 486 sna
642 432 868 486 essentia
896 413 1183 502 cognoscit,
1221 447 1312 500 per
1356 445 1514 500 quam
1545 438 1601 485 et
1640 432 1693 484 in
1741 443 1846 500 qua
1893 439 2081 482 cuncta

2197 429 2478 497 uanale
2506 429 2723 492 οὐσίας
2753 427 2962 494 αὑτοῦ,
3000 427 3076 482 δι’
3099 422 3193 497 ἧς,
3231 428 3326 483 καί
3350 428 3423 481 ἐν
3448 426 3487 496 ᾖ
3518 425 3588 481 τὰ
3607 431 3744 482 πάν-

3647 312 3743 378 436

2179 539 2254 575 τα
2293 522 2608 589 ἐποίησεν.
2645 521 2770 574 Ὅτι
2797 520 2854 574 δέ
2883 520 3032 573 ἐστιν
3059 520 3091 591 ἢ
3136 519 3292 583 Θεὸς,
3318 519 3352 592 ἢ
3401 515 3483 583 εἷς
3531 519 3684 587 Θεὸς,
3711 522 3741 591 ἢ

2182 615 2369 684 σοφὸς,
2423 613 2457 684 ἢ
2487 612 2712 682 ἀγαθὸς,
2753 612 2788 684 ἢ
2845 612 3076 676 δίκαιος,
3125 611 3262 665 κατὰ
3293 610 3451 665 τοῦτο
3481 611 3639 681 μόνον
3663 612 3745 680 γί-

2181 705 2453 759 νιὼσκεται
2477 721 2499 738 α
2521 705 2618 758 καὶ
2647 705 2805 758 τοῦτο
2831 705 2891 759 δὲ
2922 703 3183 775 μετρίως,
3215 704 3308 756 καὶ
3325 704 3449 756 ὅσον
3479 703 3698 757 δύναται
3720 707 3746 757 6

2181 795 2519 866 ἀνθρώπινος
2549 796 2693 860 νοῦς,
2731 797 2872 850 κατᾶ
2911 795 3017 867 τὴν
3061 794 3358 862 ἀναλογίαν
3401 794 3504 865 τῆς
3555 793 3744 847 ἑαυτοῦ

2179 891 2534 960 τελειότητος.
2563 889 2676 944 Καὶ
2697 891 2808 959 γὰρ
2828 887 2977 944 Θεὸν
3003 888 3206 952 οὐδεὶς
3242 886 3463 952 ἑώρακε
3491 887 3744 940 πώποτε.

2194 984 2260 1039 '0
2291 983 2638 1054 Μονογενὴς
2664 985 2696 1037 ό
2723 979 2808 1036 ὢν
2835 984 2925 1048 είς
2957 981 3068 1035 τὸν
3098 981 3336 1034 κόλπον
3359 977 3465 1032 τοῦ
3498 977 3746 1060 Πατρρς,

2179 1077 2412 1142 ἐκεῖνος
2448 1073 2812 1144 ἐξηγήσατο,
2846 1075 3010 1143 φησὶν
3057 1074 3084 1124 6
3129 1070 3538 1139 Εὒαγγελιστὴς
3561 1067 3746 1120 Ἰωάνο

2179 1187 2298 1241 νης.
2339 1168 2415 1223 Τὰ
2441 1167 2510 1221 δὲ
2528 1168 2750 1236 ἀόρατα
2781 1166 2990 1232 αὑτοῦ,
3021 1165 3163 1219 κατὰ
3195 1164 3288 1217 τὸν
3319 1161 3592 1232 μακάριον
3616 1159 3753 1212 Παῦ-

2181 1263 2292 1329 λον,
2315 1262 2435 1318 ἀπὸ
2453 1261 2703 1326 κτίσεως
2729 1259 2838 1313 τοῦ
2861 1259 3092 1328 κόσμου
3117 1255 3242 1322 τοῖς
3267 1254 3559 1325 ποιήμασι
3582 1255 3753 1308 νοού-

2177 1370 2333 1426 μενα
2357 1351 2692 1422 καθορᾶται.
2737 1353 2846 1406 Καὶ
2879 1353 2907 1406 6
2959 1349 3134 1419 μέγας
3163 1348 3466 1412 Βασίλειος,
3497 1345 3620 1405 κατ’
3653 1345 3757 1398 Εὐ-

2181 1446 2366 1517 νομίου
2400 1444 2822 1515 ἀγωνιζόμενος,
2851 1442 2995 1496 οὕτω
3015 1443 3159 1509 λέγει
3197 1440 3272 1512 ('5)
3300 1457 3314 1472 ’
3345 1439 3524 1506 Εἰκὸς
3563 1438 3757 1507 αὐτὴν

2177 1540 2294 1610 μὲν
2329 1539 2444 1609 τὴν
2474 1543 2693 1595 οὐσίαν
2722 1539 3086 1607 ἀπερίοπτον
3107 1533 3262 1591 εἶναι
3295 1535 3498 1599 παντί,
3521 1534 3690 1600 πλὴν
3715 1535 3750 1600 ἢ

2180 1632 2262 1696 τῷ
2285 1631 2718 1700 Μονογενεῒκαὶ
2756 1629 2836 1695 τῷ
2868 1630 3015 1699 ἁγίῳ
3048 1630 3378 1696 Πνεύματι,
3411 1627 3482 1681 ἐκ
3529 1627 3597 1678 δὲ
3638 1627 3758 1678 τῶν

511 1714 905 1780 operationibus
931 1714 1125 1768 animis
1155 1716 1511 1784 assurgentes,
1558 1724 1948 1784 auctoremque,
1986 1729 2080 1783 per

520 1820 573 1824 __
616 1819 722 1824 __,_
757 1803 896 1824 l,,-‘_
933 1813 1050 1824 -_.-_.
1115 1803 1459 1824 ΞηιΑΙΙΣ---.ι--
1527 1804 1670 1824 2113---
1726 1801 1973 1824 Ι.-μ3ι-ι2,
2023 1817 2079 1824 _-

2197 1720 2494 1792 ἐνεργειῶν
2523 1722 2627 1776 τοῦ
2677 1720 2827 1776 Θεοῦ
2853 1721 3264 1790 ἀναγομένους
3293 1719 3478 1787 ἡμᾶς,
3513 1717 3613 1770 καί
3661 1716 3761 1769 διὰ

513 1896 790 1963 sapientia
817 1911 970 1949 sensu
1016 1894 1322 1948 imbuimur.
1361 1893 1428 1946 Id
1483 1895 1620 1948 enim
1666 1902 1762 1956 est,
1803 1893 1942 1961 quod
1985 1893 2082 1946 Dei

513 1995 697 2042 uotum
733 1987 1011 2057 est,_quod.
1035 1987 1236 2047 cunctis
1269 1985 1566 2039 hominibus
1608 1985 1744 2038 Deus
1776 1985 2084 2056 manifesta-

515 2079 610 2133 νει.
645 2077 776 2139 Item
835 2087 1058 2132 sanctus
1091 2075 1360 2132 Maximus
1409 2075 1462 2128 in
1509 2075 1677 2145 capit.
1730 2072 1802 2126 De
1833 2074 2027 2129 charit.
2068 2091 2082 2126 :

514 2170 650 2226 Cum
683 2172 747 2225 de
779 2169 884 2225 Deo
917 2171 1284 2238 disputaturus
1313 2171 1408 2233 sis,
1440 2183 1531 2222 seu
1574 2183 1692 2220 eum
1733 2166 2082 2236 cogitaturus,

515 2280 580 2320 ne
607 2265 751 2333 ipsas
772 2263 886 2332 ejus
914 2267 1146 2316 rationes
1171 2260 1473 2332 quasieris,‘
1506 2275 1610 2313 non
1633 2260 1774 2312 enim
1802 2274 1946 2314 mens
1985 2259 2086 2311 Itu-

516 2371 678 2412 mana
725 2353 976 2412 invenire,
1002 2351 1268 2420 potuerit;
1311 2359 1365 2404 at
1419 2363 1583 2414 neque
1642 2345 1870 2400 aliorum
1905 2345 2088 2412 cujus-

515 2463 699 2515 quam,
734 2460 852 2514 quat
889 2461 922 2498 tt
951 2442 1060 2498 Deo
1091 2441 1515 2506 secundasunt;
1548 2440 1637 2494 sed
1670 2454 1758 2492 eas
1790 2438 2083 2502 considera,

516 2538 691 2608 quoad
739 2552 832 2606 per
859 2537 1171 2605 facultatem
1206 2535 1347 2598 licet,
1373 2548 1491 2602 qua
1526 2541 1648 2586 sunt
1681 2531 1824 2585 circa
1868 2531 2041 2600 ipsum
2069 2568 2085 2594 ,

518 2629 832 2687 ieiunitatis
860 2626 1080 2692 scilicet,
1113 2626 1422 2696 inﬁnitatis,
1463 2623 1853 2687 itumensitatis,
1884 2622 2090 2676 bonita-

519 2724 588 2776 tis
621 2737 684 2774 ας
731 2720 1037 2789 sapientiae,
1086 2718 1336 2786 potentia:
1381 2717 1525 2779 item,
1573 2733 1677 2783 qua
1713 2715 1956 2769 conditor
1987 2722 2085 2778 est,

517 2831 624 2886 qua
653 2814 910 2883 providet,
945 2829 1053 2883 qua
1075 2811 1248 2882 ,ἱμάτια
1273 2811 1504 2865 exsistit.
1540 2807 1635 2863 Hic
1667 2809 1806 2864 enim
1833 2809 1971 2861 inter
1997 2807 2086 2860 hoc

517 2909 687 2964 mines
735 2923 955 2978 magnus
993 2906 1268 2976 theologus
1317 2913 1419 2970 est,
1471 2905 1562 2975 qui
1593 2904 1670 2958 vel
1697 2905 1954 2972 tantisper
1996 2904 2093 2957 lto-

519 3015 638 3062 rum
666 3002 809 3069 ipsas
846 3001 1076 3059 rationes
1099 2998 1391 3052 adinvenit.

591 3091 882 3155 Caeterum,
908 3088 1145 3158 quodne
1173 3088 1382 3144 horum.
1408 3086 1624 3156 quidem
1666 3089 1903 3142 rationes
1945 3101 2095 3142 mens
2119 3087 2165 3150 C

521 3183 763 3240 humana
824 3180 1290 3246 comprehendere
1344 3182 1542 3247 valeat,
1597 3182 1684 3235 hic
1739 3197 1956 3252 quoque
2014 3183 2098 3235 vir

523 3283 750 3332 sanctus
783 3273 1117 3340 declaravit;
1150 3274 1202 3328 in
1231 3272 1552 3341 theologicis
1585 3287 1710 3328 vero
1754 3276 1867 3343 ipse
1894 3273 2096 3328 clarius

527 3370 707 3434 docet,
740 3368 864 3422 dum
907 3368 982 3422 ait
1015 3383 1030 3421 :
1070 3364 1241 3421 Unum
1283 3374 1359 3420 est
1391 3373 1801 3436 superatternum
1830 3375 1876 3418 et
1912 3380 2099 3431 super-

526 3461 803 3518 essentiaie
853 3462 1069 3524 bonum,
1114 3470 1304 3514 sancta
1354 3459 1492 3511 trine
1538 3458 1826 3510 subsistens
1886 3454 2098 3521 Unitas,

526 3552 690 3616 Pater
722 3563 769 3606 et
805 3550 979 3608 Filius
1021 3559 1072 3605 et
1108 3551 1340 3620 Spiritus
1381 3557 1621 3611 sanctus,
1657 3553 1814 3602 trium
1860 3549 2101 3617 inﬁnito-

529 3661 648 3700 rum
679 3645 891 3715 inﬁnita
940 3653 1150 3700 natura
1176 3644 1476 3714 conjunctio
1505 3659 1569 3698 ac
1597 3643 1750 3714 quasi
1799 3641 2060 3694 concretio
2084 3656 2104 3704 ,°

530 3739 645 3804 ipsa
678 3736 963 3806 ejusmodi,
1007 3746 1063 3790 ut
1092 3735 1206 3805 ejus
1243 3735 1384 3806 quod
1417 3742 1494 3788 est
1531 3749 1662 3797 esse,
1707 3742 1754 3786 et
1787 3733 1864 3786 sic
1895 3747 2027 3794 esse,
2056 3737 2106 3783 et

531 3831 658 3900 quid
687 3843 750 3884 ac
771 3828 924 3898 quale
957 3844 1091 3891 esse,
1121 3829 1444 3881 inaccessam
1490 3840 1708 3892 prorsus
1741 3824 1891 3876 rebus
1936 3823 2107 3874 ratio-

533 3936 651 3976 nem
681 3920 886 3976 habeat.
925 3917 1089 3989 Fugit
1118 3919 1255 3974 enim
1287 3931 1492 3972 omnem
1526 3917 1774 3969 mentium
1800 3914 2107 3981 cogitatum,

437 4085 444 4091 ι
533 4029 661 4085 qua:
687 4011 939 4066 naturali.
969 4027 1068 4065 sua
1119 4009 1328 4064 occulta
1377 4008 1666 4062 intimitate
1697 4003 1845 4057 nulla
1871 4017 2106 4068 unquam

536 4107 742 4158 ratione
764 4104 1005 4168 excedat,
1029 4103 1272 4171 omnique
1301 4100 1534 4154 omnium
1569 4097 1880 4152 notitiarum
1912 4093 2110 4148 notitiis

535 4193 739 4264 inﬁnite
760 4195 1008 4248 emineat.
1048 4189 1148 4252 llic
1189 4190 1394 4256 itaque,
1425 4187 1621 4241 nedum
1666 4183 1796 4254 quid
1843 4182 1987 4238 Deus
2019 4183 2109 4248 sit,

535 4302 795 4340 arcanum
839 4299 1060 4355 prorsus
1115 4296 1178 4337 ac
1227 4282 1562 4337 inaccessum
1616 4281 1868 4346 aﬂirmat,
1920 4294 2112 4334 verum

537 4381 702 4432 etiam
746 4393 868 4447 qua:
897 4378 1039 4430 circa
1066 4375 1186 4446 ejus
1214 4377 1462 4429 naturam
1503 4375 1791 4430 exsistunt.
1836 4373 2111 4444 Quidquid

536 4474 682 4529 enin
736 4473 788 4524 in
845 4469 954 4524 Deo
981 4484 1102 4523 esse
1145 4467 1381 4528 dicatur,
1415 4482 1478 4521 ac
1513 4467 1595 4522 vel
1646 4466 1710 4521 ad
1763 4466 1818 4521 id
1853 4455 1994 4534 quod
2029 4474 2113 4520 est

537 4580 679 4628 esse,
712 4573 808 4620 aut
861 4563 991 4634 quid
1023 4577 1160 4626 esse,
1199 4571 1296 4618 aut
1342 4563 1610 4632 quomodo
1657 4560 1960 4630 qualiterve
1993 4571 2114 4613 esse

541 4657 828 4721 referatur,
855 4658 1054 4712 nedum
1090 4655 1229 4726 quod
1261 4657 1389 4724 quid
1418 4665 1503 4711 est
1527 4670 1650 4710 esse
1668 4654 1905 4724 ‘ejusque
1927 4667 2114 4708 esseno

542 4749 630 4801 tiae
661 4749 803 4802 ratio
835 4745 1128 4808 ineﬂ'abilis
1154 4755 1208 4802 et
1251 4761 1451 4801 arcana
1481 4747 1747 4817 nobisque
1777 4747 1956 4816 ignota
1989 4756 2068 4801 est
2096 4789 2113 4814 ,

541 4841 636 4895 sed
686 4850 739 4894 et
792 4841 964 4909 ipsum
1014 4854 1158 4896 esse.
1207 4839 1528 4910 Quanquam
1579 4842 1726 4894 enim
1782 4840 1944 4894 Deum
1991 4855 2116 4896 esse

545 4939 791 4992 novimus
813 4989 828 5011 ,
878 4937 982 4991 hoc
1013 4936 1184 4990 solum
1217 4934 1612 5005 signiﬁcamus,
1641 4947 1765 4988 esse
1797 4949 1921 4987 eum
1955 4944 2113 5000 vere;

545 5043 647 5082 non
675 5029 801 5081 item
842 5027 1099 5096 quidnam
1143 5027 1214 5080 sit
1251 5012 1727 5094 t'cprtescntamus.
1761 5023 1936 5078 Simili
1983 5037 2118 5092 quo-

545 5136 648 5182 quo
694 5121 929 5185 ratione,
974 5133 1211 5187 quonam
1259 5119 1420 5173 modo
1467 5119 1557 5184 sit,
1609 5117 1942 5189 ignoramus.
2003 5115 2115 5172 Etsi

545 5211 687 5263 enim
740 5210 948 5265 scimus
983 5224 1104 5263 csse
1149 5205 1364 5264 Patrem
1417 5217 1471 5264 et
1510 5208 1705 5262 Filium
1753 5216 1808 5263 et
1857 5206 2117 5277 Spiritum

413 1811 422 1817 ‘
512 1820 573 1857 ea
605 1819 723 1874 quat
751 1803 898 1873 facta
926 1813 1074 1867 sunt,
1113 1803 1482 1874 intelligentes,
1524 1804 1670 1856 illius
1722 1801 1973 1856 bonitatis
2016 1817 2079 1854 ac

2197 1815 2300 1871 τῶν
2324 1815 2665 1883 ποιημάτων
2682 1813 2788 1865 τόν
2807 1811 3066 1878 ποιητὴν
3087 1811 3469 1876 ἐννοοῦντας.
3487 1809 3598 1876 τῆς
3617 1809 3761 1875 dra—

2183 1909 2432 1975 θότητος
2456 1904 2641 1958 αὑτοῦ
2673 1904 2771 1957 καί
2801 1903 2912 1969 τῆς
2937 1904 3160 1972 σοφίας
3189 1901 3520 1970 λαμϐάνειν
3543 1899 3760 1964 ατσθη-

2183 2014 2308 2052 σιν.
2348 1997 2526 2052 Τοῦτο
2553 1995 2663 2064 γάρ
2690 1997 2821 2048 ἐστι
2853 1994 2921 2047 τὸ
2953 1991 3226 2063 γνωστὸν
3253 1991 3360 2045 τοῦ
3387 1991 3557 2052 Θεοῦ,
3587 1990 3617 2043 ὃ
3649 1989 3764 2044 πᾶα

2183 2105 2288 2144 σιν
2324 2089 2655 2158 ἀνθρώποις
2679 2087 3079 2156 ἐφανέρωσεν.
3119 2085 3225 2139 Καὶ
3260 2087 3288 2138 ὁ
3322 2083 3477 2152 ἆγιος
3503 2081 3759 2151 Μάξιμος

2187 2182 2242 2232 ἐν
2269 2180 2384 2242 τοῖς
2433 2179 2561 2248 περὶ
2591 2176 2842 2246 Ἀγάπης
2884 2174 3204 2244 κεφαλαίοις
3244 2173 3321 2244 (4)
3352 2173 3510 2243 φησὶ,
3546 2175 3764 2224 630.10—

2186 2271 2316 2342 νεῖν
2344 2270 2609 2339 μέλλων,
2652 2268 2738 2338 μὴ
2789 2266 2933 2334 τοὺς
2961 2267 3090 2320 κατ’
3122 2265 3310 2319 αὐτὸν
3356 2262 3623 2331 ζητήσῃς
3659 2264 3766 2316 ,ιό-

2187 2380 2366 2434 γους·
2424 2363 2497 2416 οὺ
2521 2361 2606 2431 μὴ
2639 2361 2752 2429 γὰρ
2794 2360 2939 2429 εῢρῃ
2970 2357 3342 2428 ἀνθρώπινος
3389 2356 3570 2420 νοῦς’
3627 2354 3768 2409 ἀλλ’

2187 2453 2335 2510 οὐδὲ
2369 2453 2564 2508 ἄλλου
2597 2451 2760 2517 τινὸς
2810 2448 2929 2504 τῶν
2980 2450 3132 2520 μετὰ
3183 2449 3370 2504 Θεόν·
3404 2446 3566 2502 ἀλλὰ
3620 2444 3766 2510 τοὺς

2169 2547 2323 2615 ,περὶ
2363 2547 2550 2602 αὐτὸν
2596 2546 2677 2609 ὡς
2713 2539 2844 2598 οἶόν
2899 2560 2963 2596 τε
3016 2543 3368 2596 διασκόπει·
3430 2534 3561 2593 οἷον
3625 2537 3768 2602 τοὺς

2190 2639 2320 2707 περὶ
2384 2637 2718 2704 ἀῑδιότητος
2747 2674 2762 2700 ,
2825 2633 3099 2702 ἀπειρίας
3143 2649 3209 2686 τε
3273 2631 3370 2684 καί
3413 2629 3772 2697 ἀοριστίας,

2189 2731 2555 2802 ἀγαθότητός
2591 2745 2658 2782 τε
2703 2727 2801 2781 καί
2830 2729 3087 2796 σοφίας,
3127 2724 3439 2791 δυνάμεως
3486 2723 3767 2790 δημιουρ-

2189 2822 2442 2896 τητικῆς
2496 2839 2562 2876 τε
2617 2822 2718 2875 καί
2765 2817 3171 2890 προνοητικῆς
3197 2817 3296 2871 καί
3329 2816 3599 2885 κριτικῆς
3649 2814 3769 2867 τῶν

2192 2915 2402 2970 ὄντων.
2424 2908 2614 2978 Οὗτος
2645 2911 2754 2981 γὰρ
2769 2911 2839 2964 ἐν
2868 2907 3209 2976 ἀνθρώποις
3236 2905 3424 2976 μέγας
3455 2907 3769 2974 θεολόγος,

2192 3009 2226 3060 ό
2253 3008 2480 3061 τούτων
2507 3003 2648 3070 τοὺς
2677 3003 2895 3072 λόγους
2924 3001 3026 3056 καί
3055 3015 3170 3064 πως
3198 2998 3593 3065 ἐξευρίσκων.

2281 3098 2419 3151 Ἀλλ’
2449 3097 2530 3150 ὅτι
2568 3095 2666 3166 μὲν
2703 3093 2826 3146 οὐδὲ
2858 3092 3063 3146 τούτων
3109 3093 3236 3154 τοὺς
3279 3089 3470 3158 λόγους
3507 3091 3534 3142 6
3564 3087 3772 3158 ἀνθρὼ-

2202 3210 2353 3255 πινος
2383 3191 2507 3253 νοῦς
2534 3188 2859 3243 καταλαϐεῖν
2891 3185 3156 3255 ὲξισχύει,
3183 3183 3277 3238 καὶ
3304 3183 3537 3236 ἐνταῦθα
3577 3183 3774 3252 ἐδήλω-

2205 3300 2328 3338 σεν’
2387 3284 2443 3334 ὲν
2487 3282 2544 3335 δὲ
2579 3285 2691 3344 τοῖς
2735 3279 3066 3345 θεολογικοίς
3117 3276 3502 3346 καθαρώτερον
3535 3277 3562 3328 ὁ
3612 3273 3774 3333 αὐτὸς

2201 3377 2461 3438 διδάσκει,
2491 3374 2662 3440 λέγων
2695 3374 2772 3443 (5)
2790 3387 2804 3402 ⁸
2838 3372 2950 3426 Ἔν
2977 3372 3107 3425 ἐστι
3135 3368 3200 3423 τὸ
3230 3367 3653 3438 ὐπεράναρχον
3676 3367 3773 3420 καί

2202 3468 2573 3536 ὐπερούσιον
2621 3464 2879 3532 ἀγαθὸν,
2915 3465 2952 3531 ἡ
2983 3463 3122 3531 ἁγία
3151 3461 3250 3515 καί
3297 3445 3777 3527 τρισυπόστατος

2199 3558 2424 3632 por-dt,"
2457 3557 2660 3626 Πατὴρ
2691 3555 2790 3611 καὶ
2823 3555 2958 3621 mc
2982 3554 3080 3608 καὶ
3105 3553 3277 3622 ἅγιον
3303 3551 3567 3620 Πνεῦμα,
3603 3548 3776 3618 τριῶν

2206 3652 2464 3720 ἀπείρων
2477 3649 2720 3718 ἄπειρος
2737 3647 3029 3717 συμφυταο
3049 3645 3157 3699 τόν
3176 3662 3238 3699 τε
3253 3645 3359 3698 τοῦ
3374 3640 3527 3698 εἶναι
3545 3641 3778 3708 καὶπῶς

2206 3740 2359 3798 εἶναι
2375 3741 2474 3796 καὶ
2492 3743 2549 3796 τί
2562 3742 2658 3795 καί
2680 3739 2888 3795 ὁποῖον
2908 3733 3059 3792 εἶναι
3073 3739 3259 3807 λόγον
3277 3735 3530 3806 πάμπαν
3542 3733 3666 3800 τοῖς
3682 3727 3780 3787 οὗ·

2208 3851 2315 3890 σιν
2338 3833 2558 3888 ἄϐατον
2591 3833 2841 3902 ἔχουσα.
2863 3828 3080 3886 Πᾶσαν
3103 3829 3211 3899 γὰρ
3231 3828 3536 3898 διαφεύγει
3563 3828 3778 3893 νόησιν

2209 3927 2330 3981 τῶν
2344 3927 2668 3990 νοούντων,
2696 3923 2807 3993 τῆς
2834 3923 2986 3978 κατὰ
3013 3923 3204 3992 φύσιν
3228 3918 3502 3990 οὐδαμῶς
3524 3917 3778 3987 κρυφιας

2209 4017 2527 4085 ἐνδότητος
2559 4014 2830 4082 ἐξιοῦσα,
2875 4014 2970 4068 καί
3011 4011 3216 4081 πάσης
3254 4010 3469 4066 πασῶν
3499 4009 3779 4080 τνώσεων

2211 4109 2465 4177 ἀπείρως
2521 4107 3002 4176 ὑπερεκτείνεται
3057 4103 3358 4173 γνώσεως.
3406 4100 3673 4156 Ἐνταῦθα
3719 4098 3777 4152 οὒ

2217 4201 2377 4270 μόνον
2403 4198 2462 4252 τὺ
2487 4196 2540 4251 τί
2563 4199 2711 4251 ἐστιν
2733 4200 2761 4251 6
2782 4195 2915 4261 Θεὸς
2942 4195 3184 4268 ἇῤῥητον
3206 4191 3488 4256 παντελῶς
3513 4186 3659 4245 εἶναι
3688 4189 3779 4242 καὶ

2216 4290 2416 4343 ἄϐατον
2470 4289 2644 4358 λέγει,
2695 4287 2832 4342 ἀλλὰ
2865 4287 2960 4341 καὶ
2991 4287 3059 4340 τὰ
3108 4285 3238 4353 περὶ
3267 4285 3366 4356 τὴν
3389 4282 3553 4353 φύσιν
3592 4278 3778 4335 αὑτοῦ.

2219 4383 2327 4435 Καὶ
2360 4380 2470 4453 γὰρ
2499 4382 2606 4434 πᾶν
2639 4381 2776 4452 ὅπερ
2799 4379 2866 4434 ἂν
2914 4381 2971 4432 ἐν
3023 4377 3100 4449 τῷ
3126 4376 3247 4447 Θεῷ
3281 4374 3424 4430 εἶναι
3469 4374 3719 4444 λέγηται,
3747 4370 3778 4439 ἢ

2219 4475 2298 4536 είς
2324 4475 2415 4528 τὸν
2443 4471 2538 4527 τοῦ
2569 4469 2710 4526 εἶναι
2741 4473 2901 4541 λόγον
2934 4471 3364 4542 ἀναφερόμενον,
3398 4469 3433 4538 ἢ
3462 4469 3542 4530 είς
3572 4465 3664 4520 τὸν
3689 4461 3781 4516 τοῦ

2217 4567 2271 4620 τί
2306 4561 2464 4632 εἶναι,
2499 4565 2533 4636 ἦ
2563 4567 2642 4629 είς
2667 4566 2761 4618 τὸν
2789 4564 2881 4618 τοῦ
2921 4564 3038 4627 πῶς
3071 4556 3214 4615 εἶναι
3236 4603 3251 4628 ,
3283 4561 3342 4614 οὐ
3371 4560 3531 4629 μόνον
3559 4558 3587 4611 6
3616 4555 3708 4610 τοῦ
3730 4553 3780 4606 τί

2219 4653 2360 4711 εἶναι
2387 4656 2600 4725 καὶτῆς
2631 4655 2820 4718 οὐσίας
2850 4653 3015 4708 αὐτοῦ
3043 4654 3198 4722 λόγος
3227 4651 3280 4706 τί
3303 4652 3452 4704 ἐστιν
3469 4646 3778 4716 ἀνέκφορος,

2221 4751 2317 4804 καὶ
2349 4749 2588 4820 ἄρρητος
2623 4746 2719 4800 καὶ
2740 4746 3105 4816 ἀγνοούμενος
3134 4746 3269 4815 ἡμῖν
3297 4745 3468 4807 ἐστιν,
3493 4739 3630 4794 ἀλλὰ
3652 4738 3737 4791 καὶ
3754 4736 3781 4787 6

2221 4840 2314 4894 τοῦ
2350 4835 2512 4893 εἶναι.
2549 4839 2611 4891 Ei
2640 4838 2750 4908 γὰρ
2795 4837 2890 4890 καὶ
2942 4836 3104 4906 ἴσμεν
3155 4836 3238 4889 ὅτι
3295 4835 3484 4904 Πατήρ
3541 4833 3657 4884 ἔστι
3695 4829 3780 4882 καὶ

2222 4933 2351 4995 Υἱὸς
2401 4936 2494 4985 καὶ
2537 4931 2692 5000 ἅγιον
2744 4929 2990 4999 Πνεῦμα,
3018 4927 3157 4980 ἀλλὰ
3198 4927 3316 4990 πῶς
3342 4926 3503 4981 τοῦτό
3529 4927 3664 4988 ἐστι,
3695 4918 3782 4973 καὶ

2224 5024 2445 5092 ποταπὴ
2474 5025 2506 5094 ἠ
2542 5023 2823 5094 Πατρὸτης
2854 5024 2945 5074 καὶ
2976 5023 3174 5091 Υίὸτης
3218 5023 3312 5074 καὶ
3348 5020 3381 5091 ἠ
3433 5015 3783 5083 Ἐκπόρευσξς

2223 5115 2372 5168 ἐστιν
2403 5117 2538 5178 ὲκετ,
2588 5113 2913 5184 ἀγνοοῦμεν.
2951 5113 3086 5168 Οὐδὲ
3141 5111 3360 5183 δηλοῦσι
3387 5110 3562 5162 ταῦτα
3591 5108 3642 5159 τί
3675 5108 3782 5156 ἐστι

2227 5207 2348 5262 κατ’
2377 5207 2566 5260 οὐσίαν
2596 5208 2622 5258 ὁ
2655 5206 2810 5270 Θεός.
2847 5206 2916 5260 Τὸ
2941 5207 3052 5273 γὰρ
3067 5204 3364 5274 γεννητὸν
3400 5201 3499 5255 καὶ
3529 5200 3594 5254 τὸ
3621 5196 3785 5266 ἀγέν-

546 5315 818 5368 sanctum,
873 5317 1113 5370 quonam
1150 5309 1330 5362 tamen
1386 5299 1439 5354 id
1485 5303 1643 5355 modo
1698 5299 1789 5364 sit,
1828 5313 1892 5353 ac
1948 5299 2091 5368 quali

2227 5313 2412 5365 νητον
2435 5298 2534 5353 καὶ
2588 5297 2655 5351 τὸ
2695 5298 3062 5367 ἐκπορευτὸν
3108 5297 3239 5366 περί
3299 5292 3415 5364 τὴν
3463 5295 3671 5364 φύσιν,
3717 5288 3784 5342 οὺ

619 5493 822 5546 ⁸]οςιιι.
854 5506 891 5555 1,
942 5489 1030 5545 18.
1108 5494 1128 5522 9
1167 5492 1326 5546 Rom.
1385 5505 1422 5551 1,
1448 5487 1541 5540 20.

617 5681 690 5748 (5)
727 5683 874 5736 Lilir.
916 5695 1140 5737 Icontra
1177 5677 1518 5738 Ennomium,
1549 5690 1600 5742 [ι.
1639 5673 1752 5735 Ξίῦη

624 5753 698 5811 iri;
729 5754 882 5811 Cant.
921 5769 980 5817 tt,
1012 5770 1059 5805 (:.
1081 5753 1170 5802 27.

1139 5827 1149 5844 \

2308 5677 2382 5744 (ὕ)
2409 5677 2563 5732 (cui.
2598 5671 2991 5744 toxquinque,
3032 5689 3083 5723 ς.
3121 5671 3169 5723 1.
