4036 6262
335 274 440 335 437

1287 285 1384 344 DE
1422 287 1848 350 PRINCIPIIS
1888 289 2097 351 FlDEl
2137 291 2612 360 CATHOLH‘JE.

3451 305 3563 371 438

333 389 515 442 ταῦτα
537 388 748 457 φύσις,
767 390 842 454 ὡς
866 391 1165 464 Γρηγόριος
1189 396 1489 468 ὁΘεολόγος
1515 400 1648 470 φησί
1665 401 1762 469 (ϐ).
1788 401 1892 456 Καὶ

2001 403 2112 460 illic
2148 408 2448 474 pateruitas
2477 409 2797 478 tllieitasque
2831 417 2883 464 et
2934 413 3234 479 processio,
3273 415 3564 470 nescimus.

333 482 413 533 ὃτι
465 482 564 550 μέν
599 481 750 534 ἐστιν
801 484 830 537 6
861 483 993 548 Θεὸς
1045 487 1078 557 ἢ
1133 489 1295 558 σοφὸς
1348 491 1380 560 ἢ
1423 492 1649 560 ἀγαθὸς,
1701 492 1890 561 ῐσμενα

330 571 509 623 ὁποῖον
537 572 591 624 δέ
623 574 676 626 τί
707 573 858 627 ἐστιν
887 576 1007 629 ἐκεῖ
1038 577 1096 630 τὸ
1139 580 1302 647 σοφὸν
1342 582 1520 635 ἐκεῖνο
1549 583 1643 636 καὶ
1667 584 1893 650 ἀγαθὸν,

329 660 630 731 ἀγνοοῦμεν
659 680 673 694 ·
709 666 892 730 καλῶς
929 668 1036 735 ἄρα
1067 671 1094 720 6
1122 670 1276 738 ἅγιος
1309 673 1385 742 (7)
1410 673 1614 738 ἔλεγεν,
1643 674 1773 728 Ὅτι
1788 674 1895 729 τὸν

330 753 436 806 τοῦ
472 750 629 808 εἶναι
670 757 880 826 λόγον.
912 759 1010 813 καὶ
1040 759 1166 826 πῶς
1203 763 1300 816 καὶ
1334 764 1392 815 τι
1433 763 1533 818 καὶ
1569 765 1781 820 ὁποῖον
1815 749 1895 820 ἐτ-

328 863 448 910 ναι,
493 852 804 920 παντελῶς
848 853 974 918 τοῖς
1029 849 1211 910 οὖσιν
1265 855 1486 910 ἄϐατον
1511 858 1635 925 ἔχει
1674 859 1713 926 ἠ
1765 859 1894 914 θεία

327 939 514 1006 φύσις
540 941 766 1012 ἐκείνη.

1997 493 2137 560 Quin
2191 510 2258 551 ne
2307 497 2425 552 hac
2471 499 2714 568 quidem,
2766 501 2894 568 quid
2947 502 3093 557 Deus
3129 519 3221 572 per
3267 508 3561 560 essentiam

1997 591 2099 654 sit,
2153 590 2476 657 signiﬁcant.
2532 592 2831 663 Ingenilum
2889 598 3027 650 enim
3073 607 3130 662 et
3181 598 3442 667 genitura,
3497 617 3558 652 ac

1992 681 2133 749 quod
2193 685 2468 752 processit,
2523 687 2667 741 circa
2714 697 2983 752 naturam,
3043 690 3216 757 inquit
3271 691 3564 758 Gregorius

1996 771 2319 842 Theologus,
2363 790 2466 828 non
2496 784 2696 830 natura
2728 787 2872 831 sunt.
2903 778 2966 832 Et
2999 779 3211 847 quidem
3241 793 3361 833 esse
3394 777 3560 834 Deum

1994 859 2310 929 sapientem,
2337 877 2432 917 seu
2459 865 2678 931 bonum,
2701 867 2938 934 scimus;
2973 867 3227 935 quidnam
3261 883 3389 922 vero
3431 869 3560 924 illud

2003 949 2075 1005 ibi
2122 953 2338 1021 sapiens
2386 967 2451 1008 ac
2483 954 2682 1010 bonum
2738 957 2833 1022 sit,
2874 957 3165 1013 nescimus.
3219 957 3365 1012 Bene
3396 959 3561 1028 igitur

329 1035 545 1090 dicebat
590 1028 814 1092 sanctus
858 1038 947 1091 ille
997 1053 1156 1108 quem
1199 1039 1353 1094 retuli
1390 1057 1405 1096 :
1441 1040 1571 1107 Ejus
1603 1038 1742 1108 quod
1779 1047 1852 1094 est
1893 1054 2029 1106 esse,
2077 1051 2128 1095 et
2161 1043 2238 1096 sic
2279 1058 2410 1111 esse,
2463 1056 2510 1098 et
2549 1047 2676 1115 quid
2725 1064 2787 1101 ac
2856 1049 3010 1118 quale
3059 1066 3190 1116 esse,
3239 1051 3561 1105 inaccessam

319 1144 542 1197 prorsus
587 1131 837 1183 rationem
872 1130 1106 1184 divinam
1139 1130 1290 1184 illam
1310 1141 1559 1192 naturam
1588 1133 1801 1186 habere.

391 1223 509 1289 Τὴν
542 1223 710 1293 αὐτὴν
758 1218 851 1275 οὖν
910 1223 1106 1293 ἔχομεν
1159 1225 1359 1291 γνῶσιν
1397 1228 1527 1294 περ).
1558 1227 1656 1295 τῆς
1703 1226 1890 1289 οὐσξας

267 1336 269 1339 ·
317 1313 511 1370 αὑτοῦ.
558 1312 653 1364 καὶ
709 1313 838 1382 περὶ
900 1313 1007 1365 τῶν
1057 1315 1116 1365 ἐν
1174 1314 1321 1382 αὐτῷ
1380 1314 1614 1369 πάντων.
1675 1313 1737 1368 El
1781 1314 1889 1383 γὰρ

320 1403 424 1473 τὴν
485 1404 670 1457 οὐσίαν
734 1402 899 1458 αὑτοῦ
958 1406 1024 1457 τὰ
1077 1404 1319 1473 ὀνόματα
1376 1403 1748 1474 ὲσαφήνιζον,
1809 1404 1890 1458 sl-

323 1511 462 1548 πετο
517 1496 585 1548 ἃν
625 1497 715 1548 τὸν
769 1495 902 1548 Θεὸν
949 1496 1491 1550 πολυσυνθετώτατον
1542 1486 1704 1552 εἶναι.
1750 1496 1890 1562 Φησὶ

320 1587 437 1654 γὰρ
469 1589 498 1638 6
531 1585 672 1648 θεῖος
693 1586 970 1650 Βασίλειος
1000 1586 1122 1641 κατ’
1147 1576 1428 1656 Εὐνομίου’
1451 1589 1676 1657 γράφων
1701 1587 1798 1658 (8),
1831 1587 1892 1640 τὺ

313 1676 617 1745 ἀγέννητον
654 1677 905 1744 λέγοντος
931 1679 1031 1748 τὴν
1063 1679 1248 1732 οὐσίαν
1278 1675 1417 1732 εἶναι
1454 1679 1545 1733 τοῦ
1571 1678 1728 1741 Θεοῦ,
1760 1679 1890 1744 Πῶς

316 1769 392 1820 οὺ
421 1766 877 1835 καταγέλαστον
914 1768 980 1821 τὸ
1017 1769 1442 1836 δημιουργικὸν
1475 1767 1581 1821 τοῦ
1617 1767 1766 1820 Θεοῦ
1796 1768 1892 1819 οὑ-

1999 1783 2170 1837 nitum
2223 1784 2439 1840 doceret
2487 1799 2607 1840 esse

319 1858 473 1910 σίαν
519 1856 671 1912 εἶναι
711 1857 961 1926 λέγειν;
1003 1859 1069 1912 τὸ
1121 1859 1523 1926 προνοητικὸν
1571 1857 1760 1913 πάλιν
1797 1857 1896 1910 οὺ-

316 1952 492 2013 σίαν,
543 1950 639 2004 καὶ
672 1951 1042 2016 ἁπαξαπλῶς
1086 1949 1293 2005 πᾶσαν
1341 1951 1648 2019 ἐνέργειαν
1675 1947 1896 2001 οὐσίαν

315 2045 630 2106 τίθεσθαι;
663 2045 770 2096 Καὶ
801 2043 1102 2112 Γρηγόριος
1129 2046 1156 2096 6
1189 2043 1449 2110 Θεολὸγος
1479 2044 1538 2095 ἐν
1566 2043 1678 2104 τοῖς
1715 2040 1894 2093 θεολο-

315 2136 501 2200 γὶκοῖς
531 2133 699 2188 αὑτοῦ
734 2133 912 2201 λόγοις
941 2133 1017 2199 (9)
1051 2134 1237 2203 φησὶν,
1272 2135 1350 2188 Ἥ
1372 2133 1469 2186 καὶ
1498 2132 1564 2186 τὸ
1591 2132 1895 2187 ἀθάνατον

319 2227 422 2279 καὶ
463 2226 531 2279 τὸ
558 2225 792 2279 ἄκακον
816 2226 914 2279 καὶ
951 2227 1018 2280 τὸ
1051 2226 1466 2281 ἀναλλοίωτον
1509 2225 1691 2279 οὐσία
1723 2223 1889 2279 Θεοῦ.

337 2319 490 2375 Ἀλλ’
512 2320 565 2372 ει
601 2319 800 2380 τοῦτο,
837 2318 1058 2373 πολλαὶ
1084 2319 1285 2371 οὐσίαι
1307 2304 1560 2372 ἔσονται
1587 2315 1692 2370 τοῦ
1723 2313 1892 2378 Θεοῦ,

326 2409 425 2464 καὶ
464 2411 537 2462 οὐ
567 2411 694 2476 μία.
731 2406 1060 2476 Ἀνώνυμος
1078 2402 1192 2462 οὖν
1216 2407 1386 2460 ἐστιν
1419 2409 1451 2461 ὁ
1479 2406 1642 2471 Θεὸς,
1675 2405 1772 2459 καὶ
1795 2405 1897 2458 οὐ·

325 2501 431 2554 δὲν
460 2499 578 2553 τῶν
607 2502 735 2568 περὶ
775 2500 960 2556 αὐτοῦ
987 2499 1332 2567 λεγομένων
1360 2498 1418 2551 τί
1445 2498 1576 2552 ἐστι
1608 2495 1893 2566 παριστᾷ.

330 2596 410 2647 Οὐ
430 2597 544 2662 γὰρ
570 2593 638 2647 ἐκ
666 2593 787 2646 τῶν
813 2592 954 2646 κατ’»
981 2593 1189 2654 αὐτὸν,
1214 2591 1352 2645 ἀλλ’
1383 2590 1450 2644 ἐκ
1483 2589 1602 2644 τῶν
1631 2588 1765 2657 περὶ
1794 2590 1895 2642 αὐ-

326 2685 432 2737 τὸν
463 2683 826 2752 ὀνομάζεται.
857 2684 1054 2752 ἄλλης
1075 2683 1144 2748 ἐξ
1165 2683 1360 2738 ἄλλου
1387 2682 1724 2752 φαντασίας
1745 2684 1897 2735 συλ-

324 2762 653 2844 λεγομένῄς
683 2778 769 2839 είς
795 2775 866 2828 ἓν
898 2791 951 2828 τι
981 2773 1090 2842 τῆς
1119 2774 1408 2838 ἀληθείας
1442 2773 1722 2842 ινδαλμα,
1755 2770 1898 2825 κατὰ

323 2866 414 2918 τδν
458 2864 624 2918 αὑτὸν
674 2865 939 2932 Θεολόγον
1001 2865 1133 2936 (l0).
1163 2868 1246 2921 Οὐ
1275 2866 1384 2936 γὰρ
1419 2864 1655 2933 ἀφῆκεν
1681 2861 1838 2930 ἡμᾶς
1864 2865 1896 2916 d

325 2962 470 3026 Θεὸς
519 2961 590 3013 ἐν
631 2959 927 3013 παντελεῖ
943 2959 1212 3028 ἀγνωσία
1239 2958 1426 3013 αὑτοῦ
1460 2955 1588 3026 ζῇν,
1625 2955 1785 3021 ἀλλ’,
1821 2954 1896 3018 ὥς

2066 1231 2322 1288 Eamdem
2377 1237 2560 1306 itaque
2615 1238 2680 1292 de
2727 1238 2844 1307 ejus
2893 1239 3164 1304 essentia,
3207 1237 3385 1306 deque
3441 1236 3564 1292 aliis

1995 1325 2268 1390 omnibus,
2317 1343 2436 1397 quae
2470 1330 2523 1383 in
2581 1344 2646 1384 eo
2693 1320 2858 1395 sunt,
2893 1331 3154 1385 habemus
3186 1330 3466 1385 notitiam.
3503 1329 3559 1384 Si

1995 1418 2138 1472 enim
2171 1434 2289 1488 quae
2318 1421 2383 1474 de
2425 1421 2518 1475 illo
2548 1422 2802 1477 dicuntur
2848 1422 3089 1486 nomina,
3129 1422 3272 1477 illius
3321 1422 3559 1489 explica-

1996 1517 2119 1562 rent
2164 1513 2478 1574 essentiam,
2527 1511 2684 1581 plane
2720 1511 2870 1566 (ieret
2908 1510 3071 1566 Deum
3125 1511 3282 1578 longe
3311 1512 3557 1579 plurimis

1997 1601 2356 1667 compositum
2388 1617 2529 1657 esse.
2575 1604 2664 1657 Ait
2708 1603 2851 1656 enim
2901 1603 3116 1657 divinus
3147 1601 3396 1666 Basilius,
3432 1603 3566 1657 scri-

2000 1691 2132 1744 bens
2161 1691 2424 1746 adversus
2459 1691 2805 1758 Eunomiu-m,
2837 1693 2929 1762 qui
2969 1692 3058 1747 Dei
3089 1692 3380 1747 essentiam
3413 1693 3562 1762 inge-

2671 1802 2685 1838 :
2753 1785 2992 1850 Quonam
3047 1785 3208 1854 igitur
3252 1794 3408 1853 pacto
3459 1801 3561 1838 non

1996 1892 2209 1943 prorsus
2235 1876 2605 1941 deridiculum,
2637 1878 2774 1947 quod
2804 1877 3020 1932 creandi
3048 1879 3126 1932 vis
3153 1877 3394 1932 essentid
3413 1880 3562 1931 dica-

2000 1965 2122 2017 tur?
2150 1974 2242 2018 aut
2281 1966 2588 2033 providendi
2629 1969 2706 2020 vis
2735 1983 2919 2020 rursus
2952 1969 3175 2021 essentia
3203 2008 3218 2031 ,
3254 1984 3319 2020 ac
3350 1969 3560 2021 omnino

1996 2057 2072 2110 vis
2106 2057 2272 2111 omnis
2313 2066 2362 2111 et
2416 2059 2649 2128 operatio
2694 2060 2916 2113 essentia
2949 2060 3218 2128 ponatur?
3267 2058 3564 2130 Gregorius

1998 2147 2125 2200 item
2168 2146 2475 2216 Theologus
2522 2148 2873 2202 Orationibus
2915 2150 3028 2204 suis
3063 2148 3379 2218 theologicis
3433 2149 3510 2204 ait
3547 2167 3562 2202 :

1999 2237 2118 2294 Sive
2149 2239 2311 2293 etiam
2360 2239 2658 2293 immortale
2702 2257 2764 2293 ac
2794 2241 3006 2294 minime
3058 2241 3284 2302 malum,
3333 2257 3423 2295 nec
3462 2239 3564 2294 ulli

1997 2331 2212 2402 injuriis
2241 2331 2398 2386 ullire
2426 2333 2706 2385 mutationi
2736 2331 3016 2386 obnoxium
3057 2332 3156 2385 Dei
3195 2333 3441 2386 essentia.
3471 2332 3560 2396 At,

1996 2422 2044 2474 si
2083 2421 2177 2474 hoc
2207 2423 2412 2483 demus,
2453 2421 2630 2475 multa!
2665 2432 2813 2474 erunt
2854 2419 2952 2474 Dei
2994 2422 3256 2486 assentire,
3298 2437 3398 2475 non
3433 2437 3560 2476 una.

2002 2512 2139 2565 Deus
2174 2513 2348 2580 itaque
2380 2511 2779 2564 innominabilis
2817 2519 2916 2576 est,
2948 2527 3039 2564 nec
3070 2511 3322 2580 quidquid
3350 2511 3565 2564 dicatur

1998 2619 2176 2656 eorum
2227 2618 2345 2672 qua:
2390 2611 2512 2656 sunt
2546 2604 2688 2655 circa
2719 2603 2912 2671 ipsum,
2944 2618 3060 2655 eam
3099 2601 3228 2671 quid
3259 2604 3328 2656 sit
3369 2617 3562 2671 τερπω-

1998 2703 2188 2749 sentat.
2247 2693 2358 2748 Nec
2395 2695 2534 2747 enim
2565 2710 2631 2746 ea:
2677 2695 2787 2748 suis
2845 2694 2957 2763 ipse
2999 2695 3323 2758 nominatur,
3373 2693 3462 2746 sed
3499 2708 3565 2747 ea:

1998 2787 2061 2840 iis
2090 2801 2206 2854 qua:
2240 2795 2361 2840 sunt
2393 2787 2535 2839 circa
2565 2787 2759 2854 ipsum,
2795 2787 2870 2840 sic
2921 2786 3173 2840 nimirum
3220 2791 3276 2835 ut
3306 2783 3467 2836 aliam
3499 2798 3564 2836 ea;

1999 2876 2107 2929 alia
2130 2878 2347 2944 speciem
2382 2875 2712 2945 colligamus,
2755 2876 2823 2929 ad
2859 2891 3020 2927 unum
3061 2873 3325 2942 quoddam
3366 2873 3562 2924 verita-

1999 2967 2066 3018 tis
2101 2977 2254 3020 tenue
2296 2967 2666 3031 simulacrum,
2713 2975 2772 3020 ut
2805 2975 2996 3021 auctor
3018 2974 3104 3020 est
3155 2966 3293 3018 idem
3323 2963 3561 3017 Theolo-

324 3070 490 3120 φησιν
514 3053 542 3104 6
573 3053 637 3104 ὲκ
664 3050 954 3119 Δαμασκοῦ
981 3049 1227 3116 θεολόγος
1264 3048 1400 3119 (li),
1432 3049 1501 3100 δι’
1529 3047 1734 3116 ἄφατον
1758 3049 1892 3116 ἀγα-

1998 3072 2096 3127 gus
2128 3076 2141 3110 :
2185 3056 2304 3112 Non
2338 3059 2472 3114 enim
2506 3059 2707 3113 dimisit
2742 3058 2906 3122 Deus,
2949 3066 3004 3110 ut
3032 3057 3145 3124 eius
3178 3057 3389 3110 omnino
3414 3055 3559 3126 igne.

324 3144 524 3214 θότητα
555 3144 891 3211 εὐδόκησεν
910 3156 977 3195 εκ
1006 3142 1124 3195 τῶν
1145 3142 1272 3195 καθ’
1294 3139 1453 3210 ἡμᾶς
1476 3139 1890 3209 ὀνομάζεσθαι,

322 3235 421 3290 Ira
447 3236 535 3305 μὴ
569 3236 850 3305 ἀμέτοχοι
892 3233 1201 3301 παντελῶς
1236 3228 1394 3305 ὦμεν
1422 3233 1532 3303 τῆς
1561 3234 1746 3289 αὑτοῦ
1772 3231 1897 3286 ἐπι-

323 3327 622 3400 γνώσεως.

403 3504 627 3576 Ἐπειδὴ
661 3505 786 3576 γὰρ,
812 3504 886 3568 ὡς
914 3504 1146 3574 ἔφαμεν,
1205 3503 1292 3557 διὰ
1352 3503 1522 3573 μόνην
1577 3504 1892 3572 ἀγαθὸτητα

323 3596 411 3650 τὸν
439 3597 733 3665 σύμπαντα
755 3596 956 3664 κόσμον
980 3596 1449 3665 ἐδημιούργησεν,
1479 3594 1575 3648 καὶ
1613 3595 1766 3656 τέλος
1801 3595 1893 3647 τὸν

324 3694 610 3764 ἄνθρωπον
639 3693 764 3745 κατ’
787 3693 969 3745 εἰκόνα
994 3691 1190 3744 ἑαυτοῦ
1232 3693 1326 3744 καὶ
1353 3688 1613 3759 ὁμοίωσιν
1637 3688 1890 3751 ἔπλασεν,

325 3786 691 3856 ὡςήπαλαιὰ
727 3787 966 3837 διδάσκει
1025 3785 1237 3853 Γραφὴ,
1300 3784 1386 3836 ἵνα
1444 3783 1550 3836 τῶν
1599 3781 1893 3852 ὁρωμένων

325 3881 544 3931 πάντων
597 3879 741 3948 ἄρχῃ
805 3873 1144 3946 κτισμάτων,
1197 3875 1278 3928 διὸ
1310 3874 1402 3928 καὶ
1460 3873 1676 3939 λογικὸν
1731 3873 1892 3926 αὑτὸν

325 3971 524 4024 ἔπλασε
544 3986 557 3998 '
592 3969 870 4037 δυνάμεθα
906 3969 1042 4039 αὐτῇ
1076 3969 1143 4036 τῇ
1174 3966 1402 4035 δυνάμει
1432 3963 1526 4018 τοῦ
1557 3965 1716 4032 λόγου
1747 3966 1890 4034 χρώ-

327 4080 498 4131 μενοι,
531 4061 598 4132 ἢν
649 4062 780 4130 ἡμῖν
815 4060 1070 4129 ἐνέθηκεν
1124 4061 1151 4110 6
1181 4058 1336 4120 Θεὸς,
1385 4055 1483 4126 τὴν
1527 4055 1684 4119 δόξαν
1723 4053 1889 4108 αὐτοῦ

325 4153 418 4205 καὶ
453 4151 723 4220 ὑμνῳδίαν
749 4151 856 4202 ἀπὸ
885 4151 993 4202 τῶν
1008 4149 1303 4218 ὁρωμένων
1333 4147 1767 4215 συλλογίζεσθαι,
1801 4146 1892 4198 καὶ

325 4246 495 4312 τούτῳ
519 4243 596 4311 τῷ
616 4243 802 4312 τρόπῳ
843 4241 1050 4294 ἔννοιάν
1080 4257 1202 4292 τινα
1241 4240 1369 4309 περὶ
1397 4239 1534 4290 Θεοῦ
1566 4239 1885 4307 λαμϐάνειν.

326 4338 433 4388 Καὶ
463 4337 572 4405 γὰρ
598 4332 660 4386 τὸ
714 4333 1000 4402 μεγαλεῖον
1052 4333 1151 4401 τῆς
1186 4331 1333 4392 θείας
1385 4330 1601 4398 φύσεως
1631 4332 1657 4382 6
1689 4331 1891 4397 κόσμος

1998 3148 2174 3202 rentia
2223 3148 2524 3204 laborantes
2578 3151 2736 3203 vitam
2789 3165 3083 3219 ageremus,
3125 3165 3325 3212 verum,
3385 3157 3442 3200 ut
3488 3148 3562 3200 ait

1996 3237 2362 3297 Damascenus
2408 3235 2687 3312 theologus
2739 3243 2882 3312 (quae
2921 3242 3040 3314 ejus
3071 3241 3358 3296 iueﬂ'abilis
3404 3239 3559 3292 boni-

1999 3340 2080 3385 tas
2107 3335 2212 3399 εει)
2241 3334 2438 3400 placuit
2474 3333 2555 3387 illi
2585 3351 2649 3388 ea:
2671 3333 2737 3388 iis
2762 3350 2878 3404 qua:
2901 3343 3080 3388 nostra
3109 3343 3230 3386 sunt
3266 3330 3558 3392 nominari,

1996 3443 2060 3480 ne
2087 3427 2248 3496 ipsius
2278 3427 2484 3494 penitus
2515 3427 2720 3479 notitia:
2743 3436 2982 3494 expertes
3006 3441 3255 3479 essemus.

2067 3519 2220 3583 Quod
2252 3519 2392 3570 enim
2444 3517 2521 3570 uti
2571 3517 2822 3579 diximus,
2876 3519 2987 3573 sola
3024 3518 3261 3571 bonitate
3300 3517 3557 3568 mundum

1995 3624 2208 3662 onmem
2241 3607 2514 3672 condidit,
2549 3623 2612 3662 ac
2644 3617 2920 3684 postremo
2952 3608 3245 3673 hominem,
3293 3608 3370 3660 uti
3412 3617 3563 3661 vetus

1997 3700 2276 3768 Scriptura
2323 3699 2505 3761 docet,
2555 3706 2612 3750 ut
2647 3698 2842 3750 creatis
2876 3699 3132 3753 omnibus
3178 3700 3227 3750 in
3283 3709 3560 3767 aspectum

1995 3791 2312 3846 cadentibus
2339 3799 2614 3859 prmesset,
2651 3780 2731 3844 ad'
2749 3791 3035 3860 imaginem
3071 3800 3124 3844 et
3155 3790 3559 3845 similitudinem

1938 3907 1952 3918 -
1993 3898 2148 3938 suam
2190 3881 2478 3946 formavit,
2539 3881 2700 3950 idque
2751 3883 2888 3936 adeo
2921 3881 2975 3934 in
3010 3894 3171 3935 causa
3219 3889 3322 3943 est,
3359 3895 3457 3933 cur
3509 3891 3566 3934 et

1995 3974 2274 4045 praeditum
2313 3973 2522 4026 ratione
2557 3972 2842 4038 formarit;
2896 3973 3021 4027 licet
3056 3973 3210 4027 nobis
3252 3972 3438 4026 eadem
3471 3987 3585 4024 raw

1997 4067 2155 4122 tionis
2191 4066 2463 4129 facultate,
2496 4080 2656 4133 quam
2711 4064 2870 4120 nobis
2908 4063 3048 4119 Deus
3101 4063 3316 4129 indidit,
3360 4063 3558 4132 pra-di-

1996 4160 2084 4222 tis,
2112 4158 2228 4226 ejus
2276 4157 2501 4228 gloriam
2537 4156 2822 4227 laudisque
2863 4155 3166 4221 materiam,
3201 4155 3266 4208 iis
3299 4169 3362 4208 et
3403 4151 3560 4205 rebus

1992 4251 2264 4319 colligere,
2299 4265 2433 4318 quas
2466 4249 2634 4304 oculis
2671 4264 3030 4318 usurpamus,
3075 4256 3236 4314 atque
3267 4246 3370 4300 hoc
3403 4245 3560 4297 modo

1993 4351 2311 4410 conceptum
2365 4342 2654 4408 quemdam
2713 4341 2778 4394 de
2837 4338 2948 4394 Deo
2990 4352 3286 4394 assumere.
3344 4337 3556 4390 Etenim

325 4426 711 4496 ἁνακηρύττει,
748 4425 974 4484 καὶτοῖς
1011 4423 1338 4494 προσέχουσι
1371 4423 1468 4492 βοᾷ
1507 4423 1595 4475 τὸν
1629 4423 1890 4491 δημιουρ-

1996 4442 2200 4484 naturae
2241 4431 2436 4483 divina:
2488 4432 2824 4500 majestatem
2879 4429 3111 4483 mundus
3168 4429 3449 4498 praedicat,
3498 4443 3562 4481 ac

326 4521 418 4583 τὸν
467 4519 694 4571 ἑαυτοῦ·
748 4513 879 4580 οἷον,
937 4515 1124 4582 ἐπειδὴ
1172 4515 1576 4577 ἀποϐλέποντες
1637 4516 1775 4583 πρὸς
1823 4517 1890 4568 τὰ

326 4613 599 4681 κτίσμειτσ⁵
659 4610 886 4677 νοοῦμεν
939 4611 1022 4660 ὅτι
1074 4607 1283 4676 τρεπτὰ
1330 4608 1422 4659 καὶ
1457 4608 1725 4659 ἀλλοιωτά
1760 4608 1889 4670 εἰσι,

328 4702 419 4754 καὶ
444 4699 758 4770 γεννώμενα
783 4702 875 4752 καὶ
912 4699 1253 4768 αὑξινόμενα
1282 4699 1372 4750 καὶ
1404 4697 1736 4766 φθειρόμενα
1757 4713 1770 4729 ⁸
1801 4699 1893 4751 καὶ

327 4795 431 4864 γὰρ
472 4795 568 4848 καὶ
595 4795 645 4846 oi
683 4793 928 4859 ἄγγελοι,
977 4792 1027 4843 sl
1059 4790 1153 4843 καὶ
1188 4787 1468 4858 ἀσώματοι
1513 4792 1606 4843 καὶ
1640 4791 1792 4846 ᾶῡλοί
1817 4794 1894 4844 εἱ-

328 4904 430 4950 σιν,
474 4885 613 4942 ἀλλὰ
644 4885 780 4951 πρὸς
815 4884 908 4952 τὴν
960 4882 1054 4936 τοῦ
1110 4881 1246 4935 Θεοῦ
1284 4879 1679 4951 καθαρωτάτην
1719 4883 1887 4936 ἁπλό-

325 4995 461 5046 τητα
495 4978 936 5046 συγκρινόμενα,
970 4976 1066 5026 καὶ
1123 4975 1274 5027 αὐτοὶ
1337 4975 1582 5028 σύνθετοί
1636 4976 1778 5028 εἰσισ
1813 4977 1894 5029 διὸ

330 5073 419 5123 καὶ
447 5071 673 5140 τρεπτοὶ
697 5069 1088 5123 κατανοοῦνται
1110 5085 1126 5100 ο
1167 5087 1262 5122 και
1286 5071 1314 5120 6
1347 5070 1570 5138 σύμπας
1603 5070 1807 5138 κόσμος
1832 5072 1892 5122 ὲν

328 5163 500 5232 φθορᾷ
529 5164 646 5214 ἐστι
670 5177 685 5192 ο
713 5162 884 5215 ταῦτα
905 5162 1303 5229 συναγαγόντες
1333 5162 1758 5232 συλλογιζόμεθα
1789 5181 1889 5214 κα-

328 5253 437 5306 θότι
465 5254 630 5322 ἐσμὲν
658 5254 865 5321 λογικοὶ
891 5253 1082 5315 οὕτως.
1131 5253 1349 5324 Ἐπειδὴ
1369 5253 1438 5308 τὰ
1467 5255 1719 5324 ὁρώμενα
1753 5256 1886 5308 πάν-

328 5360 393 5398 τα
431 5345 638 5415 τρεπτὰ
667 5345 773 5397 εἰσι
805 5347 898 5398 καὶ
947 5345 1234 5410 ἁλλοιωτὰ,
1269 5347 1428 5417 δῆλον
1457 5348 1540 5401 ὅτι
1573 5351 1663 5401 καὶ
1694 5347 1888 5401 κτιστὰ

419 5572 471 5631 ti)
488 5570 638 5626 Orat.
675 5573 763 5626 55.

503 5641 768 5727 planximus
799 5644 892 5708 qui
921 5660 1102 5727 supra.

403 5711 474 5776 (8)
503 5708 664 5763 Libro
694 5727 709 5764 ι
742 5724 924 5767 contra
954 5708 1176 5768 Eunoni.
1213 5729 1263 5783 ιι.
1293 5714 1371 5767 iii.

1999 4523 2064 4575 iis
2098 4521 2188 4589 qui
2232 4521 2470 4575 animum
2498 4520 2804 4585 attendunt,
2835 4535 2981 4586 eum,
3015 4535 3123 4589 quo
3173 4528 3396 4575 auctore
3424 4535 3562 4574 con-

1997 4616 2141 4668 ditus
2174 4623 2278 4677 est,
2323 4616 2540 4669 clamat.
2577 4612 2646 4666 Ut
2689 4611 2790 4666 sub
2821 4612 3066 4679 exemplo
3097 4611 3288 4680 loquar
3321 4629 3336 4667 :
3373 4611 3559 4676 Quan-

1999 4708 2286 4777 doquidem
2316 4708 2367 4760 in
2411 4722 2496 4760 res
2523 4715 2735 4759 creatas
2769 4713 3114 4766 contuentes,
3163 4705 3442 4759 mutationi
3485 4705 3564 4759 al-

2001 4798 2359 4866 terationique
2413 4795 2766 4863 intelligimus
2822 4809 2942 4847 esse
2986 4793 3270 4858 obnoxias,
3333 4810 3564 4863 qumque

1998 4893 2288 4960 gignantur
2344 4899 2398 4942 et
2449 4896 2698 4941 crescant
2750 4901 2814 4940 ac
2864 4885 3212 4954 corruptione
3265 4886 3562 4942 intereant.

1998 4980 2132 5034 Nam
2183 4989 2236 5033 et
2270 4979 2465 5048 angeli,
2501 4979 2714 5032 tametsi
2755 4977 3060 5045 incorporei
3101 4988 3228 5031 sunt
3275 4993 3338 5033 ac
3371 4991 3567 5033 vacant

1998 5073 2242 5136 materia,
2292 5072 2335 5126 si
2369 5080 2549 5125 tamen
2599 5085 2724 5124 eum
2761 5069 2856 5124 Dei
2891 5069 3178 5139 purissima
3214 5072 3565 5140 simplicitate

1997 5163 2369 5228 conferantur,
2412 5162 2515 5229 ipsi
2547 5176 2760 5231 quoque
2791 5162 3075 5232 compositi
3112 5173 3271 5229 sunt;
3307 5164 3559 5232 quocirca

1997 5258 2158 5311 etiam
2191 5255 2561 5325 intelliguntur
2605 5255 2890 5308 mutationi
2934 5256 3178 5318 obnoxii,
3224 5244 3562 5322 ιιιιιιιιίιις.ιιιο
3600 5314 3603 5317 _

1998 5349 2282 5403 universus
2331 5360 2432 5401 nec
2458 5347 2573 5416 ipse
2605 5360 2634 5400 a
2661 5347 3013 5417 corruptione
3046 5349 3295 5402 immunis
3324 5346 3558 5400 t'XSiSlil.

2071 5579 2145 5643 (0)
2173 5577 2324 5630 Orat.
2350 5578 2438 5639 35,
2469 5594 2520 5647 p.
2557 5579 2680 5633 569.

2073 5648 2181 5712 (ιο)
2208 5649 2463 5708 ()rat.5(i,
2502 5665 2554 5717 ν.
2584 5649 2704 5704 589.

2075 5717 2180 5789 (lt)
2218 5718 2288 5772 De
2328 5719 2428 5785 ﬁde
2461 5719 2492 5773 1.
2530 5735 2566 5785 ι,
2598 5735 2644 5774 c.
2679 5722 2727 5774 ι.
