4036 6262
502 282 609 344 443

1762 277 2160 341 MANUELIS
2194 282 2501 341 estnon:
2725 334 2732 345 .
3607 305 3691 370 ,με

508 393 745 448 tet-itinui
776 401 869 446 aut
895 390 1002 446 labi
1025 392 1343 457 obnoxium,
1362 401 1472 446 tum
1497 392 1578 445 lex
1605 393 1870 447 naturalis
1895 394 2073 455 ducet,

2185 394 2275 446 καὶ
2305 395 2338 462 ἡ
2385 391 2575 462 Γραφὴ
2612 391 2895 461 κηρύττει.
2931 396 3045 451 οὐκ
3092 398 3202 471 ἄρα
3248 401 3392 470 λύσις
3418 409 3502 463 ιπ⁹
3523 417 3693 476 αὐτου.

509 495 623 538 tum
666 482 950 553 Scriptura
992 483 1251 553 pranlicat
1295 497 1356 537 ac
1390 482 1647 552 loquitur.
1680 481 1835 538 Nulla
1865 498 1993 554 ergo
2019 484 2072 538 in

506 588 573 628 eo
608 573 895 629 dissolutio
916 588 1009 629 seu
1040 573 1287 629 interitus
1313 591 1328 638 ;
1352 574 1403 628 id
1437 575 1581 629 enim
1613 575 1801 645 procul
1821 574 2078 631 abhorret

508 683 539 722 a
576 667 704 725 Deo.
1411 711 1417 718 -

580 761 661 816 Ex
691 761 777 816 bis
804 767 984 816 autem
1014 760 1321 831 colligimus
1348 801 1364 825 ,
1401 761 1568 818 Deum
1598 763 1799 833 ubique
1832 778 1975 820 esse.
2010 764 2071 820 Ei

508 854 650 908 enim
675 854 767 922 qui
799 853 1305 924 incircumscriptus
1342 855 1416 909 sit
1463 869 1525 910 ac
1558 855 1822 921 inllnitus,
1853 869 2076 913 cuncta-

509 961 613 1014 que
636 946 870 1009 noverit,
890 961 1074 1001 comes
1104 957 1206 1011 est,
1236 957 1292 1002 ut
1320 946 1515 1018 ubique
1539 964 1775 1016 praesens
1798 952 1889 1005 sit.
1915 950 2073 1019 N.un,

510 1049 567 1090 ut
595 1047 781 1092 auctor
803 1048 888 1092 est
937 1038 1243 1093 divinarum
1272 1054 1454 1094 reruu.
1483 1040 1708 1095 scientia
1736 1041 2076 1097 clarissimus

510 1129 820 1200 υἱοιιγμὶιιε,
888 1128 1133 1183 Divinum
1158 1130 1488 1184 individuum
1519 1142 1618 1194 est,
1671 1142 1834 1186 totum
1855 1148 2076 1201 prorsus

508 1221 698 1289 ubique
723 1218 1188 1289 exsistens.Neque
1218 1236 1342 1288 pars
1371 1222 1425 1274 in
1457 1235 1607 1290 parte
1634 1238 1906 1290 corporum
1935 1240 2076 1278 more

504 1312 805 1378 dividitur;
831 1313 923 1365 sed
947 1322 1110 1365 totum
1142 1313 1197 1365 in
1236 1314 1498 1379 omnibus,
1530 1323 1798 1384 totumque
1821 1316 2077 1370 universis

509 1412 768 1471 praestans
805 1421 867 1457 ac
902 1405 1153 1458 eminens.
1191 1405 1269 1457 Ac
1317 1406 1523 1458 videtur
1555 1406 1763 1475 quidem
1814 1425 1925 1462 esse
1951 1446 1968 1473 ,
1997 1409 2079 1462 di-

509 1506 752 1563 ctlttrque
786 1496 946 1549 unius
985 1495 1078 1548 Dei
1109 1497 1355 1551 discretio
1396 1497 1648 1568 longeque
1676 1498 1795 1568 fusa
1823 1502 2078 1571 multipli-

511 1585 649 1637 cutio
674 1602 695 1651 ;
728 1595 805 1639 est
833 1597 1008 1639 tamen
1037 1587 1176 1642 Deus
1208 1588 1321 1656 ejus
1348 1589 1562 1644 deitatis
1597 1592 1743 1660 origo
1771 1592 1920 1661 eique
1951 1595 2081 1646 emi-

512 1692 661 1740 nens,
690 1677 1197 1745 superessentialitcr
1211 1695 1343 1733 unus
1367 1680 1528 1742 Deus,
1554 1681 1655 1734 sibi
1684 1685 1792 1747 ipse
1816 1683 2081 1738 individua

512 1766 565 1819 in
600 1769 823 1823 dividuis
845 1771 1043 1832 unitus,
1070 1771 1222 1840 irque
1258 1772 1439 1826 multis
1483 1774 1847 1829 incommislus
1882 1793 1945 1829 ac
1975 1776 2077 1829 int-

513 1858 958 1925 mnltiplicabilis.
994 1860 1309 1930 Rursusque
1341 1862 1432 1915 illo
1462 1864 1611 1932 prior
1640 1866 1716 1918 ait
1736 1865 2019 1934 Scriptura
2060 1884 2074 1920 :

517 1947 707 2002 Nonne
732 1950 913 2004 caelum
936 1962 985 2005 et
1009 1963 1205 2005 terram
1226 1969 1317 2023 ego
1336 1954 1524 2022 impleo
1549 1954 1715 2007 idicit
1733 1955 1988 2011 Dominus
2012 1957 2078 2012 “.

512 2038 719 2092 leum
754 2056 967 2109 quoque
995 2043 1112 2112 ejus
1158 2042 1320 2097 sedes
1347 2043 1551 2098 dicitur
1571 2084 1587 2109 ,
1622 2053 1767 2099 terra
1802 2060 1928 2100 vero
1955 2061 2079 2101 sca-

412 2187 431 2208 ι
513 2128 711 2184 bellum
739 2147 755 2198 ;
793 2134 986 2201 quibus
1017 2132 1297 2203 Scriptura
1326 2134 1596 2203 signiﬁcat
1632 2149 1752 2190 esse
1790 2136 1939 2190 illum
1964 2138 2082 2192 ubi-

516 2239 621 2288 que
648 2240 710 2277 ac
738 2236 934 2289 cuncta
968 2227 1201 2295 replere,
1247 2242 1349 2283 nec
1397 2225 1687 2296 quidquam
1721 2238 1878 2282 extra
1910 2227 2085 2283 ambi-

516 2323 629 2367 tum
660 2314 1044 2372 ellicacissimae
1093 2331 1426 2386 summaeque
1472 2318 1970 2388 comprehensionis
2026 2326 2083 2375 et

517 2407 733 2462 virtutis
764 2407 880 2476 ejus
917 2410 1202 2463 excedere.
1753 2427 1757 2431 '

585 2499 821 2564 Atlbaec,
856 2500 1110 2569 quoniam
1143 2502 1389 2556 videmus
1422 2515 1546 2556 esse
1574 2501 1628 2555 in
1665 2502 1867 2558 mundo
1898 2503 2085 2559 viven-

515 2592 613 2657 tia,
643 2592 1017 2662 sapientiaque
1052 2607 1117 2647 ac
1144 2574 1386 2648 bonitate
1416 2594 1667 2663 praedita,
1693 2610 1995 2664 eorumque
2027 2598 2081 2651 in

2177 483 2339 547 τοῦτο
2361 482 2468 555 γὰρ
2499 483 2781 553 ἀλλότριον
2818 483 2976 538 Θεοῦ.

2265 756 2360 810 'Eu
2397 754 2456 809 δὲ
2500 752 2710 810 τούτων
2740 751 3050 821 συνάγομεν
3096 749 3182 804 ὅτι
3220 751 3492 824 πανταχοῦ
3527 755 3702 813 ἔστινό

2181 852 2337 914 Θεός.
2363 849 2455 919 Τῷ
2484 850 2592 922 γὰρ
2620 844 3023 918 ἀπεριγράπτῳ
3064 844 3162 897 καὶ
3185 844 3398 915 ἀπείρῳ
3425 846 3515 901 καὶ
3551 848 3705 904 πάντα

2182 946 2345 1000 εἰδότι
2378 944 2439 997 τδ
2477 940 2755 1011 πανταχοῦ
2807 942 3064 1007 παρεῖναι
3113 935 3412 995 ἀκολουθεῖ.
3442 941 3586 995 Κατὰ
3610 944 3705 1015 γὰρ

2182 1037 2273 1090 τὸν
2346 1033 2805 1103 θεολογικώτατον
2875 1032 3154 1087 Διονύσιον
3201 1032 3223 1099 (
3240 1029 3374 1100 ιι),
3440 1033 3507 1088 Τὸ
3558 1034 3709 1089 Ocior

2182 1128 2395 1197 ἀμερές
2427 1129 2617 1194 ἐστιν,
2649 1126 2798 1181 ὅλον
2822 1125 3041 1190 cumam
3064 1122 3377 1191 πανταχοῦ
3410 1123 3509 1177 ὃν·
3540 1124 3627 1179 καὶ
3649 1128 3708 1179 οὐ

2178 1220 2362 1290 μέρος
2414 1219 2484 1272 ἐν
2513 1218 2673 1287 μέρει
2718 1214 3069 1285 σωματικῶς
3120 1215 3555 1284 διαιρούμενον·
3595 1218 3711 1273 ἀλλ’

2185 1313 2333 1366 ὅλον
2359 1312 2428 1365 ἐν
2465 1308 2638 1374 πᾶσι,
2665 1309 2765 1363 καὶ
2795 1309 2945 1363 ὅλον
2983 1307 3136 1376 ὑπὲρ
3168 1308 3235 1360 τὸ
3270 1304 3412 1361 πᾶν.
3442 1307 3544 1361 Kal
3573 1308 3716 1363 δοκεῖ

2179 1403 2297 1471 μὲν
2324 1402 2475 1455 εἶναι
2524 1401 2620 1455 καὶ
2674 1401 2908 1469 λέγεται
2948 1399 3055 1453 τοῦ
3100 1398 3238 1464 ἐνὸς
3270 1399 3415 1452 Θεοῦ
3447 1398 3713 1467 διάκρισις

2185 1494 2283 1547 καὶ
2341 1484 2959 1560 πολλάπλαοίασμόςο
3006 1490 3137 1544 ἔστι
3178 1491 3246 1543 δὲ
3283 1490 3461 1543 οὐδὲν
3501 1485 3713 1558 ἧττον-ό

2186 1585 2459 1653 ἀρχίθεος
2515 1583 2613 1637 καὶ
2643 1637 2657 1672 ι
2683 1583 2997 1672 ὑπέρθεοςν
3027 1581 3163 1653 (15)
3228 1581 3595 1672 ὑπερουονίως
3618 1575 3718 1672 ᾹεῙς

2189 1675 2351 1741 Θεὸς,
2410 1670 2739 1743 ἀμερίστως
2775 1673 2857 1739 ἐν
2915 1671 3041 1738 τοῖς
3087 1670 3395 1739 μεριστοῖς
3448 1670 3719 1738 ἡνωμένος

2117 1744 2157 1798 Β
2185 1766 2396 1831 ἐαυτῷ,
2421 1766 2519 1819 καὶ
2557 1765 2681 1832 τοῖς
2728 1765 2983 1831 πολλοῖς
3030 1764 3249 1833 ἀμιγὴς
3290 1765 3387 1817 καὶ
3438 1764 3717 1829 ἀπλήθυν-

2186 1876 2309 1924 τος.
2356 1860 2465 1912 Καὶ
2514 1858 2675 1912 πάλιν
2725 1857 2831 1927 πρὸ
2880 1855 3046 1911 αὐτοῦ
3090 1874 3257 1926 φησιν
3301 1857 3335 1927 ἡ
3368 1854 3569 1926 Γραφὴ.
3594 1856 3720 1922 Οὐχὶ

2185 1950 2294 2004 τὸν
2347 1949 2607 2018 οίιρανὸν
2654 1948 2752 2003 καὶ
2796 1949 2911 2016 τὴν
2961 1948 3079 2017 γῆν
3129 1948 3247 2017 ἐγὼ
3308 1947 3541 2014 summi);
3585 1947 3721 2014 λέγει

2187 2042 2424 2109 Κύριος.
2467 2042 2576 2095 Καὶ
2605 2040 2796 2110 θρόνος
2824 2041 2923 2108 μὲν
2967 2041 2996 2093 ὁ
3031 2039 3260 2109 οὐρανὸς
3318 2037 3480 2092 αὐτοῦ
3507 2038 3722 2104 λέγεται,

2187 2134 2221 2201 ἡ
2252 2133 2309 2186 δὲ
2339 2133 2411 2202 γῆ
2457 2132 2771 2197 ὑποπόδιον,
2806 2130 2902 2184 τοῦ
2936 2132 3097 2200 λόγου
3147 2129 3462 2191 δεικνύντος
3494 2130 3571 2183 ὅτι
3613 2145 3727 2181 πονο

2187 2223 2355 2295 ταχοῦ
2392 2223 2627 2294 πάρεστι
2677 2226 2772 2279 uel
2803 2225 2985 2278 πάντα
3033 2222 3255 2292 πληροῖ,
3304 2222 3398 2275 καὶ
3425 2220 3570 2275 οὐδέν
3597 2222 3727 2272 ἐστιν

2191 2317 2297 2383 ἔξω
2332 2317 2532 2370 πίπτον
2563 2316 2664 2384 τῆς
2700 2315 3152 2387 δραστικωτάτης
3199 2313 3307 2367 καὶ
3360 2311 3725 2366 συνεκτικωτά-

2187 2426 2288 2478 της
2316 2409 2578 2481 περιοχῆς
2615 2410 2711 2462 καὶ
2738 2408 3018 2478 ἱνεργείας
3045 2407 3237 2462 αὐτοῦ.

2264 2500 2406 2562 Ἔτι,
2438 2499 2560 2553 ἐπεὶ
2586 2498 2856 2569 βλέπομεν
2885 2500 2968 2552 ὅτι
2997 2497 3138 2553 εἰσὶν
3164 2500 3222 2552 ἑν
3250 2497 3337 2570 τῷ
3364 2499 3546 2569 κόσμῳ
3575 2497 3726 2561 ζῶντα

2191 2591 2286 2644 καὶ
2336 2588 2475 2657 σοφὰ
2528 2589 2620 2642 uel
2668 2582 2886 2656 ἀγαθὰ,
2920 2589 3126 2642 τούτων
3173 2588 3229 2642 δὲ
3285 2589 3420 2653 τοὺς
3467 2588 3644 2656 λόγους
3680 2588 3730 2639 ὲν

2192 2679 2370 2750 ἑαυτῷ
2403 2681 2626 2750 προέχει
2655 2681 2730 2742 ὡς
2766 2679 2986 2734 πάντων
3021 2678 3196 2741 αἴτιος
3216 2692 3234 2711 ο
3264 2680 3365 2733 καὶ
3394 2679 3498 2748 γάρ
3536 2678 3727 2747 φησινὸ

2204 2771 2546 2838 Ἀπόστολος,
2587 2774 2777 2836 Αὐτός
2821 2772 2953 2827 ἐστι
2994 2772 3067 2827 τὰ
3100 2771 3326 2837 πάντα,
3354 2773 3454 2827 καί
3478 2770 3546 2835 ἐξ
3569 2766 3731 2823 αὑτοῦ

515 2698 576 2736 se
604 2683 865 2750 rationes,
896 2694 952 2738 ut
980 2686 1223 2739 omnium
1253 2694 1466 2750 auctor,
1497 2686 1640 2743 Deus
1675 2687 1985 2755 praebabet;
2008 2688 2086 2742 ait

515 2787 750 2841 namque
777 2773 1067 2843 Apostolus
1092 2813 1107 2841 ,
1139 2774 1314 2845 ipsum
1354 2776 1536 2830 omnia
1567 2790 1722 2842 esse,
1763 2789 1940 2845 exque
1969 2776 2086 2844 ipso

516 2864 660 2919 facta
688 2852 838 2931 esse,
862 2874 917 2920 et
943 2865 996 2921 in
1031 2880 1097 2922 eo
1131 2876 1384 2923 constare
1415 2867 1489 2934 ἐς
1542 2877 1705 2937 atque
1734 2876 1794 2922 ut
1814 2866 2081 2922 divinissi-

2192 2867 2437 2938 γέγονε,
2489 2866 2590 2919 καὶ
2651 2865 2721 2919 ἐν
2787 2863 2949 2928 αὐτῷ
3006 2863 3400 2930 συνέστηκεο
3452 2863 3541 2917 καὶ
3594 2860 3660 2922 ὡς
3706 2861 3729 2911 ό

516 2973 635 3009 ntus
667 2955 903 3012 Joannes
934 2958 987 3012 in
1018 2956 1338 3029 Apdcalypsi
1371 2959 1446 3013 ait
1473 2959 1763 3030 quemdam
1800 2961 1866 3015 de
1902 2960 2081 3014 senio-

2193 2957 2465 3021 θειότατος
2506 2959 2563 3011 ὲν
2602 2959 2667 3027 τῇ
2713 2955 3075 3025 Ἀποκαλύψει
3120 2955 3382 3025 Ἰωάννης
3424 2953 3572 3025 φησὶ,
3625 2951 3730 3005 τινὰ

515 3047 668 3100 ribus
718 3046 823 3101 sibi
877 3046 1126 3101 dixisse:
1161 3045 1365 3102 Cuncta
1413 3059 1566 3104 erant
1594 3089 1610 3114 ,
1666 3058 1716 3103 et
1754 3050 1902 3118 facta
1933 3059 2081 3118 sunt,

2190 3049 2300 3102 τῶν
2330 3048 2720 3118 πρεσϐυτέρων
2764 3049 2940 3101 εἰπεῖν
2978 3046 3090 3117 (l6)
3128 3046 3303 3116 αὐτῷ,
3349 3046 3544 3100 Πάντα
3572 3039 3727 3112 ἦσαν,

514 3137 677 3205 idque
701 3152 980 3207 exponens
1024 3139 1241 3195 divinus
1270 3140 1559 3206 Maximus,
1604 3140 1758 3196 ldeas
1796 3142 1868 3196 ait
1903 3182 1917 3204 ,
1941 3143 2081 3212 quod

2187 3140 2284 3196 καί
2314 3140 2635 3208 γεγόνασιν
2660 3153 2678 3168 ο
2702 3138 2843 3208 ὅπερ
2875 3138 2903 3189 ὁ
2950 3137 3092 3198 θεῖος
3144 3136 3466 3207 σαφηνίζων
3512 3133 3728 3200 Μάξιμος

513 3236 692 3292 erant,
750 3227 1014 3297 imagines
1060 3244 1191 3285 vero
1233 3241 1286 3285 et
1336 3230 1623 3287 simulacra
1670 3235 1911 3287 idearum
1944 3273 1959 3299 ,
1988 3248 2081 3288 seu

2185 3235 2283 3295 τὰς
2319 3233 2461 3295 ἰδέας
2490 3230 2638 3299 λέγει
2676 3232 2759 3284 ὅτι
2807 3225 2971 3298 ἦσαν.
3006 3228 3099 3283 καὶ
3145 3228 3245 3290 τὰς
3286 3229 3505 3290 εἰκόνας
3555 3227 3639 3280 καὶ
3674 3222 3728 3274 τὰ

515 3319 931 3388 exemplarium,
988 3321 1130 3390 quod
1162 3321 1305 3376 facta
1350 3334 1481 3377 sunt
1510 3340 1525 3391 ;
1559 3324 1912 3391 intelligimus
1963 3339 2081 3378 eum

2186 3322 2506 3392 ὁμοιώματα
2555 3322 2663 3377 τῶν
2711 3321 2885 3387 ἰδεῶν,
2943 3320 3063 3391 ἦτοι
3128 3319 3614 3392 παραδειγμάτων,
3663 3317 3731 3369 ὅτι

515 3410 606 3478 qni
633 3408 866 3473 yiventia
897 3412 1139 3466 condidit
1157 3413 1222 3478 “,
1250 3422 1303 3468 et
1329 3424 1508 3469 creata
1529 3417 1712 3469 omnia
1742 3417 1795 3468 in
1815 3415 2081 3485 sapientia

2185 3416 2475 3484 γεγόνασιν
2496 3431 2509 3445 σ
2538 3413 2827 3482 ἐννοοῦμεν
2850 3414 2933 3467 ὅτι
2969 3414 2998 3466 ὁ
3025 3412 3097 3466 τὰ
3125 3410 3310 3477 ζῶντα
3330 3412 3392 3481 δη
3403 3410 3728 3480 μιουργήσας.

517 3501 663 3568 fecit,
703 3502 1041 3573 angelusque
1086 3515 1139 3557 et
1177 3505 1425 3561 homines
1471 3506 1737 3576 sapientia
1770 3506 1984 3572 imbuit,
2024 3522 2081 3561 ac

2186 3509 2281 3562 uati.
2315 3509 2494 3559 πᾶσαν
2525 3506 2621 3576 τὴν
2654 3505 2834 3558 κτίσιν
2877 3506 2936 3559 ἐν
2976 3506 3141 3577 σοφίᾳ
3184 3503 3621 3563 κατασκευάσας,
3653 3498 3729 3552 καὶ

516 3590 610 3658 qui
640 3590 814 3645 lucem
845 3593 1018 3646 oculis
1047 3592 1352 3662 subjectum
1382 3595 1659 3663 produxit,
1690 3596 1854 3648 vitam
1888 3610 2009 3650 esse
2033 3604 2081 3650 et

2186 3597 2451 3664 ἀγγέλους
2476 3594 2571 3648 καὶ
2614 3593 2940 3663 ἀνθρώπους
2984 3593 3185 3662 σοφοὺς
3223 3592 3625 3661 ἐργασάμενος,
3656 3584 3732 3636 καὶ
3790 3610 3795 3615 -

514 3684 694 3737 lucem
749 3693 804 3737 et
864 3684 1223 3754 sapientiam;
1293 3687 1517 3756 haecque
1572 3687 1708 3741 adeo
1766 3687 1923 3755 longe
1975 3687 2086 3742 illic

516 3773 829 3844 perfectius,
860 3790 1020 3846 quam
1058 3777 1111 3830 iu
1149 3778 1310 3832 rebus
1340 3778 1516 3832 oculis
1549 3778 1810 3846 subjectis
1846 3780 2082 3833 elucere.

513 3869 602 3924 Ait
630 3885 863 3941 namque
888 3872 1106 3925 divinus
1147 3871 1458 3942 Dionysius,
1491 3888 1615 3942 quae
1650 3875 1701 3926 in
1733 3871 1939 3928 effectis
1967 3887 2089 3941 per-

513 3961 779 4021 fectiones
802 3962 1095 4026 exsistunt,
1124 3962 1279 4033 longe
1316 3965 1465 4033 prius
1495 3964 1548 4017 in
1581 3965 1764 4017 causis
1792 3963 2083 4028 exsistere,

511 4050 688 4119 iisque
705 4052 917 4106 abunde
941 4065 1005 4105 ac
1024 4053 1389 4106 essentialitcr
1420 4041 1613 4107 eﬂ‘ecta
1646 4053 1865 4115 inesse;
1893 4060 2085 4107 cuncta

510 4143 748 4211 denique
774 4142 828 4195 in
857 4142 1096 4198 omnium
1130 4144 1363 4198 Auctore
1391 4143 1675 4209 exsistere,
1716 4158 1943 4213 quaeque
1980 4144 2085 4199 alia

515 4235 637 4288 aliis
666 4235 942 4288 contraria
991 4244 1157 4301 sunt,
1188 4236 1677 4304 comprehensione
1715 4237 2088 4307 singularique

511 4343 620 4380 una
664 4327 872 4382 ratione
900 4337 955 4381 et
1007 4326 1353 4382 uniformiter
1382 4344 1445 4383 ac
1473 4328 1642 4384 unite.
1677 4329 1886 4384 Etenim
1945 4330 2086 4387 Deus

2186 3691 2248 3743 τὸ
2284 3688 2562 3759 ὁρώμενον
2589 3685 2706 3754 φῶς
2738 3685 3073 3754 ὑποστήσας,
3109 3684 3221 3753 ζωή
3256 3685 3377 3738 ἐστι
3401 3683 3495 3736 καὶ
3527 3679 3632 3747 φῶς
3658 3674 3735 3727 καὶ

2189 3783 2348 3849 σοφία
2368 3798 2383 3812 ·
2425 3781 2518 3834 καὶ
2549 3779 2726 3849 πολλῷ
2757 3778 3084 3847 τελεώτερον
3115 3778 3232 3831 ἐκεῖ
3270 3775 3450 3830 ταῦτα
3490 3775 3521 3844 ἢ
3552 3774 3603 3825 ἐν
3641 3769 3735 3827 τοῖς

2186 3872 2486 3944 ὁρωμένοις
2505 3872 2776 3942 φαίνεται.
2798 3870 2905 3923 Kal
2926 3871 3035 3940 γάρ
3056 3887 3222 3940 φησιν
3241 3871 3269 3922 ὁ
3296 3869 3441 3931 Gelo;
3469 3862 3733 3921 Διονύσιος,

2186 3964 2255 4018 Al
2296 3966 2353 4017 ἐν
2405 3965 2517 4026 τοῖς
2578 3963 2841 4025 αίτιατοῖς
2894 3960 3232 4026 τελειότητες
3290 3958 3474 4028 πολλῷ
3505 3951 3739 4024 πρότερόν

2188 4056 2326 4108 εἰσιν
2357 4055 2414 4109 ἐν
2441 4055 2552 4117 τοῖς
2599 4055 2832 4114 αἰτίοις’
2878 4053 2972 4106 καὶ
3018 4056 3132 4117 τοῖς
3176 4051 3379 4114 αίτίοις
3431 4050 3499 4102 τὰ
3540 4043 3735 4101 αίτιατὰ

2187 4147 2464 4216 περισσῶς
2498 4147 2592 4199 καὶ
2624 4145 2899 4206 οὐσιωδῶς
2949 4144 3164 4197 ἔνεστι·
3196 4145 3292 4197 uel
3343 4145 3430 4197 ὅτι
3478 4141 3646 4195 πάντα
3689 4137 3736 4186 ἰν

2184 4236 2264 4307 τῷ
2285 4237 2503 4291 πάντων
2528 4236 2685 4308 αἰτίῳ
2707 4253 2721 4268 ·
2742 4238 2836 4289 καὶ
2856 4237 2923 4290 τὰ
2944 4235 3194 4304 ἀλλήλοις
3221 4235 3440 4289 ἐναντία
3460 4229 3738 4297 συνειλημ-

2192 4330 2367 4399 μένως
2417 4331 2512 4383 καὶ
2558 4330 2750 4394 ἑνικῶς
2807 4330 2902 4383 καὶ
2962 4328 3253 4400 μονοειδῶς
3303 4328 3400 4382 καὶ
3444 4321 3736 4394 ἡνωμένως-

514 4428 708 4473 cuncta
738 4420 1065 4488 produccns,
1093 4420 1198 4474 illis
1226 4421 1513 4487 omnibus,
1539 4430 1646 4474 tum
1684 4421 1938 4476 nimirum
1969 4423 2081 4475 ina-

2190 4422 2300 4475 Καὶ
2324 4422 2432 4492 γὰρ
2468 4424 2495 4476 ὁ
2529 4421 2659 4489 Θεὸς
2690 4423 2757 4476 τὰ
2789 4421 2970 4475 πάντα
3003 4419 3373 4491 παραγαγὼν,
3394 4417 3530 4472 πᾶσι
3551 4412 3739 4469 τούτοις

510 4511 703 4576 nimis,
730 4520 841 4564 tum
871 4511 1151 4580 stirpibus,
1186 4512 1677 4590 tutnque‘przcditis
1702 4514 1938 4579 ratione,
1973 4525 2081 4569 tum

506 4615 579 4656 ea
619 4603 953 4668 carentibus,
985 4617 1082 4672 pro
1140 4603 1380 4671 ipsorum
1432 4605 1645 4659 ratione
1692 4605 2086 4662 convenientes

510 4694 878 4762 perfectiones
926 4695 1156 4760 tribuit,
1206 4709 1405 4766 resque
1448 4696 1677 4766 singula:
1701 4697 1923 4753 Auctori
1985 4711 2086 4754 suo

511 4785 627 4843 Deo
652 4786 933 4853 uniuntur,
957 4794 1218 4856 quantum
1264 4786 1379 4856 ejus
1410 4788 1701 4858 participes
1730 4799 1875 4844 sunt.
1905 4779 2085 4845 Parti-

506 4882 696 4949 cipant
738 4891 917 4934 autem
972 4879 1142 4950 magis
1193 4888 1249 4935 et
1299 4881 1503 4944 minus,
1541 4897 1639 4951 pro
1678 4897 1788 4937 sua:
1824 4882 2081 4938 nimirum

509 4970 864 5042 perfectionis
900 4982 1015 5025 rata
1050 4971 1279 5037 ratione,
1305 4987 1498 5042 nempe
1537 4973 1801 5040 inanima,
1836 4988 1897 5027 ea
1947 4974 2086 5028 dun-

512 5072 667 5120 taxat
717 5063 952 5130 ratione,
975 5079 1081 5135 qua
1123 5075 1292 5133 sunt,
1335 5065 1533 5134 stirpes
1571 5081 1740 5143 ‘vcro,
1780 5066 1942 5120 etiam
1975 5081 2083 5136 qua

2187 4514 2418 4586 ἀψύχοις
2451 4514 2547 4569 καὶ
2573 4518 2759 4584 φυτοῖς
2792 4515 2887 4569 καὶ
2930 4516 3169 4585 λογικοῖς
3205 4515 3302 4567 uel
3330 4512 3550 4579 ἀλόγοις
3578 4501 3742 4560 ἀναλό-

2185 4621 2317 4673 γους
2359 4605 2558 4658 δέδωκε
2609 4606 2704 4671 τὰς
2762 4605 3153 4675 τελειότητας*
3202 4605 3301 4658 καὶ
3354 4602 3586 4656 ἕκαστον
3644 4590 3737 4645 τῶν

2184 4696 2353 4749 ὄντων
2392 4697 2610 4751 ἑνοῦται
2655 4698 2731 4764 τῷ
2779 4697 2898 4767 Θεῷ
2947 4700 3013 4768 τῇ
3062 4695 3256 4750 ἑαυτοῦ
3310 4694 3468 4763 αἰτίᾳ
3531 4685 3741 4742 καθόσον

2187 4787 2354 4841 αὐτοῦ
2387 4790 2625 4858 μετέχει.
2653 4788 2957 4858 Μετέχουσι
3002 4790 3112 4859 γὰρ
3157 4786 3323 4841 αὐτοῦ
3353 4784 3498 4839 κατὰ
3536 4781 3595 4832 τὸ
3624 4775 3742 4845 μᾶλ-

2186 4878 2279 4932 λον
2302 4882 2394 4932 καὶ
2422 4874 2610 4951 ἦττον,
2632 4877 2908 4946 ἀναλόγως
2935 4879 3180 4949 δηλονότι
3204 4880 3272 4948 τῇ
3310 4874 3526 4930 ἑαυτῶν
3556 4864 3740 4923 τελειό-

2190 4989 2347 5043 τητι·
2385 4973 2457 5025 τὰ
2508 4973 2607 5042 μὲν
2664 4974 2773 5042 γὰρ
2823 4972 3009 5042 ἄψυχα
3059 4972 3205 5025 κατὰ
3259 4972 3320 5023 τὸ
3369 4963 3512 5021 εἶναι
3573 4961 3737 5032 μόνον.

2193 5063 2259 5117 τὰ
2287 5064 2344 5117 δὲ
2383 5063 2530 5134 φυτὰ
2562 5064 2655 5117 καὶ
2682 5063 2822 5118 κατὰ
2846 5065 2916 5129 ¹τὸ
2955 5063 3054 5135 ζῇν
3074 5078 3090 5096 ο
3136 5062 3289 5118 esse
3319 5061 3496 5128 ἄλογα
3526 5053 3661 5111 κατὰ
3692 5049 3743 5101 τὸ
3818 5126 3829 5139 1

574 5247 623 5280 ’ί
659 5245 764 5303 lsa.
810 5261 959 5303 Lm.
998 5246 1049 5300 Ι.
1128 5246 1169 5278 ¹²
1208 5245 1385 5301 lCor.
1435 5260 1474 5308 ι,
1516 5243 1618 5312 30;
1667 5245 1878 5302 Coloss.
1914 5258 1957 5309 t,
1985 5240 2072 5307 l6,
2109 5242 2194 5299 l7.
2277 5247 2321 5279 "
2348 5244 2632 5308 Psal.cm,
2677 5244 2774 5298 ‘24.

578 5404 693 5475 (l4)
737 5405 810 5458 De
849 5405 1013 5459 divin.
1048 5421 1185 5458 nom.
1219 5420 1279 5475 tt,
1316 5402 1344 5473 §
1378 5404 1461 5475 ll.

582 5473 695 5546 (l5)
756 5477 819 5528 Ὀ
864 5477 1142 5543 ἀρχιθεος
1182 5473 1281 5527 καὶ
1328 5473 1637 5540 ὑπέρθεος.
1680 5474 1887 5546 Dicitur
1939 5474 2081 5530 Deus

508 5543 786 5615 ἀρχεθετ-ς,
827 5561 889 5599 ca
940 5546 1530 5615 rationequaauclor
1573 5553 1656 5598 est
1690 5543 1945 5615 Deitatis,
1973 5559 2080 5615 qua

509 5612 686 5681 angeli
758 5624 811 5668 et
867 5615 1119 5668 homines
1182 5612 1597 5681 participatian
1671 5613 1925 5667 dicuntur
1986 5612 2077 5667 itii.

518 5682 886 5753 Sequiturque
947 5698 1113 5739 unum
1170 5698 1233 5734 ex
1292 5681 1434 5745 alio;
1491 5698 1552 5736 ex
1610 5698 1674 5737 co
1726 5683 1868 5752 quod
1929 5685 2081 5751 ἀρχε-

2189 5403 2311 5468 οεος
2346 5404 2434 5478 sit,
2490 5404 2707 5457 deorunt
2742 5414 2950 5478 nuctor,
3003 5403 3147 5478 quod
3194 5402 3267 5457 sit
3321 5399 3608 5478 ιἰτιέρθεος3
3638 5393 3733 5474 illis

2188 5474 2428 5541 superior
2456 5486 2614 5543 atque
2646 5476 2923 5537 eminens;
2961 5472 3053 5542 qui
3099 5473 3171 5526 ita
3205 5471 3550 5543 pruducatet
3589 5471 3638 5521 in
3667 5471 3738 5517 eis

2190 5539 2338 5666 qelut
2394 5539 2801 5611 multiplicetur,
2845 5555 2901 5598 ut
2934 5539 3107 5598 a'sua
3155 5539 3357 5597 unitate
3406 5539 3545 5593 nihil
3594 5548 3741 5592 exce-

2192 5623 2301 5667 tat.

2192 5632 2485 5761 ωἱίϐλυο
2512 5685 2616 5737 div.
2653 5701 2816 5746 nont.,
2849 5700 2969 5752 cap.
