4056 6288
359 293 471 361 445

1316 267 1424 354 οε
1456 290 1878 354 ancwns
1918 286 2133 347 FlDEl
2176 284 2639 348 camenas.

3488 263 3594 326 446

358 402 501 458 ε’ναι
534 404 630 457 καὶ
675 403 774 473 ζῇν
814 404 905 458 καὶ
940 403 1290 458 αίσθάνεσθαι
1315 421 1329 435 ο
1374 405 1444 457 τά
1475 405 1532 457 δὲ
1556 402 1753 470 λογικὰ
1787 400 1928 454 κατὰ

2041 401 2222 456 vivunt
2255 418 2269 456 :
2303 401 2479 455 bruta
2507 397 2814 451 animantes
2839 431 2852 456 ,
2884 387 3028 460 quod
3077 392 3132 441 et
3168 388 3296 440 sunt
3323 389 3376 436 et
3415 378 3600 432 vivunt

358 494 420 544 τὸ
456 486 601 546 εἶναι
628 493 724 546 καὶ
755 492 876 562 ζῇν,
906 494 1000 547 καὶ
1045 494 1399 548 αἰσθάνεσθαι
1445 496 1540 546 καὶ
1569 492 1929 546 διανοεῖσθαι·

356 581 456 636 καὶ
479 583 689 653 ἀρετῆς
750 585 1020 654 μετέχειν,
1073 586 1264 656 σοφίας
1319 603 1377 639 τε
1427 588 1522 638 καὶ
1578 584 1934 652 δικαιοσύνης

356 672 453 722 καὶ
484 674 598 726 τῶν
626 673 824 728 ἄλλων.
867 674 1024 728 Ἔστι
1055 676 1112 727 δὲ
1158 675 1254 728 καὶ
1301 677 1360 728 ιν
1405 676 1518 738 τοῖς
1553 675 1790 741 λογικοῖς
1815 672 1936 724 δια-

356 761 500 830 φορᾶ
541 763 637 816 καὶ
688 763 1040 834 προτίμησις.
1077 766 1142 819 υί
1195 766 1292 834 μὲν
1339 767 1448 834 γὰρ
1488 765 1709 832 ἄγγελοι
1738 763 1935 816 τελεώ-

355 852 508 922 τῖροί
568 853 700 916 alat,
757 855 858 920 τῆς
909 855 1020 909 τῶν
1076 855 1288 923 θνητῶν
1345 855 1618 922 σωμάτων
1673 854 1936 922 συζυγίας

354 942 815 1013 ἀπηλλαγμένοι.·
847 947 898 998 oi
927 945 986 999 δὲ
1012 946 1289 1016 ἄνθρωποι
1315 947 1656 1016 ἀτελέστεροι
1687 946 1933 1004 ἐκείνων,

354 1031 429 1083 τὰ
463 1033 530 1084 ὲκ
559 1032 657 1086 τοῦ
690 1034 939 1104 σώματος
986 1037 1348 1106 ὑπομένοντες
1382 1037 1548 1090 κακά.
1582 1036 1846 1088 Δύνανται
1878 1033 1934 1086 δὲ

358 1123 454 1174 καὶ
519 1117 670 1176 οὗτοι
715 1123 963 1195 ἀλλήλων
1014 1126 1325 1196 ὑπερέχειν,
1371 1129 1419 1179 εἰ
1477 1126 1613 1195 πρὸς
1655 1125 1748 1178 τὸν
1803 1124 1936 1178 Θεὸν

357 1213 702 1282 ἀφορῶντες,
732 1216 820 1268 διὰ
852 1218 1106 1271 συντόνου
1152 1217 1387 1288 σπουδῆς
1421 1217 1741 1285 ὁμοιοῦσθαι
1785 1214 1934 1284 αὑτῷ

360 1307 786 1370 σπουδάζουσιν.
840 1308 1004 1361 Ὅσον
1057 1309 1166 1378 γὰρ
1210 1308 1346 1378 πρὸς
1398 1307 1561 1360 αὑτὸν
1605 1306 1935 1377 ἐπιστρέφο-

360 1415 485 1467 μεν,
535 1401 793 1453 τοσοῦτον
843 1399 993 1468 αὖτῷ
1049 1399 1420 1469 ὀμοιούμεθαο
1470 1401 1565 1452 καὶ
1615 1401 1741 1453 ὅσον
1787 1397 1936 1466 αὑτῷ

363 1488 726 1559 ὁμοιούμεθα,
775 1498 1026 1543 τοσοῦτον
1078 1490 1243 1544 αὑτοῦ
1298 1491 1633 1560 μετέχομεν·
1684 1491 1778 1544 καὶ
1813 1493 1934 1544 ὅσον

356 1579 534 1632 αὐτοῦ
563 1581 1143 1651 μετέχομεν,τοσοῦτον
1166 1582 1312 1651 αὑτῷ
1339 1582 1606 1652 ἐνούμεθα
1631 1585 1694 1652 τῇ
1716 1582 1937 1652 ἀνάρχῳ

355 1674 588 1727 πάνςων
617 1675 767 1744 αίτίᾳ
794 1675 884 1726 καὶ
915 1676 1054 1743 μονῇ
1087 1676 1180 1727 καὶ
1212 1673 1420 1727 στάσει.

418 1945 511 1997 Ὁῦ
541 1944 714 2012 δήπου
742 1939 835 1998 οῦν
865 1947 1110 2013 φήσομεν
1140 1944 1220 1994 ὅτι
1249 1943 1302 1994 αί
1350 1944 1407 1994 ὲν
1441 1943 1573 2010 ἡμῖν
1600 1941 1936 2007 τελειότητες

361 2041 417 2093 αἱ
465 2035 630 2089 αὐταί
680 2036 788 2087 είσι
844 2038 914 2106 τῇ
968 2034 1245 2102 ἀκροτάτῃ
1294 2033 1387 2084 τοῦ
1431 2031 1566 2083 Θεοῦ
1611 2032 1932 2100 τελειότητι.

365 2131 442 2182 Οὐ
472 2129 584 2198 γὰρ
607 2131 673 2198 τῇ
709 2129 845 2198 αὐτῇ
879 2125 991 2199 ζωῇ
1019 2128 1047 2179 ο
1070 2126 1202 2186 Θεὸς
1235 2126 1328 2178 καὶ
1359 2127 1408 2178 οἱ
1446 2124 1724 2193 ἀνθρωττοι
1748 2123 1933 2186 ζῶσιν,

365 2223 398 2292 ἢ
434 2227 501 2292 τῇ
539 2223 678 2292 αὐτῇ
718 2222 879 2291 σοφίᾳ
926 2221 1072 2273 ἐστὶν
1115 2217 1276 2280 αὐτὸς
1331 2219 1426 2270 καὶ
1476 2216 1694 2283 ἄγγελοι
1726 2216 1814 2267 καὶ
1847 2215 1938 2268 ἀν-

366 2315 580 2383 θρωποι
635 2313 830 2381 σοφοίο
865 2311 1026 2366 τοῦτο
1072 2311 1180 2379 γὰρ
1228 2310 1466 2364 ἄτοπον⁸
1521 2308 1639 2360 οὐδὲ
1686 2309 1750 2375 τῇ
1798 2306 1933 2373 αὐτῇ

363 2404 664 2475 ἀγαθότητι
694 2405 854 2475 ἡμεῖς
899 2420 960 2456 τε
1002 2402 1257 2464 κάκεῖνός
1282 2402 1451 2468 ἐσμεν
1476 2398 1694 2466 ἀγαθοί.
1732 2397 1936 2449 Εἵπετο

365 2497 476 2562 γὰρ
509 2497 575 2549 ἂν
599 2497 689 2550 καὶ
715 2497 864 2566 ἡμᾶς
914 2495 1072 2557 θεοὺς
1104 2493 1226 2548 κατ’
1265 2494 1474 2545 ἐκεῖνον
1504 2488 1665 2544 εἶναι.
1701 2484 1802 2540 Ὧν
1826 2488 1936 2555 γὰρ

364 2589 422 2640 αἱ
472 2587 812 2656 τελειότητες
872 2586 1006 2646 ίσαι,
1037 2585 1132 2638 καὶ
1190 2586 1245 2636 αί
1305 2583 1490 2637 οὐσίαι
1529 2584 1666 2635 ῐσαι.
1702 2579 1793 2632 Διὸ
1843 2579 1938 2631 καὶ

369 2677 534 2744 ἡμῶν
569 2679 663 2730 καὶ
707 2676 814 2729 τῶν
860 2678 917 2727 ὲν
951 2677 1082 2744 ἡμῖν
1119 2676 1341 2728 πάντων
1373 2674 1401 2725 ὁ
1431 2673 1562 2732 Θεὸς
1592 2669 1938 2737 ἀσυγκρίτως

366 2766 719 2835 ὑπέρκειται.
762 2764 953 2831 Ἡμεῖς
1004 2762 1104 2829 μὲν
1146 2763 1256 2830 γὰρ
1308 2760 1575 2830 χρονικῶς
1626 2760 1722 2809 καὶ
1783 2770 1942 2821 μετο-

365 2856 539 2924 χικῶς
575 2856 644 2909 τὰ
700 2853 879 2904 πάντα
927 2854 1116 2921 ἐσμὲν,
1149 2853 1361 2918 ὅσαπερ
1405 2849 1471 2901 ἂν
1529 2846 1777 2915 ἔχωμεν·
1809 2845 1836 2896 ὁ
1885 2843 1942 2896 δὲ

368 2945 562 3008 ἀῖδίως
603 2945 698 3000 καὶ
747 2942 992 3012 φυσικῶς
1035 2943 1128 2995 καὶ
1171 2941 1373 3008 κυρίως
1405 2939 1501 2990 καὶ
1539 2935 1768 3006 πρώτως
1794 2934 1943 2987 ἐστὶν

2037 503 2090 549 et
2121 494 2404 562 sentiunt;
2444 491 2655 546 ratione
2688 485 2933 558 praedita,
2988 479 3131 552 quod
3160 486 3215 532 et
3244 483 3371 530 sunt
3422 483 3477 527 et
3515 471 3600 522 vi-

2039 596 2190 646 vunt,
2219 596 2276 641 et
2305 585 2548 640 sentiunt
2575 589 2630 636 et
2671 577 2978 646 intelligunt
3005 609 3022 638 ,
3055 568 3380 636 virtutisque
3410 572 3464 620 et
3506 577 3597 616 sa-

2037 674 2254 741 pientia;
2305 683 2359 728 et
2422 669 2647 742 justitice
2695 681 2759 722 ac
2821 662 3156 731 reliquorum
3210 653 3597 712 commercium

2038 765 2246 820 ineunt.
2275 763 2380 818 Sed
2406 770 2460 816 et
2489 768 2758 816 utentium
2783 755 2996 809 ratione
3019 748 3299 806 distinctio
3328 755 3433 808 est,
3469 744 3601 798 alio-

2039 869 2264 925 rumque
2293 869 2404 924 prae
2429 853 2554 908 aliis
2603 849 2780 918 major
2828 841 3167 917 praestantia.
3216 837 3403 908 Angeli
3450 835 3637 889 enim'

2037 949 2394 1020 perfectiores
2443 953 2589 1009 sunt,
2637 958 2669 998 a
2703 939 3014 997 mortalium
3060 933 3269 992 scilicet
3313 943 3598 998 corpormn

2038 1037 2418 1108 conjunctione
2444 1035 2644 1101 liberi;
2724 1033 2971 1088 homines
3014 1041 3144 1083 vero
3185 1024 3296 1079 illis
3348 1019 3603 1086 imperfe-

2045 1131 2268 1196 ctiores,
2301 1128 2398 1198 qui
2429 1126 2740 1196 subjaceant
2777 1121 2935 1177 malis
2977 1113 3419 1188 corporis.'Quin
3467 1120 3519 1166 et
3550 1113 3601 1164 lii

2037 1236 2252 1293 quoque
2273 1219 2363 1273 alii
2392 1217 2514 1273 aliis
2537 1224 2798 1286 prastare
2815 1211 3038 1281 possint,
3072 1210 3116 1264 si
3149 1208 3330 1271 modo,
3359 1208 3412 1258 in
3438 1205 3602 1293 Deum

2037 1291 2315 1370 conversis
2359 1310 2555 1366 animis
2578 1349 2596 1376 ,
2631 1307 2742 1363 acri
2785 1302 3062 1376 diligentia
3100 1300 3173 1354 illi
3229 1297 3431 1353 similes
3469 1291 3603 1348 eﬂici

2037 1405 2360 1462 studueriut.
2388 1403 2657 1469 Quantum
2686 1398 2832 1454 enim
2884 1396 2949 1450 ad
2983 1395 3161 1464 ipsum
3208 1388 3603 1449 convertimur,

2041 1506 2248 1550 tantum
2288 1493 2495 1549 similes
2527 1494 2574 1547 ei
2604 1489 2901 1554 eilleimur;
2955 1495 3327 1555 quantumque
3362 1480 3411 1534 ei
3442 1478 3608 1531 cilici-

2042 1602 2164 1642 mur
2216 1585 2442 1648 similes,
2491 1593 2699 1637 tantum
2739 1580 2887 1634 illius
2929 1577 3220 1648 participes
3275 1571 3602 1631 reddimur;

2043 1694 2109 1734 ac
2133 1687 2397 1747 quantum
2429 1676 2573 1729 illius
2601 1673 2886 1728 reddimur
2916 1669 3225 1738 participes,
3262 1673 3470 1718 tantum
3504 1661 3603 1727 ipsi

2041 1772 2277 1834 unimur,
2342 1775 2544 1821 aeterno
2605 1766 2860 1820 nimirum
2935 1761 3178 1816 omnium
3215 1756 3470 1819 auctori,
3515 1753 3604 1822 qui

2037 1861 2278 1917 omnium
2311 1862 2469 1915 sedes
2489 1875 2552 1915 ac
2583 1857 2738 1927 quies
2771 1863 2878 1910 est.

2108 1954 2262 2007 Absit
2330 1954 2508 2021 itaque
2552 1963 2792 2018 unquam
2843 1946 3106 2007 dicamus,
3170 1956 3290 2012 quae
3336 1937 3389 1995 in
3448 1938 3607 1992 nobis

2039 2043 2402 2114 perfectiones
2429 2055 2492 2095 ac
2508 2039 2662 2094 dotes
2693 2045 2841 2098 sunt,
2862 2036 3076 2090 easdem
3103 2049 3163 2087 ac
3183 2046 3487 2100 supremam
3513 2029 3607 2084 Dei

2037 2136 2421 2206 perfectionem
2443 2144 2584 2188 esse.
2607 2129 2725 2185 Non
2753 2126 2898 2182 enim
2924 2125 3113 2179 eadem
3137 2123 3250 2176 vita
3271 2123 3415 2176 Deus
3433 2130 3486 2175 et
3516 2122 3611 2173 lio-

2039 2229 2211 2282 mines
2242 2225 2447 2288 vivunt,
2510 2231 2606 2276 aut
2657 2219 2845 2274 eadem
2877 2215 3138 2283 sapientia
3171 2213 3286 2279 ipse
3335 2224 3389 2266 et
3435 2212 3607 2279 angeli

2038 2328 2201 2388 atque
2243 2315 2496 2371 homines
2540 2320 2669 2370 sunt
2697 2311 2970 2377 sapientes
3009 2309 3116 2376 (est
3155 2307 3298 2359 enim
3337 2304 3386 2357 id
3423 2303 3611 2356 absur-

2036 2410 2208 2474 dum),
2236 2421 2338 2462 nec
2368 2404 2560 2460 eadem
2600 2403 2839 2460 bonitate
2878 2400 2972 2456 ille
3012 2414 3075 2455 ac
3105 2414 3204 2454 nos
3239 2397 3362 2452 boui
3395 2410 3606 2449 sumus.

2037 2501 2398 2567 Consequens
2431 2497 2576 2552 enim
2607 2495 2766 2558 foret,
2809 2509 2907 2548 nos
2958 2505 3175 2563 quoque
3201 2530 3216 2554 ,
3266 2488 3493 2558 perinde
3546 2501 3610 2539 ac

2042 2592 2151 2654 ille,
2189 2590 2324 2643 deos
2362 2601 2505 2643 esse.
2537 2587 2780 2653 Quorum
2809 2586 2952 2640 enim
2991 2599 3152 2653 pares
3197 2582 3352 2637 dotes
3398 2588 3522 2635 sunt
3552 2593 3614 2630 ac

2043 2681 2414 2749 perfectiones
2438 2721 2453 2744 ,
2494 2693 2653 2747 pares
2684 2686 2811 2731 sunt
2853 2687 2906 2732 et
2945 2675 3216 2730 esseutiae.
3252 2672 3612 2738 Quamobrem

2047 2773 2194 2826 Deus
2246 2771 2382 2825 citra
2458 2785 2672 2824 omnem
2732 2769 3219 2835 comparationem.
3270 2776 3381 2819 tum
3440 2763 3613 2823 nobis,

2047 2872 2160 2918 tum
2196 2863 2265 2916 iis
2294 2859 2553 2916 omnibus
2578 2897 2594 2925 ,
2623 2874 2743 2930 quae
2783 2861 2835 2914 in
2870 2859 3027 2914 nobis
3057 2866 3220 2922 sunt,
3255 2855 3476 2909 eminet.
3512 2852 3617 2906 Nos

2046 2956 2193 3010 enim
2220 2969 2283 3010 ex
2324 2965 2562 3021 tempore
2613 2967 2677 3007 ac
2722 2950 3136 3022 participatione
3177 2946 3356 3001 omnia
3408 2962 3616 3008 sumus,

367 3038 596 3104 ἀγαθὸς,
650 3038 834 3105 σοφδς,
885 3034 1241 3104 δημιουργὸς,
1294 3033 1430 3100 ζωὴ,
1486 3030 1778 3098 ἁγιασμὸς,
1831 3029 1937 3080 πᾶν

2041 3059 2381 3115 quaecunque
2459 3044 2675 3098 tandem
2751 3041 3144 3104 habuerimus,
3226 3040 3365 3093 Deus
3433 3046 3612 3092 autem

367 3130 507 3199 ὅπερ
553 3129 621 3183 ἂν
666 3129 813 3182 εῐποι
861 3145 976 3191 τις,
1009 3128 1084 3190 ὡς
1136 3127 1284 3179 αίτία
1339 3123 1528 3196 πρώτη
1576 3125 1668 3175 καὶ
1723 3123 1942 3191 ἀρχοει-

364 3221 593 3289 δεστάτη
624 3219 736 3272 τῶν
773 3218 966 3272 ὄντων.
1004 3218 1232 3286 Ἀγαθὸς
1268 3216 1327 3269 δὲ
1373 3216 1532 3285 φῧσει
1578 3214 1654 3266 ὢν
1704 3215 1731 3265 ὁ
1778 3212 1934 3276 Θεὸς,

363 3311 609 3365 οὐδέποτ’
635 3310 703 3364 ἂν
740 3310 824 3379 εἴη
857 3308 966 3363 τῶν
997 3309 1186 3362 κακῶν
1222 3307 1545 3369 αῐτιος.Τοῦ
1583 3305 1692 3374 γὰρ
1727 3303 1936 3372 κυρίως

363 3402 573 3472 ἀγαθοῦ
610 3402 742 3456 ἴδιον
779 3403 866 3454 ἀεὶ
906 3403 1166 3470 παρέχειν
1207 3398 1405 3463 ἀγαθά.
1448 3398 1506 3450 El
1553 3397 1609 3448 δέ
1638 3413 1760 3447 τινα
1789 3394 1937 3448 κακά

361 3495 579 3565 ὁρῶμεν
635 3495 692 3547 ἐν
743 3492 823 3563 τῷ
871 3492 1063 3562 κόσμῳ
1107 3491 1408 3560 γινόμενα,
1448 3488 1562 3542 ἀλλ’
1616 3487 1731 3539 οὔτ’
1775 3485 1940 3547 αὑτός

363 3587 514 3639 ἐστιν
553 3583 727 3645 αίτιος
772 3581 1011 3645 τούτων,
1070 3579 1186 3632 οὔθ’
1233 3579 1397 3646 ἀτέρα
1451 3594 1536 3638 τις
1583 3574 1936 3642 ἀντικειμένη

360 3677 594 3746 δύναμις
613 3690 647 3727 ’ρ
679 3673 792 3728 ἀλλ’
839 3671 1261 3741 ἀποχωροῦντες
1308 3671 1415 3722 ἀπὸ
1469 3667 1564 3720 τοῦ
1613 3664 1842 3733 ἀγαθοῦ,
1883 3665 1942 3716 εν

360 3770 443 3840 τῷ
477 3767 634 3838 κακῷ
671 3763 1039 3835 εὑρισκόμεθα
1066 3780 1081 3794 ·
1113 3764 1210 3816 καὶ
1261 3761 1418 3814 τοῦτό
1465 3762 1615 3812 ἐστιν
1655 3761 1687 3826 ἡ
1727 3759 1943 3826 γένεσις

359 3861 460 3915 τοῦ
497 3857 692 3922 κακοῦ,
717 3855 908 3926 ὥσπερ
950 3854 1044 3908 καὶ
1094 3853 1341 3915 σκότους,
1379 3853 1411 3922 ἡ
1458 3851 1554 3903 τοῦ
1597 3850 1779 3919 φωτὸς
1813 3849 1942 3902 om.

361 3948 629 4018 χώρησις.
669 3943 860 4013 Ἡμεῖς
893 3937 986 3995 οῦν
1029 3943 1198 4010 ἐσμεν
1235 3941 1417 3993 αἴτιοι.
1458 3939 1562 3991 Τὸν
1611 3939 1720 4008 γὰρ
1756 3938 1942 4005 ἀπαθῆ

361 4034 802 4106 παροργίζοντες
859 4033 951 4085 διὰ
1005 4031 1261 4102 πονηρῶν
1322 4031 1534 4102 ἔργων,
1602 4029 1945 4096 κολαζόμεθα

361 4127 510 4185 κατά
535 4125 633 4196 τὴν
663 4125 773 4178 τῶν
799 4123 1217 4194 ἁμαρτημάτων
1251 4121 1545 4190 ἀναλογίαν
1564 4137 1577 4152 ·
1630 4121 1666 4174 ἃ.
1697 4121 1760 4192 δὴ
1811 4120 1943 4188 παρ’

361 4223 501 4293 ἡμῖν
534 4218 632 4288 μὲν
665 4216 814 4270 κακά
847 4212 988 4270 εῖναι
1018 4215 1259 4280 δοκοῦσι,
1288 4214 1387 4277 τὰς
1414 4214 1593 4276 αἰτίας
1625 4214 1810 4266 αὐτῶν
1837 4215 1940 4266 οὐκ

2045 3146 2248 3193 aeterne
2279 3147 2440 3207 atque
2477 3145 2666 3190 natura
2712 3148 2946 3202 vereque
2988 3147 3052 3187 ac
3109 3131 3282 3202 primo
3309 3133 3484 3185 bonus
3513 3140 3618 3194 est,

2043 3233 2284 3301 sapiens,
2323 3229 2594 3293 conditor,
2630 3229 2762 3291 vita,
2801 3227 3162 3282 sanctimonia
3192 3225 3476 3293 (quidquid
3519 3223 3617 3275 de-

2047 3323 2213 3392 nique
2263 3320 2461 3391 aliquis
2521 3335 2642 3374 eum
2671 3316 2861 3385 dicat),
2899 3326 2956 3368 ut
2997 3330 3178 3370 rerum
3227 3315 3402 3382 prima
3459 3325 3620 3366 causa

2042 3428 2367 3482 summaque
2389 3412 2559 3481 origo.
2592 3411 2834 3479 Cumque
2874 3408 3016 3462 Deus
3060 3415 3252 3459 natura
3310 3403 3484 3456 bonus
3525 3402 3618 3463 sit,

2042 3517 2321 3570 nunquam
2378 3501 2642 3554 malorum
2702 3509 2892 3552 auctor
2943 3495 3240 3550 exstiterit.
3297 3491 3427 3562 Ejus
3471 3493 3616 3547 enim

2041 3596 2132 3664 qui
2171 3608 2296 3647 vere
2331 3607 2394 3646 ac
2437 3591 2655 3660 proprie
2686 3589 2861 3644 bonus
2888 3589 2984 3653 sit,
3017 3587 3068 3642 id
3094 3586 3388 3656 lproprium
3428 3592 3532 3646 est,
3562 3592 3621 3637 nt

2044 3700 2166 3755 qum
2189 3686 2330 3738 bona
2363 3691 2511 3744 sunt,
2547 3695 2761 3749 semper
2817 3678 3074 3748 praebeat.
3110 3676 3205 3731 Sin
3237 3686 3419 3730 autem
3463 3674 3618 3729 vide-

2046 3791 2165 3829 mus
2193 3774 2439 3844 quzedam
2465 3771 2605 3827 mala
2632 3771 2684 3824 iu
2719 3769 2919 3824 mundo
2939 3769 3178 3834 evenire,
3217 3781 3407 3821 eorum
3437 3777 3618 3820 tamen

2045 3883 2142 3922 nec
2175 3869 2289 3940 ipse
2340 3874 2529 3920 auctor
2560 3872 2663 3928 est,
2725 3877 2821 3916 nec
2877 3861 2987 3916 ulla
3044 3859 3147 3914 alia
3203 3859 3475 3914 contraria
3531 3869 3624 3926 pe-

2047 3967 2217 4012 testas
2241 3999 2255 4023 ,
2287 3957 2381 4011 sed
2431 3970 2556 4011 cum
2596 3955 2698 4024 ipsi
2733 3969 2762 4008 a
2797 3953 2940 4007 bono
2993 3953 3316 4007 recedamus
3341 3991 3355 4015 ,
3389 3949 3442 4003 in
3479 3949 3622 4002 malo

2049 4049 2397 4105 invenimur:
2435 4047 2588 4118 isque
2637 4047 2771 4100 adeo
2803 4045 2926 4100 mali
2956 4055 3108 4100 ortus
3163 4051 3246 4098 est
3294 4057 3358 4097 ac
3385 4039 3620 4107 eﬂ'ectio,

2046 4143 2120 4194 uti
2157 4140 2319 4194 etiam
2379 4141 2748 4202 tenebrarum,
2805 4136 2945 4193 lucis
2997 4139 3303 4191 abscessus.
3341 4131 3450 4188 Nos
3517 4133 3637 4200 ipsi.

2058 4233 2241 4301 itaque
2271 4231 2386 4298 ejus
2412 4241 2662 4286 auctores
2712 4244 2919 4284 sumus.
2951 4227 3050 4294 Qui
3089 4226 3232 4280 enim
3264 4239 3387 4280 eum
3432 4224 3520 4294 qui
3555 4223 3634 4276 ab-

363 4312 569 4368 είδόσιν
593 4327 609 4344 ο
647 4311 697 4363 εί
726 4309 786 4362 δέ
815 4325 897 4371 τις
935 4307 1218 4360 ἐπίσταιτο
1264 4307 1565 4376 διακρίνειν
1610 4305 1808 4376 ὀρθῶς,
1842 4305 1937 4357 καὶ

2049 4323 2196 4375 omni
2231 4320 2488 4376 immunis
2517 4320 2709 4374 ail'ectu
2743 4327 2857 4384 est,
2895 4335 2986 4388 per
3019 4333 3182 4388 prava
3212 4331 3373 4386 opera
3404 4316 3469 4368 ad
3517 4318 3624 4367 ira-

360 4405 539 4460 ταῦτα
583 4401 764 4469 ἀγαθά
807 4399 1056 4468 εὑρήσει.
1091 4401 1198 4453 Kal.
1234 4400 1342 4469 γὰρ
1384 4398 1474 4452 διὰ
1529 4399 1810 4467 συμφέρον
1857 4398 1937 4464 γίε

2052 4415 2303 4468 cundiam
2344 4428 2721 4482 provocamus,
2757 4427 2854 4481 pro
2897 4412 3226 4466 delictorum
3259 4408 3467 4462 ratione
3507 4421 3623 4476 pae-

363 4511 552 4551 νονται
603 4493 806 4563 ήμῶν·
855 4491 980 4544 ἐπεὶ
1040 4492 1136 4544 καὶ
1189 4491 1239 4544 oi
1298 4491 1474 4560 ἰατροὶ
1535 4489 1815 4584 τέμνουσι⁹
1853 4489 1937 4542 καὶ

2053 4519 2150 4560 nas
2185 4505 2407 4560 luimus.
2463 4507 2642 4574 Atque
2693 4504 2808 4557 Iure
2835 4505 3052 4573 quidem
3087 4502 3226 4571 apud
3267 4516 3367 4556 nos
3411 4514 3625 4567 usuque

363 4588 590 4644 καίουσι
648 4586 740 4640 τὸν
798 4584 1079 4650 νοσοῦντα,
1112 4584 1200 4639 τεο-α
1249 4583 1497 4654 ἀπολάϐῃ
1559 4583 1658 4652 τὴν
1709 4581 1937 4653 ὲξσζρχῆς

2052 4599 2296 4653 humano
2322 4597 2462 4650 mala
2503 4597 2776 4658 videntur,
2832 4595 2923 4663 qui
2970 4608 3158 4647 eorum
3190 4607 3390 4647 causas
3413 4591 3625 4645 nescia-

365 4679 583 4748 ὑγείαν.
611 4680 676 4732 Εἰ
721 4678 824 4748 μὲν
869 4677 964 4730 οὖν
993 4676 1352 4753 ’.λογιζόμενοι
1392 4677 1491 4736 τὰς
1525 4675 1707 4735 αἰτίας
1740 4673 1937 4742 ὑπομέ·

2051 4703 2213 4741 mus:
2248 4688 2331 4741 sin
2367 4695 2545 4742 autem
2584 4686 2705 4754 quis
2737 4695 2884 4739 recte
2931 4683 3177 4753 judicare
3229 4683 3458 4747 noverit,
3507 4683 3642 4749 ipsa.

363 4787 539 4841 νομεν
591 4769 1089 4841 εὐχαριστοῦντες,
1156 4765 1518 4836 ὠφελούμεθα
1576 4767 1642 4818 ὲκ
1697 4764 1937 4818 τούτων·

2048 4792 2263 4846 quoque
2288 4775 2425 4830 bona
2466 4775 2725 4839 oﬂ'endet,
2791 4776 2992 4843 quippe
3036 4789 3157 4827 cum
3207 4783 3404 4826 uostrze
3460 4787 3642 4825 causa.

361 4863 752 4935 καθαιρόμεθα
798 4863 909 4931 γὰρ
933 4863 1042 4916 τῶν
1091 4861 1528 4932 ἡμαρτημένων,
1557 4861 1651 4913 καὶ
1683 4877 1937 4929 σωφρονιι

2051 4871 2187 4922 ﬁant
2229 4868 2502 4922 utilitatis.
2540 4865 2671 4919 Nam
2699 4877 2748 4920 et
2803 4865 2995 4919 medici
3033 4873 3293 4934 aigrotum
3342 4873 3530 4917 secant
3562 4880 3649 4916 ac.

365 4955 596 5025 ζόμεθα,
637 4955 733 5008 καὶ
774 4953 919 5008 οὕτω
947 4953 1216 5023 γινόμεθα
1244 4952 1491 5023 βελτίους
1515 4968 1528 4982 ⁸
1565 4953 1614 5004 εί
1659 4952 1704 5005 δ’
1754 4950 1937 5019 ὥσπερ

2047 4970 2232 5025 urunt,
2287 4970 2346 5014 ut
2402 4959 2644 5027 pristinae
2704 4955 2922 5012 sanitati
2982 4957 3289 5010 restituunt.
3343 4955 3650 5023 Siquidem.-

364 5047 508 5101 λίθοι
529 5047 757 5118 σκληροὶ
807 5045 1162 5115 διαμένομεν,
1211 5047 1306 5098 καὶ
1366 5044 1446 5096 ἔτι
1506 5044 1775 5112 πταίομεν
1832 5045 1937 5104 τοῖς

2044 5053 2209 5123 igitur
2238 5065 2435 5106 causas
2467 5059 2777 5117 reputantes
2803 5090 2817 5113 ,
2861 5047 3064 5117 gratias
3095 5054 3315 5116 agentes
3383 5046 3622 5100 sustine-

366 5141 563 5202 κακοῖς
593 5137 986 5209 ἀθεραπεύτως
1030 5139 1492 5207 ὲπεκτεινόμενοι,
1525 5135 1937 5205 ὲγκαταλιμπα-

2047 5159 2187 5208 mus,
2213 5142 2552 5196 commodum
2589 5155 2656 5195 ex
2689 5139 2796 5195 illis
2835 5149 3178 5210 reportamus
3209 5158 3222 5194 :
3256 5137 3642 5192 ειιιυιιιίοηιιιτς

372 5231 582 5301 νόμεθα
608 5231 713 5284 ὑπὸ
739 5230 836 5284 τοῦ
863 5229 1021 5294 Θεοῦ,
1047 5231 1143 5282 καὶ
1173 5229 1605 5299 ἀλλοτριούμεθα
1629 5229 1724 5282 ἀπ’
1755 5225 1937 5292 αὐτοῦ¹

2047 5236 2191 5291 enim
2220 5251 2247 5288 a
2279 5233 2491 5289 doliolis
2521 5247 2583 5286 ac
2613 5232 2960 5301 castigantur,
3000 5242 3161 5301 atque
3211 5231 3348 5285 adeo
3380 5222 3628 5278 melioris.

376 5323 476 5377 καὶ
508 5323 759 5394 ἀγόμεθα
787 5325 879 5376 καὶ
910 5322 1194 5394 φερόμεθα
1220 5321 1326 5373 ὑπὸ
1366 5320 1464 5374 τοῦ
1492 5319 1765 5385 διαϐόλου,
1788 5311 1832 5385 ᾧ
1860 5318 1937 5372 διὰ

2049 5326 2224 5396 frugis
2252 5326 2379 5380 inde
2417 5323 2699 5378 eilicimur.
2751 5323 2846 5396 Sin
2901 5331 3078 5376 autem
3135 5322 3277 5374 velut
3319 5328 3446 5371 saxa
3504 5309 3638 5361 duri.

369 5417 480 5472 τῶν
507 5420 730 5486 φαύλων
751 5418 931 5489 ἔργων
960 5415 1482 5488 προσῳκειὼθημεν.

2047 5431 2482 5486 perseveramus,
2527 5413 2811 5480 adhucque
2860 5411 3182 5467 offendimus
3213 5447 3228 5469 .
3257 5407 3345 5476 qui
3390 5404 3618 5453 irt'etnc-

370 5507 642 5565 diabiliter
671 5513 722 5565 in
759 5512 894 5565 mala
927 5511 1120 5566 intenti
1157 5509 1362 5574 simus,
1429 5524 1456 5562 a
1525 5509 1632 5562 Deo
1706 5508 2154 5577 derelinquimur,
2211 5510 2440 5579 ipsoque
2489 5509 2585 5561 alis
2648 5523 2706 5562 se
2755 5507 2959 5559 alienos
3024 5500 3244 5555 clTectos
3319 5492 3622 5550 abdicante.

373 5620 404 5658 a
441 5607 676 5672 diabolo,
707 5608 789 5662 eui
825 5623 922 5662 nos
967 5622 1060 5674 per
1101 5605 1238 5657 mala
1281 5619 1438 5672 opera
1474 5603 1838 5668 devinximus,
1876 5606 2087 5675 agimur
2121 5606 2476 5670 ferimurque.

444 5697 521 5753 Ἱζᾶ
567 5693 657 5750 οὖν
719 5699 978 5767 γινόμενα
1045 5697 1191 5764 παρὰ
1249 5694 1340 5748 τοῦ
1383 5695 1542 5757 Θεοῦ,
1591 5694 1655 5746 τὰ
1710 5695 1806 5764 μέν
1839 5698 1937 5749 eis:

2127 5698 2255 5762 Quae
2292 5697 2456 5766 igitur
2507 5711 2534 5747 a
2586 5695 2692 5747 Du)
2744 5693 2892 5748 ﬁunt,
2930 5685 3027 5736 alia
3085 5675 3458 5752 pl‘npmtsim‘ls
3510 5678 3634 5719 sum

3219 5960 3284 6003 δ
