  <div class='ocr_page' id='page_1' title='image "/cluster/home/n/w/nwhite01/storage/ocr_20150623/152/mdp.39015078384735/232.png"; bbox 0 0 4036 6262; ppageno 0'>
   <div class='ocr_carea' id='block_1_1' title="bbox 297 407 402 471">
    <p class='ocr_par' dir='ltr' id='par_1_1' title="bbox 297 407 402 471">
     <span class='ocr_line' id='line_1_1' title="bbox 297 407 402 471; baseline 0.029 -3"><span class='ocrx_word' id='word_1_1' title='bbox 297 407 402 471; x_wconf 63' lang='grc' dir='ltr'><strong><em>ΗΞ)</em></strong></span> 
     </span>
    </p>
   </div>
   <div class='ocr_carea' id='block_1_2' title="bbox 1247 410 2571 473">
    <p class='ocr_par' dir='ltr' id='par_1_2' title="bbox 1247 410 2571 473">
     <span class='ocr_line' id='line_1_2' title="bbox 1247 410 2571 473; baseline 0.002 -3"><span class='ocrx_word' id='word_1_2' title='bbox 1247 411 1346 470; x_wconf 85' lang='lat' dir='ltr'><strong><em>DE</em></strong></span> <span class='ocrx_word' id='word_1_3' title='bbox 1390 410 1819 471; x_wconf 82' lang='lat' dir='ltr'><strong><em>PRINCIPHS</em></strong></span> <span class='ocrx_word' id='word_1_4' title='bbox 1854 411 2060 470; x_wconf 74' lang='lat' dir='ltr'><strong>FIDE!</strong></span> <span class='ocrx_word' id='word_1_5' title='bbox 2101 410 2571 473; x_wconf 64' lang='lat' dir='ltr'><strong><em>CATHOLIGE.</em></strong></span> 
     </span>
    </p>
   </div>
   <div class='ocr_carea' id='block_1_3' title="bbox 3446 416 3549 475">
    <p class='ocr_par' dir='ltr' id='par_1_3' title="bbox 3446 416 3549 475">
     <span class='ocr_line' id='line_1_3' title="bbox 3446 416 3549 475; baseline -0.01 0"><span class='ocrx_word' id='word_1_6' title='bbox 3446 416 3549 475; x_wconf 70' lang='grc'><strong><em>450</em></strong></span> 
     </span>
    </p>
   </div>
   <div class='ocr_carea' id='block_1_4' title="bbox 301 520 1892 593">
    <p class='ocr_par' dir='ltr' id='par_1_4' title="bbox 301 521 1874 593">
     <span class='ocr_line' id='line_1_4' title="bbox 301 521 1874 593; baseline 0.001 -17"><span class='ocrx_word' id='word_1_7' title='bbox 301 523 467 588; x_wconf 72' lang='grc' dir='ltr'><strong><em>ὑμῶν</em></strong></span> <span class='ocrx_word' id='word_1_8' title='bbox 524 524 556 574; x_wconf 82' lang='grc' dir='ltr'><em>ὀ</em></span> <span class='ocrx_word' id='word_1_9' title='bbox 603 521 922 589; x_wconf 75' lang='grc' dir='ltr'><em>ρι’·ράνιοςο</em></span> <span class='ocrx_word' id='word_1_10' title='bbox 971 523 1088 586; x_wconf 60' lang='grc' dir='ltr'><em>καὶ,</em></span> <span class='ocrx_word' id='word_1_11' title='bbox 1141 524 1398 577; x_wconf 76' lang='grc' dir='ltr'><strong><em>Γίνεσθε</em></strong></span> <span class='ocrx_word' id='word_1_12' title='bbox 1437 525 1687 593; x_wconf 78' lang='grc' dir='ltr'><em>μιμηταὶ</em></span> <span class='ocrx_word' id='word_1_13' title='bbox 1724 525 1874 577; x_wconf 85' lang='grc' dir='ltr'><strong><em>Θεοῦ</em></strong></span> 
     </span>
    </p>
   </div>
   <div class='ocr_carea' id='block_1_5' title="bbox 1995 520 3551 593">
    <p class='ocr_par' dir='ltr' id='par_1_5' title="bbox 1995 520 3551 591">
     <span class='ocr_line' id='line_1_5' title="bbox 1995 520 3551 591; baseline 0.001 -16"><span class='ocrx_word' id='word_1_14' title='bbox 1995 524 2128 576; x_wconf 68' lang='lat' dir='ltr'><strong><em>velut</em></strong></span> <span class='ocrx_word' id='word_1_15' title='bbox 2179 523 2400 577; x_wconf 87' lang='lat' dir='ltr'><strong><em>stimulo</em></strong></span> <span class='ocrx_word' id='word_1_16' title='bbox 2451 522 2516 575; x_wconf 92' lang='lat' dir='ltr'><strong><em>ad</em></strong></span> <span class='ocrx_word' id='word_1_17' title='bbox 2579 520 2673 574; x_wconf 81' lang='lat' dir='ltr'><strong><em>Dei</em></strong></span> <span class='ocrx_word' id='word_1_18' title='bbox 2729 521 3088 576; x_wconf 68' lang='lat' dir='ltr'><strong><em>imitationem</em></strong></span> <span class='ocrx_word' id='word_1_19' title='bbox 3124 535 3401 591; x_wconf 79' lang='lat' dir='ltr'><strong><em>urgemur.</em></strong></span> <span class='ocrx_word' id='word_1_20' title='bbox 3462 527 3551 577; x_wconf 70' lang='lat' dir='ltr'><strong><em>Ait</em></strong></span> 
     </span>
    </p>
   </div>
   <div class='ocr_carea' id='block_1_6' title="bbox 300 613 1875 683">
    <p class='ocr_par' dir='ltr' id='par_1_6' title="bbox 300 613 1875 683">
     <span class='ocr_line' id='line_1_6' title="bbox 300 613 1875 683; baseline 0.001 -18"><span class='ocrx_word' id='word_1_21' title='bbox 300 615 376 676; x_wconf 81' lang='grc' dir='ltr'><em>ὡς</em></span> <span class='ocrx_word' id='word_1_22' title='bbox 417 613 602 665; x_wconf 72' lang='grc' dir='ltr'><em>τέκνα</em></span> <span class='ocrx_word' id='word_1_23' title='bbox 649 613 950 680; x_wconf 77' lang='grc' dir='ltr'><em>ἀγαπητά.</em></span> <span class='ocrx_word' id='word_1_24' title='bbox 981 615 1092 666; x_wconf 73' lang='grc' dir='ltr'><strong><em>Καὶ</em></strong></span> <span class='ocrx_word' id='word_1_25' title='bbox 1125 615 1153 666; x_wconf 99' lang='lat'><strong><em>6</em></strong></span> <span class='ocrx_word' id='word_1_26' title='bbox 1188 615 1331 677; x_wconf 79' lang='grc' dir='ltr'><em>θεῖος</em></span> <span class='ocrx_word' id='word_1_27' title='bbox 1365 615 1641 676; x_wconf 83' lang='grc' dir='ltr'><em>Διονύσιος</em></span> <span class='ocrx_word' id='word_1_28' title='bbox 1675 614 1789 683; x_wconf 72' lang='lat' dir='ltr'><strong><em>(l7)</em></strong></span> <span class='ocrx_word' id='word_1_29' title='bbox 1817 616 1875 667; x_wconf 80' lang='grc' dir='ltr'><em>ὲν</em></span> 
     </span>
    </p>
   </div>
   <div class='ocr_carea' id='block_1_7' title="bbox 302 704 1876 772">
    <p class='ocr_par' dir='ltr' id='par_1_7' title="bbox 302 704 1876 772">
     <span class='ocr_line' id='line_1_7' title="bbox 302 704 1876 772; baseline 0.001 -19"><span class='ocrx_word' id='word_1_30' title='bbox 302 704 378 772; x_wconf 83' lang='grc' dir='ltr'><em>τῷ</em></span> <span class='ocrx_word' id='word_1_31' title='bbox 420 704 558 770; x_wconf 73' lang='grc' dir='ltr'><em>Περὶ</em></span> <span class='ocrx_word' id='word_1_32' title='bbox 588 705 765 758; x_wconf 81' lang='grc' dir='ltr'><strong><em>θείων</em></strong></span> <span class='ocrx_word' id='word_1_33' title='bbox 793 704 1128 772; x_wconf 80' lang='grc' dir='ltr'><em>ὀνομάτων,</em></span> <span class='ocrx_word' id='word_1_34' title='bbox 1165 707 1275 759; x_wconf 85' lang='grc' dir='ltr'><em>Τὸν</em></span> <span class='ocrx_word' id='word_1_35' title='bbox 1293 704 1446 772; x_wconf 84' lang='grc' dir='ltr'><em>ὑπὲρ</em></span> <span class='ocrx_word' id='word_1_36' title='bbox 1472 705 1690 766; x_wconf 82' lang='grc' dir='ltr'><em>πάντα,</em></span> <span class='ocrx_word' id='word_1_37' title='bbox 1720 707 1876 772; x_wconf 60' lang='grc' dir='ltr'><em>φησι,</em></span> 
     </span>
    </p>
   </div>
   <div class='ocr_carea' id='block_1_8' title="bbox 304 797 1874 866">
    <p class='ocr_par' dir='ltr' id='par_1_8' title="bbox 304 797 1874 866">
     <span class='ocr_line' id='line_1_8' title="bbox 304 797 1874 866; baseline -0.001 -15"><span class='ocrx_word' id='word_1_38' title='bbox 304 797 454 851; x_wconf 70' lang='grc' dir='ltr'><em>Θεὸν</em></span> <span class='ocrx_word' id='word_1_39' title='bbox 485 798 632 850; x_wconf 79' lang='grc' dir='ltr'><em>καθὸ</em></span> <span class='ocrx_word' id='word_1_40' title='bbox 680 798 856 859; x_wconf 85' lang='grc' dir='ltr'><em>αὐτός</em></span> <span class='ocrx_word' id='word_1_41' title='bbox 894 797 1086 860; x_wconf 84' lang='grc' dir='ltr'><em>ἐστιν,</em></span> <span class='ocrx_word' id='word_1_42' title='bbox 1141 797 1345 851; x_wconf 82' lang='grc' dir='ltr'><em>οὐδενί</em></span> <span class='ocrx_word' id='word_1_43' title='bbox 1403 812 1598 866; x_wconf 77' lang='grc' dir='ltr'><em>φασιν</em></span> <span class='ocrx_word' id='word_1_44' title='bbox 1640 797 1874 865; x_wconf 84' lang='grc' dir='ltr'><em>ὅμοιον·</em></span> 
     </span>
    </p>
   </div>
   <div class='ocr_carea' id='block_1_9' title="bbox 303 889 1878 959">
    <p class='ocr_par' dir='ltr' id='par_1_9' title="bbox 303 889 1878 959">
     <span class='ocr_line' id='line_1_9' title="bbox 303 889 1878 959; baseline 0 -17"><span class='ocrx_word' id='word_1_45' title='bbox 303 890 488 944; x_wconf 75' lang='grc' dir='ltr'><em>αὑτὸν</em></span> <span class='ocrx_word' id='word_1_46' title='bbox 539 889 608 942; x_wconf 78' lang='grc' dir='ltr'><em>δὲ</em></span> <span class='ocrx_word' id='word_1_47' title='bbox 649 892 968 958; x_wconf 76' lang='grc' dir='ltr'><em>ὁμοιότητα</em></span> <span class='ocrx_word' id='word_1_48' title='bbox 1021 891 1187 944; x_wconf 82' lang='grc' dir='ltr'><em>θείαν</em></span> <span class='ocrx_word' id='word_1_49' title='bbox 1231 890 1546 959; x_wconf 79' lang='grc' dir='ltr'><em>δωρεῖσθαι</em></span> <span class='ocrx_word' id='word_1_50' title='bbox 1603 889 1726 955; x_wconf 81' lang='grc' dir='ltr'><em>τοῖς</em></span> <span class='ocrx_word' id='word_1_51' title='bbox 1787 889 1878 942; x_wconf 79' lang='grc' dir='ltr'><strong><em>ἐπ’</em></strong></span> 
     </span>
    </p>
   </div>
   <div class='ocr_carea' id='block_1_10' title="bbox 307 981 1883 1050">
    <p class='ocr_par' dir='ltr' id='par_1_10' title="bbox 307 981 1883 1050">
     <span class='ocr_line' id='line_1_10' title="bbox 307 981 1883 1050; baseline -0.001 -16"><span class='ocrx_word' id='word_1_52' title='bbox 307 981 494 1034; x_wconf 79' lang='grc' dir='ltr'><em>αὑτὸν</em></span> <span class='ocrx_word' id='word_1_53' title='bbox 533 981 1087 1049; x_wconf 67' lang='grc' dir='ltr'><strong><em>ἐπιστρεφομένοις.</em></strong></span> <span class='ocrx_word' id='word_1_54' title='bbox 1129 984 1238 1036; x_wconf 76' lang='grc' dir='ltr'><strong><em>Καὶ</em></strong></span> <span class='ocrx_word' id='word_1_55' title='bbox 1277 983 1461 1045; x_wconf 82' lang='grc' dir='ltr'><em>πάλιν,</em></span> <span class='ocrx_word' id='word_1_56' title='bbox 1504 981 1692 1038; x_wconf 80' lang='grc' dir='ltr'><em>Ταῦτα</em></span> <span class='ocrx_word' id='word_1_57' title='bbox 1732 983 1883 1050; x_wconf 75' lang='grc' dir='ltr'><em>γοῦν</em></span> 
     </span>
    </p>
   </div>
   <div class='ocr_carea' id='block_1_11' title="bbox 302 1071 1880 1139">
    <p class='ocr_par' dir='ltr' id='par_1_11' title="bbox 302 1071 1880 1139">
     <span class='ocr_line' id='line_1_11' title="bbox 302 1071 1880 1139; baseline 0.001 -17"><span class='ocrx_word' id='word_1_58' title='bbox 302 1071 524 1138; x_wconf 75' lang='grc' dir='ltr'><em>ῥητέον</em></span> <span class='ocrx_word' id='word_1_59' title='bbox 568 1071 739 1139; x_wconf 83' lang='grc' dir='ltr'><em>ὅμοια</em></span> <span class='ocrx_word' id='word_1_60' title='bbox 789 1071 960 1132; x_wconf 85' lang='grc' dir='ltr'><em>Θεοῦ,</em></span> <span class='ocrx_word' id='word_1_61' title='bbox 1004 1071 1076 1124; x_wconf 84' lang='grc' dir='ltr'><em>τὰ</em></span> <span class='ocrx_word' id='word_1_62' title='bbox 1115 1072 1266 1126; x_wconf 82' lang='grc' dir='ltr'><em>κατὰ</em></span> <span class='ocrx_word' id='word_1_63' title='bbox 1320 1074 1488 1128; x_wconf 82' lang='grc' dir='ltr'><em>θείιιν</em></span> <span class='ocrx_word' id='word_1_64' title='bbox 1530 1073 1735 1126; x_wconf 76' lang='grc' dir='ltr'><em>εἰκόνα</em></span> <span class='ocrx_word' id='word_1_65' title='bbox 1785 1076 1880 1124; x_wconf 72' lang='grc' dir='ltr'><em>καὶ</em></span> 
     </span>
    </p>
   </div>
   <div class='ocr_carea' id='block_1_12' title="bbox 309 1162 1882 1231">
    <p class='ocr_par' dir='ltr' id='par_1_12' title="bbox 309 1162 1882 1231">
     <span class='ocr_line' id='line_1_12' title="bbox 309 1162 1882 1231; baseline -0.001 -16"><span class='ocrx_word' id='word_1_66' title='bbox 309 1166 593 1230; x_wconf 65' lang='grc' dir='ltr'><em>ὁμοίωσιν</em></span> <span class='ocrx_word' id='word_1_67' title='bbox 617 1176 632 1190; x_wconf 85' lang='lat'><strong><em>°</em></strong></span> <span class='ocrx_word' id='word_1_68' title='bbox 665 1162 806 1216; x_wconf 80' lang='grc' dir='ltr'><em>οὐδὲ</em></span> <span class='ocrx_word' id='word_1_69' title='bbox 832 1163 944 1231; x_wconf 76' lang='grc' dir='ltr'><em>γὰρ</em></span> <span class='ocrx_word' id='word_1_70' title='bbox 969 1164 1176 1229; x_wconf 78' lang='grc' dir='ltr'><em>αὐτοῖς</em></span> <span class='ocrx_word' id='word_1_71' title='bbox 1199 1165 1307 1216; x_wconf 76' lang='grc' dir='ltr'><em>τὸν</em></span> <span class='ocrx_word' id='word_1_72' title='bbox 1338 1165 1489 1217; x_wconf 82' lang='grc' dir='ltr'><em>Θεὸν</em></span> <span class='ocrx_word' id='word_1_73' title='bbox 1531 1162 1761 1231; x_wconf 80' lang='grc' dir='ltr'><em>ὅμοιον,</em></span> <span class='ocrx_word' id='word_1_74' title='bbox 1794 1163 1882 1214; x_wconf 71' lang='grc' dir='ltr'><strong><em>ὅτι</em></strong></span> 
     </span>
    </p>
   </div>
   <div class='ocr_carea' id='block_1_13' title="bbox 306 1252 1882 1323">
    <p class='ocr_par' dir='ltr' id='par_1_13' title="bbox 306 1252 1882 1323">
     <span class='ocr_line' id='line_1_13' title="bbox 306 1252 1882 1323; baseline -0.001 -16"><span class='ocrx_word' id='word_1_75' title='bbox 306 1254 462 1323; x_wconf 80' lang='grc' dir='ltr'><em>μηδὲ</em></span> <span class='ocrx_word' id='word_1_76' title='bbox 500 1255 812 1320; x_wconf 80' lang='grc' dir='ltr'><em>ἅνθρωπος</em></span> <span class='ocrx_word' id='word_1_77' title='bbox 859 1252 934 1321; x_wconf 76' lang='grc' dir='ltr'><em>τῇ</em></span> <span class='ocrx_word' id='word_1_78' title='bbox 985 1253 1100 1320; x_wconf 76' lang='grc' dir='ltr'><em>ἰδίᾳ</em></span> <span class='ocrx_word' id='word_1_79' title='bbox 1151 1256 1334 1308; x_wconf 76' lang='grc' dir='ltr'><em>εἰκόνι</em></span> <span class='ocrx_word' id='word_1_80' title='bbox 1392 1255 1628 1323; x_wconf 77' lang='grc' dir='ltr'><em>ὅμοιοςο</em></span> <span class='ocrx_word' id='word_1_81' title='bbox 1668 1255 1805 1307; x_wconf 73' lang='grc' dir='ltr'><strong><em>ἀλλ’</em></strong></span> <span class='ocrx_word' id='word_1_82' title='bbox 1845 1253 1882 1319; x_wconf 72' lang='grc' dir='ltr'><strong><em>ἡ</em></strong></span> 
     </span>
    </p>
   </div>
   <div class='ocr_carea' id='block_1_14' title="bbox 311 1344 1883 1416">
    <p class='ocr_par' dir='ltr' id='par_1_14' title="bbox 311 1344 1883 1416">
     <span class='ocr_line' id='line_1_14' title="bbox 311 1344 1883 1416; baseline -0.001 -18"><span class='ocrx_word' id='word_1_83' title='bbox 311 1347 590 1414; x_wconf 80' lang='grc' dir='ltr'><strong><em>ὁμοίωσις</em></strong></span> <span class='ocrx_word' id='word_1_84' title='bbox 609 1346 675 1397; x_wconf 69' lang='lat' dir='ltr'><strong><em>z‘d</em></strong></span> <span class='ocrx_word' id='word_1_85' title='bbox 704 1345 945 1411; x_wconf 74' lang='grc' dir='ltr'><em>πρώτως</em></span> <span class='ocrx_word' id='word_1_86' title='bbox 964 1345 1094 1398; x_wconf 76' lang='grc' dir='ltr'><em>ἐστὶ</em></span> <span class='ocrx_word' id='word_1_87' title='bbox 1125 1344 1244 1398; x_wconf 85' lang='grc' dir='ltr'><em>τῶν</em></span> <span class='ocrx_word' id='word_1_88' title='bbox 1273 1346 1343 1399; x_wconf 89' lang='grc' dir='ltr'><em>ἑν</em></span> <span class='ocrx_word' id='word_1_89' title='bbox 1368 1347 1512 1416; x_wconf 76' lang='grc' dir='ltr'><em>ἡμῖν</em></span> <span class='ocrx_word' id='word_1_90' title='bbox 1541 1345 1699 1412; x_wconf 77' lang='grc' dir='ltr'><em>παρὰ</em></span> <span class='ocrx_word' id='word_1_91' title='bbox 1736 1345 1883 1397; x_wconf 85' lang='grc' dir='ltr'><em>Θεοῦ</em></span> 
     </span>
    </p>
   </div>
   <div class='ocr_carea' id='block_1_15' title="bbox 310 1435 1884 1506">
    <p class='ocr_par' dir='ltr' id='par_1_15' title="bbox 310 1435 1884 1506">
     <span class='ocr_line' id='line_1_15' title="bbox 310 1435 1884 1506; baseline -0.002 -16"><span class='ocrx_word' id='word_1_92' title='bbox 310 1435 568 1506; x_wconf 75' lang='grc' dir='ltr'><em>ἀγαθῶν.</em></span> <span class='ocrx_word' id='word_1_93' title='bbox 596 1437 721 1489; x_wconf 81' lang='grc' dir='ltr'><em>Εἴτε</em></span> <span class='ocrx_word' id='word_1_94' title='bbox 769 1437 879 1506; x_wconf 76' lang='grc' dir='ltr'><em>γὰρ</em></span> <span class='ocrx_word' id='word_1_95' title='bbox 937 1437 1108 1505; x_wconf 83' lang='grc' dir='ltr'><em>ἆγιοι,</em></span> <span class='ocrx_word' id='word_1_96' title='bbox 1145 1439 1255 1490; x_wconf 73' lang='grc' dir='ltr'><em>εἴτε</em></span> <span class='ocrx_word' id='word_1_97' title='bbox 1291 1438 1422 1500; x_wconf 76' lang='grc' dir='ltr'><em>Οεοὶ,</em></span> <span class='ocrx_word' id='word_1_98' title='bbox 1457 1438 1565 1490; x_wconf 72' lang='grc' dir='ltr'><em>εἴτε</em></span> <span class='ocrx_word' id='word_1_99' title='bbox 1597 1437 1772 1488; x_wconf 76' lang='grc' dir='ltr'><em>δοῦλοι</em></span> <span class='ocrx_word' id='word_1_100' title='bbox 1799 1435 1884 1488; x_wconf 74' lang='lat' dir='ltr'><strong><em>6v-</em></strong></span> 
     </span>
    </p>
   </div>
   <div class='ocr_carea' id='block_1_16' title="bbox 313 1527 1882 1598">
    <p class='ocr_par' dir='ltr' id='par_1_16' title="bbox 313 1527 1882 1598">
     <span class='ocr_line' id='line_1_16' title="bbox 313 1527 1882 1598; baseline -0.001 -19"><span class='ocrx_word' id='word_1_101' title='bbox 313 1544 421 1591; x_wconf 83' lang='grc' dir='ltr'><em>τες,</em></span> <span class='ocrx_word' id='word_1_102' title='bbox 453 1528 563 1578; x_wconf 79' lang='grc' dir='ltr'><em>εἴτε</em></span> <span class='ocrx_word' id='word_1_103' title='bbox 615 1527 816 1596; x_wconf 75' lang='grc' dir='ltr'><em>κύριοι,</em></span> <span class='ocrx_word' id='word_1_104' title='bbox 849 1528 975 1579; x_wconf 79' lang='grc' dir='ltr'><em>καθ’</em></span> <span class='ocrx_word' id='word_1_105' title='bbox 1024 1529 1288 1596; x_wconf 81' lang='grc' dir='ltr'><em>ὁμοίωσιν</em></span> <span class='ocrx_word' id='word_1_106' title='bbox 1337 1527 1882 1598; x_wconf 78' lang='grc' dir='ltr'><em>ἐδημιουργήοημεν·</em></span> 
     </span>
    </p>
   </div>
   <div class='ocr_carea' id='block_1_17' title="bbox 314 1616 1885 1687">
    <p class='ocr_par' dir='ltr' id='par_1_17' title="bbox 314 1616 1885 1687">
     <span class='ocr_line' id='line_1_17' title="bbox 314 1616 1885 1687; baseline 0 -17"><span class='ocrx_word' id='word_1_107' title='bbox 314 1617 453 1670; x_wconf 73' lang='grc' dir='ltr'><em>κατὰ</em></span> <span class='ocrx_word' id='word_1_108' title='bbox 480 1616 639 1669; x_wconf 82' lang='grc' dir='ltr'><em>τοῦτο</em></span> <span class='ocrx_word' id='word_1_109' title='bbox 669 1618 778 1685; x_wconf 78' lang='grc' dir='ltr'><em>γάρ</em></span> <span class='ocrx_word' id='word_1_110' title='bbox 817 1635 982 1686; x_wconf 80' lang='grc' dir='ltr'><em>φησιν</em></span> <span class='ocrx_word' id='word_1_111' title='bbox 1033 1619 1061 1670; x_wconf 93' lang='lat'><strong><em>6</em></strong></span> <span class='ocrx_word' id='word_1_112' title='bbox 1101 1618 1442 1687; x_wconf 74' lang='grc' dir='ltr'><em>Ἀπόστολος,</em></span> <span class='ocrx_word' id='word_1_113' title='bbox 1489 1617 1885 1687; x_wconf 57' lang='grc' dir='ltr'><em>Ἀναμοί-ροῦ-</em></span> 
     </span>
    </p>
   </div>
   <div class='ocr_carea' id='block_1_18' title="bbox 310 1695 1886 1780">
    <p class='ocr_par' dir='ltr' id='par_1_18' title="bbox 310 1695 1886 1780">
     <span class='ocr_line' id='line_1_18' title="bbox 310 1695 1886 1780; baseline -0.001 -18"><span class='ocrx_word' id='word_1_114' title='bbox 310 1712 418 1762; x_wconf 79' lang='grc' dir='ltr'><strong><em>σθε</em></strong></span> <span class='ocrx_word' id='word_1_115' title='bbox 457 1708 528 1758; x_wconf 83' lang='grc' dir='ltr'><em>ἐν</em></span> <span class='ocrx_word' id='word_1_116' title='bbox 576 1709 882 1774; x_wconf 82' lang='grc' dir='ltr'><em>καινότητι</em></span> <span class='ocrx_word' id='word_1_117' title='bbox 916 1707 1018 1760; x_wconf 87' lang='grc' dir='ltr'><em>τοῦ</em></span> <span class='ocrx_word' id='word_1_118' title='bbox 1042 1708 1176 1773; x_wconf 81' lang='grc' dir='ltr'><em>νοὸς</em></span> <span class='ocrx_word' id='word_1_119' title='bbox 1223 1709 1410 1777; x_wconf 81' lang='grc' dir='ltr'><em>ὑμῶν.</em></span> <span class='ocrx_word' id='word_1_120' title='bbox 1442 1695 1533 1778; x_wconf 78' lang='grc' dir='ltr'>Τῷ</span> <span class='ocrx_word' id='word_1_121' title='bbox 1576 1710 1686 1780; x_wconf 82' lang='grc' dir='ltr'><em>γὰρ</em></span> <span class='ocrx_word' id='word_1_122' title='bbox 1712 1707 1886 1777; x_wconf 76' lang='grc' dir='ltr'><em>καινῷ</em></span> 
     </span>
    </p>
   </div>
   <div class='ocr_carea' id='block_1_19' title="bbox 311 1799 1884 1873">
    <p class='ocr_par' dir='ltr' id='par_1_19' title="bbox 311 1799 1884 1873">
     <span class='ocr_line' id='line_1_19' title="bbox 311 1799 1884 1873; baseline 0.003 -22"><span class='ocrx_word' id='word_1_123' title='bbox 311 1799 585 1868; x_wconf 75' lang='grc' dir='ltr'><strong><em>ἀνθρώπῳ</em></strong></span> <span class='ocrx_word' id='word_1_124' title='bbox 613 1799 867 1866; x_wconf 83' lang='grc' dir='ltr'><em>λέγονται</em></span> <span class='ocrx_word' id='word_1_125' title='bbox 892 1799 1084 1864; x_wconf 82' lang='grc' dir='ltr'><em>ταῦτα,</em></span> <span class='ocrx_word' id='word_1_126' title='bbox 1113 1800 1191 1868; x_wconf 84' lang='grc' dir='ltr'><em>τῷ</em></span> <span class='ocrx_word' id='word_1_127' title='bbox 1225 1802 1697 1871; x_wconf 66' lang='grc' dir='ltr'><em>ἀνακαινιζομένῳ</em></span> <span class='ocrx_word' id='word_1_128' title='bbox 1730 1804 1786 1855; x_wconf 78' lang='grc' dir='ltr'><em>ἐν</em></span> <span class='ocrx_word' id='word_1_129' title='bbox 1819 1804 1884 1873; x_wconf 78' lang='grc' dir='ltr'><em>τῇ</em></span> 
     </span>
    </p>
   </div>
   <div class='ocr_carea' id='block_1_20' title="bbox 312 1890 1888 1962">
    <p class='ocr_par' dir='ltr' id='par_1_20' title="bbox 312 1890 1888 1962">
     <span class='ocr_line' id='line_1_20' title="bbox 312 1890 1888 1962; baseline 0.003 -20"><span class='ocrx_word' id='word_1_130' title='bbox 312 1891 606 1959; x_wconf 80' lang='grc' dir='ltr'><em>ἐπιγνώσει</em></span> <span class='ocrx_word' id='word_1_131' title='bbox 649 1891 743 1942; x_wconf 83' lang='grc' dir='ltr'><em>τοῦ</em></span> <span class='ocrx_word' id='word_1_132' title='bbox 789 1890 925 1942; x_wconf 83' lang='grc' dir='ltr'><em>Θεοῦ</em></span> <span class='ocrx_word' id='word_1_133' title='bbox 966 1893 1108 1944; x_wconf 74' lang='grc' dir='ltr'><em>κατὰ</em></span> <span class='ocrx_word' id='word_1_134' title='bbox 1158 1892 1390 1962; x_wconf 78' lang='grc' dir='ltr'><em>μίμησιν</em></span> <span class='ocrx_word' id='word_1_135' title='bbox 1433 1892 1619 1958; x_wconf 83' lang='grc' dir='ltr'><em>αὐτοῦ,</em></span> <span class='ocrx_word' id='word_1_136' title='bbox 1645 1893 1737 1946; x_wconf 82' lang='grc' dir='ltr'><em>τοῦ</em></span> <span class='ocrx_word' id='word_1_137' title='bbox 1769 1895 1888 1947; x_wconf 81' lang='grc' dir='ltr'><em>κατ’</em></span> 
     </span>
    </p>
   </div>
   <div class='ocr_carea' id='block_1_21' title="bbox 314 1981 1909 2052">
    <p class='ocr_par' dir='ltr' id='par_1_21' title="bbox 314 1981 1909 2052">
     <span class='ocr_line' id='line_1_21' title="bbox 314 1981 1909 2052; baseline 0.003 -18"><span class='ocrx_word' id='word_1_138' title='bbox 314 1983 496 2034; x_wconf 72' lang='grc' dir='ltr'><em>εἰκόνα</em></span> <span class='ocrx_word' id='word_1_139' title='bbox 523 1981 809 2041; x_wconf 77' lang='grc' dir='ltr'><em>κτίσαντος</em></span> <span class='ocrx_word' id='word_1_140' title='bbox 841 1981 1028 2036; x_wconf 75' lang='grc' dir='ltr'><strong><em>αὐτόν.</em></strong></span> <span class='ocrx_word' id='word_1_141' title='bbox 1061 1983 1135 2034; x_wconf 85' lang='grc' dir='ltr'><strong><em>Οὐ</em></strong></span> <span class='ocrx_word' id='word_1_142' title='bbox 1176 1983 1358 2034; x_wconf 79' lang='grc' dir='ltr'><em>τοίνυν</em></span> <span class='ocrx_word' id='word_1_143' title='bbox 1382 1985 1409 2035; x_wconf 94' lang='lat'><strong><em>6</em></strong></span> <span class='ocrx_word' id='word_1_144' title='bbox 1446 1982 1576 2044; x_wconf 82' lang='grc' dir='ltr'><em>Θεὸς</em></span> <span class='ocrx_word' id='word_1_145' title='bbox 1616 1985 1909 2052; x_wconf 78' lang='grc' dir='ltr'><em>μεταϐάλ-’</em></span> 
     </span>
    </p>
   </div>
   <div class='ocr_carea' id='block_1_22' title="bbox 313 2071 1890 2143">
    <p class='ocr_par' dir='ltr' id='par_1_22' title="bbox 313 2071 1890 2143">
     <span class='ocr_line' id='line_1_22' title="bbox 313 2071 1890 2143; baseline 0.001 -18"><span class='ocrx_word' id='word_1_146' title='bbox 313 2075 413 2137; x_wconf 74' lang='grc' dir='ltr'><em>λει,</em></span> <span class='ocrx_word' id='word_1_147' title='bbox 453 2071 703 2142; x_wconf 74' lang='grc' dir='ltr'><em>καθάπερ</em></span> <span class='ocrx_word' id='word_1_148' title='bbox 733 2071 996 2140; x_wconf 77' lang='grc' dir='ltr'><em>ἐλέγομεν</em></span> <span class='ocrx_word' id='word_1_149' title='bbox 1021 2089 1035 2102; x_wconf 85' lang='grc'><strong>·</strong></span> <span class='ocrx_word' id='word_1_150' title='bbox 1070 2072 1188 2126; x_wconf 85' lang='grc' dir='ltr'><em>ἀλλ’</em></span> <span class='ocrx_word' id='word_1_151' title='bbox 1221 2074 1383 2142; x_wconf 81' lang='grc' dir='ltr'><strong><em>ἡμεῖς</em></strong></span> <span class='ocrx_word' id='word_1_152' title='bbox 1417 2075 1586 2142; x_wconf 84' lang='grc' dir='ltr'><em>ὲσμεν</em></span> <span class='ocrx_word' id='word_1_153' title='bbox 1625 2072 1678 2123; x_wconf 81' lang='grc' dir='ltr'><em>οἱ</em></span> <span class='ocrx_word' id='word_1_154' title='bbox 1723 2093 1890 2143; x_wconf 77' lang='grc' dir='ltr'><em>μετα-</em></span> 
     </span>
    </p>
   </div>
   <div class='ocr_carea' id='block_1_23' title="bbox 316 2159 1890 2232">
    <p class='ocr_par' dir='ltr' id='par_1_23' title="bbox 316 2159 1890 2232">
     <span class='ocr_line' id='line_1_23' title="bbox 316 2159 1890 2232; baseline 0.001 -18"><span class='ocrx_word' id='word_1_155' title='bbox 316 2162 623 2224; x_wconf 75' lang='grc' dir='ltr'><em>ϐάλλοντες,</em></span> <span class='ocrx_word' id='word_1_156' title='bbox 672 2159 816 2212; x_wconf 78' lang='grc' dir='ltr'><em>καθὰ</em></span> <span class='ocrx_word' id='word_1_157' title='bbox 858 2159 924 2228; x_wconf 85' lang='grc' dir='ltr'><em>δὴ</em></span> <span class='ocrx_word' id='word_1_158' title='bbox 964 2160 1060 2214; x_wconf 71' lang='grc' dir='ltr'><strong><em>καὶ</em></strong></span> <span class='ocrx_word' id='word_1_159' title='bbox 1108 2161 1170 2213; x_wconf 84' lang='grc' dir='ltr'><em>τὸ</em></span> <span class='ocrx_word' id='word_1_160' title='bbox 1227 2160 1365 2228; x_wconf 82' lang='grc' dir='ltr'><em>φῶς,</em></span> <span class='ocrx_word' id='word_1_161' title='bbox 1415 2161 1589 2232; x_wconf 78' lang='grc' dir='ltr'><em>τραχὺ</em></span> <span class='ocrx_word' id='word_1_162' title='bbox 1637 2162 1737 2232; x_wconf 77' lang='grc' dir='ltr'><em>μὲν</em></span> <span class='ocrx_word' id='word_1_163' title='bbox 1778 2165 1890 2227; x_wconf 88' lang='grc' dir='ltr'><em>τοῖς</em></span> 
     </span>
    </p>
   </div>
   <div class='ocr_carea' id='block_1_24' title="bbox 315 2247 1892 2323">
    <p class='ocr_par' dir='ltr' id='par_1_24' title="bbox 315 2247 1892 2323">
     <span class='ocr_line' id='line_1_24' title="bbox 315 2247 1892 2323; baseline -0.005 -13"><span class='ocrx_word' id='word_1_164' title='bbox 315 2251 595 2305; x_wconf 79' lang='grc' dir='ltr'><em>ἀσθενέσιν</em></span> <span class='ocrx_word' id='word_1_165' title='bbox 620 2247 937 2320; x_wconf 68' lang='grc' dir='ltr'><em>ὀφθριλμοῖς,</em></span> <span class='ocrx_word' id='word_1_166' title='bbox 975 2249 1118 2304; x_wconf 77' lang='grc' dir='ltr'><em>λεῖον</em></span> <span class='ocrx_word' id='word_1_167' title='bbox 1145 2250 1201 2304; x_wconf 78' lang='grc' dir='ltr'><em>δὲ</em></span> <span class='ocrx_word' id='word_1_168' title='bbox 1220 2252 1330 2315; x_wconf 85' lang='grc' dir='ltr'><em>τοῖς</em></span> <span class='ocrx_word' id='word_1_169' title='bbox 1363 2251 1542 2316; x_wconf 82' lang='grc' dir='ltr'><em>καλῶς</em></span> <span class='ocrx_word' id='word_1_170' title='bbox 1567 2253 1750 2323; x_wconf 76' lang='grc' dir='ltr'><em>ἔχουσι</em></span> <span class='ocrx_word' id='word_1_171' title='bbox 1803 2254 1892 2307; x_wconf 72' lang='grc' dir='ltr'><em>διὰ</em></span> 
     </span>
    </p>
   </div>
   <div class='ocr_carea' id='block_1_25' title="bbox 316 2341 1891 2423">
    <p class='ocr_par' dir='ltr' id='par_1_25' title="bbox 316 2341 1891 2423">
     <span class='ocr_line' id='line_1_25' title="bbox 316 2341 1891 2423; baseline 0 -25"><span class='ocrx_word' id='word_1_172' title='bbox 316 2345 410 2416; x_wconf 69' lang='grc' dir='ltr'><em>τὴν</em></span> <span class='ocrx_word' id='word_1_173' title='bbox 430 2342 640 2396; x_wconf 77' lang='grc' dir='ltr'><em>ἑαυτῶν</em></span> <span class='ocrx_word' id='word_1_174' title='bbox 662 2341 944 2397; x_wconf 81' lang='grc' dir='ltr'><em>ἀσθένειαν</em></span> <span class='ocrx_word' id='word_1_175' title='bbox 977 2345 1067 2398; x_wconf 74' lang='grc' dir='ltr'><strong><em>καὶ</em></strong></span> <span class='ocrx_word' id='word_1_176' title='bbox 1095 2343 1414 2415; x_wconf 59' lang='grc' dir='ltr'><em>μεταϐολὴν,</em></span> <span class='ocrx_word' id='word_1_177' title='bbox 1447 2348 1507 2411; x_wconf 64' lang='grc' dir='ltr'><strong><em>(εὖ</em></strong></span> <span class='ocrx_word' id='word_1_178' title='bbox 1542 2345 1648 2423; x_wconf 75' lang='grc' dir='ltr'><em>μὴν</em></span> <span class='ocrx_word' id='word_1_179' title='bbox 1677 2347 1764 2400; x_wconf 82' lang='grc' dir='ltr'><em>διὰ</em></span> <span class='ocrx_word' id='word_1_180' title='bbox 1793 2347 1891 2415; x_wconf 77' lang='grc' dir='ltr'><em>τὴν</em></span> 
     </span>
    </p>
   </div>
   <div class='ocr_carea' id='block_1_26' title="bbox 320 2454 548 2492">
    <p class='ocr_par' dir='ltr' id='par_1_26' title="bbox 320 2454 548 2492">
     <span class='ocr_line' id='line_1_26' title="bbox 320 2454 548 2492; baseline 0 -2"><span class='ocrx_word' id='word_1_181' title='bbox 320 2455 407 2490; x_wconf 85' lang='grc' dir='ltr'><strong><em>εκε</em></strong></span> <span class='ocrx_word' id='word_1_182' title='bbox 416 2454 548 2492; x_wconf 89' lang='grc' dir='ltr'><em>ινου.</em></span> 
     </span>
    </p>
   </div>
   <div class='ocr_carea' id='block_1_27' title="bbox 389 2613 1894 2689">
    <p class='ocr_par' dir='ltr' id='par_1_27' title="bbox 389 2613 1894 2689">
     <span class='ocr_line' id='line_1_27' title="bbox 389 2613 1894 2689; baseline -0.005 -16"><span class='ocrx_word' id='word_1_183' title='bbox 389 2621 490 2673; x_wconf 85' lang='grc' dir='ltr'><strong><em>Τὸν</em></strong></span> <span class='ocrx_word' id='word_1_184' title='bbox 522 2621 709 2689; x_wconf 79' lang='grc' dir='ltr'><em>ὅμοιον</em></span> <span class='ocrx_word' id='word_1_185' title='bbox 751 2619 815 2686; x_wconf 73' lang='grc' dir='ltr'><em>δὴ</em></span> <span class='ocrx_word' id='word_1_186' title='bbox 868 2617 1091 2686; x_wconf 80' lang='grc' dir='ltr'><em>τρόπον,</em></span> <span class='ocrx_word' id='word_1_187' title='bbox 1127 2616 1255 2670; x_wconf 81' lang='grc' dir='ltr'><em>ὅταν</em></span> <span class='ocrx_word' id='word_1_188' title='bbox 1291 2617 1386 2667; x_wconf 72' lang='grc' dir='ltr'><strong><em>καὶ</em></strong></span> <span class='ocrx_word' id='word_1_189' title='bbox 1432 2613 1767 2682; x_wconf 79' lang='grc' dir='ltr'><em>δημιουργὸς</em></span> <span class='ocrx_word' id='word_1_190' title='bbox 1807 2613 1894 2666; x_wconf 83' lang='grc' dir='ltr'><strong><em>λέ-</em></strong></span> 
     </span>
    </p>
   </div>
   <div class='ocr_carea' id='block_1_28' title="bbox 325 2705 1896 2781">
    <p class='ocr_par' dir='ltr' id='par_1_28' title="bbox 325 2705 1896 2781">
     <span class='ocr_line' id='line_1_28' title="bbox 325 2705 1896 2781; baseline -0.004 -18"><span class='ocrx_word' id='word_1_191' title='bbox 325 2730 480 2781; x_wconf 78' lang='grc' dir='ltr'><em>γητςιι</em></span> <span class='ocrx_word' id='word_1_192' title='bbox 511 2713 603 2764; x_wconf 78' lang='grc' dir='ltr'><strong><em>καὶ</em></strong></span> <span class='ocrx_word' id='word_1_193' title='bbox 632 2711 886 2779; x_wconf 69' lang='grc' dir='ltr'><em>βισιλεὺς</em></span> <span class='ocrx_word' id='word_1_194' title='bbox 937 2711 1031 2760; x_wconf 70' lang='grc' dir='ltr'><strong><em>καὶ</em></strong></span> <span class='ocrx_word' id='word_1_195' title='bbox 1064 2707 1286 2777; x_wconf 80' lang='grc' dir='ltr'><em>Κύριος,</em></span> <span class='ocrx_word' id='word_1_196' title='bbox 1341 2708 1438 2776; x_wconf 77' lang='grc' dir='ltr'><em>οὐχ</em></span> <span class='ocrx_word' id='word_1_197' title='bbox 1469 2705 1700 2776; x_wconf 77' lang='grc' dir='ltr'><em>ὕστερον</em></span> <span class='ocrx_word' id='word_1_198' title='bbox 1745 2705 1896 2774; x_wconf 75' lang='grc' dir='ltr'><strong><em>αὐτῷ</em></strong></span> 
     </span>
    </p>
   </div>
   <div class='ocr_carea' id='block_1_29' title="bbox 324 2798 1895 2871">
    <p class='ocr_par' dir='ltr' id='par_1_29' title="bbox 324 2798 1895 2871">
     <span class='ocr_line' id='line_1_29' title="bbox 324 2798 1895 2871; baseline -0.003 -15"><span class='ocrx_word' id='word_1_199' title='bbox 324 2804 640 2871; x_wconf 72' lang='grc' dir='ltr'><em>ἐπεγένοντο</em></span> <span class='ocrx_word' id='word_1_200' title='bbox 664 2819 678 2832; x_wconf 75' lang='grc'><strong><em>⁸</em></strong></span> <span class='ocrx_word' id='word_1_201' title='bbox 711 2802 848 2855; x_wconf 77' lang='grc' dir='ltr'><em>ἀλλὰ</em></span> <span class='ocrx_word' id='word_1_202' title='bbox 889 2803 1020 2871; x_wconf 76' lang='grc' dir='ltr'><em>περὶ</em></span> <span class='ocrx_word' id='word_1_203' title='bbox 1047 2800 1116 2853; x_wconf 79' lang='grc' dir='ltr'><em>τὰ</em></span> <span class='ocrx_word' id='word_1_204' title='bbox 1143 2803 1203 2852; x_wconf 84' lang='grc' dir='ltr'><em>ὲν</em></span> <span class='ocrx_word' id='word_1_205' title='bbox 1235 2800 1412 2869; x_wconf 74' lang='grc' dir='ltr'><em>χρόνῳ</em></span> <span class='ocrx_word' id='word_1_206' title='bbox 1443 2801 1476 2867; x_wconf 83' lang='grc' dir='ltr'><strong>ή</strong></span> <span class='ocrx_word' id='word_1_207' title='bbox 1514 2799 1728 2868; x_wconf 75' lang='grc' dir='ltr'><em>κίνησις</em></span> <span class='ocrx_word' id='word_1_208' title='bbox 1761 2798 1895 2851; x_wconf 81' lang='grc' dir='ltr'><em>Θεω-</em></span> 
     </span>
    </p>
   </div>
   <div class='ocr_carea' id='block_1_30' title="bbox 327 2885 1894 2963">
    <p class='ocr_par' dir='ltr' id='par_1_30' title="bbox 327 2885 1894 2963">
     <span class='ocr_line' id='line_1_30' title="bbox 327 2885 1894 2963; baseline -0.005 -17"><span class='ocrx_word' id='word_1_209' title='bbox 327 2895 516 2963; x_wconf 82' lang='grc' dir='ltr'><em>ρείται,</em></span> <span class='ocrx_word' id='word_1_210' title='bbox 549 2891 715 2945; x_wconf 75' lang='grc' dir='ltr'><em>αὑτοῦ</em></span> <span class='ocrx_word' id='word_1_211' title='bbox 750 2891 936 2952; x_wconf 78' lang='grc' dir='ltr'><em>ἁῖδὶως</em></span> <span class='ocrx_word' id='word_1_212' title='bbox 967 2891 1119 2951; x_wconf 78' lang='grc' dir='ltr'><em>ὄντος</em></span> <span class='ocrx_word' id='word_1_213' title='bbox 1145 2888 1252 2957; x_wconf 79' lang='grc' dir='ltr'><strong><em>πρὸ</em></strong></span> <span class='ocrx_word' id='word_1_214' title='bbox 1292 2887 1512 2940; x_wconf 82' lang='grc' dir='ltr'><em>πάντων</em></span> <span class='ocrx_word' id='word_1_215' title='bbox 1545 2887 1653 2938; x_wconf 71' lang='grc' dir='ltr'><em>τῶν</em></span> <span class='ocrx_word' id='word_1_216' title='bbox 1678 2885 1894 2938; x_wconf 83' lang='grc' dir='ltr'><em>αἰώνων</em></span> 
     </span>
    </p>
   </div>
   <div class='ocr_carea' id='block_1_31' title="bbox 326 2976 1896 3052">
    <p class='ocr_par' dir='ltr' id='par_1_31' title="bbox 326 2976 1896 3052">
     <span class='ocr_line' id='line_1_31' title="bbox 326 2976 1896 3052; baseline -0.005 -16"><span class='ocrx_word' id='word_1_217' title='bbox 326 2985 414 3036; x_wconf 76' lang='grc' dir='ltr'><strong><em>καὶ</em></strong></span> <span class='ocrx_word' id='word_1_218' title='bbox 441 2981 779 3052; x_wconf 74' lang='grc' dir='ltr'><em>δημιουργοῦ</em></span> <span class='ocrx_word' id='word_1_219' title='bbox 826 2983 919 3034; x_wconf 69' lang='grc' dir='ltr'><strong><em>καὶ</em></strong></span> <span class='ocrx_word' id='word_1_220' title='bbox 963 2977 1266 3050; x_wconf 81' lang='grc' dir='ltr'><em>προνοητοῦ</em></span> <span class='ocrx_word' id='word_1_221' title='bbox 1298 2979 1394 3030; x_wconf 83' lang='grc' dir='ltr'><strong><em>καὶ</em></strong></span> <span class='ocrx_word' id='word_1_222' title='bbox 1424 2977 1626 3046; x_wconf 81' lang='grc' dir='ltr'><strong><em>Κυρίου</em></strong></span> <span class='ocrx_word' id='word_1_223' title='bbox 1672 2976 1766 3028; x_wconf 79' lang='grc' dir='ltr'><strong><em>καὶ</em></strong></span> <span class='ocrx_word' id='word_1_224' title='bbox 1803 2979 1896 3046; x_wconf 82' lang='grc' dir='ltr'><strong><em>βα-</em></strong></span> 
     </span>
    </p>
   </div>
   <div class='ocr_carea' id='block_1_32' title="bbox 326 3068 1894 3142">
    <p class='ocr_par' dir='ltr' id='par_1_32' title="bbox 326 3068 1894 3142">
     <span class='ocr_line' id='line_1_32' title="bbox 326 3068 1894 3142; baseline -0.005 -15"><span class='ocrx_word' id='word_1_225' title='bbox 326 3077 529 3138; x_wconf 81' lang='grc' dir='ltr'><em>σιλέως.</em></span> <span class='ocrx_word' id='word_1_226' title='bbox 563 3075 829 3142; x_wconf 76' lang='grc' dir='ltr'><em>Λέγονται</em></span> <span class='ocrx_word' id='word_1_227' title='bbox 874 3074 932 3127; x_wconf 80' lang='grc' dir='ltr'><em>δὲ</em></span> <span class='ocrx_word' id='word_1_228' title='bbox 969 3073 1058 3141; x_wconf 78' lang='grc' dir='ltr'><strong><em>ὑφ’</em></strong></span> <span class='ocrx_word' id='word_1_229' title='bbox 1101 3071 1262 3142; x_wconf 81' lang='grc' dir='ltr'><em>ἡμῶν</em></span> <span class='ocrx_word' id='word_1_230' title='bbox 1291 3069 1461 3139; x_wconf 82' lang='grc' dir='ltr'><em>αὐτῷ,</em></span> <span class='ocrx_word' id='word_1_231' title='bbox 1496 3069 1584 3122; x_wconf 80' lang='grc' dir='ltr'><em>ὅτε</em></span> <span class='ocrx_word' id='word_1_232' title='bbox 1623 3071 1682 3120; x_wconf 85' lang='grc' dir='ltr'><em>ὲν</em></span> <span class='ocrx_word' id='word_1_233' title='bbox 1719 3068 1894 3138; x_wconf 81' lang='grc' dir='ltr'>χρόνῳ</span> 
     </span>
    </p>
   </div>
   <div class='ocr_carea' id='block_1_33' title="bbox 325 3159 1889 3236">
    <p class='ocr_par' dir='ltr' id='par_1_33' title="bbox 325 3159 1889 3236">
     <span class='ocr_line' id='line_1_33' title="bbox 325 3159 1889 3236; baseline -0.006 -15"><span class='ocrx_word' id='word_1_234' title='bbox 325 3168 695 3236; x_wconf 75' lang='grc' dir='ltr'><em>ἐκτίσθημεν·</em></span> <span class='ocrx_word' id='word_1_235' title='bbox 741 3167 862 3218; x_wconf 73' lang='grc' dir='ltr'><strong><em>ἐπεὶ</em></strong></span> <span class='ocrx_word' id='word_1_236' title='bbox 911 3167 1006 3216; x_wconf 77' lang='grc' dir='ltr'><strong><em>καὶ</em></strong></span> <span class='ocrx_word' id='word_1_237' title='bbox 1060 3163 1198 3233; x_wconf 80' lang='grc' dir='ltr'><em>πρὸς</em></span> <span class='ocrx_word' id='word_1_238' title='bbox 1265 3163 1412 3230; x_wconf 75' lang='grc' dir='ltr'><em>ἡμᾶς</em></span> <span class='ocrx_word' id='word_1_239' title='bbox 1436 3159 1608 3214; x_wconf 76' lang='grc' dir='ltr'><em>ταῦτα</em></span> <span class='ocrx_word' id='word_1_240' title='bbox 1655 3159 1889 3226; x_wconf 85' lang='grc' dir='ltr'><em>λέγεται.</em></span> 
     </span>
    </p>
   </div>
   <div class='ocr_carea' id='block_1_34' title="bbox 337 3253 1893 3329">
    <p class='ocr_par' dir='ltr' id='par_1_34' title="bbox 337 3253 1893 3329">
     <span class='ocr_line' id='line_1_34' title="bbox 337 3253 1893 3329; baseline -0.005 -16"><span class='ocrx_word' id='word_1_241' title='bbox 337 3262 396 3313; x_wconf 89' lang='lat' dir='ltr'><strong><em>&#39;ll</em></strong></span> <span class='ocrx_word' id='word_1_242' title='bbox 423 3263 531 3329; x_wconf 81' lang='grc' dir='ltr'><em>γὰρ</em></span> <span class='ocrx_word' id='word_1_243' title='bbox 561 3259 736 3321; x_wconf 65' lang='lat' dir='ltr'><strong><em>nisi;</em></strong></span> <span class='ocrx_word' id='word_1_244' title='bbox 769 3258 943 3328; x_wconf 79' lang='grc' dir='ltr'><em>προῆν</em></span> <span class='ocrx_word' id='word_1_245' title='bbox 974 3257 1070 3326; x_wconf 88' lang='grc' dir='ltr'><em>μὲν</em></span> <span class='ocrx_word' id='word_1_246' title='bbox 1101 3257 1157 3308; x_wconf 78' lang='grc' dir='ltr'><em>ἐν</em></span> <span class='ocrx_word' id='word_1_247' title='bbox 1181 3255 1256 3324; x_wconf 80' lang='grc' dir='ltr'><em>τῷ</em></span> <span class='ocrx_word' id='word_1_248' title='bbox 1288 3254 1628 3324; x_wconf 73' lang='grc' dir='ltr'><strong><em>δημιουργῷ,</em></strong></span> <span class='ocrx_word' id='word_1_249' title='bbox 1654 3253 1768 3306; x_wconf 82' lang='grc' dir='ltr'><em>ἀλλ’</em></span> <span class='ocrx_word' id='word_1_250' title='bbox 1795 3254 1893 3322; x_wconf 73' lang='grc' dir='ltr'><em>οὐχ</em></span> 
     </span>
    </p>
   </div>
   <div class='ocr_carea' id='block_1_35' title="bbox 323 3346 1891 3419">
    <p class='ocr_par' dir='ltr' id='par_1_35' title="bbox 323 3346 1891 3419">
     <span class='ocr_line' id='line_1_35' title="bbox 323 3346 1891 3419; baseline -0.004 -13"><span class='ocrx_word' id='word_1_251' title='bbox 323 3355 390 3415; x_wconf 77' lang='grc' dir='ltr'><em>ὡς</em></span> <span class='ocrx_word' id='word_1_252' title='bbox 419 3355 598 3413; x_wconf 78' lang='grc' dir='ltr'><em>κτίσις</em></span> <span class='ocrx_word' id='word_1_253' title='bbox 653 3353 748 3403; x_wconf 67' lang='lat' dir='ltr'><strong><em>sui.</em></strong></span> <span class='ocrx_word' id='word_1_254' title='bbox 808 3351 1048 3419; x_wconf 76' lang='grc' dir='ltr'><em>ποίησις,</em></span> <span class='ocrx_word' id='word_1_255' title='bbox 1095 3348 1210 3401; x_wconf 76' lang='grc' dir='ltr'><em>ἀλλ’</em></span> <span class='ocrx_word' id='word_1_256' title='bbox 1254 3349 1330 3410; x_wconf 83' lang='grc' dir='ltr'><em>ὡς</em></span> <span class='ocrx_word' id='word_1_257' title='bbox 1371 3348 1528 3414; x_wconf 82' lang='grc' dir='ltr'><em>λόγος</em></span> <span class='ocrx_word' id='word_1_258' title='bbox 1576 3351 1668 3400; x_wconf 81' lang='grc' dir='ltr'><strong><em>καὶ</em></strong></span> <span class='ocrx_word' id='word_1_259' title='bbox 1707 3346 1891 3418; x_wconf 75' lang='grc' dir='ltr'><strong><em>παρὰ·</em></strong></span> 
     </span>
    </p>
   </div>
   <div class='ocr_carea' id='block_1_36' title="bbox 324 3435 1894 3512">
    <p class='ocr_par' dir='ltr' id='par_1_36' title="bbox 324 3435 1894 3512">
     <span class='ocr_line' id='line_1_36' title="bbox 324 3435 1894 3512; baseline -0.004 -16"><span class='ocrx_word' id='word_1_260' title='bbox 324 3445 541 3512; x_wconf 76' lang='grc' dir='ltr'><em>δειγμα.</em></span> <span class='ocrx_word' id='word_1_261' title='bbox 574 3444 740 3496; x_wconf 70' lang='grc' dir='ltr'><em>Ὥστε</em></span> <span class='ocrx_word' id='word_1_262' title='bbox 796 3440 1132 3510; x_wconf 78' lang='grc' dir='ltr'><em>δημιουργὸς</em></span> <span class='ocrx_word' id='word_1_263' title='bbox 1175 3435 1245 3510; x_wconf 81' lang='grc' dir='ltr'><em>ἦν</em></span> <span class='ocrx_word' id='word_1_264' title='bbox 1283 3441 1311 3492; x_wconf 89' lang='lat'><strong><em>6</em></strong></span> <span class='ocrx_word' id='word_1_265' title='bbox 1357 3439 1490 3502; x_wconf 80' lang='grc' dir='ltr'><em>Θεὸς</em></span> <span class='ocrx_word' id='word_1_266' title='bbox 1539 3440 1643 3508; x_wconf 79' lang='grc' dir='ltr'><strong><em>πρὸ</em></strong></span> <span class='ocrx_word' id='word_1_267' title='bbox 1677 3440 1894 3492; x_wconf 75' lang='grc' dir='ltr'><em>πάντων</em></span> 
     </span>
    </p>
   </div>
   <div class='ocr_carea' id='block_1_37' title="bbox 325 3530 1892 3602">
    <p class='ocr_par' dir='ltr' id='par_1_37' title="bbox 325 3530 1892 3602">
     <span class='ocr_line' id='line_1_37' title="bbox 325 3530 1892 3602; baseline -0.004 -16"><span class='ocrx_word' id='word_1_268' title='bbox 325 3538 426 3589; x_wconf 81' lang='grc' dir='ltr'><em>τῶν</em></span> <span class='ocrx_word' id='word_1_269' title='bbox 461 3537 674 3588; x_wconf 73' lang='grc' dir='ltr'><em>αἰώνων</em></span> <span class='ocrx_word' id='word_1_270' title='bbox 727 3535 971 3602; x_wconf 76' lang='grc' dir='ltr'><em>ἀσχέτως</em></span> <span class='ocrx_word' id='word_1_271' title='bbox 1023 3532 1120 3584; x_wconf 79' lang='grc' dir='ltr'><strong><em>καὶ</em></strong></span> <span class='ocrx_word' id='word_1_272' title='bbox 1168 3531 1476 3594; x_wconf 84' lang='grc' dir='ltr'><em>ἁπολύτως·</em></span> <span class='ocrx_word' id='word_1_273' title='bbox 1521 3533 1554 3600; x_wconf 82' lang='grc' dir='ltr'>ἡ</span> <span class='ocrx_word' id='word_1_274' title='bbox 1594 3530 1650 3583; x_wconf 81' lang='grc' dir='ltr'><em>δὲ</em></span> <span class='ocrx_word' id='word_1_275' title='bbox 1684 3535 1892 3599; x_wconf 83' lang='grc' dir='ltr'><strong><em>σχέσις,</em></strong></span> 
     </span>
    </p>
   </div>
   <div class='ocr_carea' id='block_1_38' title="bbox 324 3623 1897 3698">
    <p class='ocr_par' dir='ltr' id='par_1_38' title="bbox 324 3623 1897 3698">
     <span class='ocr_line' id='line_1_38' title="bbox 324 3623 1897 3698; baseline -0.005 -17"><span class='ocrx_word' id='word_1_276' title='bbox 324 3631 388 3698; x_wconf 81' lang='grc' dir='ltr'><em>ἢν</em></span> <span class='ocrx_word' id='word_1_277' title='bbox 416 3629 552 3698; x_wconf 64' lang='grc' dir='ltr'><em>πρὸς</em></span> <span class='ocrx_word' id='word_1_278' title='bbox 589 3629 656 3680; x_wconf 68' lang='grc' dir='ltr'><em>τὰ</em></span> <span class='ocrx_word' id='word_1_279' title='bbox 687 3626 1163 3697; x_wconf 78' lang='grc' dir='ltr'><em>δημιουργηθέντο.</em></span> <span class='ocrx_word' id='word_1_280' title='bbox 1196 3624 1332 3694; x_wconf 77' lang='grc' dir='ltr'><em>ἔχει,</em></span> <span class='ocrx_word' id='word_1_281' title='bbox 1364 3624 1503 3693; x_wconf 85' lang='grc' dir='ltr'><em>πρὸς</em></span> <span class='ocrx_word' id='word_1_282' title='bbox 1549 3624 1680 3691; x_wconf 79' lang='grc' dir='ltr'><em>ὅρον</em></span> <span class='ocrx_word' id='word_1_283' title='bbox 1712 3623 1897 3690; x_wconf 77' lang='grc' dir='ltr'><em>ἐγχροο</em></span> 
     </span>
    </p>
   </div>
   <div class='ocr_carea' id='block_1_39' title="bbox 329 3714 1897 3788">
    <p class='ocr_par' dir='ltr' id='par_1_39' title="bbox 329 3714 1897 3788">
     <span class='ocr_line' id='line_1_39' title="bbox 329 3714 1897 3788; baseline -0.004 -16"><span class='ocrx_word' id='word_1_284' title='bbox 329 3739 412 3772; x_wconf 85' lang='grc' dir='ltr'><strong><em>νον</em></strong></span> <span class='ocrx_word' id='word_1_285' title='bbox 436 3719 729 3788; x_wconf 82' lang='grc' dir='ltr'><em>λεγομένη,</em></span> <span class='ocrx_word' id='word_1_286' title='bbox 770 3717 836 3769; x_wconf 76' lang='grc' dir='ltr'><em>δι’</em></span> <span class='ocrx_word' id='word_1_287' title='bbox 882 3717 1022 3771; x_wconf 72' lang='grc' dir='ltr'><strong><em>αὐτὰ</em></strong></span> <span class='ocrx_word' id='word_1_288' title='bbox 1056 3717 1152 3770; x_wconf 71' lang='grc' dir='ltr'><strong><em>καὶ</em></strong></span> <span class='ocrx_word' id='word_1_289' title='bbox 1184 3718 1296 3769; x_wconf 81' lang='grc' dir='ltr'><em>ἔστι</em></span> <span class='ocrx_word' id='word_1_290' title='bbox 1332 3719 1426 3769; x_wconf 76' lang='grc' dir='ltr'><strong><em>καὶ</em></strong></span> <span class='ocrx_word' id='word_1_291' title='bbox 1473 3715 1713 3782; x_wconf 82' lang='grc' dir='ltr'><em>λέγεται.</em></span> <span class='ocrx_word' id='word_1_292' title='bbox 1749 3715 1812 3766; x_wconf 82' lang='lat' dir='ltr'><strong><em>Ei</em></strong></span> <span class='ocrx_word' id='word_1_293' title='bbox 1841 3714 1897 3767; x_wconf 74' lang='grc' dir='ltr'><em>δέ</em></span> 
     </span>
    </p>
   </div>
   <div class='ocr_carea' id='block_1_40' title="bbox 327 3804 1898 3879">
    <p class='ocr_par' dir='ltr' id='par_1_40' title="bbox 327 3804 1898 3879">
     <span class='ocr_line' id='line_1_40' title="bbox 327 3804 1898 3879; baseline -0.003 -18"><span class='ocrx_word' id='word_1_294' title='bbox 327 3827 406 3871; x_wconf 82' lang='grc' dir='ltr'><strong><em>τις</em></strong></span> <span class='ocrx_word' id='word_1_295' title='bbox 436 3811 641 3879; x_wconf 73' lang='grc' dir='ltr'><em>ταύτην</em></span> <span class='ocrx_word' id='word_1_296' title='bbox 697 3809 885 3871; x_wconf 81' lang='grc' dir='ltr'><em>ἀῖδὶως</em></span> <span class='ocrx_word' id='word_1_297' title='bbox 935 3811 992 3863; x_wconf 81' lang='grc' dir='ltr'><em>ὲν</em></span> <span class='ocrx_word' id='word_1_298' title='bbox 1023 3807 1101 3876; x_wconf 82' lang='grc' dir='ltr'><em>τῷ</em></span> <span class='ocrx_word' id='word_1_299' title='bbox 1150 3808 1269 3877; x_wconf 86' lang='grc' dir='ltr'><strong><em>Θεῷ</em></strong></span> <span class='ocrx_word' id='word_1_300' title='bbox 1301 3808 1516 3876; x_wconf 81' lang='grc' dir='ltr'><em>Θεωρεῖ,</em></span> <span class='ocrx_word' id='word_1_301' title='bbox 1545 3804 1898 3874; x_wconf 83' lang='grc' dir='ltr'><em>ἀναγκασθή-</em></span> 
     </span>
    </p>
   </div>
   <div class='ocr_carea' id='block_1_41' title="bbox 331 3895 1896 3970">
    <p class='ocr_par' dir='ltr' id='par_1_41' title="bbox 331 3895 1896 3970">
     <span class='ocr_line' id='line_1_41' title="bbox 331 3895 1896 3970; baseline -0.004 -17"><span class='ocrx_word' id='word_1_302' title='bbox 331 3896 478 3953; x_wconf 77' lang='grc' dir='ltr'><em>σεται</em></span> <span class='ocrx_word' id='word_1_303' title='bbox 517 3901 616 3952; x_wconf 78' lang='grc' dir='ltr'><strong><em>καὶ</em></strong></span> <span class='ocrx_word' id='word_1_304' title='bbox 641 3900 709 3952; x_wconf 72' lang='grc' dir='ltr'><em>τὰ</em></span> <span class='ocrx_word' id='word_1_305' title='bbox 734 3899 1201 3970; x_wconf 80' lang='grc' dir='ltr'><em>δημιουργήματα</em></span> <span class='ocrx_word' id='word_1_306' title='bbox 1228 3898 1304 3968; x_wconf 84' lang='grc' dir='ltr'><em>τῷ</em></span> <span class='ocrx_word' id='word_1_307' title='bbox 1337 3897 1458 3966; x_wconf 82' lang='grc' dir='ltr'><strong><em>Θεῷ</em></strong></span> <span class='ocrx_word' id='word_1_308' title='bbox 1492 3897 1673 3964; x_wconf 83' lang='grc' dir='ltr'><em>λέγειν</em></span> <span class='ocrx_word' id='word_1_309' title='bbox 1707 3895 1896 3948; x_wconf 78' lang='grc' dir='ltr'><em>συνατ-</em></span> 
     </span>
    </p>
   </div>
   <div class='ocr_carea' id='block_1_42' title="bbox 325 3987 1898 4060">
    <p class='ocr_par' dir='ltr' id='par_1_42' title="bbox 325 3987 1898 4060">
     <span class='ocr_line' id='line_1_42' title="bbox 325 3987 1898 4060; baseline -0.004 -16"><span class='ocrx_word' id='word_1_310' title='bbox 325 3993 430 4046; x_wconf 77' lang='grc' dir='ltr'><em>δια.</em></span> <span class='ocrx_word' id='word_1_311' title='bbox 470 3993 688 4054; x_wconf 76' lang='grc' dir='ltr'><em>Τέλειος</em></span> <span class='ocrx_word' id='word_1_312' title='bbox 713 3987 806 4044; x_wconf 79' lang='grc' dir='ltr'><em>οὖν</em></span> <span class='ocrx_word' id='word_1_313' title='bbox 857 3993 884 4044; x_wconf 90' lang='lat'><strong><em>6</em></strong></span> <span class='ocrx_word' id='word_1_314' title='bbox 921 3990 1055 4055; x_wconf 79' lang='grc' dir='ltr'><em>Θεὸς</em></span> <span class='ocrx_word' id='word_1_315' title='bbox 1102 3992 1368 4060; x_wconf 81' lang='grc' dir='ltr'><em>ὑπάρχων</em></span> <span class='ocrx_word' id='word_1_316' title='bbox 1397 3990 1495 4042; x_wconf 74' lang='grc' dir='ltr'><strong><em>καὶ</em></strong></span> <span class='ocrx_word' id='word_1_317' title='bbox 1523 3987 1709 4050; x_wconf 81' lang='grc' dir='ltr'><em>ἀϊδίως</em></span> <span class='ocrx_word' id='word_1_318' title='bbox 1740 3987 1898 4039; x_wconf 77' lang='grc' dir='ltr'><em>δυνάο</em></span> 
     </span>
    </p>
   </div>
   <div class='ocr_carea' id='block_1_43' title="bbox 330 4078 1899 4152">
    <p class='ocr_par' dir='ltr' id='par_1_43' title="bbox 330 4078 1899 4152">
     <span class='ocr_line' id='line_1_43' title="bbox 330 4078 1899 4152; baseline -0.003 -17"><span class='ocrx_word' id='word_1_319' title='bbox 330 4100 487 4152; x_wconf 84' lang='grc' dir='ltr'><em>μενος</em></span> <span class='ocrx_word' id='word_1_320' title='bbox 539 4085 636 4135; x_wconf 68' lang='grc' dir='ltr'><strong><em>καὶ</em></strong></span> <span class='ocrx_word' id='word_1_321' title='bbox 697 4082 905 4144; x_wconf 74' lang='grc' dir='ltr'><em>κτίζειν</em></span> <span class='ocrx_word' id='word_1_322' title='bbox 962 4082 1058 4135; x_wconf 72' lang='grc' dir='ltr'><strong><em>κιιῖ¹</em></strong></span> <span class='ocrx_word' id='word_1_323' title='bbox 1121 4079 1492 4152; x_wconf 76' lang='grc' dir='ltr'><em>προνοεῖσθαι,</em></span> <span class='ocrx_word' id='word_1_324' title='bbox 1521 4078 1749 4148; x_wconf 75' lang='grc' dir='ltr'><em>ὕστερον</em></span> <span class='ocrx_word' id='word_1_325' title='bbox 1803 4079 1899 4131; x_wconf 80' lang='grc' dir='ltr'><strong><em>καὶ</em></strong></span> 
     </span>
    </p>
   </div>
   <div class='ocr_carea' id='block_1_44' title="bbox 327 4167 1901 4244">
    <p class='ocr_par' dir='ltr' id='par_1_44' title="bbox 327 4167 1901 4244">
     <span class='ocr_line' id='line_1_44' title="bbox 327 4167 1901 4244; baseline -0.006 -16"><span class='ocrx_word' id='word_1_326' title='bbox 327 4174 656 4244; x_wconf 75' lang='grc' dir='ltr'><em>δημιουργὸς</em></span> <span class='ocrx_word' id='word_1_327' title='bbox 685 4173 816 4242; x_wconf 82' lang='grc' dir='ltr'><strong><em>παρ’</em></strong></span> <span class='ocrx_word' id='word_1_328' title='bbox 861 4172 1017 4242; x_wconf 79' lang='grc' dir='ltr'><em>ἡμῶν</em></span> <span class='ocrx_word' id='word_1_329' title='bbox 1061 4172 1159 4224; x_wconf 81' lang='grc' dir='ltr'><strong><em>καὶ</em></strong></span> <span class='ocrx_word' id='word_1_330' title='bbox 1211 4170 1520 4239; x_wconf 67' lang='grc' dir='ltr'><em>προνοητὴς</em></span> <span class='ocrx_word' id='word_1_331' title='bbox 1543 4169 1772 4238; x_wconf 72' lang='grc' dir='ltr'><em>ἐκλήθη,</em></span> <span class='ocrx_word' id='word_1_332' title='bbox 1804 4167 1901 4236; x_wconf 90' lang='grc' dir='ltr'><em>δη-</em></span> 
     </span>
    </p>
   </div>
   <div class='ocr_carea' id='block_1_45' title="bbox 333 4255 1900 4332">
    <p class='ocr_par' dir='ltr' id='par_1_45' title="bbox 333 4255 1900 4332">
     <span class='ocr_line' id='line_1_45' title="bbox 333 4255 1900 4332; baseline -0.005 -18"><span class='ocrx_word' id='word_1_333' title='bbox 333 4260 777 4332; x_wconf 77' lang='grc' dir='ltr'><em>μιουργηθέντων</em></span> <span class='ocrx_word' id='word_1_334' title='bbox 807 4261 916 4312; x_wconf 83' lang='grc' dir='ltr'><em>τῶν</em></span> <span class='ocrx_word' id='word_1_335' title='bbox 944 4259 1133 4323; x_wconf 76' lang='grc' dir='ltr'><em>ὄντων,</em></span> <span class='ocrx_word' id='word_1_336' title='bbox 1163 4259 1286 4310; x_wconf 76' lang='grc' dir='ltr'><strong><em>ἐπεὶ</em></strong></span> <span class='ocrx_word' id='word_1_337' title='bbox 1314 4259 1348 4328; x_wconf 81' lang='grc' dir='ltr'>ὴ</span> <span class='ocrx_word' id='word_1_338' title='bbox 1381 4258 1562 4326; x_wconf 81' lang='grc' dir='ltr'><em>σχέσις</em></span> <span class='ocrx_word' id='word_1_339' title='bbox 1593 4255 1736 4324; x_wconf 80' lang='grc' dir='ltr'><em>αὕτη</em></span> <span class='ocrx_word' id='word_1_340' title='bbox 1762 4256 1900 4325; x_wconf 60' lang='grc' dir='ltr'><em>προς</em></span> 
     </span>
    </p>
   </div>
   <div class='ocr_carea' id='block_1_46' title="bbox 329 4345 1901 4417">
    <p class='ocr_par' dir='ltr' id='par_1_46' title="bbox 329 4345 1901 4417">
     <span class='ocr_line' id='line_1_46' title="bbox 329 4345 1901 4417; baseline -0.004 -14"><span class='ocrx_word' id='word_1_341' title='bbox 329 4352 467 4404; x_wconf 80' lang='grc' dir='ltr'><strong><em>αὐτὰ</em></strong></span> <span class='ocrx_word' id='word_1_342' title='bbox 519 4349 854 4404; x_wconf 82' lang='grc' dir='ltr'><em>ἀποδίδοται.</em></span> <span class='ocrx_word' id='word_1_343' title='bbox 912 4349 1035 4400; x_wconf 81' lang='grc' dir='ltr'><strong><em>Τῶν</em></strong></span> <span class='ocrx_word' id='word_1_344' title='bbox 1083 4348 1190 4416; x_wconf 75' lang='grc' dir='ltr'><em>γὰρ</em></span> <span class='ocrx_word' id='word_1_345' title='bbox 1235 4345 1750 4417; x_wconf 79' lang='grc' dir='ltr'><em>δημιουργηθέντων</em></span> <span class='ocrx_word' id='word_1_346' title='bbox 1802 4346 1901 4397; x_wconf 84' lang='grc' dir='ltr'><em>οὐκ</em></span> 
     </span>
    </p>
   </div>
   <div class='ocr_carea' id='block_1_47' title="bbox 329 4436 1901 4508">
    <p class='ocr_par' dir='ltr' id='par_1_47' title="bbox 329 4436 1901 4508">
     <span class='ocr_line' id='line_1_47' title="bbox 329 4436 1901 4508; baseline -0.004 -14"><span class='ocrx_word' id='word_1_347' title='bbox 329 4444 518 4506; x_wconf 75' lang='grc' dir='ltr'><em>ὄντων,</em></span> <span class='ocrx_word' id='word_1_348' title='bbox 547 4441 707 4508; x_wconf 81' lang='grc' dir='ltr'><em>δῆλον</em></span> <span class='ocrx_word' id='word_1_349' title='bbox 751 4443 824 4502; x_wconf 82' lang='grc' dir='ltr'><em>ὡς</em></span> <span class='ocrx_word' id='word_1_350' title='bbox 856 4441 976 4493; x_wconf 79' lang='grc' dir='ltr'><em>οὐδὲ</em></span> <span class='ocrx_word' id='word_1_351' title='bbox 1001 4440 1358 4508; x_wconf 49' lang='grc' dir='ltr'><em>’δημιουργῇ</em></span> <span class='ocrx_word' id='word_1_352' title='bbox 1389 4440 1454 4491; x_wconf 80' lang='grc' dir='ltr'><em>ἂν</em></span> <span class='ocrx_word' id='word_1_353' title='bbox 1491 4438 1734 4506; x_wconf 78' lang='grc' dir='ltr'><em>ἐλέγετο,</em></span> <span class='ocrx_word' id='word_1_354' title='bbox 1775 4436 1901 4490; x_wconf 77' lang='grc' dir='ltr'><em>οὔτε</em></span> 
     </span>
    </p>
   </div>
   <div class='ocr_carea' id='block_1_48' title="bbox 1980 611 3555 676">
    <p class='ocr_par' dir='ltr' id='par_1_48' title="bbox 1980 611 3555 676">
     <span class='ocr_line' id='line_1_48' title="bbox 1980 611 3555 676; baseline -0.001 -9"><span class='ocrx_word' id='word_1_355' title='bbox 1980 615 2123 667; x_wconf 86' lang='lat' dir='ltr'><strong><em>ettim</em></strong></span> <span class='ocrx_word' id='word_1_356' title='bbox 2170 631 2184 666; x_wconf 77' lang='grc' dir='ltr'><strong><em>ι</em></strong></span> <span class='ocrx_word' id='word_1_357' title='bbox 2227 613 2405 668; x_wconf 82' lang='lat' dir='ltr'><strong><em>Estote</em></strong></span> <span class='ocrx_word' id='word_1_358' title='bbox 2435 611 2837 676; x_wconf 72' lang='lat' dir='ltr'><strong><em>misericordes,</em></strong></span> <span class='ocrx_word' id='word_1_359' title='bbox 2871 613 3008 665; x_wconf 87' lang='lat' dir='ltr'><strong><em>sicut</em></strong></span> <span class='ocrx_word' id='word_1_360' title='bbox 3048 612 3208 666; x_wconf 80' lang='lat' dir='ltr'><strong><em>Pater</em></strong></span> <span class='ocrx_word' id='word_1_361' title='bbox 3250 622 3416 666; x_wconf 82' lang='lat' dir='ltr'><strong><em>vester</em></strong></span> <span class='ocrx_word' id='word_1_362' title='bbox 3447 631 3555 666; x_wconf 57' lang='lat' dir='ltr'><strong><em>coeo</em></strong></span> 
     </span>
    </p>
   </div>
   <div class='ocr_carea' id='block_1_49' title="bbox 1983 703 3560 771">
    <p class='ocr_par' dir='ltr' id='par_1_49' title="bbox 1983 703 3560 771">
     <span class='ocr_line' id='line_1_49' title="bbox 1983 703 3560 771; baseline -0.003 -13"><span class='ocrx_word' id='word_1_363' title='bbox 1983 708 2123 759; x_wconf 84' lang='lat' dir='ltr'><strong><em>lestis</em></strong></span> <span class='ocrx_word' id='word_1_364' title='bbox 2145 707 2187 735; x_wconf 83' lang='grc'>¹¹</span> <span class='ocrx_word' id='word_1_365' title='bbox 2211 723 2226 771; x_wconf 87' lang='lat'><strong>;</strong></span> <span class='ocrx_word' id='word_1_366' title='bbox 2251 717 2305 760; x_wconf 88' lang='lat' dir='ltr'><strong><em>et</em></strong></span> <span class='ocrx_word' id='word_1_367' title='bbox 2337 723 2352 760; x_wconf 89' lang='lat'><strong>:</strong></span> <span class='ocrx_word' id='word_1_368' title='bbox 2388 704 2568 758; x_wconf 82' lang='lat' dir='ltr'><strong><em>Estote</em></strong></span> <span class='ocrx_word' id='word_1_369' title='bbox 2601 705 2890 758; x_wconf 73' lang='lat' dir='ltr'><strong><em>imitatores</em></strong></span> <span class='ocrx_word' id='word_1_370' title='bbox 2921 703 3036 768; x_wconf 86' lang='lat' dir='ltr'><strong><em>Dei,</em></strong></span> <span class='ocrx_word' id='word_1_371' title='bbox 3071 705 3206 757; x_wconf 87' lang='lat' dir='ltr'><strong><em>sicut</em></strong></span> <span class='ocrx_word' id='word_1_372' title='bbox 3230 705 3326 771; x_wconf 82' lang='lat' dir='ltr'><strong><em>ﬁlii</em></strong></span> <span class='ocrx_word' id='word_1_373' title='bbox 3359 704 3560 756; x_wconf 80' lang='lat' dir='ltr'><strong><em>charis-</em></strong></span> 
     </span>
    </p>
   </div>
   <div class='ocr_carea' id='block_1_50' title="bbox 1981 795 3557 866">
    <p class='ocr_par' dir='ltr' id='par_1_50' title="bbox 1981 795 3557 866">
     <span class='ocr_line' id='line_1_50' title="bbox 1981 795 3557 866; baseline -0.003 -16"><span class='ocrx_word' id='word_1_374' title='bbox 1981 800 2184 852; x_wconf 79' lang='lat' dir='ltr'><strong><em>simi“.</em></strong></span> <span class='ocrx_word' id='word_1_375' title='bbox 2216 797 2439 852; x_wconf 83' lang='lat' dir='ltr'><strong><em>Divinos</em></strong></span> <span class='ocrx_word' id='word_1_376' title='bbox 2470 812 2684 866; x_wconf 85' lang='lat' dir='ltr'><strong><em>quoque</em></strong></span> <span class='ocrx_word' id='word_1_377' title='bbox 2709 796 3022 866; x_wconf 87' lang='lat' dir='ltr'><strong><em>Dionysius,</em></strong></span> <span class='ocrx_word' id='word_1_378' title='bbox 3055 797 3109 848; x_wconf 89' lang='lat' dir='ltr'><strong><em>in</em></strong></span> <span class='ocrx_word' id='word_1_379' title='bbox 3154 795 3294 849; x_wconf 91' lang='lat' dir='ltr'><strong><em>libro</em></strong></span> <span class='ocrx_word' id='word_1_380' title='bbox 3320 797 3392 848; x_wconf 82' lang='lat' dir='ltr'><strong><em>De</em></strong></span> <span class='ocrx_word' id='word_1_381' title='bbox 3415 797 3557 847; x_wconf 78' lang='lat' dir='ltr'><strong><em>diri-</em></strong></span> 
     </span>
    </p>
   </div>
   <div class='ocr_carea' id='block_1_51' title="bbox 1984 888 3558 958">
    <p class='ocr_par' dir='ltr' id='par_1_51' title="bbox 1984 888 3558 958">
     <span class='ocr_line' id='line_1_51' title="bbox 1984 888 3558 958; baseline -0.006 -14"><span class='ocrx_word' id='word_1_382' title='bbox 1984 892 2066 945; x_wconf 90' lang='lat' dir='ltr'><strong><em>nis</em></strong></span> <span class='ocrx_word' id='word_1_383' title='bbox 2099 893 2392 945; x_wconf 72' lang='lat' dir='ltr'><strong><em>nominibus</em></strong></span> <span class='ocrx_word' id='word_1_384' title='bbox 2429 906 2447 944; x_wconf 91' lang='lat'><strong><em>:</em></strong></span> <span class='ocrx_word' id='word_1_385' title='bbox 2479 889 2644 943; x_wconf 87' lang='lat' dir='ltr'><strong><em>Deum</em></strong></span> <span class='ocrx_word' id='word_1_386' title='bbox 2667 930 2682 954; x_wconf 93' lang='lat'><strong><em>,</em></strong></span> <span class='ocrx_word' id='word_1_387' title='bbox 2719 889 2916 958; x_wconf 91' lang='lat' dir='ltr'><strong><em>inquit,</em></strong></span> <span class='ocrx_word' id='word_1_388' title='bbox 2949 891 3038 958; x_wconf 81' lang='lat' dir='ltr'><strong><em>qui</em></strong></span> <span class='ocrx_word' id='word_1_389' title='bbox 3067 898 3143 942; x_wconf 85' lang='lat' dir='ltr'><strong><em>est</em></strong></span> <span class='ocrx_word' id='word_1_390' title='bbox 3173 905 3331 957; x_wconf 81' lang='lat' dir='ltr'><strong><em>super</em></strong></span> <span class='ocrx_word' id='word_1_391' title='bbox 3361 888 3558 951; x_wconf 85' lang='lat' dir='ltr'><strong><em>omnin,</em></strong></span> 
     </span>
    </p>
   </div>
   <div class='ocr_carea' id='block_1_52' title="bbox 1985 979 3562 1048">
    <p class='ocr_par' dir='ltr' id='par_1_52' title="bbox 1985 979 3562 1048">
     <span class='ocr_line' id='line_1_52' title="bbox 1985 979 3562 1048; baseline -0.003 -15"><span class='ocrx_word' id='word_1_392' title='bbox 1985 984 2134 1034; x_wconf 76' lang='lat' dir='ltr'><strong><em>aiimt</em></strong></span> <span class='ocrx_word' id='word_1_393' title='bbox 2154 982 2286 1035; x_wconf 82' lang='lat' dir='ltr'><strong><em>nulli</em></strong></span> <span class='ocrx_word' id='word_1_394' title='bbox 2311 998 2420 1036; x_wconf 82' lang='lat' dir='ltr'><strong><em>esse</em></strong></span> <span class='ocrx_word' id='word_1_395' title='bbox 2451 981 2672 1036; x_wconf 83' lang='lat' dir='ltr'><strong><em>similent</em></strong></span> <span class='ocrx_word' id='word_1_396' title='bbox 2699 998 2715 1044; x_wconf 90' lang='lat'><strong><em>;</em></strong></span> <span class='ocrx_word' id='word_1_397' title='bbox 2748 979 2937 1048; x_wconf 82' lang='lat' dir='ltr'><strong><em>largiri</em></strong></span> <span class='ocrx_word' id='word_1_398' title='bbox 2957 990 3130 1033; x_wconf 89' lang='lat' dir='ltr'><strong><em>tamen</em></strong></span> <span class='ocrx_word' id='word_1_399' title='bbox 3159 981 3391 1032; x_wconf 82' lang='lat' dir='ltr'><strong><em>divinam</em></strong></span> <span class='ocrx_word' id='word_1_400' title='bbox 3415 979 3562 1031; x_wconf 84' lang='lat' dir='ltr'><strong><em>sinti-</em></strong></span> 
     </span>
    </p>
   </div>
   <div class='ocr_carea' id='block_1_53' title="bbox 1986 1072 3564 1140">
    <p class='ocr_par' dir='ltr' id='par_1_53' title="bbox 1986 1072 3564 1140">
     <span class='ocr_line' id='line_1_53' title="bbox 1986 1072 3564 1140; baseline -0.002 -18"><span class='ocrx_word' id='word_1_401' title='bbox 1986 1073 2282 1134; x_wconf 84' lang='lat' dir='ltr'><strong><em>litudinem,</em></strong></span> <span class='ocrx_word' id='word_1_402' title='bbox 2315 1073 2393 1124; x_wconf 79' lang='lat' dir='ltr'><strong><em>liis</em></strong></span> <span class='ocrx_word' id='word_1_403' title='bbox 2429 1072 2522 1140; x_wconf 85' lang='lat' dir='ltr'><strong><em>qui</em></strong></span> <span class='ocrx_word' id='word_1_404' title='bbox 2553 1072 2621 1123; x_wconf 81' lang='lat' dir='ltr'><strong><em>ad</em></strong></span> <span class='ocrx_word' id='word_1_405' title='bbox 2666 1073 2836 1139; x_wconf 88' lang='lat' dir='ltr'><strong><em>ipsum</em></strong></span> <span class='ocrx_word' id='word_1_406' title='bbox 2889 1079 3284 1124; x_wconf 73' lang='lat' dir='ltr'><strong><em>convertantur.</em></strong></span> <span class='ocrx_word' id='word_1_407' title='bbox 3315 1072 3392 1122; x_wconf 82' lang='lat' dir='ltr'><strong><em>Ac</em></strong></span> <span class='ocrx_word' id='word_1_408' title='bbox 3440 1085 3564 1122; x_wconf 86' lang='lat' dir='ltr'><strong><em>rur-</em></strong></span> 
     </span>
    </p>
   </div>
   <div class='ocr_carea' id='block_1_54' title="bbox 1986 1160 3563 1231">
    <p class='ocr_par' dir='ltr' id='par_1_54' title="bbox 1986 1160 3563 1231">
     <span class='ocr_line' id='line_1_54' title="bbox 1986 1160 3563 1231; baseline -0.002 -17"><span class='ocrx_word' id='word_1_409' title='bbox 1986 1177 2080 1214; x_wconf 82' lang='lat' dir='ltr'><strong><em>sus</em></strong></span> <span class='ocrx_word' id='word_1_410' title='bbox 2122 1177 2136 1213; x_wconf 91' lang='lat'><strong>:</strong></span> <span class='ocrx_word' id='word_1_411' title='bbox 2175 1166 2302 1216; x_wconf 79' lang='lat' dir='ltr'><strong><em>Iltvc</em></strong></span> <span class='ocrx_word' id='word_1_412' title='bbox 2340 1165 2520 1231; x_wconf 76' lang='lat' dir='ltr'><strong><em>itaque</em></strong></span> <span class='ocrx_word' id='word_1_413' title='bbox 2556 1163 2777 1214; x_wconf 83' lang='lat' dir='ltr'><strong><em>dicenda</em></strong></span> <span class='ocrx_word' id='word_1_414' title='bbox 2814 1160 2919 1214; x_wconf 87' lang='lat' dir='ltr'><strong><em>Deo</em></strong></span> <span class='ocrx_word' id='word_1_415' title='bbox 2947 1162 3171 1223; x_wconf 83' lang='lat' dir='ltr'><strong><em>similia,</em></strong></span> <span class='ocrx_word' id='word_1_416' title='bbox 3204 1177 3320 1230; x_wconf 75' lang='lat' dir='ltr'><strong><em>qua:</em></strong></span> <span class='ocrx_word' id='word_1_417' title='bbox 3349 1170 3468 1213; x_wconf 89' lang='lat' dir='ltr'><strong><em>sunt</em></strong></span> <span class='ocrx_word' id='word_1_418' title='bbox 3495 1162 3563 1211; x_wconf 83' lang='lat' dir='ltr'><strong><em>ad</em></strong></span> 
     </span>
    </p>
   </div>
   <div class='ocr_carea' id='block_1_55' title="bbox 1990 1252 3562 1322">
    <p class='ocr_par' dir='ltr' id='par_1_55' title="bbox 1990 1252 3562 1322">
     <span class='ocr_line' id='line_1_55' title="bbox 1990 1252 3562 1322; baseline -0.001 -18"><span class='ocrx_word' id='word_1_419' title='bbox 1990 1253 2080 1306; x_wconf 85' lang='lat' dir='ltr'><strong><em>Dei</em></strong></span> <span class='ocrx_word' id='word_1_420' title='bbox 2133 1255 2410 1322; x_wconf 68' lang='lat' dir='ltr'><strong><em>imaginum</em></strong></span> <span class='ocrx_word' id='word_1_421' title='bbox 2454 1265 2499 1306; x_wconf 89' lang='lat' dir='ltr'><strong><em>et</em></strong></span> <span class='ocrx_word' id='word_1_422' title='bbox 2532 1255 2958 1306; x_wconf 77' lang='lat' dir='ltr'><strong><em>similitudinem.</em></strong></span> <span class='ocrx_word' id='word_1_423' title='bbox 2990 1252 3173 1322; x_wconf 82' lang='lat' dir='ltr'><strong><em>Neque</em></strong></span> <span class='ocrx_word' id='word_1_424' title='bbox 3209 1253 3348 1306; x_wconf 88' lang='lat' dir='ltr'><strong><em>enim</em></strong></span> <span class='ocrx_word' id='word_1_425' title='bbox 3396 1252 3562 1304; x_wconf 85' lang='lat' dir='ltr'><strong><em>Deum</em></strong></span> 
     </span>
    </p>
   </div>
   <div class='ocr_carea' id='block_1_56' title="bbox 1985 1343 3566 1404">
    <p class='ocr_par' dir='ltr' id='par_1_56' title="bbox 1985 1343 3566 1404">
     <span class='ocr_line' id='line_1_56' title="bbox 1985 1343 3566 1404; baseline -0.001 -7"><span class='ocrx_word' id='word_1_426' title='bbox 1985 1345 2059 1397; x_wconf 88' lang='lat' dir='ltr'><strong><em>eis</em></strong></span> <span class='ocrx_word' id='word_1_427' title='bbox 2097 1346 2321 1397; x_wconf 71' lang='lat' dir='ltr'><strong><em>similem</em></strong></span> <span class='ocrx_word' id='word_1_428' title='bbox 2382 1346 2695 1404; x_wconf 68' lang='lat' dir='ltr'><strong><em>dixerimus.</em></strong></span> <span class='ocrx_word' id='word_1_429' title='bbox 2733 1362 2855 1398; x_wconf 85' lang='lat' dir='ltr'><strong><em>nam</em></strong></span> <span class='ocrx_word' id='word_1_430' title='bbox 2908 1361 3000 1398; x_wconf 88' lang='lat' dir='ltr'><strong><em>nec</em></strong></span> <span class='ocrx_word' id='word_1_431' title='bbox 3035 1348 3188 1398; x_wconf 85' lang='lat' dir='ltr'><strong><em>homo</em></strong></span> <span class='ocrx_word' id='word_1_432' title='bbox 3235 1351 3350 1397; x_wconf 62' lang='lat' dir='ltr'><strong><em>sure”</em></strong></span> <span class='ocrx_word' id='word_1_433' title='bbox 3377 1343 3566 1396; x_wconf 80' lang='lat' dir='ltr'><strong><em>similis</em></strong></span> 
     </span>
    </p>
   </div>
   <div class='ocr_carea' id='block_1_57' title="bbox 1988 1436 3567 1506">
    <p class='ocr_par' dir='ltr' id='par_1_57' title="bbox 1988 1436 3567 1506">
     <span class='ocr_line' id='line_1_57' title="bbox 1988 1436 3567 1506; baseline 0.001 -20"><span class='ocrx_word' id='word_1_434' title='bbox 1988 1436 2205 1502; x_wconf 83' lang='lat' dir='ltr'><strong><em>imagini</em></strong></span> <span class='ocrx_word' id='word_1_435' title='bbox 2234 1445 2334 1488; x_wconf 87' lang='lat' dir='ltr'><strong><em>est.</em></strong></span> <span class='ocrx_word' id='word_1_436' title='bbox 2376 1436 2480 1490; x_wconf 61' lang='lat' dir='ltr'><strong><em>Sed</em></strong></span> <span class='ocrx_word' id='word_1_437' title='bbox 2505 1437 2799 1490; x_wconf 78' lang='lat' dir='ltr'><strong><em>similitudo</em></strong></span> <span class='ocrx_word' id='word_1_438' title='bbox 2831 1439 3060 1506; x_wconf 81' lang='lat' dir='ltr'><strong><em>primum</em></strong></span> <span class='ocrx_word' id='word_1_439' title='bbox 3085 1448 3158 1490; x_wconf 88' lang='lat' dir='ltr'><strong><em>est</em></strong></span> <span class='ocrx_word' id='word_1_440' title='bbox 3189 1452 3368 1490; x_wconf 87' lang='lat' dir='ltr'><strong><em>eorum</em></strong></span> <span class='ocrx_word' id='word_1_441' title='bbox 3405 1437 3567 1488; x_wconf 84' lang='lat' dir='ltr'><strong><em>bono—</em></strong></span> 
     </span>
    </p>
   </div>
   <div class='ocr_carea' id='block_1_58' title="bbox 1988 1527 3565 1597">
    <p class='ocr_par' dir='ltr' id='par_1_58' title="bbox 1988 1527 3565 1597">
     <span class='ocr_line' id='line_1_58' title="bbox 1988 1527 3565 1597; baseline 0 -19"><span class='ocrx_word' id='word_1_442' title='bbox 1988 1543 2126 1590; x_wconf 88' lang='lat' dir='ltr'><strong><em>rum,</em></strong></span> <span class='ocrx_word' id='word_1_443' title='bbox 2179 1545 2296 1597; x_wconf 73' lang='lat' dir='ltr'><strong><em>quin</em></strong></span> <span class='ocrx_word' id='word_1_444' title='bbox 2331 1529 2478 1581; x_wconf 85' lang='lat' dir='ltr'><strong><em>nobis</em></strong></span> <span class='ocrx_word' id='word_1_445' title='bbox 2517 1545 2548 1580; x_wconf 85' lang='grc' dir='ltr'><em>α</em></span> <span class='ocrx_word' id='word_1_446' title='bbox 2593 1529 2697 1581; x_wconf 90' lang='lat' dir='ltr'><strong><em>Deo</em></strong></span> <span class='ocrx_word' id='word_1_447' title='bbox 2744 1531 2945 1581; x_wconf 87' lang='lat' dir='ltr'><strong><em>insunt.</em></strong></span> <span class='ocrx_word' id='word_1_448' title='bbox 3003 1528 3129 1581; x_wconf 84' lang='lat' dir='ltr'><strong><em>Sive</em></strong></span> <span class='ocrx_word' id='word_1_449' title='bbox 3168 1528 3310 1582; x_wconf 83' lang='lat' dir='ltr'><strong><em>enim</em></strong></span> <span class='ocrx_word' id='word_1_450' title='bbox 3364 1527 3565 1586; x_wconf 76' lang='lat' dir='ltr'><strong><em>satu-li,</em></strong></span> 
     </span>
    </p>
   </div>
   <div class='ocr_carea' id='block_1_59' title="bbox 1990 1620 3566 1686">
    <p class='ocr_par' dir='ltr' id='par_1_59' title="bbox 1990 1620 3566 1686">
     <span class='ocr_line' id='line_1_59' title="bbox 1990 1620 3566 1686; baseline 0 -14"><span class='ocrx_word' id='word_1_451' title='bbox 1990 1623 2104 1673; x_wconf 67' lang='lat' dir='ltr'><strong><em>sive</em></strong></span> <span class='ocrx_word' id='word_1_452' title='bbox 2133 1622 2228 1686; x_wconf 85' lang='lat' dir='ltr'><strong><em>dii,</em></strong></span> <span class='ocrx_word' id='word_1_453' title='bbox 2265 1622 2379 1676; x_wconf 82' lang='lat' dir='ltr'><strong><em>sive</em></strong></span> <span class='ocrx_word' id='word_1_454' title='bbox 2409 1623 2550 1676; x_wconf 87' lang='lat' dir='ltr'><strong><em>servi</em></strong></span> <span class='ocrx_word' id='word_1_455' title='bbox 2588 1637 2802 1682; x_wconf 79' lang='lat' dir='ltr'><strong><em>SlllllllS.</em></strong></span> <span class='ocrx_word' id='word_1_456' title='bbox 2855 1625 2968 1677; x_wconf 83' lang='lat' dir='ltr'><strong><em>sive</em></strong></span> <span class='ocrx_word' id='word_1_457' title='bbox 3016 1621 3242 1685; x_wconf 83' lang='lat' dir='ltr'><strong><em>domini,</em></strong></span> <span class='ocrx_word' id='word_1_458' title='bbox 3269 1621 3333 1673; x_wconf 88' lang='lat' dir='ltr'><strong><em>ad</em></strong></span> <span class='ocrx_word' id='word_1_459' title='bbox 3369 1620 3566 1674; x_wconf 87' lang='lat' dir='ltr'><strong><em>simili-</em></strong></span> 
     </span>
    </p>
   </div>
   <div class='ocr_carea' id='block_1_60' title="bbox 1993 1712 3568 1778">
    <p class='ocr_par' dir='ltr' id='par_1_60' title="bbox 1993 1712 3568 1778">
     <span class='ocr_line' id='line_1_60' title="bbox 1993 1712 3568 1778; baseline -0.001 -14"><span class='ocrx_word' id='word_1_460' title='bbox 1993 1714 2233 1766; x_wconf 82' lang='lat' dir='ltr'><strong><em>tudinem</em></strong></span> <span class='ocrx_word' id='word_1_461' title='bbox 2277 1729 2465 1766; x_wconf 78' lang='lat' dir='ltr'><strong><em>sumus</em></strong></span> <span class='ocrx_word' id='word_1_462' title='bbox 2490 1716 2717 1768; x_wconf 85' lang='lat' dir='ltr'><strong><em>conditi.</em></strong></span> <span class='ocrx_word' id='word_1_463' title='bbox 2766 1714 2878 1768; x_wconf 83' lang='lat' dir='ltr'><strong><em>lloe</em></strong></span> <span class='ocrx_word' id='word_1_464' title='bbox 2912 1715 3057 1768; x_wconf 85' lang='lat' dir='ltr'><strong><em>enim</em></strong></span> <span class='ocrx_word' id='word_1_465' title='bbox 3094 1728 3257 1767; x_wconf 87' lang='lat' dir='ltr'><strong><em>sensu</em></strong></span> <span class='ocrx_word' id='word_1_466' title='bbox 3299 1713 3372 1765; x_wconf 92' lang='lat' dir='ltr'><strong><em>ait</em></strong></span> <span class='ocrx_word' id='word_1_467' title='bbox 3420 1712 3568 1778; x_wconf 82' lang='lat' dir='ltr'><strong><em>Apo-</em></strong></span> 
     </span>
    </p>
   </div>
   <div class='ocr_carea' id='block_1_61' title="bbox 1992 1800 3571 1872">
    <p class='ocr_par' dir='ltr' id='par_1_61' title="bbox 1992 1800 3571 1872">
     <span class='ocr_line' id='line_1_61' title="bbox 1992 1800 3571 1872; baseline -0.003 -13"><span class='ocrx_word' id='word_1_468' title='bbox 1992 1804 2185 1868; x_wconf 64' lang='lat' dir='ltr'><strong><em>STolus,</em></strong></span> <span class='ocrx_word' id='word_1_469' title='bbox 2230 1803 2608 1872; x_wconf 76' lang='lat' dir='ltr'><strong><em>Reformamini</em></strong></span> <span class='ocrx_word' id='word_1_470' title='bbox 2637 1806 2691 1858; x_wconf 90' lang='lat' dir='ltr'><strong><em>in</em></strong></span> <span class='ocrx_word' id='word_1_471' title='bbox 2721 1807 2947 1858; x_wconf 80' lang='lat' dir='ltr'><strong><em>novitate</em></strong></span> <span class='ocrx_word' id='word_1_472' title='bbox 2977 1821 3156 1858; x_wconf 84' lang='lat' dir='ltr'><strong><em>sensus</em></strong></span> <span class='ocrx_word' id='word_1_473' title='bbox 3189 1804 3344 1857; x_wconf 83' lang='lat' dir='ltr'><strong><em>vestri</em></strong></span> <span class='ocrx_word' id='word_1_474' title='bbox 3359 1802 3422 1855; x_wconf 75' lang='grc'><strong><em>’³.</em></strong></span> <span class='ocrx_word' id='word_1_475' title='bbox 3445 1800 3571 1854; x_wconf 74' lang='lat' dir='ltr'><strong><em>lituo</em></strong></span> 
     </span>
    </p>
   </div>
   <div class='ocr_carea' id='block_1_62' title="bbox 1991 1895 3568 1964">
    <p class='ocr_par' dir='ltr' id='par_1_62' title="bbox 1991 1895 3568 1964">
     <span class='ocr_line' id='line_1_62' title="bbox 1991 1895 3568 1964; baseline 0.001 -15"><span class='ocrx_word' id='word_1_476' title='bbox 1991 1896 2132 1949; x_wconf 90' lang='lat' dir='ltr'><strong><em>enim</em></strong></span> <span class='ocrx_word' id='word_1_477' title='bbox 2189 1910 2326 1947; x_wconf 87' lang='lat' dir='ltr'><strong><em>novo</em></strong></span> <span class='ocrx_word' id='word_1_478' title='bbox 2386 1896 2590 1948; x_wconf 83' lang='lat' dir='ltr'><strong><em>homini</em></strong></span> <span class='ocrx_word' id='word_1_479' title='bbox 2651 1897 2948 1960; x_wconf 84' lang='lat' dir='ltr'><strong><em>dicuntur,</em></strong></span> <span class='ocrx_word' id='word_1_480' title='bbox 3010 1898 3102 1964; x_wconf 91' lang='lat' dir='ltr'><strong><em>qui</em></strong></span> <span class='ocrx_word' id='word_1_481' title='bbox 3159 1908 3454 1951; x_wconf 82' lang='lat' dir='ltr'><strong><em>renovatur</em></strong></span> <span class='ocrx_word' id='word_1_482' title='bbox 3510 1895 3568 1950; x_wconf 88' lang='lat' dir='ltr'><strong><em>itt</em></strong></span> 
     </span>
    </p>
   </div>
   <div class='ocr_carea' id='block_1_63' title="bbox 1994 1986 3569 2056">
    <p class='ocr_par' dir='ltr' id='par_1_63' title="bbox 1994 1986 3569 2056">
     <span class='ocr_line' id='line_1_63' title="bbox 1994 1986 3569 2056; baseline 0.001 -18"><span class='ocrx_word' id='word_1_483' title='bbox 1994 1989 2266 2051; x_wconf 69' lang='lat' dir='ltr'><strong><em>agnitione</em></strong></span> <span class='ocrx_word' id='word_1_484' title='bbox 2302 1986 2394 2040; x_wconf 84' lang='lat' dir='ltr'><strong><em>Dei</em></strong></span> <span class='ocrx_word' id='word_1_485' title='bbox 2433 1989 2730 2040; x_wconf 83' lang='lat' dir='ltr'><strong><em>secundum</em></strong></span> <span class='ocrx_word' id='word_1_486' title='bbox 2770 1989 3125 2041; x_wconf 72' lang='lat' dir='ltr'><strong><em>imitationem</em></strong></span> <span class='ocrx_word' id='word_1_487' title='bbox 3158 1988 3298 2056; x_wconf 84' lang='lat' dir='ltr'><strong><em>ejus,</em></strong></span> <span class='ocrx_word' id='word_1_488' title='bbox 3324 1988 3414 2055; x_wconf 89' lang='lat' dir='ltr'><strong><em>qui</em></strong></span> <span class='ocrx_word' id='word_1_489' title='bbox 3445 2003 3569 2042; x_wconf 80' lang='lat' dir='ltr'><strong><em>cum</em></strong></span> 
     </span>
    </p>
   </div>
   <div class='ocr_carea' id='block_1_64' title="bbox 1993 2077 3570 2147">
    <p class='ocr_par' dir='ltr' id='par_1_64' title="bbox 1993 2077 3570 2147">
     <span class='ocr_line' id='line_1_64' title="bbox 1993 2077 3570 2147; baseline 0.003 -19"><span class='ocrx_word' id='word_1_490' title='bbox 1993 2077 2058 2128; x_wconf 87' lang='lat' dir='ltr'><strong><em>ad</em></strong></span> <span class='ocrx_word' id='word_1_491' title='bbox 2114 2079 2404 2145; x_wconf 69' lang='lat' dir='ltr'><strong><em>imaginem</em></strong></span> <span class='ocrx_word' id='word_1_492' title='bbox 2437 2079 2664 2132; x_wconf 89' lang='lat' dir='ltr'><strong><em>creavit.</em></strong></span> <span class='ocrx_word' id='word_1_493' title='bbox 2704 2077 2818 2131; x_wconf 84' lang='lat' dir='ltr'><strong><em>Non</em></strong></span> <span class='ocrx_word' id='word_1_494' title='bbox 2872 2080 3055 2147; x_wconf 83' lang='lat' dir='ltr'><strong><em>itaque</em></strong></span> <span class='ocrx_word' id='word_1_495' title='bbox 3107 2081 3252 2134; x_wconf 77' lang='lat' dir='ltr'><strong><em>Deus</em></strong></span> <span class='ocrx_word' id='word_1_496' title='bbox 3303 2089 3570 2143; x_wconf 86' lang='lat' dir='ltr'><strong><em>mutatur,</em></strong></span> 
     </span>
    </p>
   </div>
   <div class='ocr_carea' id='block_1_65' title="bbox 1992 2170 3572 2238">
    <p class='ocr_par' dir='ltr' id='par_1_65' title="bbox 1992 2170 3572 2238">
     <span class='ocr_line' id='line_1_65' title="bbox 1992 2170 3572 2238; baseline 0.001 -18"><span class='ocrx_word' id='word_1_497' title='bbox 1992 2171 2443 2238; x_wconf 74' lang='lat' dir='ltr'><strong><em>quemadmodum</em></strong></span> <span class='ocrx_word' id='word_1_498' title='bbox 2499 2170 2851 2232; x_wconf 75' lang='lat' dir='ltr'><strong><em>dicebamus;</em></strong></span> <span class='ocrx_word' id='word_1_499' title='bbox 2901 2173 2996 2223; x_wconf 88' lang='lat' dir='ltr'><strong><em>sed</em></strong></span> <span class='ocrx_word' id='word_1_500' title='bbox 3049 2185 3147 2223; x_wconf 91' lang='lat' dir='ltr'><strong><em>nos</em></strong></span> <span class='ocrx_word' id='word_1_501' title='bbox 3196 2185 3388 2224; x_wconf 88' lang='lat' dir='ltr'><strong><em>sumus</em></strong></span> <span class='ocrx_word' id='word_1_502' title='bbox 3433 2185 3572 2238; x_wconf 88' lang='lat' dir='ltr'><strong><em>quos</em></strong></span> 
     </span>
    </p>
   </div>
   <div class='ocr_carea' id='block_1_66' title="bbox 1995 2260 3577 2332">
    <p class='ocr_par' dir='ltr' id='par_1_66' title="bbox 1995 2260 3577 2332">
     <span class='ocr_line' id='line_1_66' title="bbox 1995 2260 3577 2332; baseline 0.001 -18"><span class='ocrx_word' id='word_1_503' title='bbox 1995 2265 2222 2317; x_wconf 82' lang='lat' dir='ltr'><strong><em>mutatio</em></strong></span> <span class='ocrx_word' id='word_1_504' title='bbox 2269 2263 2525 2332; x_wconf 78' lang='lat' dir='ltr'><strong><em>attingit;</em></strong></span> <span class='ocrx_word' id='word_1_505' title='bbox 2592 2261 2666 2315; x_wconf 89' lang='lat' dir='ltr'><strong><em>uti</em></strong></span> <span class='ocrx_word' id='word_1_506' title='bbox 2723 2264 2890 2318; x_wconf 83' lang='lat' dir='ltr'><strong><em>etiam</em></strong></span> <span class='ocrx_word' id='word_1_507' title='bbox 2958 2263 3138 2316; x_wconf 89' lang='lat' dir='ltr'><strong><em>lumen</em></strong></span> <span class='ocrx_word' id='word_1_508' title='bbox 3188 2260 3346 2332; x_wconf 74' lang='lat' dir='ltr'><strong><em>a-gris</em></strong></span> <span class='ocrx_word' id='word_1_509' title='bbox 3403 2262 3577 2316; x_wconf 86' lang='lat' dir='ltr'><strong><em>oculis</em></strong></span> 
     </span>
    </p>
   </div>
   <div class='ocr_carea' id='block_1_67' title="bbox 1992 2355 3570 2426">
    <p class='ocr_par' dir='ltr' id='par_1_67' title="bbox 1992 2355 3570 2426">
     <span class='ocr_line' id='line_1_67' title="bbox 1992 2355 3570 2426; baseline -0.003 -18"><span class='ocrx_word' id='word_1_510' title='bbox 1992 2372 2152 2426; x_wconf 78' lang='lat' dir='ltr'><strong><em>grave</em></strong></span> <span class='ocrx_word' id='word_1_511' title='bbox 2179 2364 2261 2409; x_wconf 85' lang='lat' dir='ltr'><strong><em>est</em></strong></span> <span class='ocrx_word' id='word_1_512' title='bbox 2297 2371 2360 2410; x_wconf 88' lang='lat' dir='ltr'><strong><em>ac</em></strong></span> <span class='ocrx_word' id='word_1_513' title='bbox 2397 2356 2712 2418; x_wconf 87' lang='lat' dir='ltr'><strong><em>molestum,</em></strong></span> <span class='ocrx_word' id='word_1_514' title='bbox 2756 2357 2907 2410; x_wconf 89' lang='lat' dir='ltr'><strong><em>sanis</em></strong></span> <span class='ocrx_word' id='word_1_515' title='bbox 2937 2369 3067 2410; x_wconf 88' lang='lat' dir='ltr'><strong><em>vero</em></strong></span> <span class='ocrx_word' id='word_1_516' title='bbox 3107 2365 3270 2426; x_wconf 88' lang='lat' dir='ltr'><strong><em>atque</em></strong></span> <span class='ocrx_word' id='word_1_517' title='bbox 3306 2355 3570 2418; x_wconf 79' lang='lat' dir='ltr'><strong><em>robustis,</em></strong></span> 
     </span>
    </p>
   </div>
   <div class='ocr_carea' id='block_1_68' title="bbox 1995 2447 3579 2519">
    <p class='ocr_par' dir='ltr' id='par_1_68' title="bbox 1995 2447 3579 2519">
     <span class='ocr_line' id='line_1_68' title="bbox 1995 2447 3579 2519; baseline 0.001 -19"><span class='ocrx_word' id='word_1_518' title='bbox 1995 2450 2118 2502; x_wconf 85' lang='lat' dir='ltr'><strong><em>lene</em></strong></span> <span class='ocrx_word' id='word_1_519' title='bbox 2150 2463 2214 2501; x_wconf 90' lang='lat' dir='ltr'><strong><em>ae</em></strong></span> <span class='ocrx_word' id='word_1_520' title='bbox 2251 2462 2437 2510; x_wconf 81' lang='lat' dir='ltr'><strong><em>suave,</em></strong></span> <span class='ocrx_word' id='word_1_521' title='bbox 2470 2462 2574 2501; x_wconf 91' lang='lat' dir='ltr'><strong><em>non</em></strong></span> <span class='ocrx_word' id='word_1_522' title='bbox 2612 2461 2710 2516; x_wconf 86' lang='lat' dir='ltr'><strong><em>pro</em></strong></span> <span class='ocrx_word' id='word_1_523' title='bbox 2756 2465 2875 2516; x_wconf 86' lang='lat' dir='ltr'><strong><em>sua,</em></strong></span> <span class='ocrx_word' id='word_1_524' title='bbox 2910 2451 3002 2504; x_wconf 90' lang='lat' dir='ltr'><strong><em>sed</em></strong></span> <span class='ocrx_word' id='word_1_525' title='bbox 3038 2463 3136 2519; x_wconf 87' lang='lat' dir='ltr'><strong><em>pro</em></strong></span> <span class='ocrx_word' id='word_1_526' title='bbox 3179 2462 3366 2503; x_wconf 87' lang='lat' dir='ltr'><strong><em>eorum</em></strong></span> <span class='ocrx_word' id='word_1_527' title='bbox 3409 2447 3579 2502; x_wconf 76' lang='lat' dir='ltr'><strong><em>intch</em></strong></span> 
     </span>
    </p>
   </div>
   <div class='ocr_carea' id='block_1_69' title="bbox 1993 2541 2652 2594">
    <p class='ocr_par' dir='ltr' id='par_1_69' title="bbox 1993 2541 2652 2594">
     <span class='ocr_line' id='line_1_69' title="bbox 1993 2541 2652 2594; baseline 0.006 -4"><span class='ocrx_word' id='word_1_528' title='bbox 1993 2541 2213 2594; x_wconf 82' lang='lat' dir='ltr'><strong><em>t&#39;illitale</em></strong></span> <span class='ocrx_word' id='word_1_529' title='bbox 2236 2555 2299 2594; x_wconf 90' lang='lat' dir='ltr'><strong><em>ac</em></strong></span> <span class='ocrx_word' id='word_1_530' title='bbox 2331 2541 2652 2594; x_wconf 86' lang='lat' dir='ltr'><strong><em>mutatione.</em></strong></span> 
     </span>
    </p>
   </div>
   <div class='ocr_carea' id='block_1_70' title="bbox 2066 2631 3557 2700">
    <p class='ocr_par' dir='ltr' id='par_1_70' title="bbox 2066 2631 3557 2700">
     <span class='ocr_line' id='line_1_70' title="bbox 2066 2631 3557 2700; baseline 0 -16"><span class='ocrx_word' id='word_1_531' title='bbox 2066 2631 2240 2684; x_wconf 81' lang='lat' dir='ltr'><strong><em>Simili</em></strong></span> <span class='ocrx_word' id='word_1_532' title='bbox 2275 2646 2490 2700; x_wconf 88' lang='lat' dir='ltr'><strong><em>quoque</em></strong></span> <span class='ocrx_word' id='word_1_533' title='bbox 2537 2631 2767 2694; x_wconf 88' lang='lat' dir='ltr'><strong><em>ratione,</em></strong></span> <span class='ocrx_word' id='word_1_534' title='bbox 2809 2646 2930 2684; x_wconf 89' lang='lat' dir='ltr'><strong><em>eum</em></strong></span> <span class='ocrx_word' id='word_1_535' title='bbox 2981 2639 3034 2684; x_wconf 85' lang='lat' dir='ltr'><strong><em>et</em></strong></span> <span class='ocrx_word' id='word_1_536' title='bbox 3066 2631 3294 2686; x_wconf 81' lang='lat' dir='ltr'><strong><em>Creator</em></strong></span> <span class='ocrx_word' id='word_1_537' title='bbox 3336 2631 3557 2700; x_wconf 72' lang='lat' dir='ltr'><strong><em>“exque</em></strong></span> 
     </span>
    </p>
   </div>
   <div class='ocr_carea' id='block_1_71' title="bbox 1995 2720 3574 2790">
    <p class='ocr_par' dir='ltr' id='par_1_71' title="bbox 1995 2720 3574 2790">
     <span class='ocr_line' id='line_1_71' title="bbox 1995 2720 3574 2790; baseline 0.003 -16"><span class='ocrx_word' id='word_1_538' title='bbox 1995 2737 2059 2775; x_wconf 87' lang='lat' dir='ltr'><strong><em>ac</em></strong></span> <span class='ocrx_word' id='word_1_539' title='bbox 2093 2720 2354 2776; x_wconf 89' lang='lat' dir='ltr'><strong><em>Dominus</em></strong></span> <span class='ocrx_word' id='word_1_540' title='bbox 2381 2721 2613 2785; x_wconf 83' lang='lat' dir='ltr'><strong><em>dicatur,</em></strong></span> <span class='ocrx_word' id='word_1_541' title='bbox 2650 2737 2755 2774; x_wconf 91' lang='lat' dir='ltr'><strong><em>non</em></strong></span> <span class='ocrx_word' id='word_1_542' title='bbox 2787 2723 2901 2777; x_wconf 71' lang='lat' dir='ltr'><strong><em>ltmc</em></strong></span> <span class='ocrx_word' id='word_1_543' title='bbox 2931 2722 3007 2775; x_wconf 87' lang='lat' dir='ltr'><strong><em>illi</em></strong></span> <span class='ocrx_word' id='word_1_544' title='bbox 3037 2732 3224 2790; x_wconf 89' lang='lat' dir='ltr'><strong><em>postea</em></strong></span> <span class='ocrx_word' id='word_1_545' title='bbox 3253 2723 3574 2786; x_wconf 71' lang='lat' dir='ltr'><strong><em>adwniunt;</em></strong></span> 
     </span>
    </p>
   </div>
   <div class='ocr_carea' id='block_1_72' title="bbox 1997 2811 3576 2884">
    <p class='ocr_par' dir='ltr' id='par_1_72' title="bbox 1997 2811 3576 2884">
     <span class='ocr_line' id='line_1_72' title="bbox 1997 2811 3576 2884; baseline 0 -18"><span class='ocrx_word' id='word_1_546' title='bbox 1997 2812 2090 2867; x_wconf 88' lang='lat' dir='ltr'><strong><em>sed</em></strong></span> <span class='ocrx_word' id='word_1_547' title='bbox 2123 2821 2301 2864; x_wconf 86' lang='lat' dir='ltr'><strong><em>motus</em></strong></span> <span class='ocrx_word' id='word_1_548' title='bbox 2341 2811 2408 2864; x_wconf 85' lang='lat' dir='ltr'><strong><em>iis</em></strong></span> <span class='ocrx_word' id='word_1_549' title='bbox 2435 2811 2487 2864; x_wconf 92' lang='lat' dir='ltr'><strong><em>in</em></strong></span> <span class='ocrx_word' id='word_1_550' title='bbox 2531 2813 2692 2865; x_wconf 87' lang='lat' dir='ltr'><strong><em>rebus</em></strong></span> <span class='ocrx_word' id='word_1_551' title='bbox 2723 2812 3066 2880; x_wconf 77' lang='lat' dir='ltr'><strong><em>intelligitur,</em></strong></span> <span class='ocrx_word' id='word_1_552' title='bbox 3089 2828 3210 2882; x_wconf 62' lang='lat' dir='ltr'><strong><em>qua;</em></strong></span> <span class='ocrx_word' id='word_1_553' title='bbox 3235 2829 3300 2868; x_wconf 76' lang='lat' dir='ltr'><strong><em>ex</em></strong></span> <span class='ocrx_word' id='word_1_554' title='bbox 3327 2824 3576 2884; x_wconf 84' lang='lat' dir='ltr'><strong><em>tempore</em></strong></span> 
     </span>
    </p>
   </div>
   <div class='ocr_carea' id='block_1_73' title="bbox 1996 2902 3579 2970">
    <p class='ocr_par' dir='ltr' id='par_1_73' title="bbox 1996 2902 3579 2970">
     <span class='ocr_line' id='line_1_73' title="bbox 1996 2902 3579 2970; baseline 0.002 -14"><span class='ocrx_word' id='word_1_555' title='bbox 1996 2913 2142 2967; x_wconf 87' lang='lat' dir='ltr'><strong><em>sunt,</em></strong></span> <span class='ocrx_word' id='word_1_556' title='bbox 2175 2919 2296 2956; x_wconf 91' lang='lat' dir='ltr'><strong><em>cum</em></strong></span> <span class='ocrx_word' id='word_1_557' title='bbox 2331 2903 2444 2970; x_wconf 89' lang='lat' dir='ltr'><strong><em>ipse</em></strong></span> <span class='ocrx_word' id='word_1_558' title='bbox 2477 2902 2545 2955; x_wconf 88' lang='lat' dir='ltr'><strong><em>ab</em></strong></span> <span class='ocrx_word' id='word_1_559' title='bbox 2577 2914 2781 2958; x_wconf 65' lang='grc' dir='ltr'><em>αξιοι-ιιο</em></span> <span class='ocrx_word' id='word_1_560' title='bbox 2833 2913 2957 2958; x_wconf 85' lang='lat' dir='ltr'><strong><em>ante</em></strong></span> <span class='ocrx_word' id='word_1_561' title='bbox 3007 2905 3192 2957; x_wconf 88' lang='lat' dir='ltr'><strong><em>omnia</em></strong></span> <span class='ocrx_word' id='word_1_562' title='bbox 3244 2904 3440 2959; x_wconf 85' lang='lat' dir='ltr'><strong><em>saecula</em></strong></span> <span class='ocrx_word' id='word_1_563' title='bbox 3470 2946 3484 2970; x_wconf 93' lang='lat'><strong><em>,</em></strong></span> <span class='ocrx_word' id='word_1_564' title='bbox 3523 2916 3579 2959; x_wconf 89' lang='lat' dir='ltr'><strong><em>et</em></strong></span> 
     </span>
    </p>
   </div>
   <div class='ocr_carea' id='block_1_74' title="bbox 1993 2993 3580 3063">
    <p class='ocr_par' dir='ltr' id='par_1_74' title="bbox 1993 2993 3580 3063">
     <span class='ocr_line' id='line_1_74' title="bbox 1993 2993 3580 3063; baseline 0.001 -15"><span class='ocrx_word' id='word_1_565' title='bbox 1993 2993 2222 3048; x_wconf 85' lang='lat' dir='ltr'><strong><em>Creator</em></strong></span> <span class='ocrx_word' id='word_1_566' title='bbox 2256 3005 2309 3046; x_wconf 80' lang='lat' dir='ltr'><strong><em>et</em></strong></span> <span class='ocrx_word' id='word_1_567' title='bbox 2343 2993 2600 3048; x_wconf 77' lang='lat' dir='ltr'><strong><em>Provisor</em></strong></span> <span class='ocrx_word' id='word_1_568' title='bbox 2629 3002 2683 3049; x_wconf 89' lang='lat' dir='ltr'><strong><em>et</em></strong></span> <span class='ocrx_word' id='word_1_569' title='bbox 2718 2994 2980 3052; x_wconf 86' lang='lat' dir='ltr'><strong><em>Dominus</em></strong></span> <span class='ocrx_word' id='word_1_570' title='bbox 3003 3003 3167 3063; x_wconf 71' lang='lat' dir='ltr'><strong><em>atque</em></strong></span> <span class='ocrx_word' id='word_1_571' title='bbox 3194 2997 3301 3050; x_wconf 76' lang='lat' dir='ltr'><strong><em>Rex</em></strong></span> <span class='ocrx_word' id='word_1_572' title='bbox 3336 2999 3424 3052; x_wconf 91' lang='lat' dir='ltr'><strong><em>sit.</em></strong></span> <span class='ocrx_word' id='word_1_573' title='bbox 3454 2995 3580 3051; x_wconf 69' lang='lat' dir='ltr'><strong><em>litec</em></strong></span> 
     </span>
    </p>
   </div>
   <div class='ocr_carea' id='block_1_75' title="bbox 1998 3085 3582 3158">
    <p class='ocr_par' dir='ltr' id='par_1_75' title="bbox 1998 3085 3582 3158">
     <span class='ocr_line' id='line_1_75' title="bbox 1998 3085 3582 3158; baseline 0.003 -19"><span class='ocrx_word' id='word_1_574' title='bbox 1998 3102 2122 3139; x_wconf 78' lang='lat' dir='ltr'><strong><em>vero</em></strong></span> <span class='ocrx_word' id='word_1_575' title='bbox 2157 3086 2233 3139; x_wconf 90' lang='lat' dir='ltr'><strong><em>illi</em></strong></span> <span class='ocrx_word' id='word_1_576' title='bbox 2269 3103 2297 3140; x_wconf 89' lang='lat' dir='ltr'><strong><em>a</em></strong></span> <span class='ocrx_word' id='word_1_577' title='bbox 2332 3085 2486 3140; x_wconf 88' lang='lat' dir='ltr'><strong><em>nobis</em></strong></span> <span class='ocrx_word' id='word_1_578' title='bbox 2513 3087 2850 3158; x_wconf 81' lang='lat' dir='ltr'><strong><em>tribuuntur,</em></strong></span> <span class='ocrx_word' id='word_1_579' title='bbox 2879 3099 3230 3158; x_wconf 85' lang='lat' dir='ltr'><strong><em>posteaquam</em></strong></span> <span class='ocrx_word' id='word_1_580' title='bbox 3263 3089 3313 3142; x_wconf 92' lang='lat' dir='ltr'><strong><em>in</em></strong></span> <span class='ocrx_word' id='word_1_581' title='bbox 3342 3100 3582 3158; x_wconf 82' lang='lat' dir='ltr'><strong><em>tempore</em></strong></span> 
     </span>
    </p>
   </div>
   <div class='ocr_carea' id='block_1_76' title="bbox 1920 3177 3576 3253">
    <p class='ocr_par' dir='ltr' id='par_1_76' title="bbox 1920 3177 3576 3253">
     <span class='ocr_line' id='line_1_76' title="bbox 1920 3177 3576 3253; baseline 0 -24"><span class='ocrx_word' id='word_1_582' title='bbox 1920 3198 1962 3253; x_wconf 69' lang='grc' dir='ltr'><strong><em>ρ</em></strong></span> <span class='ocrx_word' id='word_1_583' title='bbox 1997 3177 2197 3231; x_wconf 80' lang='lat' dir='ltr'><strong><em>cmnliti</em></strong></span> <span class='ocrx_word' id='word_1_584' title='bbox 2231 3193 2449 3242; x_wconf 81' lang='lat' dir='ltr'><strong><em>sumus;</em></strong></span> <span class='ocrx_word' id='word_1_585' title='bbox 2488 3179 2632 3242; x_wconf 90' lang='lat' dir='ltr'><strong><em>quod</em></strong></span> <span class='ocrx_word' id='word_1_586' title='bbox 2675 3187 2729 3232; x_wconf 87' lang='lat' dir='ltr'><strong><em>et</em></strong></span> <span class='ocrx_word' id='word_1_587' title='bbox 2767 3177 2852 3231; x_wconf 87' lang='lat' dir='ltr'><strong><em>illa</em></strong></span> <span class='ocrx_word' id='word_1_588' title='bbox 2884 3179 2950 3232; x_wconf 89' lang='lat' dir='ltr'><strong><em>ad</em></strong></span> <span class='ocrx_word' id='word_1_589' title='bbox 2981 3194 3079 3233; x_wconf 88' lang='lat' dir='ltr'><strong><em>nos</em></strong></span> <span class='ocrx_word' id='word_1_590' title='bbox 3121 3179 3398 3234; x_wconf 89' lang='lat' dir='ltr'><strong><em>dicantur.</em></strong></span> <span class='ocrx_word' id='word_1_591' title='bbox 3446 3181 3576 3233; x_wconf 77' lang='grc' dir='ltr'><strong><em>Ειυο</em></strong></span> 
     </span>
    </p>
   </div>
   <div class='ocr_carea' id='block_1_77' title="bbox 1997 3270 3576 3339">
    <p class='ocr_par' dir='ltr' id='par_1_77' title="bbox 1997 3270 3576 3339">
     <span class='ocr_line' id='line_1_77' title="bbox 1997 3270 3576 3339; baseline 0.003 -19"><span class='ocrx_word' id='word_1_592' title='bbox 1997 3270 2106 3321; x_wconf 87' lang='lat' dir='ltr'><strong><em>nim</em></strong></span> <span class='ocrx_word' id='word_1_593' title='bbox 2147 3281 2376 3338; x_wconf 60' lang='lat' dir='ltr'><strong><em>praterat</em></strong></span> <span class='ocrx_word' id='word_1_594' title='bbox 2430 3270 2649 3339; x_wconf 81' lang='lat' dir='ltr'><strong><em>quidem</em></strong></span> <span class='ocrx_word' id='word_1_595' title='bbox 2686 3282 2938 3325; x_wconf 85' lang='lat' dir='ltr'><strong><em>creatura</em></strong></span> <span class='ocrx_word' id='word_1_596' title='bbox 2989 3271 3040 3324; x_wconf 93' lang='lat' dir='ltr'><strong><em>in</em></strong></span> <span class='ocrx_word' id='word_1_597' title='bbox 3093 3287 3270 3326; x_wconf 84' lang='lat' dir='ltr'><strong><em>rerum</em></strong></span> <span class='ocrx_word' id='word_1_598' title='bbox 3309 3281 3534 3326; x_wconf 79' lang='lat' dir='ltr'><strong><em>auctore</em></strong></span> <span class='ocrx_word' id='word_1_599' title='bbox 3560 3313 3576 3331; x_wconf 92' lang='lat'><strong><em>.</em></strong></span> 
     </span>
    </p>
   </div>
   <div class='ocr_carea' id='block_1_78' title="bbox 1997 3360 3580 3430">
    <p class='ocr_par' dir='ltr' id='par_1_78' title="bbox 1997 3360 3580 3430">
     <span class='ocr_line' id='line_1_78' title="bbox 1997 3360 3580 3430; baseline 0.001 -17"><span class='ocrx_word' id='word_1_600' title='bbox 1997 3360 2088 3413; x_wconf 84' lang='lat' dir='ltr'><strong><em>sed</em></strong></span> <span class='ocrx_word' id='word_1_601' title='bbox 2124 3377 2223 3412; x_wconf 76' lang='lat' dir='ltr'><strong><em>non</em></strong></span> <span class='ocrx_word' id='word_1_602' title='bbox 2259 3369 2317 3412; x_wconf 92' lang='lat' dir='ltr'><strong><em>ut</em></strong></span> <span class='ocrx_word' id='word_1_603' title='bbox 2365 3372 2613 3414; x_wconf 83' lang='lat' dir='ltr'><strong><em>creatura</em></strong></span> <span class='ocrx_word' id='word_1_604' title='bbox 2646 3372 2813 3430; x_wconf 83' lang='lat' dir='ltr'><strong><em>atque</em></strong></span> <span class='ocrx_word' id='word_1_605' title='bbox 2852 3361 3018 3414; x_wconf 79' lang='lat' dir='ltr'><strong><em>tactio</em></strong></span> <span class='ocrx_word' id='word_1_606' title='bbox 3054 3376 3148 3416; x_wconf 89' lang='lat' dir='ltr'><strong><em>seu</em></strong></span> <span class='ocrx_word' id='word_1_607' title='bbox 3191 3377 3351 3430; x_wconf 80' lang='lat' dir='ltr'><strong><em>opus,</em></strong></span> <span class='ocrx_word' id='word_1_608' title='bbox 3385 3369 3479 3416; x_wconf 80' lang='lat' dir='ltr'><strong><em>seu</em></strong></span> <span class='ocrx_word' id='word_1_609' title='bbox 3521 3375 3580 3414; x_wconf 80' lang='lat' dir='ltr'><strong><em>ut</em></strong></span> 
     </span>
    </p>
   </div>
   <div class='ocr_carea' id='block_1_79' title="bbox 2000 3450 3573 3516">
    <p class='ocr_par' dir='ltr' id='par_1_79' title="bbox 2000 3450 3573 3516">
     <span class='ocr_line' id='line_1_79' title="bbox 2000 3450 3573 3516; baseline 0.001 -14"><span class='ocrx_word' id='word_1_610' title='bbox 2000 3451 2134 3503; x_wconf 83' lang='lat' dir='ltr'><strong><em>ratio</em></strong></span> <span class='ocrx_word' id='word_1_611' title='bbox 2165 3467 2226 3504; x_wconf 89' lang='lat' dir='ltr'><strong><em>ac</em></strong></span> <span class='ocrx_word' id='word_1_612' title='bbox 2263 3450 2561 3516; x_wconf 75' lang='lat' dir='ltr'><strong><em>exemplar.</em></strong></span> <span class='ocrx_word' id='word_1_613' title='bbox 2591 3451 2800 3504; x_wconf 81' lang='lat' dir='ltr'><strong><em>Idcirco</em></strong></span> <span class='ocrx_word' id='word_1_614' title='bbox 2851 3461 2971 3504; x_wconf 85' lang='lat' dir='ltr'><strong><em>erat</em></strong></span> <span class='ocrx_word' id='word_1_615' title='bbox 3022 3451 3161 3504; x_wconf 91' lang='lat' dir='ltr'><strong><em>Deus</em></strong></span> <span class='ocrx_word' id='word_1_616' title='bbox 3213 3462 3340 3504; x_wconf 88' lang='lat' dir='ltr'><strong><em>ante</em></strong></span> <span class='ocrx_word' id='word_1_617' title='bbox 3383 3453 3573 3504; x_wconf 82' lang='lat' dir='ltr'><strong><em>omnia</em></strong></span> 
     </span>
    </p>
   </div>
   <div class='ocr_carea' id='block_1_80' title="bbox 1997 3539 3577 3610">
    <p class='ocr_par' dir='ltr' id='par_1_80' title="bbox 1997 3539 3577 3610">
     <span class='ocr_line' id='line_1_80' title="bbox 1997 3539 3577 3610; baseline -0.001 -18"><span class='ocrx_word' id='word_1_618' title='bbox 1997 3539 2192 3592; x_wconf 62' lang='lat' dir='ltr'><strong><em>sweula</em></strong></span> <span class='ocrx_word' id='word_1_619' title='bbox 2229 3554 2408 3592; x_wconf 86' lang='lat' dir='ltr'><strong><em>rerum</em></strong></span> <span class='ocrx_word' id='word_1_620' title='bbox 2435 3539 2614 3606; x_wconf 80' lang='lat' dir='ltr'><strong><em>opifex</em></strong></span> <span class='ocrx_word' id='word_1_621' title='bbox 2642 3555 2705 3592; x_wconf 87' lang='lat' dir='ltr'><strong><em>ac</em></strong></span> <span class='ocrx_word' id='word_1_622' title='bbox 2737 3541 3005 3601; x_wconf 81' lang='lat' dir='ltr'><strong><em>conditor,</em></strong></span> <span class='ocrx_word' id='word_1_623' title='bbox 3037 3540 3180 3593; x_wconf 87' lang='lat' dir='ltr'><strong><em>nulla</em></strong></span> <span class='ocrx_word' id='word_1_624' title='bbox 3222 3551 3402 3594; x_wconf 85' lang='lat' dir='ltr'><strong><em>tamen</em></strong></span> <span class='ocrx_word' id='word_1_625' title='bbox 3436 3544 3577 3610; x_wconf 72' lang='lat' dir='ltr'><strong><em>rela-</em></strong></span> 
     </span>
    </p>
   </div>
   <div class='ocr_carea' id='block_1_81' title="bbox 2001 3629 3581 3697">
    <p class='ocr_par' dir='ltr' id='par_1_81' title="bbox 2001 3629 3581 3697">
     <span class='ocr_line' id='line_1_81' title="bbox 2001 3629 3581 3697; baseline 0.001 -14"><span class='ocrx_word' id='word_1_626' title='bbox 2001 3630 2146 3684; x_wconf 82' lang='lat' dir='ltr'><strong><em>tione</em></strong></span> <span class='ocrx_word' id='word_1_627' title='bbox 2178 3646 2240 3684; x_wconf 89' lang='lat' dir='ltr'><strong><em>ac</em></strong></span> <span class='ocrx_word' id='word_1_628' title='bbox 2267 3629 2511 3684; x_wconf 83' lang='lat' dir='ltr'><strong><em>absolute</em></strong></span> <span class='ocrx_word' id='word_1_629' title='bbox 2540 3646 2554 3682; x_wconf 91' lang='lat'><strong>:</strong></span> <span class='ocrx_word' id='word_1_630' title='bbox 2593 3646 2751 3697; x_wconf 88' lang='lat' dir='ltr'><strong><em>quam</em></strong></span> <span class='ocrx_word' id='word_1_631' title='bbox 2795 3645 2922 3682; x_wconf 65' lang='lat' dir='ltr'><strong><em>vero</em></strong></span> <span class='ocrx_word' id='word_1_632' title='bbox 2955 3631 3019 3681; x_wconf 89' lang='lat' dir='ltr'><strong><em>ad</em></strong></span> <span class='ocrx_word' id='word_1_633' title='bbox 3053 3639 3233 3683; x_wconf 87' lang='lat' dir='ltr'><strong><em>creata</em></strong></span> <span class='ocrx_word' id='word_1_634' title='bbox 3261 3630 3581 3686; x_wconf 71' lang='lat' dir='ltr'><strong><em>relationem</em></strong></span> 
     </span>
    </p>
   </div>
   <div class='ocr_carea' id='block_1_82' title="bbox 2001 3721 3580 3786">
    <p class='ocr_par' dir='ltr' id='par_1_82' title="bbox 2001 3721 3580 3786">
     <span class='ocr_line' id='line_1_82' title="bbox 2001 3721 3580 3786; baseline 0 -13"><span class='ocrx_word' id='word_1_635' title='bbox 2001 3721 2202 3783; x_wconf 86' lang='lat' dir='ltr'><strong><em>habet,</em></strong></span> <span class='ocrx_word' id='word_1_636' title='bbox 2242 3736 2363 3775; x_wconf 88' lang='lat' dir='ltr'><strong><em>cum</em></strong></span> <span class='ocrx_word' id='word_1_637' title='bbox 2418 3723 2482 3773; x_wconf 90' lang='lat' dir='ltr'><strong><em>ad</em></strong></span> <span class='ocrx_word' id='word_1_638' title='bbox 2524 3721 2816 3772; x_wconf 78' lang='lat' dir='ltr'><strong><em>terminum</em></strong></span> <span class='ocrx_word' id='word_1_639' title='bbox 2877 3731 3288 3786; x_wconf 87' lang='lat' dir='ltr'><strong><em>temporaneum</em></strong></span> <span class='ocrx_word' id='word_1_640' title='bbox 3338 3723 3580 3784; x_wconf 81' lang='lat' dir='ltr'><strong><em>dicatur,</em></strong></span> 
     </span>
    </p>
   </div>
   <div class='ocr_carea' id='block_1_83' title="bbox 1999 3809 3582 3882">
    <p class='ocr_par' dir='ltr' id='par_1_83' title="bbox 1999 3809 3582 3882">
     <span class='ocr_line' id='line_1_83' title="bbox 1999 3809 3582 3882; baseline 0.001 -18"><span class='ocrx_word' id='word_1_641' title='bbox 1999 3823 2217 3882; x_wconf 85' lang='lat' dir='ltr'><strong><em>propter</em></strong></span> <span class='ocrx_word' id='word_1_642' title='bbox 2251 3811 2336 3865; x_wconf 87' lang='lat' dir='ltr'><strong><em>illa</em></strong></span> <span class='ocrx_word' id='word_1_643' title='bbox 2367 3822 2450 3864; x_wconf 82' lang='lat' dir='ltr'><strong><em>est</em></strong></span> <span class='ocrx_word' id='word_1_644' title='bbox 2485 3827 2545 3865; x_wconf 88' lang='lat' dir='ltr'><strong><em>ac</em></strong></span> <span class='ocrx_word' id='word_1_645' title='bbox 2579 3813 2940 3876; x_wconf 77' lang='lat' dir='ltr'><strong><em>nuncupatur.</em></strong></span> <span class='ocrx_word' id='word_1_646' title='bbox 2970 3809 3064 3864; x_wconf 84' lang='lat' dir='ltr'><strong><em>Siti</em></strong></span> <span class='ocrx_word' id='word_1_647' title='bbox 3100 3820 3280 3864; x_wconf 89' lang='lat' dir='ltr'><strong><em>autem</em></strong></span> <span class='ocrx_word' id='word_1_648' title='bbox 3314 3813 3435 3879; x_wconf 88' lang='lat' dir='ltr'><strong><em>quis</em></strong></span> <span class='ocrx_word' id='word_1_649' title='bbox 3463 3829 3582 3864; x_wconf 76' lang='lat' dir='ltr'><strong><em>eam</em></strong></span> 
     </span>
    </p>
   </div>
   <div class='ocr_carea' id='block_1_84' title="bbox 2001 3901 3584 3968">
    <p class='ocr_par' dir='ltr' id='par_1_84' title="bbox 2001 3901 3584 3968">
     <span class='ocr_line' id='line_1_84' title="bbox 2001 3901 3584 3968; baseline -0.001 -12"><span class='ocrx_word' id='word_1_650' title='bbox 2001 3904 2052 3956; x_wconf 88' lang='lat' dir='ltr'><strong><em>in</em></strong></span> <span class='ocrx_word' id='word_1_651' title='bbox 2087 3903 2192 3958; x_wconf 87' lang='lat' dir='ltr'><strong><em>Deo</em></strong></span> <span class='ocrx_word' id='word_1_652' title='bbox 2223 3903 2290 3955; x_wconf 87' lang='lat' dir='ltr'><strong><em>ab</em></strong></span> <span class='ocrx_word' id='word_1_653' title='bbox 2308 3913 2514 3955; x_wconf 83' lang='lat' dir='ltr'><strong><em>aeterno</em></strong></span> <span class='ocrx_word' id='word_1_654' title='bbox 2549 3901 2843 3968; x_wconf 76' lang='lat' dir='ltr'><strong><em>putaverit,</em></strong></span> <span class='ocrx_word' id='word_1_655' title='bbox 2871 3901 3178 3954; x_wconf 86' lang='lat' dir='ltr'><strong><em>necessario</em></strong></span> <span class='ocrx_word' id='word_1_656' title='bbox 3205 3902 3366 3955; x_wconf 85' lang='lat' dir='ltr'><strong><em>etiam</em></strong></span> <span class='ocrx_word' id='word_1_657' title='bbox 3400 3915 3584 3956; x_wconf 73' lang='lat' dir='ltr'><strong><em>eri-aia</em></strong></span> 
     </span>
    </p>
   </div>
   <div class='ocr_carea' id='block_1_85' title="bbox 2005 3991 3581 4063">
    <p class='ocr_par' dir='ltr' id='par_1_85' title="bbox 2005 3991 3581 4063">
     <span class='ocr_line' id='line_1_85' title="bbox 2005 3991 3581 4063; baseline -0.003 -14"><span class='ocrx_word' id='word_1_658' title='bbox 2005 3997 2110 4049; x_wconf 86' lang='lat' dir='ltr'><strong><em>Deo</em></strong></span> <span class='ocrx_word' id='word_1_659' title='bbox 2143 4005 2410 4048; x_wconf 68' lang='lat' dir='ltr'><strong><em>comterua</em></strong></span> <span class='ocrx_word' id='word_1_660' title='bbox 2447 3994 2616 4048; x_wconf 83' lang='lat' dir='ltr'><strong><em>dabit.</em></strong></span> <span class='ocrx_word' id='word_1_661' title='bbox 2654 3991 2795 4047; x_wconf 79' lang='lat' dir='ltr'><strong><em>Deus</em></strong></span> <span class='ocrx_word' id='word_1_662' title='bbox 2823 3997 3006 4063; x_wconf 85' lang='lat' dir='ltr'><strong><em>itaque</em></strong></span> <span class='ocrx_word' id='word_1_663' title='bbox 3031 4009 3156 4046; x_wconf 90' lang='lat' dir='ltr'><strong><em>cum</em></strong></span> <span class='ocrx_word' id='word_1_664' title='bbox 3188 3993 3462 4062; x_wconf 83' lang='lat' dir='ltr'><strong><em>perfectus</em></strong></span> <span class='ocrx_word' id='word_1_665' title='bbox 3487 3996 3581 4055; x_wconf 69' lang='lat' dir='ltr'><strong><em>sit,</em></strong></span> 
     </span>
    </p>
   </div>
   <div class='ocr_carea' id='block_1_86' title="bbox 2003 4085 3586 4155">
    <p class='ocr_par' dir='ltr' id='par_1_86' title="bbox 2003 4085 3586 4155">
     <span class='ocr_line' id='line_1_86' title="bbox 2003 4085 3586 4155; baseline -0.003 -12"><span class='ocrx_word' id='word_1_666' title='bbox 2003 4098 2057 4143; x_wconf 85' lang='lat' dir='ltr'><strong><em>et</em></strong></span> <span class='ocrx_word' id='word_1_667' title='bbox 2093 4087 2162 4142; x_wconf 87' lang='lat' dir='ltr'><strong><em>ab</em></strong></span> <span class='ocrx_word' id='word_1_668' title='bbox 2189 4096 2391 4142; x_wconf 66' lang='lat' dir='ltr'><strong><em>aeterno</em></strong></span> <span class='ocrx_word' id='word_1_669' title='bbox 2419 4085 2689 4142; x_wconf 86' lang='lat' dir='ltr'><strong><em>condendi</em></strong></span> <span class='ocrx_word' id='word_1_670' title='bbox 2735 4087 2937 4153; x_wconf 83' lang='lat' dir='ltr'><strong><em>pariter</em></strong></span> <span class='ocrx_word' id='word_1_671' title='bbox 2982 4100 3045 4140; x_wconf 89' lang='lat' dir='ltr'><strong><em>ac</em></strong></span> <span class='ocrx_word' id='word_1_672' title='bbox 3076 4086 3393 4155; x_wconf 87' lang='lat' dir='ltr'><strong><em>providendi</em></strong></span> <span class='ocrx_word' id='word_1_673' title='bbox 3429 4097 3586 4155; x_wconf 83' lang='lat' dir='ltr'><strong><em>pote-</em></strong></span> 
     </span>
    </p>
   </div>
   <div class='ocr_carea' id='block_1_87' title="bbox 2003 4177 3586 4247">
    <p class='ocr_par' dir='ltr' id='par_1_87' title="bbox 2003 4177 3586 4247">
     <span class='ocr_line' id='line_1_87' title="bbox 2003 4177 3586 4247; baseline -0.005 -13"><span class='ocrx_word' id='word_1_674' title='bbox 2003 4187 2142 4234; x_wconf 89' lang='lat' dir='ltr'><strong><em>state</em></strong></span> <span class='ocrx_word' id='word_1_675' title='bbox 2185 4177 2371 4236; x_wconf 79' lang='lat' dir='ltr'><strong><em>fultus.</em></strong></span> <span class='ocrx_word' id='word_1_676' title='bbox 2413 4190 2597 4247; x_wconf 84' lang='lat' dir='ltr'><strong><em>postea</em></strong></span> <span class='ocrx_word' id='word_1_677' title='bbox 2644 4177 2809 4231; x_wconf 80' lang='lat' dir='ltr'><strong><em>etiam</em></strong></span> <span class='ocrx_word' id='word_1_678' title='bbox 2845 4177 3092 4232; x_wconf 87' lang='lat' dir='ltr'><strong><em>conditor</em></strong></span> <span class='ocrx_word' id='word_1_679' title='bbox 3122 4185 3284 4244; x_wconf 89' lang='lat' dir='ltr'><strong><em>atque</em></strong></span> <span class='ocrx_word' id='word_1_680' title='bbox 3314 4178 3586 4245; x_wconf 76' lang='lat' dir='ltr'><strong><em>provism,</em></strong></span> 
     </span>
    </p>
   </div>
   <div class='ocr_carea' id='block_1_88' title="bbox 2003 4266 3587 4338">
    <p class='ocr_par' dir='ltr' id='par_1_88' title="bbox 2003 4266 3587 4338">
     <span class='ocr_line' id='line_1_88' title="bbox 2003 4266 3587 4338; baseline -0.003 -16"><span class='ocrx_word' id='word_1_681' title='bbox 2003 4269 2168 4324; x_wconf 80' lang='lat' dir='ltr'><strong><em>rebus</em></strong></span> <span class='ocrx_word' id='word_1_682' title='bbox 2203 4268 2438 4324; x_wconf 81' lang='lat' dir='ltr'><strong><em>conditis</em></strong></span> <span class='ocrx_word' id='word_1_683' title='bbox 2463 4285 2491 4322; x_wconf 92' lang='lat' dir='ltr'><strong><em>a</em></strong></span> <span class='ocrx_word' id='word_1_684' title='bbox 2525 4269 2678 4323; x_wconf 86' lang='lat' dir='ltr'><strong><em>nobis</em></strong></span> <span class='ocrx_word' id='word_1_685' title='bbox 2712 4267 3016 4338; x_wconf 83' lang='lat' dir='ltr'><strong><em>appellatus</em></strong></span> <span class='ocrx_word' id='word_1_686' title='bbox 3056 4276 3162 4332; x_wconf 90' lang='lat' dir='ltr'><strong><em>est,</em></strong></span> <span class='ocrx_word' id='word_1_687' title='bbox 3198 4266 3346 4336; x_wconf 91' lang='lat' dir='ltr'><strong><em>quod</em></strong></span> <span class='ocrx_word' id='word_1_688' title='bbox 3391 4268 3587 4321; x_wconf 87' lang='lat' dir='ltr'><strong><em>relatio</em></strong></span> 
     </span>
    </p>
   </div>
   <div class='ocr_carea' id='block_1_89' title="bbox 2005 4357 3586 4424">
    <p class='ocr_par' dir='ltr' id='par_1_89' title="bbox 2005 4357 3586 4424">
     <span class='ocr_line' id='line_1_89' title="bbox 2005 4357 3586 4424; baseline -0.003 -13"><span class='ocrx_word' id='word_1_689' title='bbox 2005 4360 2119 4414; x_wconf 68' lang='lat' dir='ltr'><strong><em>haec</em></strong></span> <span class='ocrx_word' id='word_1_690' title='bbox 2146 4359 2211 4412; x_wconf 87' lang='lat' dir='ltr'><strong><em>ad</em></strong></span> <span class='ocrx_word' id='word_1_691' title='bbox 2245 4374 2338 4414; x_wconf 88' lang='lat' dir='ltr'><strong><em>eas</em></strong></span> <span class='ocrx_word' id='word_1_692' title='bbox 2387 4362 2638 4413; x_wconf 81' lang='lat' dir='ltr'><strong><em>attineat.</em></strong></span> <span class='ocrx_word' id='word_1_693' title='bbox 2672 4357 2808 4414; x_wconf 89' lang='lat' dir='ltr'><strong><em>Cum</em></strong></span> <span class='ocrx_word' id='word_1_694' title='bbox 2845 4359 2988 4412; x_wconf 88' lang='lat' dir='ltr'><strong><em>enim</em></strong></span> <span class='ocrx_word' id='word_1_695' title='bbox 3027 4366 3208 4412; x_wconf 89' lang='lat' dir='ltr'><strong><em>creata</em></strong></span> <span class='ocrx_word' id='word_1_696' title='bbox 3243 4373 3346 4412; x_wconf 91' lang='lat' dir='ltr'><strong><em>non</em></strong></span> <span class='ocrx_word' id='word_1_697' title='bbox 3383 4372 3586 4424; x_wconf 71' lang='lat' dir='ltr'><strong><em>essem,</em></strong></span> 
     </span>
    </p>
   </div>
   <div class='ocr_carea' id='block_1_90' title="bbox 2006 4450 3584 4518">
    <p class='ocr_par' dir='ltr' id='par_1_90' title="bbox 2006 4450 3584 4518">
     <span class='ocr_line' id='line_1_90' title="bbox 2006 4450 3584 4518; baseline -0.001 -16"><span class='ocrx_word' id='word_1_698' title='bbox 2006 4450 2172 4518; x_wconf 65' lang='lat' dir='ltr'><strong><em>liquot</em></strong></span> <span class='ocrx_word' id='word_1_699' title='bbox 2198 4457 2338 4518; x_wconf 83' lang='lat' dir='ltr'><strong><em>quod</em></strong></span> <span class='ocrx_word' id='word_1_700' title='bbox 2377 4467 2475 4504; x_wconf 89' lang='lat' dir='ltr'><strong><em>nec</em></strong></span> <span class='ocrx_word' id='word_1_701' title='bbox 2508 4466 2694 4504; x_wconf 86' lang='lat' dir='ltr'><strong><em>eorum</em></strong></span> <span class='ocrx_word' id='word_1_702' title='bbox 2727 4450 2931 4504; x_wconf 88' lang='lat' dir='ltr'><strong><em>crcatio</em></strong></span> <span class='ocrx_word' id='word_1_703' title='bbox 2968 4450 3270 4513; x_wconf 80' lang='lat' dir='ltr'><strong><em>dicebatur,</em></strong></span> <span class='ocrx_word' id='word_1_704' title='bbox 3310 4464 3411 4504; x_wconf 89' lang='lat' dir='ltr'><strong><em>nec</em></strong></span> <span class='ocrx_word' id='word_1_705' title='bbox 3449 4465 3584 4504; x_wconf 86' lang='lat' dir='ltr'><strong><em>con-</em></strong></span> 
     </span>
    </p>
   </div>
   <div class='ocr_carea' id='block_1_91' title="bbox 332 4529 1892 4612">
    <p class='ocr_par' dir='ltr' id='par_1_91' title="bbox 332 4529 1892 4604">
     <span class='ocr_line' id='line_1_91' title="bbox 332 4529 1892 4604; baseline -0.011 -19"><span class='ocrx_word' id='word_1_706' title='bbox 332 4534 436 4604; x_wconf 82' lang='grc' dir='ltr'><em>μὴν</em></span> <span class='ocrx_word' id='word_1_707' title='bbox 467 4533 798 4601; x_wconf 84' lang='grc' dir='ltr'><em>συντήρησις</em></span> <span class='ocrx_word' id='word_1_708' title='bbox 829 4532 1030 4584; x_wconf 81' lang='grc' dir='ltr'><strong><em>αὐτῶν.</em></strong></span> <span class='ocrx_word' id='word_1_709' title='bbox 1068 4532 1177 4584; x_wconf 73' lang='grc' dir='ltr'>Καὶ</span> <span class='ocrx_word' id='word_1_710' title='bbox 1217 4532 1327 4600; x_wconf 79' lang='grc' dir='ltr'><em>γάρ</em></span> <span class='ocrx_word' id='word_1_711' title='bbox 1358 4546 1524 4598; x_wconf 75' lang='grc' dir='ltr'><em>φησιν</em></span> <span class='ocrx_word' id='word_1_712' title='bbox 1561 4533 1590 4583; x_wconf 77' lang='grc' dir='ltr'>ὁ</span> <span class='ocrx_word' id='word_1_713' title='bbox 1618 4530 1728 4583; x_wconf 79' lang='grc' dir='ltr'><strong><em>τῶν</em></strong></span> <span class='ocrx_word' id='word_1_714' title='bbox 1751 4529 1892 4598; x_wconf 78' lang='grc' dir='ltr'><strong><em>Γρα-</em></strong></span> 
     </span>
    </p>
   </div>
   <div class='ocr_carea' id='block_1_92' title="bbox 1995 4529 3582 4612">
    <p class='ocr_par' dir='ltr' id='par_1_92' title="bbox 2001 4541 3582 4612">
     <span class='ocr_line' id='line_1_92' title="bbox 2001 4541 3582 4612; baseline -0.001 -17"><span class='ocrx_word' id='word_1_715' title='bbox 2001 4543 2256 4596; x_wconf 84' lang='lat' dir='ltr'><strong><em>servatio.</em></strong></span> <span class='ocrx_word' id='word_1_716' title='bbox 2286 4543 2371 4594; x_wconf 83' lang='lat' dir='ltr'><strong><em>Ait</em></strong></span> <span class='ocrx_word' id='word_1_717' title='bbox 2406 4544 2548 4597; x_wconf 90' lang='lat' dir='ltr'><strong><em>enim</em></strong></span> <span class='ocrx_word' id='word_1_718' title='bbox 2583 4544 2668 4596; x_wconf 90' lang='lat' dir='ltr'><strong><em>cui</em></strong></span> <span class='ocrx_word' id='word_1_719' title='bbox 2704 4557 2826 4596; x_wconf 90' lang='lat' dir='ltr'><strong><em>eum</em></strong></span> <span class='ocrx_word' id='word_1_720' title='bbox 2856 4541 3024 4596; x_wconf 81' lang='lat' dir='ltr'><strong><em>fratre</em></strong></span> <span class='ocrx_word' id='word_1_721' title='bbox 3046 4542 3343 4612; x_wconf 80' lang='lat' dir='ltr'><strong><em>inscriptus</em></strong></span> <span class='ocrx_word' id='word_1_722' title='bbox 3381 4541 3582 4596; x_wconf 84' lang='lat' dir='ltr'><strong><em>lambis</em></strong></span> 
     </span>
    </p>
   </div>
   <div class='ocr_carea' id='block_1_93' title="bbox 332 4621 1901 4691">
    <p class='ocr_par' dir='ltr' id='par_1_93' title="bbox 332 4621 1901 4691">
     <span class='ocr_line' id='line_1_93' title="bbox 332 4621 1901 4691; baseline 0 -16"><span class='ocrx_word' id='word_1_723' title='bbox 332 4623 477 4676; x_wconf 80' lang='grc' dir='ltr'><strong><em>πτῶν</em></strong></span> <span class='ocrx_word' id='word_1_724' title='bbox 509 4621 787 4690; x_wconf 77' lang='grc' dir='ltr'><em>Θεόδωρος</em></span> <span class='ocrx_word' id='word_1_725' title='bbox 823 4621 960 4691; x_wconf 85' lang='lat' dir='ltr'><strong><em>(l8),</em></strong></span> <span class='ocrx_word' id='word_1_726' title='bbox 995 4622 1185 4675; x_wconf 84' lang='grc' dir='ltr'><em>Τίνων</em></span> <span class='ocrx_word' id='word_1_727' title='bbox 1227 4625 1341 4689; x_wconf 77' lang='grc' dir='ltr'><em>γὰρ</em></span> <span class='ocrx_word' id='word_1_728' title='bbox 1379 4622 1472 4688; x_wconf 84' lang='grc' dir='ltr'><em>εἴη</em></span> <span class='ocrx_word' id='word_1_729' title='bbox 1511 4623 1782 4690; x_wconf 82' lang='grc' dir='ltr'><em>πρόνοια,</em></span> <span class='ocrx_word' id='word_1_730' title='bbox 1814 4621 1901 4688; x_wconf 83' lang='grc' dir='ltr'><em>μὴ</em></span> 
     </span>
    </p>
   </div>
   <div class='ocr_carea' id='block_1_94' title="bbox 333 4701 1901 4782">
    <p class='ocr_par' dir='ltr' id='par_1_94' title="bbox 333 4701 1901 4782">
     <span class='ocr_line' id='line_1_94' title="bbox 333 4701 1901 4782; baseline -0.001 -15"><span class='ocrx_word' id='word_1_731' title='bbox 333 4716 505 4780; x_wconf 80' lang='grc' dir='ltr'><em>ὄντος</em></span> <span class='ocrx_word' id='word_1_732' title='bbox 545 4712 653 4767; x_wconf 88' lang='grc' dir='ltr'><em>τοῦ</em></span> <span class='ocrx_word' id='word_1_733' title='bbox 695 4701 1072 4781; x_wconf 50' lang='grc' dir='ltr'><em>σωζοζιιένοω</em></span> <span class='ocrx_word' id='word_1_734' title='bbox 1132 4712 1257 4768; x_wconf 84' lang='grc' dir='ltr'><strong><em>Τῶν</em></strong></span> <span class='ocrx_word' id='word_1_735' title='bbox 1309 4711 1418 4782; x_wconf 75' lang='grc' dir='ltr'><em>γὰρ</em></span> <span class='ocrx_word' id='word_1_736' title='bbox 1463 4713 1532 4766; x_wconf 85' lang='grc' dir='ltr'><em>ὲν</em></span> <span class='ocrx_word' id='word_1_737' title='bbox 1580 4712 1817 4776; x_wconf 72' lang='grc' dir='ltr'><em>ἑκάστῳ</em></span> <span class='ocrx_word' id='word_1_738' title='bbox 1862 4713 1901 4780; x_wconf 79' lang='grc' dir='ltr'><strong><em>ή</em></strong></span> 
     </span>
    </p>
   </div>
   <div class='ocr_carea' id='block_1_95' title="bbox 332 4803 1902 4875">
    <p class='ocr_par' dir='ltr' id='par_1_95' title="bbox 332 4803 1902 4875">
     <span class='ocr_line' id='line_1_95' title="bbox 332 4803 1902 4875; baseline -0.002 -17"><span class='ocrx_word' id='word_1_739' title='bbox 332 4809 599 4875; x_wconf 77' lang='grc' dir='ltr'><em>πρόνοια.</em></span> <span class='ocrx_word' id='word_1_740' title='bbox 647 4805 705 4858; x_wconf 86' lang='lat'><strong><em>&#39;0</em></strong></span> <span class='ocrx_word' id='word_1_741' title='bbox 729 4805 786 4858; x_wconf 85' lang='grc' dir='ltr'><em>δὲ</em></span> <span class='ocrx_word' id='word_1_742' title='bbox 819 4805 963 4867; x_wconf 84' lang='grc' dir='ltr'><em>θεῖος</em></span> <span class='ocrx_word' id='word_1_743' title='bbox 1002 4805 1301 4875; x_wconf 84' lang='grc' dir='ltr'><em>Γρηγόριος</em></span> <span class='ocrx_word' id='word_1_744' title='bbox 1329 4806 1357 4856; x_wconf 90' lang='lat'><strong><em>6</em></strong></span> <span class='ocrx_word' id='word_1_745' title='bbox 1394 4804 1637 4873; x_wconf 84' lang='grc' dir='ltr'><em>Νύσσης,</em></span> <span class='ocrx_word' id='word_1_746' title='bbox 1670 4803 1902 4870; x_wconf 80' lang='grc' dir='ltr'><em>Ὠσπερ</em></span> 
     </span>
    </p>
   </div>
   <div class='ocr_carea' id='block_1_96' title="bbox 334 4891 1904 4969">
    <p class='ocr_par' dir='ltr' id='par_1_96' title="bbox 334 4891 1904 4969">
     <span class='ocr_line' id='line_1_96' title="bbox 334 4891 1904 4969; baseline -0.003 -19"><span class='ocrx_word' id='word_1_747' title='bbox 334 4895 443 4952; x_wconf 87' lang='grc' dir='ltr'><em>οὖν</em></span> <span class='ocrx_word' id='word_1_748' title='bbox 473 4896 584 4951; x_wconf 73' lang='grc' dir='ltr'><em>οὐκ</em></span> <span class='ocrx_word' id='word_1_749' title='bbox 615 4894 692 4948; x_wconf 85' lang='grc' dir='ltr'><em>ἂν</em></span> <span class='ocrx_word' id='word_1_750' title='bbox 724 4896 923 4961; x_wconf 76' lang='grc' dir='ltr'><em>ἰατρὸς</em></span> <span class='ocrx_word' id='word_1_751' title='bbox 945 4891 1045 4966; x_wconf 80' lang='grc' dir='ltr'><em>ἦν,</em></span> <span class='ocrx_word' id='word_1_752' title='bbox 1077 4895 1263 4964; x_wconf 79' lang='grc' dir='ltr'><em>φησὶν,</em></span> <span class='ocrx_word' id='word_1_753' title='bbox 1294 4896 1346 4947; x_wconf 79' lang='lat' dir='ltr'><strong><em>el</em></strong></span> <span class='ocrx_word' id='word_1_754' title='bbox 1379 4893 1466 4963; x_wconf 76' lang='grc' dir='ltr'><em>μὴ</em></span> <span class='ocrx_word' id='word_1_755' title='bbox 1507 4893 1625 4946; x_wconf 85' lang='grc' dir='ltr'><em>τῶν</em></span> <span class='ocrx_word' id='word_1_756' title='bbox 1643 4895 1904 4969; x_wconf 84' lang='grc' dir='ltr'><em>νοσούν-</em></span> 
     </span>
    </p>
   </div>
   <div class='ocr_carea' id='block_1_97' title="bbox 335 4985 1901 5058">
    <p class='ocr_par' dir='ltr' id='par_1_97' title="bbox 335 4985 1901 5058">
     <span class='ocr_line' id='line_1_97' title="bbox 335 4985 1901 5058; baseline -0.003 -16"><span class='ocrx_word' id='word_1_757' title='bbox 335 5007 449 5043; x_wconf 87' lang='grc' dir='ltr'><strong><em>των</em></strong></span> <span class='ocrx_word' id='word_1_758' title='bbox 479 4989 658 5058; x_wconf 80' lang='grc' dir='ltr'><em>χάριν</em></span> <span class='ocrx_word' id='word_1_759' title='bbox 680 5006 693 5019; x_wconf 90' lang='grc'><strong>·</strong></span> <span class='ocrx_word' id='word_1_760' title='bbox 736 4987 864 5041; x_wconf 85' lang='grc' dir='ltr'><em>οὐδ’</em></span> <span class='ocrx_word' id='word_1_761' title='bbox 893 4989 970 5041; x_wconf 84' lang='grc' dir='ltr'><em>ἂν</em></span> <span class='ocrx_word' id='word_1_762' title='bbox 1014 4987 1284 5055; x_wconf 74' lang='grc' dir='ltr'><em>ἐλεήμων</em></span> <span class='ocrx_word' id='word_1_763' title='bbox 1316 4985 1416 5039; x_wconf 81' lang='grc' dir='ltr'><strong><em>καὶ</em></strong></span> <span class='ocrx_word' id='word_1_764' title='bbox 1452 4987 1769 5054; x_wconf 74' lang='grc' dir='ltr'><em>οἰκτίρμων</em></span> <span class='ocrx_word' id='word_1_765' title='bbox 1801 4985 1901 5038; x_wconf 77' lang='grc' dir='ltr'><strong><em>καὶ</em></strong></span> 
     </span>
    </p>
   </div>
   <div class='ocr_carea' id='block_1_98' title="bbox 337 5075 1905 5148">
    <p class='ocr_par' dir='ltr' id='par_1_98' title="bbox 337 5075 1905 5148">
     <span class='ocr_line' id='line_1_98' title="bbox 337 5075 1905 5148; baseline -0.003 -13"><span class='ocrx_word' id='word_1_766' title='bbox 337 5085 401 5136; x_wconf 68' lang='grc' dir='ltr'><em>τὰ</em></span> <span class='ocrx_word' id='word_1_767' title='bbox 418 5083 659 5137; x_wconf 85' lang='grc' dir='ltr'><em>τοιαῦτα</em></span> <span class='ocrx_word' id='word_1_768' title='bbox 689 5077 1132 5148; x_wconf 79' lang='grc' dir='ltr'><em>κατωνομάζετο</em></span> <span class='ocrx_word' id='word_1_769' title='bbox 1153 5080 1204 5132; x_wconf 83' lang='grc' dir='ltr'><strong><em>ει</em></strong></span> <span class='ocrx_word' id='word_1_770' title='bbox 1225 5077 1315 5146; x_wconf 72' lang='grc' dir='ltr'><em>μὴ</em></span> <span class='ocrx_word' id='word_1_771' title='bbox 1342 5075 1440 5131; x_wconf 82' lang='grc' dir='ltr'><em>διὰ</em></span> <span class='ocrx_word' id='word_1_772' title='bbox 1470 5078 1576 5130; x_wconf 89' lang='grc' dir='ltr'><em>τὸν</em></span> <span class='ocrx_word' id='word_1_773' title='bbox 1601 5076 1905 5145; x_wconf 77' lang='grc' dir='ltr'><em>οἰκτιρμοῦ</em></span> 
     </span>
    </p>
   </div>
   <div class='ocr_carea' id='block_1_99' title="bbox 336 5167 1907 5240">
    <p class='ocr_par' dir='ltr' id='par_1_99' title="bbox 336 5167 1907 5240">
     <span class='ocr_line' id='line_1_99' title="bbox 336 5167 1907 5240; baseline -0.002 -14"><span class='ocrx_word' id='word_1_774' title='bbox 336 5192 396 5227; x_wconf 81' lang='grc' dir='ltr'><strong><em>τε</em></strong></span> <span class='ocrx_word' id='word_1_775' title='bbox 427 5175 525 5230; x_wconf 74' lang='grc' dir='ltr'><strong><em>καὶ</em></strong></span> <span class='ocrx_word' id='word_1_776' title='bbox 559 5174 774 5239; x_wconf 71' lang='grc' dir='ltr'><em>ἐλέους</em></span> <span class='ocrx_word' id='word_1_777' title='bbox 809 5172 1101 5240; x_wconf 78' lang='grc' dir='ltr'><em>δεόμενον</em></span> <span class='ocrx_word' id='word_1_778' title='bbox 1127 5187 1143 5203; x_wconf 88' lang='grc'><strong>·</strong></span> <span class='ocrx_word' id='word_1_779' title='bbox 1175 5169 1366 5236; x_wconf 82' lang='grc' dir='ltr'><em>οὕτως</em></span> <span class='ocrx_word' id='word_1_780' title='bbox 1399 5168 1541 5223; x_wconf 79' lang='grc' dir='ltr'><em>οὐδὲ</em></span> <span class='ocrx_word' id='word_1_781' title='bbox 1569 5167 1907 5236; x_wconf 78' lang='grc' dir='ltr'><em>παντοκρά-</em></span> 
     </span>
    </p>
   </div>
   <div class='ocr_carea' id='block_1_100' title="bbox 336 5260 1906 5336">
    <p class='ocr_par' dir='ltr' id='par_1_100' title="bbox 336 5260 1906 5336">
     <span class='ocr_line' id='line_1_100' title="bbox 336 5260 1906 5336; baseline -0.003 -17"><span class='ocrx_word' id='word_1_782' title='bbox 336 5284 465 5334; x_wconf 87' lang='grc' dir='ltr'><em>τωρ,</em></span> <span class='ocrx_word' id='word_1_783' title='bbox 491 5270 544 5320; x_wconf 80' lang='lat' dir='ltr'><strong><em>et</em></strong></span> <span class='ocrx_word' id='word_1_784' title='bbox 581 5267 668 5336; x_wconf 76' lang='grc' dir='ltr'><em>μὴ</em></span> <span class='ocrx_word' id='word_1_785' title='bbox 714 5263 883 5322; x_wconf 79' lang='grc' dir='ltr'><em>πᾶσα</em></span> <span class='ocrx_word' id='word_1_786' title='bbox 920 5265 959 5331; x_wconf 79' lang='grc' dir='ltr'><strong><em>ἠ</em></strong></span> <span class='ocrx_word' id='word_1_787' title='bbox 997 5262 1192 5328; x_wconf 70' lang='grc' dir='ltr'><em>κτίσις</em></span> <span class='ocrx_word' id='word_1_788' title='bbox 1251 5262 1360 5317; x_wconf 86' lang='grc' dir='ltr'><em>τοῦ</em></span> <span class='ocrx_word' id='word_1_789' title='bbox 1397 5260 1906 5331; x_wconf 60' lang='grc' dir='ltr'><em>περικωτοῦντος</em></span> 
     </span>
    </p>
   </div>
   <div class='ocr_carea' id='block_1_101' title="bbox 339 5353 1903 5427">
    <p class='ocr_par' dir='ltr' id='par_1_101' title="bbox 339 5353 1903 5427">
     <span class='ocr_line' id='line_1_101' title="bbox 339 5353 1903 5427; baseline -0.004 -15"><span class='ocrx_word' id='word_1_790' title='bbox 339 5361 526 5427; x_wconf 78' lang='grc' dir='ltr'><em>αὐτὴν</em></span> <span class='ocrx_word' id='word_1_791' title='bbox 552 5358 775 5412; x_wconf 80' lang='grc' dir='ltr'><em>ἐδέετο.</em></span> <span class='ocrx_word' id='word_1_792' title='bbox 809 5356 917 5409; x_wconf 70' lang='grc' dir='ltr'><strong><em>Καὶ</em></strong></span> <span class='ocrx_word' id='word_1_793' title='bbox 964 5356 994 5406; x_wconf 92' lang='lat'><strong><em>6</em></strong></span> <span class='ocrx_word' id='word_1_794' title='bbox 1031 5354 1394 5424; x_wconf 79' lang='grc' dir='ltr'><em>Δαμασκηνός</em></span> <span class='ocrx_word' id='word_1_795' title='bbox 1425 5353 1538 5425; x_wconf 79' lang='grc'><strong><em>(19)</em></strong></span> <span class='ocrx_word' id='word_1_796' title='bbox 1567 5371 1721 5424; x_wconf 83' lang='grc' dir='ltr'><em>φησι,</em></span> <span class='ocrx_word' id='word_1_797' title='bbox 1749 5355 1903 5422; x_wconf 80' lang='grc' dir='ltr'><strong><em>Πρό-</em></strong></span> 
     </span>
    </p>
   </div>
   <div class='ocr_carea' id='block_1_102' title="bbox 2009 4632 3590 4702">
    <p class='ocr_par' dir='ltr' id='par_1_102' title="bbox 2009 4632 3590 4702">
     <span class='ocr_line' id='line_1_102' title="bbox 2009 4632 3590 4702; baseline -0.003 -15"><span class='ocrx_word' id='word_1_798' title='bbox 2009 4637 2208 4697; x_wconf 86' lang='lat' dir='ltr'><strong><em>vultus,</em></strong></span> <span class='ocrx_word' id='word_1_799' title='bbox 2229 4634 2548 4689; x_wconf 82' lang='lat' dir='ltr'><strong><em>Theodorus</em></strong></span> <span class='ocrx_word' id='word_1_800' title='bbox 2573 4653 2586 4687; x_wconf 94' lang='lat'>:</span> <span class='ocrx_word' id='word_1_801' title='bbox 2621 4632 2853 4698; x_wconf 85' lang='lat' dir='ltr'><strong><em>Quorum</em></strong></span> <span class='ocrx_word' id='word_1_802' title='bbox 2881 4635 3018 4687; x_wconf 86' lang='lat' dir='ltr'><strong><em>enim</em></strong></span> <span class='ocrx_word' id='word_1_803' title='bbox 3049 4634 3209 4702; x_wconf 78' lang='lat' dir='ltr'><strong><em>fuerit</em></strong></span> <span class='ocrx_word' id='word_1_804' title='bbox 3235 4637 3590 4702; x_wconf 75' lang='lat' dir='ltr'><strong><em>providentia,</em></strong></span> 
     </span>
    </p>
   </div>
   <div class='ocr_carea' id='block_1_103' title="bbox 2009 4724 3592 4795">
    <p class='ocr_par' dir='ltr' id='par_1_103' title="bbox 2009 4724 3592 4795">
     <span class='ocr_line' id='line_1_103' title="bbox 2009 4724 3592 4795; baseline -0.001 -15"><span class='ocrx_word' id='word_1_805' title='bbox 2009 4744 2124 4780; x_wconf 91' lang='lat' dir='ltr'><strong><em>cum</em></strong></span> <span class='ocrx_word' id='word_1_806' title='bbox 2155 4743 2303 4780; x_wconf 88' lang='lat' dir='ltr'><strong><em>nemo</em></strong></span> <span class='ocrx_word' id='word_1_807' title='bbox 2336 4726 2403 4778; x_wconf 87' lang='lat' dir='ltr'><strong><em>sit</em></strong></span> <span class='ocrx_word' id='word_1_808' title='bbox 2446 4725 2534 4794; x_wconf 87' lang='lat' dir='ltr'><strong><em>qui</em></strong></span> <span class='ocrx_word' id='word_1_809' title='bbox 2563 4739 2653 4790; x_wconf 84' lang='lat' dir='ltr'><strong><em>per</em></strong></span> <span class='ocrx_word' id='word_1_810' title='bbox 2681 4740 2795 4778; x_wconf 85' lang='lat' dir='ltr'><strong><em>eam</em></strong></span> <span class='ocrx_word' id='word_1_811' title='bbox 2833 4724 3010 4778; x_wconf 85' lang='lat' dir='ltr'><strong><em>salvus</em></strong></span> <span class='ocrx_word' id='word_1_812' title='bbox 3045 4741 3108 4778; x_wconf 83' lang='lat' dir='ltr'><strong><em>ac</em></strong></span> <span class='ocrx_word' id='word_1_813' title='bbox 3136 4725 3419 4780; x_wconf 85' lang='lat' dir='ltr'><strong><em>incolumis</em></strong></span> <span class='ocrx_word' id='word_1_814' title='bbox 3448 4743 3592 4795; x_wconf 80' lang='lat' dir='ltr'><strong><em>pra:-</em></strong></span> 
     </span>
    </p>
   </div>
   <div class='ocr_carea' id='block_1_104' title="bbox 2010 4798 3593 4884">
    <p class='ocr_par' dir='ltr' id='par_1_104' title="bbox 2010 4798 3593 4884">
     <span class='ocr_line' id='line_1_104' title="bbox 2010 4798 3593 4884; baseline 0 -14"><span class='ocrx_word' id='word_1_815' title='bbox 2010 4817 2218 4870; x_wconf 80' lang='lat' dir='ltr'><strong><em>stetur?</em></strong></span> <span class='ocrx_word' id='word_1_816' title='bbox 2256 4798 2597 4868; x_wconf 61' lang='lat' dir='ltr'><strong><em>Provideniia</em></strong></span> <span class='ocrx_word' id='word_1_817' title='bbox 2629 4815 2766 4867; x_wconf 85' lang='lat' dir='ltr'><strong><em>enim</em></strong></span> <span class='ocrx_word' id='word_1_818' title='bbox 2797 4829 2974 4866; x_wconf 86' lang='lat' dir='ltr'><strong><em>eorum</em></strong></span> <span class='ocrx_word' id='word_1_819' title='bbox 3003 4823 3101 4875; x_wconf 90' lang='lat' dir='ltr'><strong><em>est,</em></strong></span> <span class='ocrx_word' id='word_1_820' title='bbox 3135 4831 3251 4884; x_wconf 75' lang='lat' dir='ltr'><strong><em>qua:</em></strong></span> <span class='ocrx_word' id='word_1_821' title='bbox 3285 4816 3339 4868; x_wconf 88' lang='lat' dir='ltr'><strong><em>in</em></strong></span> <span class='ocrx_word' id='word_1_822' title='bbox 3369 4817 3593 4883; x_wconf 82' lang='lat' dir='ltr'><strong><em>singulis</em></strong></span> 
     </span>
    </p>
   </div>
   <div class='ocr_carea' id='block_1_105' title="bbox 2008 4903 3594 4975">
    <p class='ocr_par' dir='ltr' id='par_1_105' title="bbox 2008 4903 3594 4975">
     <span class='ocr_line' id='line_1_105' title="bbox 2008 4903 3594 4975; baseline -0.001 -16"><span class='ocrx_word' id='word_1_823' title='bbox 2008 4915 2278 4975; x_wconf 86' lang='lat' dir='ltr'><strong><em>geruntur.</em></strong></span> <span class='ocrx_word' id='word_1_824' title='bbox 2303 4905 2405 4958; x_wconf 84' lang='lat' dir='ltr'><strong><em>Sed</em></strong></span> <span class='ocrx_word' id='word_1_825' title='bbox 2435 4916 2488 4958; x_wconf 87' lang='lat' dir='ltr'><strong><em>et</em></strong></span> <span class='ocrx_word' id='word_1_826' title='bbox 2519 4907 2736 4957; x_wconf 81' lang='lat' dir='ltr'><strong><em>divinus</em></strong></span> <span class='ocrx_word' id='word_1_827' title='bbox 2763 4903 3058 4974; x_wconf 79' lang='lat' dir='ltr'><strong><em>Gregorius</em></strong></span> <span class='ocrx_word' id='word_1_828' title='bbox 3082 4905 3376 4975; x_wconf 76' lang='lat' dir='ltr'><strong><em>Nyssenus,</em></strong></span> <span class='ocrx_word' id='word_1_829' title='bbox 3402 4907 3499 4972; x_wconf 72' lang='grc' dir='ltr'><strong><em>ραι</em></strong></span> <span class='ocrx_word' id='word_1_830' title='bbox 3517 4925 3594 4960; x_wconf 86' lang='lat' dir='ltr'><strong><em>m-</em></strong></span> 
     </span>
    </p>
   </div>
   <div class='ocr_carea' id='block_1_106' title="bbox 2011 4996 3587 5068">
    <p class='ocr_par' dir='ltr' id='par_1_106' title="bbox 2011 4996 3587 5068">
     <span class='ocr_line' id='line_1_106' title="bbox 2011 4996 3587 5068; baseline -0.001 -18"><span class='ocrx_word' id='word_1_831' title='bbox 2011 4997 2318 5061; x_wconf 85' lang='lat' dir='ltr'><strong><em>admodum,</em></strong></span> <span class='ocrx_word' id='word_1_832' title='bbox 2373 4996 2567 5063; x_wconf 90' lang='lat' dir='ltr'><strong><em>inquit,</em></strong></span> <span class='ocrx_word' id='word_1_833' title='bbox 2624 4998 2765 5048; x_wconf 85' lang='lat' dir='ltr'><strong><em>haud</em></strong></span> <span class='ocrx_word' id='word_1_834' title='bbox 2823 4997 3002 5065; x_wconf 86' lang='lat' dir='ltr'><strong><em>utique</em></strong></span> <span class='ocrx_word' id='word_1_835' title='bbox 3054 4997 3156 5050; x_wconf 84' lang='lat' dir='ltr'><strong><em>nisi</em></strong></span> <span class='ocrx_word' id='word_1_836' title='bbox 3210 5002 3587 5068; x_wconf 68' lang='lat' dir='ltr'><strong><em>argrotautium</em></strong></span> 
     </span>
    </p>
   </div>
   <div class='ocr_carea' id='block_1_107' title="bbox 2005 5086 3590 5158">
    <p class='ocr_par' dir='ltr' id='par_1_107' title="bbox 2005 5086 3590 5158">
     <span class='ocr_line' id='line_1_107' title="bbox 2005 5086 3590 5158; baseline -0.001 -19"><span class='ocrx_word' id='word_1_837' title='bbox 2005 5101 2167 5139; x_wconf 85' lang='lat' dir='ltr'><strong><em>causa</em></strong></span> <span class='ocrx_word' id='word_1_838' title='bbox 2197 5096 2326 5138; x_wconf 78' lang='lat' dir='ltr'><strong><em>esset</em></strong></span> <span class='ocrx_word' id='word_1_839' title='bbox 2362 5086 2614 5151; x_wconf 85' lang='lat' dir='ltr'><strong><em>medicus,</em></strong></span> <span class='ocrx_word' id='word_1_840' title='bbox 2683 5101 2773 5138; x_wconf 84' lang='lat' dir='ltr'><strong><em>nec</em></strong></span> <span class='ocrx_word' id='word_1_841' title='bbox 2804 5086 3107 5140; x_wconf 81' lang='lat' dir='ltr'><strong><em>misericors</em></strong></span> <span class='ocrx_word' id='word_1_842' title='bbox 3142 5097 3298 5158; x_wconf 87' lang='lat' dir='ltr'><strong><em>atque</em></strong></span> <span class='ocrx_word' id='word_1_843' title='bbox 3325 5090 3590 5143; x_wconf 68' lang='lat' dir='ltr'><strong><em>humanus</em></strong></span> 
     </span>
    </p>
   </div>
   <div class='ocr_carea' id='block_1_108' title="bbox 2005 5176 3583 5250">
    <p class='ocr_par' dir='ltr' id='par_1_108' title="bbox 2005 5176 3583 5250">
     <span class='ocr_line' id='line_1_108' title="bbox 2005 5176 3583 5250; baseline 0 -20"><span class='ocrx_word' id='word_1_844' title='bbox 2005 5195 2068 5230; x_wconf 89' lang='lat' dir='ltr'><strong><em>ac</em></strong></span> <span class='ocrx_word' id='word_1_845' title='bbox 2095 5176 2358 5245; x_wconf 82' lang='lat' dir='ltr'><strong><em>ejusmodi</em></strong></span> <span class='ocrx_word' id='word_1_846' title='bbox 2391 5177 2770 5240; x_wconf 85' lang='lat' dir='ltr'><strong><em>nominaretur,</em></strong></span> <span class='ocrx_word' id='word_1_847' title='bbox 2805 5178 2906 5230; x_wconf 75' lang='lat' dir='ltr'><strong><em>nisi</em></strong></span> <span class='ocrx_word' id='word_1_848' title='bbox 2947 5179 3034 5232; x_wconf 83' lang='lat' dir='ltr'><strong><em>cui</em></strong></span> <span class='ocrx_word' id='word_1_849' title='bbox 3071 5177 3165 5233; x_wconf 87' lang='lat' dir='ltr'><strong><em>illa</em></strong></span> <span class='ocrx_word' id='word_1_850' title='bbox 3201 5197 3328 5250; x_wconf 81' lang='lat' dir='ltr'><strong><em>opus</em></strong></span> <span class='ocrx_word' id='word_1_851' title='bbox 3364 5188 3531 5234; x_wconf 83' lang='lat' dir='ltr'><strong><em>essent</em></strong></span> <span class='ocrx_word' id='word_1_852' title='bbox 3565 5193 3583 5231; x_wconf 93' lang='lat'><strong><em>:</em></strong></span> 
     </span>
    </p>
   </div>
   <div class='ocr_carea' id='block_1_109' title="bbox 2005 5269 3647 5338">
    <p class='ocr_par' dir='ltr' id='par_1_109' title="bbox 2005 5269 3647 5338">
     <span class='ocr_line' id='line_1_109' title="bbox 2005 5269 3647 5338; baseline -0.001 -17"><span class='ocrx_word' id='word_1_853' title='bbox 2005 5271 2083 5321; x_wconf 88' lang='lat' dir='ltr'><strong><em>ita</em></strong></span> <span class='ocrx_word' id='word_1_854' title='bbox 2117 5283 2278 5338; x_wconf 86' lang='lat' dir='ltr'><strong><em>neque</em></strong></span> <span class='ocrx_word' id='word_1_855' title='bbox 2309 5269 2544 5322; x_wconf 88' lang='lat' dir='ltr'><strong><em>omnium</em></strong></span> <span class='ocrx_word' id='word_1_856' title='bbox 2574 5281 2908 5323; x_wconf 86' lang='lat' dir='ltr'><strong><em>conservator</em></strong></span> <span class='ocrx_word' id='word_1_857' title='bbox 2938 5287 3000 5324; x_wconf 86' lang='lat' dir='ltr'><strong><em>ac</em></strong></span> <span class='ocrx_word' id='word_1_858' title='bbox 3034 5283 3225 5325; x_wconf 87' lang='lat' dir='ltr'><strong><em>cuncta</em></strong></span> <span class='ocrx_word' id='word_1_859' title='bbox 3248 5283 3446 5332; x_wconf 85' lang='lat' dir='ltr'><strong><em>tenens,</em></strong></span> <span class='ocrx_word' id='word_1_860' title='bbox 3475 5270 3580 5321; x_wconf 86' lang='lat' dir='ltr'><strong><em>nisi</em></strong></span> <span class='ocrx_word' id='word_1_861' title='bbox 3644 5300 3647 5302; x_wconf 98' lang='lat'><strong><em>-</em></strong></span> 
     </span>
    </p>
   </div>
   <div class='ocr_carea' id='block_1_110' title="bbox 2009 5359 3588 5426">
    <p class='ocr_par' dir='ltr' id='par_1_110' title="bbox 2009 5359 3588 5426">
     <span class='ocr_line' id='line_1_110' title="bbox 2009 5359 3588 5426; baseline -0.001 -14"><span class='ocrx_word' id='word_1_862' title='bbox 2009 5359 2178 5412; x_wconf 88' lang='lat' dir='ltr'><strong><em>omnis</em></strong></span> <span class='ocrx_word' id='word_1_863' title='bbox 2219 5369 2484 5425; x_wconf 85' lang='lat' dir='ltr'><strong><em>creatura,</em></strong></span> <span class='ocrx_word' id='word_1_864' title='bbox 2521 5359 2687 5426; x_wconf 81' lang='lat' dir='ltr'><strong><em>ipsam</em></strong></span> <span class='ocrx_word' id='word_1_865' title='bbox 2717 5365 3013 5416; x_wconf 73' lang='lat' dir='ltr'><strong><em>continente</em></strong></span> <span class='ocrx_word' id='word_1_866' title='bbox 3043 5379 3106 5414; x_wconf 91' lang='lat' dir='ltr'><strong><em>ac</em></strong></span> <span class='ocrx_word' id='word_1_867' title='bbox 3137 5368 3476 5416; x_wconf 79' lang='lat' dir='ltr'><strong><em>conservante</em></strong></span> <span class='ocrx_word' id='word_1_868' title='bbox 3506 5360 3588 5412; x_wconf 84' lang='lat' dir='ltr'><strong><em>in-</em></strong></span> 
     </span>
    </p>
   </div>
   <div class='ocr_carea' id='block_1_111' title="bbox 413 5540 1892 5614">
    <p class='ocr_par' dir='ltr' id='par_1_111' title="bbox 413 5542 1882 5614">
     <span class='ocr_line' id='line_1_111' title="bbox 413 5542 1882 5614; baseline -0.004 -15"><span class='ocrx_word' id='word_1_869' title='bbox 413 5548 454 5578; x_wconf 88' lang='grc'>¹¹</span> <span class='ocrx_word' id='word_1_870' title='bbox 487 5547 620 5600; x_wconf 83' lang='lat' dir='ltr'><strong><em>Luc.</em></strong></span> <span class='ocrx_word' id='word_1_871' title='bbox 655 5559 732 5608; x_wconf 73' lang='lat' dir='ltr'><strong><em>vn,</em></strong></span> <span class='ocrx_word' id='word_1_872' title='bbox 795 5545 885 5600; x_wconf 80' lang='lat'><strong><em>&#39;56.</em></strong></span> <span class='ocrx_word' id='word_1_873' title='bbox 969 5546 1012 5575; x_wconf 78' lang='lat'>“</span> <span class='ocrx_word' id='word_1_874' title='bbox 1055 5543 1257 5614; x_wconf 77' lang='lat' dir='ltr'><strong><em>Eplies.</em></strong></span> <span class='ocrx_word' id='word_1_875' title='bbox 1293 5561 1345 5609; x_wconf 82' lang='grc' dir='ltr'><strong><em>ν,</em></strong></span> <span class='ocrx_word' id='word_1_876' title='bbox 1385 5544 1436 5597; x_wconf 87' lang='lat' dir='ltr'><strong><em>l.</em></strong></span> <span class='ocrx_word' id='word_1_877' title='bbox 1515 5544 1559 5575; x_wconf 80' lang='lat'><strong>&quot;</strong></span> <span class='ocrx_word' id='word_1_878' title='bbox 1591 5542 1752 5598; x_wconf 78' lang='lat' dir='ltr'><strong><em>Rom.</em></strong></span> <span class='ocrx_word' id='word_1_879' title='bbox 1786 5559 1882 5608; x_wconf 81' lang='lat' dir='ltr'><strong><em>xit,</em></strong></span> 
     </span>
    </p>
   </div>
   <div class='ocr_carea' id='block_1_112' title="bbox 1995 5540 2510 5614">
    <p class='ocr_par' dir='ltr' id='par_1_112' title="bbox 2030 5540 2510 5607">
     <span class='ocr_line' id='line_1_112' title="bbox 2030 5540 2510 5607; baseline 0.002 -10"><span class='ocrx_word' id='word_1_880' title='bbox 2030 5540 2250 5598; x_wconf 88' lang='lat' dir='ltr'><strong><em>Coloss.</em></strong></span> <span class='ocrx_word' id='word_1_881' title='bbox 2273 5558 2356 5607; x_wconf 87' lang='grc' dir='ltr'><em>ιιι,</em></span> <span class='ocrx_word' id='word_1_882' title='bbox 2425 5543 2510 5598; x_wconf 79' lang='grc'><strong><em>10.</em></strong></span> 
     </span>
    </p>
   </div>
   <div class='ocr_carea' id='block_1_113' title="bbox 412 5739 1797 5828">
    <p class='ocr_par' dir='ltr' id='par_1_113' title="bbox 412 5739 1797 5828">
     <span class='ocr_line' id='line_1_113' title="bbox 412 5739 1797 5828; baseline 0 -32"><span class='ocrx_word' id='word_1_883' title='bbox 552 5744 627 5828; x_wconf 48' lang='lat' dir='ltr'><strong><em>Ile.</em></strong></span> <span class='ocrx_word' id='word_1_884' title='bbox 659 5741 1247 5828; x_wconf 41' lang='lat' dir='ltr'><strong><em>diqin._uolr‘n.&#39;c..9.</em></strong></span> <span class='ocrx_word' id='word_1_885' title='bbox 1269 5740 1370 5828; x_wconf 9' lang='lat'><strong><em>7151</em></strong></span> <span class='ocrx_word' id='word_1_886' title='bbox 1406 5740 1643 5828; x_wconf 68' lang='lat' dir='ltr'><strong><em>Lauselii</em></strong></span> <span class='ocrx_word' id='word_1_887' title='bbox 1665 5739 1797 5828; x_wconf 69' lang='lat' dir='ltr'><strong><em>edit.</em></strong></span> 
     </span>
    </p>
   </div>
   <div class='ocr_carea' id='block_1_114' title="bbox 416 5812 1906 5885">
    <p class='ocr_par' dir='ltr' id='par_1_114' title="bbox 416 5812 1906 5885">
     <span class='ocr_line' id='line_1_114' title="bbox 416 5812 1906 5885; baseline -0.003 -14"><span class='ocrx_word' id='word_1_888' title='bbox 416 5812 527 5885; x_wconf 65' lang='grc' dir='ltr'><strong><em>(ιδ)</em></strong></span> <span class='ocrx_word' id='word_1_889' title='bbox 565 5813 839 5868; x_wconf 82' lang='lat' dir='ltr'><strong><em>Theodori</em></strong></span> <span class='ocrx_word' id='word_1_890' title='bbox 913 5813 1098 5882; x_wconf 80' lang='lat' dir='ltr'><strong><em>Grapti</em></strong></span> <span class='ocrx_word' id='word_1_891' title='bbox 1169 5812 1342 5866; x_wconf 76' lang='lat' dir='ltr'><strong><em>Vitam</em></strong></span> <span class='ocrx_word' id='word_1_892' title='bbox 1398 5813 1906 5881; x_wconf 70' lang='lat' dir='ltr'><strong><em>rept&#39;tesentavimus</em></strong></span> 
     </span>
    </p>
   </div>
   <div class='ocr_carea' id='block_1_115' title="bbox 2021 5738 2668 5796">
    <p class='ocr_par' dir='ltr' id='par_1_115' title="bbox 2021 5738 2668 5796">
     <span class='ocr_line' id='line_1_115' title="bbox 2021 5738 2668 5796; baseline -0.005 0"><span class='ocrx_word' id='word_1_893' title='bbox 2021 5743 2074 5796; x_wconf 89' lang='lat' dir='ltr'><strong><em>in</em></strong></span> <span class='ocrx_word' id='word_1_894' title='bbox 2112 5754 2258 5794; x_wconf 82' lang='lat' dir='ltr'><strong><em>torno</em></strong></span> <span class='ocrx_word' id='word_1_895' title='bbox 2293 5738 2481 5794; x_wconf 78' lang='lat' dir='ltr'><strong><em>CXVI.</em></strong></span> <span class='ocrx_word' id='word_1_896' title='bbox 2521 5740 2668 5793; x_wconf 82' lang='lat' dir='ltr'><strong><em>Eutr.</em></strong></span> 
     </span>
    </p>
   </div>
   <div class='ocr_carea' id='block_1_116' title="bbox 2091 5810 2680 5879">
    <p class='ocr_par' dir='ltr' id='par_1_116' title="bbox 2091 5810 2680 5879">
     <span class='ocr_line' id='line_1_116' title="bbox 2091 5810 2680 5879; baseline -0.003 -13"><span class='ocrx_word' id='word_1_897' title='bbox 2091 5813 2202 5879; x_wconf 81' lang='lat' dir='ltr'><strong><em>(l9)</em></strong></span> <span class='ocrx_word' id='word_1_898' title='bbox 2233 5811 2380 5864; x_wconf 88' lang='lat' dir='ltr'><strong><em>Libr.</em></strong></span> <span class='ocrx_word' id='word_1_899' title='bbox 2426 5827 2484 5876; x_wconf 88' lang='grc' dir='ltr'><strong><em>ιι,</em></strong></span> <span class='ocrx_word' id='word_1_900' title='bbox 2510 5825 2559 5863; x_wconf 92' lang='lat' dir='ltr'><strong><em>c.</em></strong></span> <span class='ocrx_word' id='word_1_901' title='bbox 2593 5810 2680 5864; x_wconf 82' lang='lat'><strong><em>50.</em></strong></span> 
     </span>
    </p>
   </div>
  </div>
