4036 6262
442 383 544 453 451

1693 381 2092 440 MANUELIS
2133 379 2432 440 CALECfE

3589 382 3692 446 452

443 496 662 566 digerat.
704 491 987 548 Postremo
1018 489 1380 545 Damascenus
1408 505 1421 540 :
1449 487 1805 553 Providentia,
1828 490 2019 558 inquit,

2125 491 2257 543 ratd
2287 491 2457 544 ἐστιν
2487 489 2522 556 ἡ
2556 489 2620 541 ἐκ
2653 489 2800 543 Θεοῦ
2842 493 2930 557 εἷς
2972 490 3040 543 τὰ
3082 490 3224 544 ὄντα
3259 495 3542 562 γινομένη
3575 495 3693 549 ἐπι-

443 595 515 640 est
546 600 702 654 quam
735 583 876 638 Deus
915 599 1096 637 curant
1128 581 1338 636 adhibet
1375 582 1550 637 rebus.

512 679 683 733 Pedes
717 685 894 731 autem
925 682 1087 744 atque
1122 673 1421 739 incessum,
1445 688 1750 744 manusque
1777 689 1842 730 ac
1877 676 2022 739 talia,

443 783 565 823 cum
599 766 666 822 de
701 767 810 821 Deo
833 805 849 830 ,
880 766 1120 820 humano
1150 778 1303 819 more
1327 799 1345 828 ,
1389 765 1464 819 uti
1510 765 1844 832 dicebamus,
1872 781 2026 821 assu-

447 860 665 922 mimus,
697 866 847 913 certa
875 857 1104 926 quadam
1135 855 1345 911 ratione
1378 872 1499 911 cum
1531 857 1599 912 iis
1640 873 1758 926 quae
1789 859 2025 913 crassius

445 965 542 1022 pro
565 963 849 1018 corporum
873 949 1083 1004 ratione
1115 957 1332 1017 sumpta
1364 956 1512 1013 sunt,
1535 949 1695 1003 etiam
1730 958 2024 1017 conceptus

444 1041 786 1110 exponimus.
821 1037 1027 1110 Nempe
1051 1039 1154 1095 hoc
1185 1039 1301 1094 vult
1324 1037 1624 1109 Scriptura,
1651 1051 1708 1095 ut
1735 1058 1798 1096 ex
1826 1042 2024 1112 pedum

451 1146 638 1203 gressu
673 1130 768 1186 Dei
809 1131 1099 1186 adventum
1127 1139 1181 1184 et
1212 1131 1560 1199 praesentiam
1588 1132 1876 1200 signiticet,
1909 1134 2026 1188 sive

449 1233 509 1278 ut
532 1223 618 1278 bis
647 1223 738 1292 qui
769 1232 928 1292 egent
948 1263 963 1287 ,
995 1221 1315 1291 opituletur,
1363 1223 1479 1278 sive
1516 1233 1574 1278 ut
1605 1224 1852 1279 inimicos
1885 1225 2022 1280 ulci-

445 1321 648 1379 scatur,
676 1312 761 1367 vel
791 1313 1020 1368 aliorum
1045 1312 1252 1381 aliquid
1276 1323 1566 1383 operetur;
1596 1315 1738 1384 quod
1763 1315 2020 1371 nimirum

446 1403 643 1472 pedum
667 1401 842 1457 cilicio
865 1412 1028 1473 atque
1053 1417 1274 1458 munere
1335 1405 1592 1459 accedere
1611 1405 1708 1474 ipsi
1733 1406 2022 1461 soleamus.

448 1493 637 1549 Manus
670 1504 850 1548 autem
881 1510 1003 1548 cum
1033 1494 1274 1550 dicimus
1299 1536 1314 1559 ,
1350 1497 1794 1553 diviuaa'virtutis
1828 1513 1891 1552 ac
1921 1513 2018 1568 po-

446 1587 632 1641 tentiae
671 1585 780 1640 vim
822 1585 874 1638 in
911 1586 1166 1640 omnibus
1195 1587 1628 1643 efﬁcacissimam
1673 1590 2020 1658 promptissi-

443 1691 696 1746 mamque
732 1675 1031 1741 innuimus;
1061 1678 1204 1746 quod
1237 1693 1335 1731 nos
1363 1679 1526 1732 etiam
1564 1680 1871 1732 necessaria
1906 1695 2019 1732 mu-

441 1767 532 1820 nia
558 1766 825 1836 longeque
854 1767 1228 1832 praestantiora
1297 1770 1546 1823 manibus
1579 1769 1778 1822 nostris
1806 1770 2024 1836 implea-

443 1873 587 1916 mus.
615 1858 790 1913 Porro
819 1857 1101 1913 dexteram
1135 1874 1411 1923 vocamus,
1438 1876 1544 1928 quo
1577 1861 1696 1929 ejus
1723 1861 1776 1914 in
1802 1871 2021 1915 sanctos

440 1964 596 2018 opem
650 1947 1050 2017 signiﬁcemus;
1090 1964 1155 2004 ea
1219 1950 1431 2005 scilicet
1482 1951 1695 2006 ratione
1741 1953 1882 2020 quod
1919 1966 2019 2005 nos

441 2049 657 2104 quoque
688 2036 739 2089 in
769 2035 834 2090 iis
859 2051 975 2104 qua:
1004 2037 1258 2107 majorem
1284 2038 1622 2095 honestatem
1648 2040 1848 2094 habent
1873 2053 2023 2095 sunt-

440 2142 546 2196 que
579 2125 957 2196 prmstantiora
986 2141 1049 2180 ac
1085 2126 1321 2183 maximo
1355 2138 1513 2194 egent
1541 2129 1755 2192 robore,
1782 2131 2020 2197 proclive

437 2215 667 2268 dextera
709 2223 945 2268 utamur.
985 2213 1119 2268 Cum
1151 2223 1334 2268 autem
1372 2214 1461 2268 Dei
1491 2216 1702 2277 oculos,
1731 2218 2022 2284 visumque

439 2315 495 2357 et
530 2302 815 2372 palpebras
859 2302 1111 2364 dicimus,
1149 2301 1267 2370 ejus
1302 2304 1408 2356 vim
1450 2303 1694 2358 omnium
1724 2304 2015 2373 inspectri-

443 2408 586 2458 cem,
633 2407 717 2458 ac,
768 2407 930 2461 quam
965 2393 1095 2447 nihil
1149 2393 1339 2459 lateat,
1387 2393 1672 2448 scientiam
1705 2393 2016 2462 signiﬁcare

445 2487 726 2551 volumus;
759 2485 900 2556 quod
933 2487 1034 2540 hoc
1067 2486 1411 2553 potissimum
1440 2501 1600 2540 sensu
1639 2487 2018 2556 perfectiorem

451 2576 736 2629 scientiam
778 2591 840 2629 ac
873 2576 1251 2630 certiludincm
1305 2575 1708 2632 nanciscamur.
1741 2575 1814 2632 Os
1843 2587 2018 2630 autem

444 2665 668 2732 orisque
697 2677 1000 2718 sermonem
1048 2679 1140 2720 seu
1172 2664 1498 2720 locutionem
1532 2706 1548 2733 ,
1583 2665 1697 2732 ejus
1728 2667 2021 2721 voluntatis

443 2750 936 2806 manifestationem
1001 2768 1281 2818 vocamus,
1340 2757 1480 2824 quod
1524 2754 1735 2810 scilicet
1782 2772 1880 2810 usu
1918 2759 2018 2810 Int-

445 2858 610 2897 mano
638 2844 752 2898 oris
781 2860 1004 2899 munere
1029 2860 1092 2899 ac
1119 2845 1389 2900 locutione
1423 2845 1588 2900 animi
1625 2861 1780 2900 sensa
1812 2849 2019 2916 aperia-

440 2948 583 2986 mus.
618 2934 793 3002 Atque
831 2944 887 2986 ut
920 2950 1130 2988 summa
1157 2936 1334 2989 dicam
1359 2973 1376 3000 ,
1413 2936 1681 3005 ejusmodi
1728 2938 1908 2993 omnia
1963 2939 2015 2990 in

442 3025 550 3078 Deo
582 3025 830 3090 dicimus,
867 3035 924 3078 ut
951 3041 1014 3079 ex
1045 3027 1243 3081 nostris
1278 3027 1684 3096 operationibus
1741 3043 1804 3084 ac
1849 3031 2019 3083 virtu-

2127 582 2351 646 μέλεια.

2199 675 2373 736 Πόδας
2412 676 2466 727 δὲ
2500 675 2595 730 καὶ
2619 675 2826 743 βάδισιν
2849 677 2944 728 καὶ
2979 676 3168 744 χεῖρας
3201 675 3294 729 καὶ
3333 674 3402 729 τὰ
3443 675 3689 739 τοιαῦτα,

2126 766 2254 820 ὅταν
2285 767 2376 818 ἐπὶ
2399 765 2534 818 Θεοῦ
2569 765 2835 835 λέγωμεν,
2877 768 3019 819 κατὰ
3048 766 3108 818 τὸ
3141 767 3432 837 ἡμέτερον,
3462 765 3536 829 ὡς
3558 766 3692 834 ἐφα-

2132 874 2254 926 μεν,
2285 857 2426 921 ἔθος,
2468 857 2745 924 ἀναλόγως
2781 860 2897 920 τοῖς
2935 857 3078 910 κατὰ
3118 858 3180 909 τὸ
3229 855 3692 927 σωματικώτερον

2127 947 2477 1016 εἰλημμένοις
2529 949 2624 1001 καὶ
2663 947 2731 1000 τὰ
2794 949 3039 1018 νοήματα
3077 946 3512 1017 ἐκλαμϐάνομεν.
3564 947 3694 1001 Ἀπὸ

2132 1039 2232 1107 μὲν
2264 1039 2370 1110 γὰρ
2409 1042 2506 1107 τῆς
2552 1040 2661 1092 τῶν
2708 1038 2885 1093 ποὲῶν
2928 1039 3189 1108 βαδίσεως
3248 1039 3350 1109 τὴν
3393 1039 3694 1108 παρουσίαν

2126 1128 2320 1198 δηλοῦν
2349 1131 2381 1197 ὴ
2426 1129 2616 1198 Γραφὴ
2645 1129 2914 1200 βούλεται,
2960 1129 2993 1196 ἢ
3025 1129 3124 1197 τὴν
3177 1130 3316 1198 πρὸς
3375 1129 3694 1202 ἐπικουρίαν

2131 1221 2238 1273 τῶν
2267 1220 2617 1290 δεομένων,ἢ
2669 1220 2770 1289 τὴν
2806 1221 2942 1284 πρὸς
2985 1221 3197 1289 ἄμυναν
3215 1221 3341 1274 ’τῶν
3395 1220 3631 1291 ἐχθρῶν,
3662 1221 3694 1289 ἢ

2127 1304 2292 1375 ἄλλην
2315 1305 2440 1358 τινὰ
2469 1304 2692 1375 πρᾶξιν,
2725 1309 2787 1359 ἐκ
2811 1307 2904 1360 τοῦ
2945 1307 3074 1376 παρ’
3113 1309 3246 1378 ἡμῖν
3294 1308 3386 1362 διὰ
3438 1309 3536 1378 τῆς
3590 1309 3696 1362 τῶν

2131 1396 2309 1449 ποδῶν
2339 1398 2589 1466 χρήσεως
2619 1397 2982 1450 ἐπιτελεῖσθαι
3008 1397 3108 1468 τὴν
3145 1397 3331 1465 ἄφιξιν
3355 1414 3372 1430 ο
3404 1401 3596 1470 χεῖρας
3638 1399 3694 1452 δὲ

2127 1487 2186 1540 τὸ
2211 1489 2625 1557 ἀνυσιμώτατον
2674 1491 2733 1541 ἐν
2758 1490 2893 1542 πᾶσι
2941 1490 3035 1541 καὶ
3084 1489 3281 1557 ἀθρόον
3338 1490 3694 1560 αίνιττόμεθα

2127 1579 2226 1648 τῆς
2255 1577 2350 1630 τοῦ
2379 1577 2514 1630 Θεοῦ
2558 1578 2841 1648 ἐνεργείας
2911 1579 3007 1630 καὶ
3057 1578 3363 1648 δυνάμεως.
3418 1579 3530 1632 Kal
3587 1578 3696 1647 γὰρ

2127 1668 2290 1734 ἡμεῖς
2321 1668 2388 1720 τὰ
2413 1668 2668 1738 χρειώδη,
2728 1669 2824 1721 xal
2859 1669 3096 1737 μάλιστα
3140 1669 3210 1723 τὰ
3239 1669 3546 1740 τιμιώτερα
3611 1669 3697 1723 διὰ

2125 1756 2233 1810 τῶν
2253 1757 2468 1810 οἰκείων
2496 1758 2870 1828 κατορθοῦμεν
2900 1761 3118 1829 χειρῶν.
3161 1760 3353 1826 Δεξιὰν
3376 1761 3430 1815 δὲ
3463 1761 3698 1830 λέγομεν

2127 1847 2226 1916 τὴν
2250 1849 2345 1900 ἐπὶ
2379 1849 2490 1911 τοῖς
2520 1848 2688 1912 ὁσίοις
2721 1849 2852 1918 παρ’
2880 1850 3049 1903 αὑτοῦ
3109 1850 3363 1920 βοήθειαν
3412 1852 3694 1904 ἐνδεικνύ·

2129 1955 2282 2006 μενοι
2312 1954 2325 1968 °
2364 1939 2472 1992 ἀπὸ
2498 1939 2588 1991 τοῦ
2622 1942 2715 1993 καὶ
2750 1941 2897 2008 ἡμᾶς
2963 1942 3164 2010 μᾶλλον
3194 1943 3285 1994 ἐπὶ
3328 1942 3438 1995 τῶν
3493 1943 3692 2008 εὐσχη-

2136 2033 2600 2102 μονεστέρωνκαὶ
2652 2034 2993 2102 τιμιωτέρων
3039 2035 3133 2086 καὶ
3200 2033 3462 2104 πλείστης
3514 2033 3695 2104 ίσχύος

2123 2123 2392 2192 δεομένων
2419 2125 2484 2192 τῇ
2514 2123 2664 2193 δεξιᾷ
2695 2124 3025 2194 κεχρῆσθαι.
3057 2125 3401 2194 Ὀφθαλμοῑις
3441 2126 3520 2190 δὲ,
3563 2127 3693 2195 ὅρα-

2127 2215 2335 2267 σιν-καὶ
2371 2213 2616 2283 βλέφαρα
2646 2214 2918 2282 λέγοντες,
2977 2215 3075 2284 τὴν
3129 2217 3257 2286 περὶ
3312 2217 3529 2270 ἅπαντα
3573 2221 3695 2270 ἐπο-

2126 2307 2327 2375 πτικὴν
2357 2307 2524 2360 αὐτοῦ
2559 2307 2817 2375 δύναμιν,
2845 2307 2943 2359 καὶ
2983 2308 3044 2360 τὸ
3075 2293 3346 2378 ἀλάθητον
3383 2311 3484 2379 τῆς
3529 2309 3692 2362 αὐτοῦ

2127 2399 2383 2463 γνώσεως
2413 2397 2720 2466 βουλόμεθα
2749 2400 2889 2450 νοεῖν
2913 2415 2927 2428 ·
2977 2401 3089 2452 ἀπὸ
3135 2399 3229 2452 τοῦ
3262 2399 3394 2469 παρ’
3429 2402 3562 2471 ἡμῖν
3610 2402 3694 2454 διὰ

2129 2489 2332 2558 ταύτης
2358 2489 2456 2557 τῆς
2487 2490 2791 2558 αἰσθήσεως
2839 2491 3223 2562 ἐντελεστέραν
3272 2493 3475 2560 γνῶσίν
3509 2510 3569 2547 τε
3603 2495 3694 2548 καὶ

2125 2583 2506 2653 πληροφορίαν
2536 2583 2870 2650 ἐγγίνεσθαι.
2926 2584 3111 2650 Στόμα
3152 2583 3209 2636 δὲ
3241 2586 3335 2638 καὶ
3382 2585 3575 2640 λαλιὰν
3612 2587 3694 2640 λέ-

2123 2693 2291 2745 γομεν
2351 2681 2410 2728 τὸ
2461 2675 2792 2729 ἐνδεικτικὸν
2849 2676 2945 2745 τῆς
2995 2676 3301 2746 βουλήσεως
3362 2678 3554 2742 αὑτοῦ,
3626 2680 3690 2732 ἐκ

2122 2769 2216 2822 τοῦ
2268 2769 2397 2838 παρ’
2447 2769 2582 2837 ἡμῖν
2645 2767 2736 2820 διὰ
2790 2767 3056 2836 στόματος
3106 2768 3202 2820 καὶ
3264 2768 3453 2831 λαλιᾶς
3494 2771 3691 2840 σημαί-

2125 2859 2313 2914 νεσθαι
2351 2859 2422 2913 τὰ
2450 2861 2507 2912 ἐν
2538 2859 2732 2930 καρδία
2787 2859 3058 2928 νοήματα.
3094 2860 3201 2913 Kal
3245 2860 3433 2925 ἁπλῶς
3497 2863 3692 2929 εἰπεῖν,

2122 2953 2190 3006 τὰ
2228 2950 2452 3006 τοιαῦτα
2520 2951 2697 3004 πάντα
2763 2948 2857 3000 ἐπὶ
2931 2949 3067 3001 Θεοῦ
3117 2950 3370 3018 λέγομεν,
3427 2951 3538 3004 ἀπὸ
3589 2951 3694 3006 τῶν

2124 3045 2246 3098 καθ’
2285 3044 2432 3113 ἡμᾶς
2493 3039 2785 3110 ἐνεργειῶν
2847 3041 2914 3093 τὰ
2973 3041 3110 3111 ὑπὲρ
3172 3043 3321 3111 ἡμᾶς
3381 3041 3694 3114 βουλόμενοι

445 3119 608 3181 tibus,
637 3116 947 3185 quat-nobis
984 3116 1264 3186 superiora
1298 3128 1447 3181 sunt,
1481 3118 1860 3188 intelligamus,
1902 3135 2009 3174 res-

2124 3140 2305 3193 νοεῖν⁶
2356 3133 2555 3188 καὶτὰ
2615 3133 2736 3186 καθ’
2782 3133 3012 3194 ἑαυτοὺς
3070 3132 3334 3202 μειζόνων
3386 3133 3688 3202 ὑπόδειγμα

439 3219 548 3272 que
603 3205 869 3258 humanas
918 3219 1106 3259 eorum
1139 3221 1257 3275 quae
1301 3206 1505 3275 majora
1555 3217 1678 3261 sunt
1711 3209 2017 3276 exemplum

443 3295 745 3358 faciamus;
785 3295 862 3348 uti
895 3294 1007 3349 fere
1042 3296 1145 3350 illis
1177 3297 1397 3363 accidit,
1426 3297 1514 3366 qtti
1550 3296 1603 3352 in
1639 3298 1832 3367 exiguo
1856 3297 2020 3353 later-

443 3385 569 3438 culo
605 3401 669 3438 ac
711 3385 928 3450 tabella,
959 3388 1081 3440 ειείὶ
1109 3388 1296 3441 orbent
1327 3387 1659 3458 depingunt;
1691 3389 1939 3459 idemque
1965 3391 2018 3444 in

445 3477 564 3529 aliis
603 3477 858 3531 omnibus
885 3479 1196 3533 nominibus
1233 3495 1351 3550 qua:
1381 3484 1445 3536 de
1475 3481 1583 3536 Deo
1612 3483 1886 3536 dtcuntur.

518 3567 656 3622 Vere
706 3569 885 3637 itaque
918 3572 1083 3641 (quod
1116 3572 1270 3626 initio
1303 3574 1639 3644 dicebamus)
1672 3574 1813 3630 Deus
1848 3576 2018 3631 inno-

446 3657 720 3711 minabilis
753 3669 858 3724 est,
883 3671 939 3713 ut
965 3661 1054 3730 qui
1087 3662 1232 3716 omni
1272 3663 1490 3717 nomine
1511 3665 1757 3734 superior
1785 3666 1890 3731 sit;
1920 3681 2019 3720 nec

443 3751 563 3816 ejus
609 3752 860 3805 essentia:
900 3753 1202 3818 terminus,
1251 3769 1342 3809 seu
1381 3755 1620 3810 deﬁnitio
1655 3765 1757 3810 est.
1803 3755 1937 3810 Nam
1971 3756 2016 3811 si

439 3853 504 3890 ca
542 3837 622 3893 vis
655 3839 985 3895 deﬁnitionis
1010 3853 1126 3908 est,
1163 3853 1222 3895 ut
1256 3858 1390 3907 rem,
1419 3845 1485 3896 de
1511 3859 1614 3912 qua
1643 3845 1856 3906 dicitur,
1885 3860 2016 3899 con-

443 3924 612 3983 tineat
666 3944 728 3984 ac
757 3930 1091 3995 tnanifestet,
1118 3936 1336 4001 quinam
1365 3936 1472 3996 Iiat,
1497 3944 1551 3986 ιιι
1576 3935 1718 4002 quod
1748 3936 2014 3988 inﬁnitum

438 4029 523 4073 est
554 4034 615 4072 ac
648 4021 1176 4090 incircutnscriptunt
1211 4064 1226 4088 ,
1256 4025 1362 4077 ulla
1393 4025 1728 4079 deﬁnitionis
1762 4027 1812 4078 vi
1853 4038 2015 4095 atque

439 4111 676 4164 nominis
731 4106 1134 4175 manifestetut"
1163 4129 1227 4167 ac
1273 4099 1808 4184 cuttiﬁt’ebendatur?
1847 4121 1924 4170 Ac
1967 4117 2012 4171 si

446 4217 628 4254 rerum
689 4204 894 4256 notititr
934 4213 1102 4268 sunt,
1160 4221 1392 4272 quonam
1445 4206 1601 4259 modo
1649 4207 2013 4274 intelligetur,

439 4276 584 4358 quod
623 4291 785 4344 rebus
827 4292 1083 4346 omnibus
1119 4293 1268 4346 omni
1311 4310 1524 4364 quoque
1558 4297 1862 4351 substantia
1897 4297 2012 4365 (seu

437 4380 698 4441 essentia)
753 4397 816 4434 ac
868 4384 984 4449 ipso
1034 4396 1366 4452 postremum
1404 4403 1544 4452 esse,
1595 4389 1847 4458 superius
1895 4390 2012 4444 est?

439 4471 594 4535 Quod
641 4471 686 4526 si
733 4488 892 4541 supra
937 4488 1154 4529 omnem
1186 4481 1502 4546 essentiam,
1534 4481 1708 4550 palatn
1741 4493 1899 4537 estet

442 4575 538 4626 pra
591 4577 807 4616 omnem
859 4579 980 4618 esse
1033 4567 1305 4622 notitiam.
1349 4569 1467 4626 Alio
1515 4581 1694 4626 autem
1753 4573 1912 4627 modo
1949 4588 2016 4627 ex

443 4651 734 4708 virtutibus
760 4669 824 4710 ac
850 4658 1280 4724 operationibus,
1319 4671 1428 4716 tum
1465 4663 1933 4733 intelligitur,tum
1963 4676 2017 4721 et

441 4743 776 4810 nominatur,
832 4748 1126 4819 multisque
1177 4753 1482 4808 nominibus
1531 4755 1751 4812 dicitur.
1803 4758 2014 4812 Etenim

438 4836 572 4888 dttm
628 4837 944 4895 aliit'mando
989 4857 1116 4896 eum
1164 4858 1286 4900 esse
1323 4846 1580 4914 dicimus,
1617 4858 1676 4902 ut
1718 4859 1800 4904 est
1845 4850 2013 4917 illud,

441 4925 554 4994 Ego
584 4943 699 4982 sum
728 4932 815 4999 qui
865 4949 978 4986 sum
1009 4973 1024 4999 ,
1076 4949 1140 4990 ac
1191 4937 1536 5006 simpliciter,
1583 4947 1640 4994 ut
1691 4955 1869 4995 rerum
1915 4956 2009 4995 au-

438 5031 670 5088 ctorem,
703 5035 755 5079 et
782 5027 870 5096 qui
900 5038 1016 5084 erat
1059 5040 1248 5100 estque
1285 5044 1338 5087 et
1364 5033 1577 5090 futurus
1607 5047 1712 5102 est,
1763 5041 2018 5093 nomina-

442 5127 588 5178 tuus,
637 5129 742 5170 non
786 5117 962 5186 ipsum
1013 5123 1267 5192 quidnam
1322 5126 1391 5178 sit
1443 5141 1914 5196 reprassentamus.
1956 5131 2014 5186 Si

440 5204 660 5270 quidem
715 5205 884 5261 Deum
928 5209 1127 5280 (Grtrce
1157 5213 1311 5282 Θεὸν)
1348 5217 1681 5284 appellamus
1710 5261 1723 5284 ,
1760 5236 1861 5274 non
1897 5223 2013 5290 ejus

440 5297 782 5382 declaramus
817 5312 1086 5370 naturam,
1114 5306 1206 5361 sed
1235 5309 1377 5377 quod
1412 5310 1491 5363 vel
1524 5313 1832 5382 currnt(61t
1881 5313 2010 5382 θέει)

444 5374 639 5458 tesque
700 5394 864 5448 obeat
917 5410 980 5451 ac
1030 5410 1218 5466 curet;
1256 5401 1335 5453 vel
1370 5402 1432 5451 ἐκ
1467 5401 1560 5452 τοῦ
1627 5403 1821 5471 αἴθειν,
1869 5407 2011 5472 quod

441 5481 651 5538 scilicet
683 5490 984 5554 comburat,
1038 5499 1250 5559 sumpta
1298 5495 1532 5546 nominis
1589 5494 1874 5564 appellatio
1929 5506 2014 5550 est

661 5682 892 5760 gerinde
916 5688 1228 5759 Dionysius,
1249 5689 1542 5760 Gregorius
1603 5705 1656 5746 et
1709 5695 2095 5753 Dantascenns.

515 5753 629 5821 (τι)
663 5752 913 5810 Damasc.
949 5761 986 5813 ι.
1018 5752 1131 5824 ι,’ρ.
1165 5752 1270 5814 vel
1314 5752 1389 5814 liv.
1425 5765 1587 5816 Exod.
1628 5779 1708 5830 tn,
1749 5765 1830 5816 14.

2123 3223 2447 3292 ποιούμεθα,
2511 3222 2764 3290 καθάπερ
2809 3223 2858 3274 οἱ
2889 3224 2946 3274 ἐν
2975 3221 3155 3293 μικρῷ
3187 3223 3377 3276 πίνακι
3409 3223 3501 3277 τὸν
3524 3225 3685 3293 οὐρά-

2124 3334 2234 3368 νιον
2294 3314 2743 3383 καταγράφοντες
2788 3313 3034 3366 κύκλον·
3065 3314 3194 3367 τὸδ’
3251 3315 3382 3368 αὐτὸ
3444 3316 3541 3368 καὶ
3598 3317 3688 3369 ἐπὶ

2124 3408 2343 3460 πάντων
2373 3406 2654 3476 ὀνομάτων
2693 3403 3006 3473 συμδαίνει,
3045 3402 3151 3456 τῶν
3183 3405 3278 3457 ἐπὶ
3338 3404 3478 3458 Θεοῦ
3539 3407 3690 3476 λεγο-

2128 3499 2326 3566 μένων.
2703 3538 2708 3543 -

2207 3587 2446 3657 ’Δληθῶς
2497 3589 2609 3654 οὖν,
2643 3590 2781 3660 ὅπερ
2812 3591 3051 3662 ἐξαρχῆς
3083 3591 3362 3662 ἐλέγομεν,
3407 3595 3691 3666 ἀνώνυμός

2122 3685 2268 3733 ἐστιν
2293 3683 2320 3734 ό
2344 3679 2476 3744 Θεὸς
2512 3681 2649 3750 (20),
2681 3682 2755 3745 ώς
2786 3681 2926 3753 ὑπὲρ
2982 3685 3090 3738 πᾶν
3127 3684 3317 3756 ὄνομαο
3352 3691 3446 3739 καὶ
3475 3687 3572 3754 τῆς
3599 3690 3690 3742 οὗ·

2122 3773 2243 3834 σίας
2302 3773 2466 3825 αὐτοῦ
2501 3775 2604 3826 οὑκ
2673 3774 2820 3828 ἔστιν
2851 3775 2995 3846 ὄρος.
3037 3778 3101 3829 El
3142 3779 3248 3846 γὰρ
3281 3781 3307 3831 ό
3346 3780 3468 3848 ὅρος
3516 3796 3690 3850 περιε-

2126 3865 2313 3924 κτικός
2346 3865 2460 3916 ἐστι
2491 3868 2583 3916 καὶ
2615 3864 2932 3934 δηλωτικὲς,
2971 3869 3054 3936 ἐφ’
3094 3864 3154 3921 οὗ
3209 3871 3446 3938 λέγεται,
3480 3872 3596 3936 πῶς
3635 3873 3691 3926 τὸ

2127 3956 2352 4024 ἄπειρον
2389 3955 2483 4008 καὶ
2511 3957 2925 4026 ἀπερίγραπτον
2948 3959 3052 4010 ὑπό
3084 3977 3227 4022 τινος
3277 3963 3406 4030 ὅρου
3435 3967 3530 4017 καὶ
3579 3965 3692 4018 ὀνό-

2127 4064 2295 4114 ματος
2329 4048 2701 4118 δηλωθήσεται
2750 4051 2844 4104 καὶ
2879 4053 3383 4125 περιληφθήσεται;
3448 4057 3582 4120 Kal,
3643 4060 3688 4110 εί

2127 4140 2236 4193 τῶν
2267 4141 2434 4194 ὄντων
2491 4145 2547 4195 αἱ
2581 4143 2830 4209 γνώσεις,
2913 4146 3030 4208 πῶς
3067 4150 3388 4217 νοηθήσεται
3445 4144 3510 4202 τδ
3555 4151 3688 4222 ὑπὲρ

2123 4232 2302 4284 πάντα
2341 4231 2409 4284 τὰ
2445 4232 2572 4287 ὄντα
2601 4235 2696 4287 καὶ
2726 4236 2906 4288 πᾶσαν
2941 4237 3148 4303 οὐσίαν,
3184 4241 3276 4291 καὶ
3309 4241 3451 4309 ὑπὲρ
3470 4242 3603 4295 αὐτὸ
3627 4245 3686 4295 τὸ

2119 4317 2261 4373 εἶναι
2286 4321 2345 4374 ὅν
2373 4339 2388 4388 ;
2425 4324 2486 4376 El
2516 4323 2573 4376 δὲ
2615 4324 2755 4395 ὑπὲρ
2786 4327 2969 4380 πᾶσάν
2993 4329 3140 4379 ἐστιν
3171 4330 3382 4395 οὐσίαν,
3415 4333 3575 4399 δῆλον
3603 4335 3684 4385 ὅτι

2118 4413 2259 4482 ὑπὲρ
2294 4413 2472 4466 πᾶσάν
2503 4415 2620 4468 ἐστι
2681 4416 2886 4483 γνῶσιν
2938 4419 3066 4487 (21).
3127 4419 3342 4488 Τρόπον
3397 4421 3454 4475 δὲ
3507 4423 3689 4494 ἕτερον

1931 4499 2020 4536 ευ·
2053 4488 2095 4541 D
2127 4505 2235 4558 ἀπὸ
2260 4506 2367 4557 τῶν
2410 4507 2701 4576 ἐνεργειῶν
2724 4509 2818 4560 καὶ
2847 4511 3045 4562 νοεῖται
3082 4513 3175 4564 καὶ
3225 4513 3566 4580 ὀνομάζεται,
3601 4488 3690 4569 καὶ

2127 4595 2486 4666 πολυώνυμος
2535 4598 2780 4665 λέγεται.
2832 4602 2942 4654 Kal
3024 4602 3130 4673 γὰρ
3202 4605 3251 4656 εί
3303 4607 3689 4674 καταφατικῶς

2122 4685 2214 4739 τὸν
2240 4688 2408 4742 αὐτὸν
2429 4688 2487 4741 ὃν
2521 4686 2662 4742 εἶναι
2688 4689 2941 4760 λέγομεν,
2965 4691 3041 4756 ὡς
3072 4692 3165 4755 τὰ,
3205 4693 3353 4763 Ἐγώ
3390 4698 3506 4764 ειμι
3524 4701 3558 4751 ό
3584 4697 3683 4760 ὢν,

2121 4776 2307 4838 ἁπλῶς
2359 4777 2419 4831 ὃν
2445 4778 2704 4848 λέγομεν,
2735 4779 2809 4845 ὡς
2856 4786 3198 4853 παραγωγέα
3230 4786 3340 4838 τῶν
3370 4787 3559 4852 όντων,
3600 4792 3685 4841 καὶ

2119 4867 2202 4920 ὅτι
2239 4863 2307 4938 ἦν
2331 4870 2426 4922 καὶ
2448 4870 2566 4922 ἐστι
2603 4874 2696 4924 καὶ
2728 4871 2906 4937 ἔσται,
2961 4873 3021 4926 οὐ
3054 4875 3118 4926 τὸ
3148 4875 3201 4927 τί
3261 4877 3322 4929 δν
3350 4877 3466 4930 ἐστι
3529 4896 3684 4947 παρι-
3733 4884 3752 4889 “

2124 4957 2359 5027 στῶμεν.
2389 4960 2453 5012 Εἰ
2505 4959 2640 5012 Θεὸν
2677 4961 3042 5032 ὀνομάζομεν,
3074 4965 3136 5017 οὐ
3166 4966 3266 5034 τὴν
3314 4967 3478 5034 φύσιν
3521 4969 3682 5021 αὑτοῦ

2119 5048 2414 5119 δηλοῦμεν,
2445 5050 2561 5104 ἀλλ’
2603 5052 2634 5121 ἢ
2679 5051 2762 5104 ὅτι
2821 5052 2934 5106 θέει
2992 5059 3086 5108 καὶ
3143 5056 3395 5126 περιέπει
3443 5057 3514 5111 τὰ
3537 5060 3680 5120 ὄντα,

2120 5139 2152 5207 ἢ
2182 5141 2246 5192 ὲκ
2286 5141 2381 5193 τοῦ
2411 5141 2605 5205 αἴθειν,
2661 5143 2689 5194 ὃ
2717 5144 2832 5195 ἐστι
2880 5144 3078 5209 καίειν,
3113 5146 3369 5215 εἴληπται
3398 5147 3459 5200 τὸ
3494 5148 3679 5216 ὄνομα.

2120 5231 2228 5283 Kal
2255 5232 2362 5301 γὰρ
2402 5235 2428 5286 ὁ
2469 5233 2599 5297 Θεὸς
2635 5233 2768 5303 πῦρ,
2810 5237 2993 5290 πᾶσαν
3047 5237 3350 5308 μοχθηρίαν
3395 5240 3681 5294 καταναλί-

2121 5340 2270 5387 σκον,
2303 5324 2384 5377 ὃτι
2420 5324 2527 5378 τῶν
2561 5328 2904 5397 πραγμάτων
2952 5331 3216 5391 σωστικός
3256 5333 3394 5396 ἐστι,
3427 5332 3561 5384 καθὸ
3590 5347 3680 5382 πε-

2121 5413 2452 5483 φύκασινοῆ
2497 5417 2604 5469 ἀπὸ
2649 5417 2740 5469 τοῦ
2779 5415 3007 5471 θεᾶσθαι
3049 5419 3116 5472 τὰ
3164 5420 3362 5474 πάντα.
3396 5420 3680 5490 Ἀλάθητος

2120 5505 2226 5573 γάρ
2274 5507 2386 5557 ἐστι
2416 5508 2510 5560 καὶ
2535 5507 2752 5562 πὰντων
2789 5508 3056 5578 ἐπόπτης.
3115 5510 3177 5562 El
3217 5511 3378 5579 σοφὸν
3431 5511 3676 5581 λέγομεν,
