4036 6262
279 385 383 446 453

1227 389 1326 448 DE
1357 390 1778 451 I’RINCIPIIS
1811 393 2022 453 FlDEI
2067 395 2530 459 ΕᾹΤΗΟΠΟΑΞ.

3408 400 3513 465 454

279 499 387 549 ἀπὸ
419 500 515 565 τῆς
547 497 952 569 ἐμφαινομένης
982 500 1060 570 τῷ
1091 502 1282 573 κόσμῳ
1315 504 1504 572 σοφίας
1529 504 1684 559 τοῦτο
1702 507 1828 577 λαμ-

1944 511 2102 582 (Deus
2139 512 2282 564 enim
2312 513 2448 581 ignis
2477 521 2576 576 est,
2621 529 2918 568 consumens
2953 514 2997 547 "
3029 529 3242 570 omnem
3272 522 3506 586 pravita-

277 590 535 657 ϐάνομεν,
563 591 638 654 ὡς
667 591 695 642 6
736 592 906 659 μέγας
938 593 1213 658 Βασίλειος
1234 599 1291 648 ἐν
1321 599 1520 667 πρώτῳ
1549 598 1656 652 τῶν
1683 602 1836 669 Παρ-

273 681 470 747 οιμιῶν
523 683 762 751 εἴρηκεν.
833 682 944 736 Καὶ
991 685 1126 747 ὅλως
1201 686 1298 750 τὸ,
1361 690 1575 757 Κύριος
1633 691 1836 744 ἔκτισέ

271 787 346 838 με
379 772 577 840 ἀρχὴν
610 773 766 827 ὁδῶν
797 773 1004 838 αὑτοῦ,
1032 775 1161 844 περὶ
1191 778 1287 846 τῆς
1325 778 1734 852 ἐμφαινομένης
1759 783 1836 852 τῷ

273 863 462 932 κόσμῳ
497 864 687 931 σοφίας
742 865 896 935 φησί’
950 869 1228 938 μονονουχί
1258 871 1440 942 φωνὴν
1473 873 1727 943 ἀφιείσης
1749 875 1837 930 διὰ

273 955 381 1007 τῶν
411 957 708 1024 ὁρωμένων
735 958 820 1010 ὅτι
857 958 1010 1028 παρὰ
1058 959 1192 1013 Θεοῦ
1226 962 1439 1029 γέγονε.
1469 965 1604 1035 Περὶ
1631 966 1837 1037 ταύτης

273 1050 378 1118 γὰρ
406 1048 502 1100 καὶ
539 1052 588 1102 οἱ
612 1049 892 1118 προφῆται
939 1052 1326 1122 διαποροῦσιν,
1361 1054 1536 1125 ὁπόση
1571 1074 1655 1120 τις
1701 1054 1835 1112 οὖσα

272 1141 555 1210 τυγχάνει,
594 1143 846 1214 καθάπερ
907 1145 1003 1198 καὶ
1045 1147 1073 1198 6
1126 1147 1613 1215 πολυμαθέστατος
1661 1151 1833 1221 ἔφησε

270 1233 462 1302 tagax-
505 1233 656 1294 Ῥίζα
709 1235 936 1303 σοφίας
987 1236 1106 1290 τίνι
1157 1237 1576 1308 ἀπεκαλύφθη,
1627 1243 1725 1295 καὶ
1765 1244 1838 1297 τὰ

269 1326 776 1392 πανουργεύματα
806 1325 993 1380 αὐτοῦ
1013 1327 1104 1393 τίς
1132 1331 1285 1397 ἔγνω
1299 1344 1320 1394 ;
1344 1326 1450 1396 Εἷς
1475 1332 1832 1402 ἐστισοςοὸς,

269 1415 525 1483 φοϐερὸς
549 1417 806 1484 σφόδρα,
846 1419 1188 1487 καθήμενος
1209 1421 1306 1474 ἐπὶ
1334 1423 1441 1476 τοῦ
1493 1426 1709 1490 θρόνου
1728 1428 1836 1480 αὑ-

270 1506 400 1560 τοῦ.
447 1508 642 1571 Αὐτὸς
691 1509 932 1564 ἔκτισεν
989 1511 1207 1578 αὐτὴν,
1282 1515 1382 1567 καὶ
1442 1515 1686 1584 ἐξέχεεν
1736 1517 1833 1570 ἐπὶ

269 1593 464 1646 πάντα
493 1595 562 1648 τὰ
577 1594 721 1665 ἔργα
742 1596 950 1650 αὐτοῦ.
979 1598 1042 1650 Et
1071 1599 1301 1669 δύναμιν
1337 1601 1587 1673 εἴποιμεν
1649 1605 1832 1672 αὐτὸν,

271 1684 434 1738 τοῦτο
471 1687 763 1756 δηλοῦμεν,
794 1690 877 1741 ὅτι
917 1694 1315 1761 συντηρητικδς
1362 1693 1470 1746 τῶν
1527 1698 1836 1766 γενομένων

225 1818 232 1824 .
267 1776 404 1840 ἐστὶ,
453 1778 547 1828 καὶ
575 1778 674 1845 τὴν
708 1777 801 1831 τοῦ
835 1779 1156 1851 συνέχεσθαι
1198 1783 1371 1836 ταῦτα
1415 1787 1646 1855 χορηγεῖ
1674 1786 1834 1839 δύνα-

268 1883 380 1933 μιν.
422 1867 531 1918 Καὶ
553 1868 716 1921 πάλιν
768 1870 876 1924 ἀπὸ
909 1873 1010 1940 τῆς
1067 1875 1453 1945 συντηρήσεως
1499 1875 1610 1930 τῶν
1662 1877 1830 1931 ὄντων

265 1957 521 2023 πρόνοιαν
550 1959 710 2011 αὐτὸν
750 1960 1047 2030 καλοῦμεν.
1092 1962 1152 2016 '0
1178 1965 1288 2035 γὰρ
1322 1965 1457 2028 Θεὸς
1511 1967 1612 2038 τὴν
1667 1969 1833 2038 ἁπάνο

265 2063 373 2098 των
405 2047 664 2117 πρόνοιαν
698 2052 954 2118 ποιεῖται,
986 2053 1062 2116 ὡς
1097 2055 1124 2107 6
1152 2057 1326 2125 μέγας
1381 2058 1547 2128 φησιν
1604 2057 1831 2112 Ἀθανά-

267 2153 376 2199 σιος
413 2138 471 2190 ὲν
501 2137 578 2208 τῷ
606 2141 748 2193 κατὰ
779 2142 1077 2211 Ἀρειανῶν
1103 2145 1294 2214 τρίτῳ.
1325 2146 1444 2210 Φῶς
1480 2147 1557 2211 δὲ,
1579 2149 1654 2212 ῶς
1674 2166 1832 2220 ποιη-

263 2230 410 2282 τικὸν
439 2233 638 2298 φωτὸς,
670 2233 926 2303 λέγομεν,
959 2236 1056 2290 καὶ
1101 2236 1176 2299 ὡς
1227 2237 1591 2312 λαμπρότητα
1640 2241 1830 2310 ψυχῶν

265 2323 356 2374 καὶ
383 2323 546 2393 λόγῳ’
567 2325 663 2376 καὶ
716 2325 817 2396 βίῳ
849 2327 1283 2398 καθαιρομένων.
1322 2332 1384 2384 Ei
1414 2333 1520 2400 γὰρ
1573 2335 1668 2385 καὶ
1702 2335 1829 2386 σκό-

263 2430 348 2478 τος
371 2415 652 2488 λέγεταιὴ
694 2419 887 2486 ἄγνοια
935 2422 1030 2473 καὶ
1079 2422 1348 2492 ἁμαρτία,
1391 2424 1507 2492 φῶς
1548 2425 1612 2477 ἂν
1673 2425 1760 2494 εἴη
1795 2427 1824 2496 ἡ

263 2504 466 2570 γνῶσις
508 2506 602 2558 καὶ
641 2506 752 2575 βίος
783 2511 811 2560 6
844 2507 1049 2570 ἔνθεος.
1085 2511 1198 2564 Καὶ
1223 2513 1328 2579 γὰρ
1363 2514 1458 2565 καὶ
1485 2515 1511 2566 ὁ
1544 2514 1681 2577 θεῖος
1709 2517 1831 2568 Διο-

264 2594 440 2658 νύσιος
470 2596 583 2666 (‘22)
627 2600 684 2650 ἐν
712 2601 794 2667 τῇ
811 2599 1112 2665 ἀναπτύξει
1147 2602 1248 2671 τῆς
1306 2603 1652 2672 θεωνυμικῆς
1714 2623 1828 2674 gate-

263 2687 561 2754 τωνυμίας,
599 2690 746 2753 Φῶς,
782 2693 937 2758 φησὶ,
969 2692 1207 2760 λέγεται
1237 2694 1303 2747 τὸ
1354 2694 1504 2762 ὑπὲρ
1530 2693 1652 2750 πᾶν
1705 2695 1830 2765 φῶς

264 2777 509 2844 ἀγαθὸν,
542 2781 638 2836 διὰ
665 2783 732 2836 τὸ
763 2785 1016 2853 ἄγνοιαν
1039 2786 1136 2838 καὶ
1167 2787 1414 2853 πλάνην
1435 2788 1826 2852 ἀπελαύνειν,

267 2870 359 2922 καὶ
384 2870 663 2940 γνώσεως
686 2875 829 2940 τοὺς
857 2876 1106 2944 νοεροὺς
1119 2876 1467 2945 ὀφθαλμοὺς
1497 2878 1826 2947 ἑμπιπλᾷν.

275 2965 412 3034 Ἐγὼ
436 2965 568 3033 γὰρ,
595 2969 748 3035 φησὶ,
789 2968 914 3038 φῶς
940 2972 1027 3034 είς
1073 2972 1182 3024 τὸν
1247 2973 1483 3040 κόσμον
1533 2974 1825 3041 ἐλήλυθα.

265 3057 392 3120 Καὶ,
423 3059 664 3126 Λύχνος
692 3060 816 3124 τοῖς
839 3063 988 3114 ποσί
1006 3080 1125 3131 μου
1158 3065 1191 3116 ὀ
1221 3066 1406 3131 νόμος
1425 3082 1564 3131 σου,
1587 3068 1685 3121 καὶ
1701 3068 1826 3137 φῶς

1941 606 2097 670 tcm),
2131 606 2273 673 quod
2309 618 2499 672 ncmpc
2531 619 2618 658 res
2647 619 2742 671 pro
2770 619 2836 660 co
2862 619 2924 658 ac
2949 617 3085 659 natas
3115 615 3258 668 sunt,
3291 620 3511 675 prmstet

1937 698 2269 762 incolumes;
2299 697 2381 752 vel
2411 697 2518 750 ἀπὸ
2559 696 2653 748 τοῦ
2695 695 2942 760 θεᾶσθαι,
2984 698 3127 765 quod
3157 697 3365 753 scilicet
3391 714 3509 753 0m-

1938 789 2024 842 nia
2057 797 2380 842 contueatur
2414 803 2427 840 :
2465 787 2597 841 nihil
2640 788 2844 856 quippe
2893 801 3014 841 eum
3063 789 3234 842 latere
3283 800 3456 857 potest
3489 831 3505 855 ,

1935 879 2286 946 omniumque
2315 879 2586 946 inspector
2617 885 2717 930 est.
2745 877 3050 946 Sapientem
3091 878 3216 931 dum
3257 880 3508 943 dicimus,

1937 968 2080 1036 quod
2115 970 2184 1022 ita
2225 983 2624 1037 nuncupanms,
2656 969 3019 1036 ex‘sapientia
3048 983 3168 1035 qua:
3214 971 3267 1022 in
3311 975 3508 1024 mundo

1935 1058 2129 1122 elucet,
2167 1060 2484 1128 accipimus,
2530 1059 2607 1112 uti
2645 1074 2871 1126 magnus
2907 1060 3139 1138 Basilius
3173 1061 3307 1115 dixit
3336 1063 3510 1127 primo

1935 1150 2112 1215 capite
2158 1149 2282 1204 libri
2334 1149 2781 1213 Proverbiorum;
2819 1166 3148 1220 morsusque
3188 1159 3366 1206 textus
3399 1153 3508 1216 ille,

1938 1239 2192 1294 Dominus
2221 1241 2414 1296 ereavit
2459 1257 2541 1294 me
2589 1243 2799 1295 initium
2838 1244 3043 1296 uiarum
3087 1260 3301 1296 suarum
3333 1247 3398 1309 ’⁵,
3441 1247 3510 1298 de

1935 1329 2200 1396 sapientia
2233 1330 2312 1383 sic
2365 1331 2416 1383 in
2452 1331 2656 1385 mundo
2689 1331 2936 1385 elucentc
2987 1331 3244 1400 loquitur;
3274 1349 3391 1402 qua:
3421 1337 3509 1389 vix

1936 1433 2040 1472 non
2076 1433 2262 1474 vocem
2308 1420 2560 1484 emittat,
2597 1435 2694 1488 per
2731 1436 2792 1476 ea
2829 1437 2949 1490 qum
2992 1423 3166 1478 oculis
3212 1426 3506 1492 conspicua

1935 1515 2082 1571 Sunt,
2117 1507 2364 1576 iactaque
2407 1508 2521 1562 hac
2568 1508 2676 1588 Deo
2722 1521 2947 1564 auctore
2996 1510 3270 1580 loquatttr.
3303 1513 3375 1566 Dc
3408 1504 3508 1568 ltzic

1935 1599 2079 1652 enim
2113 1601 2274 1653 etiam
2309 1602 2586 1669 prophetae
2637 1617 2889 1670 quamam
2937 1603 3009 1655 sit
3057 1604 3110 1656 in
3152 1610 3505 1672 qttrcstionem

1934 1697 2149 1744 vertunt
2177 1705 2238 1745 ac
2269 1690 2566 1758 disputant,
2593 1694 2669 1746 uti
2701 1695 2864 1747 etiam
2893 1695 3291 1750 eruditissimus
3315 1696 3504 1749 Sirarlt

1934 1779 2011 1834 ait
2045 1796 2059 1833 :
2097 1779 2269 1834 Radix
2313 1783 2588 1849 sapientia:
2636 1785 2721 1836 cui
2771 1783 2996 1836 revelata
3042 1793 3160 1847 est,
3194 1793 3241 1837 et
3278 1786 3505 1838 astutias

1933 1872 2044 1939 ejus
2079 1872 2195 1940 quis
2222 1872 2401 1925 novit?
2435 1871 2582 1926 Unus
2615 1881 2688 1924 est
2723 1873 2954 1939 sapiens,
2987 1875 3290 1926 metuendus
3325 1876 3504 1942 nimis,

1933 1961 2113 2016 sedens
2162 1978 2320 2031 super
2370 1963 2615 2015 thronum
2657 1976 2846 2026 suum;
2894 1963 3003 2031 ipse
3043 1965 3233 2018 creavit
3261 1961 3397 2029 eam,
3455 1974 3506 2018 et

1931 2053 2105 2123 effudit
2135 2053 2283 2107 illam
2313 2069 2468 2120 super
2496 2053 2674 2106 omnia
2701 2070 2857 2122 opera
2891 2070 2990 2107 sua
3015 2055 3081 2110 ".
3114 2054 3170 2108 Si
3210 2056 3502 2125 potentiam

1932 2158 1994 2197 ac
2026 2142 2278 2198 virtutem
2310 2158 2434 2198 eum
2476 2143 2726 2207 dicimus,
2774 2143 2876 2198 hoc
2927 2144 3293 2214 significamus
3321 2185 3336 2210 ,
3385 2161 3506 2202 esse

1933 2235 2188 2289 nimirum
2238 2250 2426 2290 eorum
2479 2249 2599 2303 qua:
2652 2234 2791 2290 facta
2841 2248 2968 2290 sunt
3019 2247 3500 2303 conservatorem,

1933 2327 2144 2397 vimque
2181 2342 2286 2396 qua
2332 2328 2447 2382 haec
2496 2327 2881 2382 contineantur
2926 2343 2989 2381 ac
3037 2328 3322 2382 incolumia
3367 2346 3504 2398 per-

1928 2429 2070 2472 stent
2095 2459 2111 2483 ,
2137 2419 2574 2474 subministrare.
2615 2420 2693 2472 Ac
2726 2435 2938 2488 rursus,
2965 2435 3029 2476 ex
3062 2436 3241 2478 rerum
3278 2436 3502 2476 conser-

1931 2513 2144 2566 vatione
2178 2509 2577 2566 Providentiam
2612 2511 2787 2580 ipsum
2814 2514 3170 2583 appellamus.
3199 2513 3338 2569 Deus
3359 2517 3496 2568 enim

1929 2618 2103 2654 rerum
2133 2602 2362 2656 omnium
2403 2619 2582 2656 curam
2609 2605 2765 2673 gerit,
2801 2613 2856 2658 ut
2883 2606 2959 2659 ait
3002 2621 3226 2676 magnus
3257 2607 3501 2661 Athana-

1928 2696 2062 2758 sius,
2086 2694 2222 2748 libro
2255 2710 2310 2749 ut
2339 2707 2521 2748 contra
2551 2697 2802 2751 Arianos.
2844 2694 3044 2751 Lucem
3078 2712 3206 2753 vero
3239 2698 3494 2761 dicimus,

1930 2796 1986 2838 ut
2019 2785 2479 2860 auctoremjucis,
2507 2796 2560 2840 et
2590 2796 2648 2840 ut
2682 2787 3008 2853 animorum,
3043 2789 3250 2843 ratione
3280 2790 3498 2858 vitaque

1929 2877 2253 2940 nitentium,
2294 2878 2658 2947 splendorem.
2694 2878 2826 2933 Nam
2860 2880 2906 2934 si
2941 2881 3244 2950 ignorantia
3275 2890 3329 2936 et
3372 2896 3497 2950 pec-

1926 2980 2106 3025 catum
2155 2970 2390 3025 tenebras
2420 2971 2678 3024 dicuntur
2698 3011 2712 3035 ,
2747 2970 2904 3040 plane
2934 2970 2991 3024 ﬁt
3021 2980 3077 3025 ut
3104 2973 3332 3025 scientia
3364 2975 3500 3026 vita-

1928 3077 2031 3131 que
2081 3061 2351 3132 religiosis
2401 3063 2643 3116 moribus
2704 3063 2949 3118 instituta
2974 3103 2988 3127 ,
3026 3063 3111 3116 lux
3157 3065 3246 3118 sit.
3279 3063 3410 3118 Nam
3447 3076 3502 3119 et

261 3149 387 3212 ταῖς
418 3150 642 3216 τρίϐοις
659 3168 796 3219 μου.
833 3152 963 3216 Καὶ,
999 3150 1125 3219 Φῶς
1148 3153 1219 3207 τὰ
1241 3155 1666 3226 προστάγματα
1707 3174 1824 3213 σου

1932 3155 2140 3209 divinus
2170 3154 2474 3224 Dionysius,
2504 3169 2611 3222 quo
2646 3153 2764 3209 loco
2789 3155 3022 3207 divinam
3061 3153 3193 3209 lucis
3224 3169 3500 3223 nuncupa-

259 3241 357 3293 ἐπὶ
387 3239 500 3306 τῆς
527 3239 658 3309 γῆς.
688 3239 840 3310 Ζωὴν
868 3240 924 3294 δὲ
951 3242 1113 3294 πάλιν
1137 3243 1365 3315 λέγομεν
1391 3246 1526 3315 (25),
1562 3248 1641 3300 ὅτι
1663 3247 1822 3316 φύσις

259 3337 376 3388 ἐστὶ
413 3336 509 3387 καὶ
567 3335 748 3403 πάσης
787 3333 1004 3401 φύσεως
1052 3335 1282 3404 λογικῆς
1335 3337 1428 3390 καὶ
1484 3337 1676 3406 ἀλόγου
1733 3342 1825 3393 σύ-

262 3441 472 3486 στασις.
539 3423 638 3475 Ἐν
683 3422 844 3488 αὐτῷ
876 3423 984 3494 γὰρ
1015 3423 1196 3495 ζῶμεν
1226 3428 1325 3480 καὶ
1374 3431 1692 3498 κινούμεθα
1725 3432 1821 3486 καί

252 3520 467 3590 ἐσμέν.

1927 3244 2128 3299 tionem
2169 3245 2411 3312 exponit,
2475 3242 2702 3310 Bonum,
2759 3243 2966 3311 inquit,
3013 3244 3149 3314 quod
3202 3246 3346 3300 omni
3391 3245 3499 3300 luci

1928 3337 2140 3398 eminet,
2199 3337 2294 3388 lux
2339 3346 2692 3404 nuncupatur,
2745 3351 2804 3388 eo
2850 3337 2988 3404 quod
3037 3335 3389 3404 ignorantiam
3436 3352 3500 3389 ac

1928 3444 2156 3481 errorem
2182 3427 2343 3494 fuget,
2368 3428 2648 3497 mentisque
2676 3427 2852 3480 oculos
2882 3427 3099 3481 scientia
3128 3428 3358 3494 impleat.
3388 3426 3498 3496 Ego

1929 3502 2090 3583 enim,
2129 3519 2323 3587 inquit,
2354 3521 2445 3573 lux
2481 3521 2589 3572 veni
2635 3520 2704 3571 in‘
2732 3518 2986 3572 mundum
3020 3520 3105 3584 '7;
3136 3529 3184 3573 ct
3219 3535 3233 3572 :
3264 3518 3500 3573 Lucerna

254 3614 475 3683 pedibus
510 3613 637 3667 meis
664 3612 749 3667 lea.
780 3623 894 3680 ::.a,
925 3621 974 3668 et
1005 3613 1177 3667 lumen
1207 3613 1408 3667 sentitis
1439 3615 1566 3666 meis
1593 3613 1674 3679 '3;
1719 3619 1771 3666 ct
1804 3629 1818 3664 :
1862 3610 1979 3664 Lua:
2011 3611 2260 3664 mandata
2291 3621 2381 3664 tua
2422 3626 2577 3678 super
2606 3611 2799 3663 te'rram
2831 3611 2899 3664 ”.
2961 3611 3159 3666 Deinde
3225 3625 3352 3665 vero
3420 3612 3499 3664 vi-

259 3721 368 3764 tam
406 3711 655 3776 dicimus,
691 3710 833 3780 quod
869 3719 1083 3776 natura,
1114 3711 1400 3778 omnisque
1434 3721 1636 3763 naturae
1668 3708 1866 3762 utentis
1905 3707 2114 3762 ratione
2145 3721 2207 3761 ac
2285 3721 2404 3776 quae
2455 3706 2575 3774 ejus
2633 3720 2828 3775 expers
2906 3708 3171 3772 exsistat,

3253 3708 3401 3777 vigor
3437 3723 3501 3763 ac

259 3807 583 3864 constitutio
628 3805 698 3860 sit
730 3821 745 3858 :
778 3803 845 3858 In
888 3805 1002 3874 ipso
1047 3807 1191 3860 enim
1231 3804 1449 3859 vivimus
1479 3815 1526 3859 et
1560 3820 1823 3860 movemur
1859 3813 1905 3858 et
1937 3819 2118 3858 sumus
2150 3803 2215 3856 ³ο.

336 3906 522 3959 Πάντα
580 3898 675 3956 οὖν
704 3902 777 3964 ὡς
813 3904 1030 3956 πάντων
1076 3900 1250 3965 αίτιος
1273 3901 1511 3970 λέγεται.
1549 3902 1622 3955 Οὐ
1659 3902 1764 3972 μὴν
1789 3903 1822 3970 ἡ

256 3997 414 4050 οὐσία
440 3994 609 4051 αὐτοῦ
642 3994 732 4047 διὰ
763 3994 967 4047 τούτων
988 3993 1286 4049 δείκνυται.
1318 3992 1475 4048 Οὕτω
1491 3993 1597 4062 γάρ
1615 4009 1777 4062 φησιν
1798 3993 1826 4045 6

256 4087 620 4157 Δαμασκηνὸς
653 4085 790 4156 (26),
812 4087 893 4138 ὅτι
927 4083 1025 4148 Ὠς
1047 4085 1238 4150 αἴτιος
1269 4083 1474 4152 πάσης
1494 4084 1710 4151 οὐσίας
1727 4085 1824 4138 καί

258 4180 503 4233 πάντων
522 4176 874 4248 τῶνζόντων,
892 4175 1128 4246 λέγεται
1143 4177 1240 4230 καὶ
1265 4174 1350 4229 ὢν
1369 4177 1468 4228 καὶ
1493 4176 1691 4230 οὐσία.
1715 4176 1826 4230 Καὶ

258 4274 330 4336 ὡς
357 4272 531 4333 αἴτιος
564 4271 722 4337 λόγου
773 4270 976 4333 παντὸς
1054 4270 1150 4324 καὶ
1209 4269 1420 4338 σοφίας,
1491 4269 1712 4337 λογικοῦ
1763 4287 1823 4322 τε

259 4368 352 4418 καὶ
381 4364 570 4434 σοφοῦ,
604 4363 822 4431 λέγεται
876 4363 1033 4432 λόγος
1065 4363 1158 4414 καὶ
1218 4363 1458 4428 λογικὸς,
1517 4362 1679 4431 σοφία
1729 4361 1824 4413 καὶ

260 4458 444 4527 σοφὸς,
481 4457 682 4526 ὁμοίως
711 4457 805 4508 καὶ
829 4457 954 4519 νοῦς
1006 4456 1098 4508 καὶ
1137 4455 1344 4523 νοερὸς,
1386 4453 1500 4524 ζωὴ
1546 4456 1642 4507 καὶ
1692 4453 1820 4519 ζῶν,

258 4551 488 4618 δύναμις
518 4551 611 4601 καὶ
644 4548 894 4610 δυνατόςο
921 4547 1016 4601 καὶ
1042 4547 1135 4600 ἐπὶ
1188 4547 1407 4600 πάντων
1459 4546 1568 4599 τῶν
1614 4547 1820 4600 λοιπῶν

2003 3898 2196 3956 Omnia
2227 3897 2409 3965 itaque
2441 3905 2683 3960 vocatur,
2722 3894 2866 3950 velut
2891 3895 3128 3950 omnium
3163 3907 3367 3963 auctor;
3400 3913 3498 3953 nec

1932 3993 2017 4047 his
2073 4001 2252 4046 tamen
2306 3991 2421 4060 ejus
2468 3988 2706 4043 essentia
2755 3987 2884 4057 quid
2931 3988 3003 4042 sit
3035 3989 3360 4043 ostenditur.
3409 3990 3499 4044 Sic

1931 4087 2074 4142 enim
2114 4087 2191 4141 ait
2238 4085 2630 4146 Datnascenus,
2681 4081 2748 4136 Ut
2809 4091 2996 4136 auctor
3045 4085 3214 4137 omnis
3260 4087 3500 4138 essentia:

1932 4191 2086 4250 atque
2133 4179 2365 4232 omnium
2397 4192 2514 4247 qua:
2544 4184 2684 4243 sunt,
2714 4186 2825 4227 tum
2863 4175 2951 4243 qui
2993 4184 3070 4227 est
3119 4191 3207 4228 seu
3235 4190 3345 4238 ens,
3388 4184 3496 4226 tum

1931 4272 2156 4325 essentia
2189 4270 2406 4324 dicitur.
2445 4269 2616 4338 thue
2643 4279 2830 4323 auctor
2855 4265 3031 4321 omnis
3059 4265 3284 4318 rationis
3319 4282 3380 4318 ac
3414 4283 3501 4318 sa-

1931 4364 2167 4432 pientia},
2198 4361 2512 4430 praeditique
2544 4364 2751 4414 ratione
2786 4375 2848 4412 ac
2880 4358 3160 4426 sapientis,
3190 4357 3328 4410 ratio
3363 4357 3500 4408 (Νι-ἰ-

1930 4462 2019 4507 tur
2048 4463 2313 4522 utensque
2347 4451 2572 4516 ratione,
2603 4451 2974 4520 sapientiaque
3000 4459 3053 4502 et
3079 4450 3316 4517 sapiens,
3346 4447 3501 4502 simi-

1929 4545 2052 4600 liter
2109 4545 2271 4599 etiam
2305 4560 2456 4599 mens
2485 4559 2548 4598 ac
2577 4555 2753 4598 mente
2786 4542 3092 4610 intelligens
3117 4581 3133 4604 ,
3166 4540 3272 4594 vita
3315 4555 3377 4592 ac
3420 4540 3502 4591 vi-

260 4639 478 4709 ὁμοίως.
506 4640 570 4692 El
595 4638 774 4692 τοίνυν
805 4638 912 4691 ἀπὸ
943 4639 1052 4692 τῶν
1105 4635 1495 4706 καταφατικῶν
1539 4637 1821 4707 ὀνομάτων

1932 4652 2078 4705 rens,
2129 4637 2366 4706 potentia
2399 4645 2455 4692 et
2500 4645 2723 4705 potens;
2780 4649 2880 4689 nec
2926 4633 3084 4687 aliter
3130 4633 3197 4686 de
3249 4631 3499 4687 omnibus

262 4735 294 4801 ἡ
322 4732 480 4786 οὐσία
513 4731 679 4787 αὑτοῦ
711 4748 771 4785 ου
801 4730 1096 4795 δείκνυται,
1137 4729 1317 4800 πολλῷ
1347 4730 1551 4800 μᾶλλον
1579 4731 1686 4785 ἀπὸ
1715 4731 1824 4785 τῶν

265 4824 618 4893 ἀποφατικῶν
645 4823 802 4876 τοῦτο
823 4822 923 4876 οὐκ
944 4821 1120 4876 ἔσται.
1143 4821 1380 4893 Οὐδεμία
1409 4824 1518 4894 γὰρ
1531 4825 1824 4892 ἀπόφασις,

263 4917 314 4968 τί
337 4919 454 4969 ἐστι
494 4916 588 4967 καὶ
613 4913 711 4984 τὴν
741 4913 938 4976 ῖοὺσίαν
964 4913 1118 4968 τοῦδέ
1145 4931 1311 4980 τινος,
1334 4913 1471 4968 ἀλλὰ
1511 4916 1564 4968 τί
1587 4916 1686 4969 οὐκ
1712 4915 1828 4969 ἐστι

264 5004 431 5076 δηλοῖ,
449 5003 596 5067 ὄντος
627 5003 1046 5074 ἁναίρεσις,οὐκ
1073 5003 1224 5068 δντος
1253 5004 1422 5068 θέσις.
1454 5005 1516 5059 Εἰ
1543 5007 1650 5076 γὰρ
1666 5006 1826 5061 ἀνού-

271 5113 380 5150 σιον
407 5095 570 5152 αὐτὸν
597 5095 869 5166 λέγοιμεν,
911 5096 945 5166 ἢ
972 5098 1208 5167 ἄναρχον
1237 5097 1271 5168 ἢ
1294 5097 1522 5168 ἄχρονον
1543 5101 1575 5171 ἢ
1596 5101 1828 5171 ἀόρατον

269 5188 300 5257 ἣ
332 5187 626 5260 ἄφθαρτον,
649 5187 822 5242 ταῦτα
845 5188 1133 5260 δηλοῦμεν,
1159 5189 1244 5243 ὅτι
1266 5191 1404 5261 ὑπὲρ
1433 5193 1615 5247 πᾶσαν
1635 5194 1823 5250 οὐσίαν

272 5282 404 5350 ἐστὶ,
449 5282 541 5336 καὶ
568 5281 745 5353 ἀρχὴν
773 5281 864 5336 καὶ
888 5283 1080 5354 χρόνον
1108 5283 1200 5337 καὶ
1237 5284 1426 5352 ὅρασιν
1449 5285 1545 5340 καὶ
1571 5284 1780 5357 φθοράν
1799 5303 1814 5319 ο

1934 4730 2178 4799 reliquis.
2231 4729 2362 4786 Cum
2410 4727 2594 4796 itaque
2634 4742 2700 4780 ex
2748 4725 2816 4779 iis
2856 4724 3170 4778 nominibus
3203 4738 3320 4791 quae
3353 4721 3499 4775 ullir-

1932 4822 2111 4876 mandi
2167 4821 2377 4876 ratione
2431 4819 2700 4883 dicuntur,
2753 4815 2870 4883 ejus
2923 4815 3145 4869 minime
3181 4812 3504 4868 ostendatur

1931 4913 2204 4978 essentia;
2231 4911 2424 4982 potiori
2455 4911 2612 4980 longe
2642 4909 2848 4963 ratione
2878 4919 3051 4974 neque
3074 4918 3139 4957 ex
3166 4903 3231 4958 iis
3256 4917 3376 4972 quae
3405 4916 3502 4968 per

1933 5005 2276 5076 negationem
2309 5003 2580 5059 teruntur.
2611 5000 2767 5055 Nulla
2792 4999 2934 5055 enim
2970 4997 3182 5068 negatio
3207 5009 3269 5050 ac
3292 4993 3502 5048 inlicia-

1935 5102 2011 5156 tio
2042 5099 2203 5156 ullius
2259 5099 2334 5154 rei
2363 5099 2490 5170 quid
2524 5106 2607 5154 est
2635 5095 3040 5163 essentiamqne
3075 5089 3340 5162 signiﬁcat
3363 5104 3379 5155 ;
3404 5087 3504 5143 sed

1932 5194 2061 5263 quid
2099 5207 2204 5248 non
2240 5201 2341 5260 est,
2376 5207 2496 5248 cum
2537 5190 2613 5246 rei
2644 5191 2867 5258 amotio,
2901 5203 3016 5243 non
3047 5186 3362 5255 cujusquam
3413 5196 3513 5249 po-

1928 5284 2054 5342 sitio
2092 5285 2181 5342 sit.
2231 5283 2367 5340 Cum
2417 5283 2559 5339 enim
2601 5281 2871 5348 essentia,
2918 5293 3012 5335 aut
3046 5277 3290 5361 principii
3339 5281 3511 5328 autve.

339 5461 383 5491 "
412 5460 678 5541 θέοι-ιν,
876 5459 921 5490 ’⁸
949 5455 1108 5541 ξεον.
1134 5475 1253 5524 vnt,
1319 5459 1408 5517 22.
1488 5461 1533 5494 "
1574 5461 1743 5519 Eccli.
1801 5480 1844 5531 t,
1871 5464 1926 5520 6.
2003 5467 2048 5498 ⁸⁷
2075 5465 2232 5522 Joan.
2259 5480 2356 5534 xu,
2398 5467 2487 5522 46.
2565 5467 2610 5499 ⁸⁸
2652 5467 2798 5528 Psal.
2855 5486 3048 5541 cxvut,
3106 5471 3223 5527 105.
3282 5473 3349 5523 ..π
3391 5470 3506 5529 lsa.

274 5541 414 5596 sxw,
445 5529 501 5584 9.
577 5529 624 5562 ’θ
645 5527 767 5584 Act.
787 5543 916 5594 xvu,
955 5525 1044 5581 28.

339 5715 451 5785 (22)
480 5713 561 5768 De
585 5714 753 5785 divin.
773 5730 914 5770 nom.
936 5731 982 5771 c.
1008 5717 1063 5770 4.

336 5784 450 5856 (23)
472 5785 552 5840 ιιι.
578 5784 713 5840 ibid.
750 5799 798 5841 c.
821 5785 876 5840 6.
1033 5815 1040 5824 ι

2012 5721 2122 5796 (24)
2141 5724 2288 5784 Libr.
2326 5741 2365 5794 ι,
2385 5741 2435 5783 ο.
2471 5726 2523 5784 3.
