4036 6262
322 389 417 454 {69

1223 393 1319 452 DE
1362 392 1788 453 PRINCIPHS
1817 389 2023 450 FlDEl
2068 389 2534 452 CATHOLlCzE.

3461 388 3565 447 4⁸70

326 508 411 559 τον
445 506 661 576 Πατέρα
689 507 1005 576 γνωσθῆναι
1034 508 1285 579 λέγομεν.
1322 511 1422 563 Ἂν
1455 510 1548 562 οὖν
1572 511 1638 562 τὰ
1668 510 1772 578 προ
1792 508 1886 560 τοῦ
1919 529 1932 561 Α

2043 501 2294 563 rinitate;
2344 503 2634 570 auditaque
2685 516 2817 556 voce
2851 501 3079 556 dicimus
3111 497 3324 553 Patrem
3362 499 3567 567 cogni-

325 598 482 666 νόμου
523 600 620 653 καὶ
645 599 782 669 μετὰ
822 601 986 670 νόμον
1016 602 1253 669 φανέντα
1279 605 1390 666 τοῖς
1417 603 1592 669 ἁγίοις
1633 603 1769 655 Θεοῦ
1795 603 1890 654 οὐ⁹

327 691 439 743 σίαν
467 691 734 762 εἴπωμεν,
773 693 1316 764 ἀναγκασθησόμεθα
1354 697 1450 749 καὶ
1468 694 1567 763 τὰς
1603 694 1892 748 ἀκουσθεί-

327 801 418 846 σας
452 786 643 848 αὐτοῖς
670 785 852 854 φωνὰς
887 788 950 839 ἐκ
993 787 1088 840 τοῦ
1129 786 1264 840 Θεοῦ
1337 787 1542 856 λέγειν,
1590 787 1730 841 ὥστε
1799 789 1898 842 καὶ,

324 878 524 946 ὄργανα
552 880 838 948 φωνητικὰ
864 879 1042 951 τούτῳ
1091 880 1432 964 προσάπτειν
1453 894 1468 910 ³
1502 881 1639 950 ὅπερ
1692 883 1916 944 ἄτοπον¹

327 967 456 1035 ὁμοῦ
484 967 582 1022 καὶ
611 969 839 1036 γελοῖον.

393 1058 612 1113 Τούτων
634 1060 690 1113 δὲ
712 1061 884 1124 οὕτως
907 1061 1163 1132 ἐχόντων,
1217 1061 1321 1115 οὐκ
1347 1061 1411 1115 ἂν
1449 1060 1628 1130 ὀρθῶς
1648 1064 1788 1117 εἴποι
1799 1079 1918 1132 μεν¹

328 1150 423 1220 τήν
453 1150 610 1204 Θείαν
655 1152 882 1224 Γραφὴν
911 1153 942 1223 ἢ
978 1154 1104 1218 τοὺς
1139 1155 1331 1222 ἁγίους
1382 1157 1589 1226 κυρίως
1629 1159 1740 1219 τοῖς
1778 1156 1901 1209 ὀνό-

1998 600 2108 644 tttm
2160 608 2301 648 esse.
2349 593 2520 662 Igitur
2571 593 2613 646 si
2665 601 2791 646 autc
2857 603 3088 661 postque
3140 592 3311 658 legem
3363 590 3568 644 sanctis

1997 685 2136 748 visa,
2177 686 2474 739 essentiam
2509 684 2601 738 Dei
2636 684 2955 746 dixerimus,
2987 698 3242 753 cogemur
3271 690 3325 738 et
3354 683 3570 736 auditas

1999 775 2103 830 illis
2130 791 2289 832 voces
2342 793 2405 831 ex
2456 777 2569 832 Deo
2623 775 2824 843 Deique
2857 790 3019 831 voces
3067 775 3286 839 dicere;
3347 776 3483 828 adeo
3513 783 3582 826 ut.-

1999 870 2160 924 etiam
2197 870 2450 940 loquendi
2492 885 2698 940 organa
2732 871 2806 924 illi
2839 871 3167 935 tribuamus;
3203 867 3346 937 quod
3377 871 3572 935 absur-

2001 961 2125 1016 dum
2161 965 2367 1032 pariter
2398 978 2461 1017 ac
2490 963 2774 1018 ridiculum
2804 972 2906 1017 est.

2074 1053 2198 1108 llatae
2228 1071 2356 1109 vero
2385 1072 2506 1110 cum
2545 1071 2604 1111 se
2657 1057 2724 1110 ita
2769 1057 3024 1120 habeant,
3063 1056 3203 1109 haml
3249 1061 3394 1108 recte
3431 1053 3581 1106 dira-

2004 1161 2148 1207 mus,
2177 1147 2514 1215 Scripturam
2553 1157 2883 1216 sanctosque
2905 1149 2958 1202 in
2995 1147 3080 1202 his
3110 1145 3328 1216 proprie
3355 1147 3577 1199 vocibus

334 1257 498 1332 μασιν
533 1242 626 1332 επὶ
654 1242 860 1297 τούτων
921 1245 1246 1315 κεχρῆσθαι,
1293 1246 1430 1300 ἀλλὰ
1479 1247 1682 1332 μᾶλλον
1734 1264 1904 1299 κατα-

2043 1254 2150 1299 sos,
2186 1240 2279 1293 sed
2324 1240 2494 1308 magis
2527 1241 2631 1294 illis
2663 1243 2884 1302 abusus,
2916 1255 2980 1294 ac
3029 1240 3344 1307 promiscue
3389 1253 3578 1291 earum
3621 1245 3647 1316 ζξ

333 1330 654 1399 κεχρῆσθαι,
687 1334 781 1385 καὶ
815 1333 1126 1404 ἀδιαφόρως
1181 1338 1293 1398 τοῖς
1323 1333 1513 1397 τύποις
1563 1327 1904 1406 ξτεριτιθέναι

2038 1345 2190 1382 crum
2240 1333 2456 1384 numina
2494 1347 2556 1386 ac
2593 1335 2979 1400 proprii-tates,
3025 1330 3344 1401 ques-nullis
3372 1331 3582 1397 ﬁguris.
3625 1327 3648 1352 ³

334 1422 400 1475 τὰ
432 1423 676 1494 ὀνόματα
707 1427 802 1480 καὶ
837 1427 1104 1496 ἰδιώματα
1138 1428 1248 1482 τῶν
1277 1427 1580 1482 ἀτυπώτων
1612 1430 1707 1482 καὶ
1735 1431 1908 1499 ἀμορ-

2038 1420 2263 1491 nullaque
2313 1422 2489 1476 forma
2537 1427 2914 1492 repraesentari
2965 1435 3212 1493 possunt,
3268 1424 3454 1492 ﬁguris
3489 1424 3587 1476 tri-

332 1517 546 1583 φώτων,
597 1518 671 1582 ὡς
705 1518 822 1590 ἔχει
852 1519 914 1574 τδ
936 1519 1032 1573 τοῦ
1058 1520 1301 1584 Παύλου,
1344 1521 1414 1577 Ἠ
1441 1521 1510 1574 δὲ
1549 1521 1740 1589 πέτρα
1763 1517 1842 1591 ἦν
1873 1524 1907 1575 ὀ

2038 1509 2586 1582 tuisse;,cujusmodi
2643 1525 2728 1570 est
2785 1515 2916 1570 illud
2951 1514 3105 1570 Pauli
3153 1532 3168 1569 :
3203 1513 3368 1568 Petra
3406 1522 3586 1567 autem

329 1609 586 1675 Χριστός
612 1625 630 1643 ο
667 1610 763 1664 καὶ
795 1610 1106 1681 ὁμωνύμως
1143 1612 1318 1666 ταῦτα
1380 1613 1584 1681 λέγειν,
1641 1615 1754 1676 τοῖς
1799 1614 1906 1665 τῶν

2043 1612 2122 1654 rat
2159 1603 2516 1674 Christus",
2568 1609 2791 1676 lunaeque
2842 1611 2982 1674 illos,
3037 1609 3311 1664 communi
3367 1610 3590 1663 nomine

330 1698 749 1769 είκονιζομὲνων
782 1700 1012 1768 ὀνόμασι
1041 1701 1111 1754 τὰ
1173 1700 1510 1766 εἰκονίζοντα
1568 1701 1870 1766 καλοῦντας
1891 1716 1909 1731 '

2038 1710 2120 1746 non
2152 1695 2338 1748 eadem
2365 1698 2601 1752 nominis
2641 1699 2846 1754 ratione
2877 1701 3209 1770 (ὁμωνύμως
3239 1707 3456 1759 vocant.
3490 1713 3590 1753 nos

333 1786 368 1842 ἃ
411 1788 476 1859 δὴ
519 1789 690 1845 πολλὰ
745 1792 839 1844 καὶ
869 1792 1105 1865 διάφορα
1137 1793 1234 1846 καὶ
1273 1793 1464 1848 ἄλλοτε
1513 1794 1687 1857 ἄλλως
1719 1794 1908 1865 ἔχοντα

2038 1786 2296 1855 rquivoce)
2328 1789 2547 1854 dicere;
2587 1805 2774 1842 eorum
2830 1791 3034 1845 scilicet
3088 1791 3425 1856 nominibus,
3470 1806 3592 1859 quze

335 1849 642 1949 ἐφάνησαν.
685 1849 1045 1951 Ὀμοιώματα
1077 1883 1186 1951 γὰρ
1219 1883 1277 1935 ἐν
1300 1885 1419 1946 ταῖς
1445 1885 1603 1953 χερσὶ
1637 1849 1910 1952 τωνῆπρο-

2038 1880 2308 1935 .imulacro
2335 1892 2813 1950 repraesentantur,
2839 1885 3279 1954 repraesentantia
3305 1893 3589 1947 vocantes;

333 1971 520 2039 φητῶν
571 1971 880 2054 εὑρέθη-σαν
912 1973 1054 2026 ’καὶ
1111 1973 1361 2044 σύμϐολα
1418 1973 1514 2028 καὶ
1557 1975 1915 2044 συγκαταϐά-

2038 1987 2139 2041 lure
2171 1972 2330 2042 plane
2386 1975 2551 2028 multa
2602 1985 2727 2030 sunt
2778 1992 2842 2031 ac
2883 1978 3121 2042 diversa,
3159 1977 3404 2047 aliasque
3435 1977 3613 2032 aliter-~

329 2077 450 2127 ⁸σεις
504 2062 604 2116 καὶ
655 2061 1018 2134 γνωρίσματα
1079 2063 1133 2116 oi-
1192 2064 1340 2130 ἆγιοι
1412 2063 1774 2135 ἐξηγήσαντο,
1829 2065 1914 2129 ὡς

334 2153 444 2208 ἀπὸ
467 2154 580 2209 τῶν
602 2155 937 2210 ἐκτεθέντων
964 2155 1123 2226 δῆλον
1142 2172 1160 2190 ·
1187 2159 1214 2210 ὁ
1239 2157 1296 2210 δὲ
1324 2156 1457 2221 Θεὸς
1489 2157 1549 2211 τὸ
1573 2157 1663 2212 διὰ
1695 2161 1915 2214 πάντων

336 2247 680 2314 τυπούμενον
702 2248 802 2302 καὶ
831 2248 1238 2318 είκονιζόμενον
1266 2246 1347 2314 εἷς
1398 2250 1494 2305 καὶ
1525 2251 1553 2304 ὁ
1597 2250 1760 2314 αὐτὸς
1820 2251 1916 2304 καὶ

341 2338 732 2408 ἀμετάϐλητός
759 2341 909 2395 ἐστιν
937 2341 1028 2394 ἀεί
1057 2357 1208 2394 ποτε.
1267 2341 1342 2396 Τὸ
1393 2342 1449 2396 δὲ
1477 2343 1572 2396 τὸν
1619 2343 1752 2396 Θεὺν
1802 2345 1916 2406 τοῖς

340 2431 516 2500 ἁγίοις
541 2431 777 2502 ὀφθῆναι
821 2432 1167 2502 διαγορεύειν
1206 2435 1308 2486 οὐκ
1366 2433 1497 2490 ἄλλο
1528 2434 1748 2498 πάντως
1791 2435 1824 2505 ἢ
1859 2437 1918 2488 τὸ

344 2523 543 2592 γνῶσιν
577 2523 779 2589 αὐτοὺς
811 2524 1094 2595 εἰληφέναι
1123 2525 1254 2592 περὶ
1281 2525 1447 2578 αὐτοῦ
1481 2525 1757 2596 βούλεται,
1777 2527 1920 2581 κατὰ

342 2619 441 2687 τὴν
459 2616 716 2690 ὁρώντων
763 2616 1058 2685 ἀναλογίαν
1093 2616 1188 2669 καὶ
1237 2615 1610 2688 καθαρότητα,
1669 2618 1759 2672 διὰ
1810 2619 1920 2672 τῶν

347 2709 693 2779 συμϐολικῶν
741 2709 931 2773 αὐτοῖς
983 2708 1318 2764 θεαθέντωνο
1385 2709 1508 2762 ἐπεὶ
1560 2709 1656 2763 καὶ
1702 2711 1736 2781 ἡ
1794 2709 1924 2780 περὶ

347 2792 490 2854 Θεοθ
514 2801 716 2871 γνῶσις
750 2803 844 2855 καὶ
868 2801 1055 2872 νόησις
1103 2803 1294 2871 ὅρασις
1328 2801 1547 2870 λέγεται
1587 2801 1724 2855 Θεοῦ
1750 2818 1763 2833 ·
1826 2802 1924 2856 καὶ

349 2897 388 2948 ό
413 2895 513 2965 τὴν
542 2893 746 2963 γνῶσιν
780 2893 986 2964 ταύτην
1013 2893 1256 2964 εἰληφὼς
1300 2893 1465 2948 αὐτὸν
1493 2893 1825 2964 ἑωρακέναι.
1866 2893 1924 2946 ὐ

354 2983 454 3054 μὲν
479 2983 590 3055 γὰρ
617 2983 926 3055 Γρηγόριος
948 2985 977 3037 ό
997 2981 1260 3053 Θεολόγος
1291 2986 1348 3039 ὲν
1383 2982 1462 3053 τῷ
1489 2985 1618 3054 περὶ
1653 2984 1783 3036 Υίοῦ
1813 2984 1924 3055 (53)

350 3093 536 3145 φησιν,
593 3077 655 3129 '0
676 3074 982 3144 νενοηκὼς
1007 3075 1115 3129 τὸν
1153 3077 1291 3130 my
1314 3076 1495 3146 (τοῦτο
1526 3076 1633 3146 γὰρ
1663 3075 1722 3129 τὸ
1745 3077 1922 3144 ἑωρα-

348 3167 542 3239 κέναι)
575 3172 831 3234 νενόηκε
859 3168 968 3221 τὸν
995 3169 1258 3235 Πατέραο
1294 3169 1321 3220 ὁ
1347 3167 1403 3221 δὲ
1441 3168 1581 3230 οείος
1610 3168 1929 3236 Χρυσόστο-

354 3279 454 3331 tto;
504 3260 642 3331 (54),
698 3260 793 3313 τοῦ
845 3259 1205 3329 εὐαγγελικοῦ
1266 3259 1434 3331 ῥητοῦ
1484 3260 1770 3331 μνησθεὶς,
1836 3259 1930 3312 τοῦ

356 3354 684 3423 Ἀπεκρίθη
725 3353 855 3419 τοῖς
899 3353 1220 3419 Ἰουδαίοις
1275 3353 1376 3409 καὶ
1420 3349 1612 3419 εἶπεν,
1659 3356 1784 3422 Οὐχ
1840 3353 1930 3407 ὅτι

352 3447 460 3501 τὸν
504 3444 736 3513 Πατέρα
763 3461 854 3510 τις
887 3441 1169 3521 ἑώρακεν,
1202 3442 1351 3514 εἰμὴ
1375 3447 1406 3498 ὀ
1427 3443 1510 3496 ὢν
1531 3445 1600 3498 ἐκ
1627 3445 1729 3498 τοῦ
1757 3446 1928 3508 Θεοῦ,

354 3531 537 3603 οὗτος
597 3537 823 3606 ἑώρακε
867 3536 976 3591 τὸν
1027 3539 1284 3605 Πατέρα,
1369 3535 1615 3606 εἴρηκεν,
1683 3539 1936 3604 "Opaca-

354 3629 622 3684 ἐνταῦθα
662 3629 780 3696 τὴν
828 3625 1061 3697 γνῶσιν
1097 3631 1284 3697 λέγει,
1348 3627 1414 3698 ἢν
1454 3627 1517 3697 δὴ
1569 3629 1774 3694 γνῶσιν
1844 3629 1937 3678 καὶ

359 3725 573 3793 νόησιν,
625 3721 719 3774 καὶ
744 3721 832 3773 διὰ
863 3721 970 3773 τῶν
1010 3719 1106 3774 τοῦ
1153 3720 1408 3790 Σωτῆρος
1470 3719 1772 3789 θαυμάτων
1825 3720 1938 3782 τοῖς

357 3813 481 3866 τότε
503 3810 740 3882 παροῦσι
768 3809 1096 3881 γεγενῆσθαι
1121 3810 1384 3863 διδάσκει.
1410 3809 1573 3878 Λέγει
1601 3810 1729 3880 γὰρ,
1763 3807 1938 3874 Τίνος

361 3906 431 3959 δὲ
476 3905 688 3960 ἕνεκεν
714 3906 826 3959 οὐκ
870 3904 1053 3970 ἀνέϐη
1083 3903 1266 3968 εὐθὺς
1303 3904 1388 3968 είς
1447 3902 1511 3956 τὸ
1563 3903 1818 3966 savior;
1867 3900 1940 3954 Τὸ

363 3997 564 4068 θαῦμα
587 3996 789 4066 μεῖζον
808 3994 1180 4064 ἐργάσασθαι
1227 3995 1634 4064 βουλόμενος,
1666 3995 1766 4050 καὶ
1825 3994 1942 4061 τὴν

363 4091 622 4157 θεότητα
680 4089 1074 4155 ἀνακαλύψαι
1138 4085 1329 4141 αὐτοῦ
1383 4086 1774 4156 γυμνότερο-ν.
1837 4086 1943 4137 Καὶ

363 4183 542 4238 ταῦτα
579 4183 638 4236 δὲ
671 4182 739 4234 τὰ
770 4180 1030 4250 θαύματα
1076 4180 1242 4244 δόξαν
1266 4178 1432 4232 αὑτοῦ
1478 4181 1504 4232 ό
1570 4179 1732 4239 αὐτὸς
1791 4177 1943 4237 οὗτος

363 4277 516 4348 λέγει
541 4277 598 4330 ὲν
631 4278 698 4348 τῇ
726 4275 870 4329 κατὰ
923 4272 1178 4342 Ἰωάννην
1222 4273 1480 4342 ἐξηγήσει
1548 4271 1686 4344 (55),
1753 4271 1946 4324 Ταῦτα

365 4367 482 4429 οὖν
520 4371 783 4434 ἅπαντα,
815 4369 1012 4436 λέγων,
1036 4364 1404 4434 συναγαγὼν
1426 4368 1458 4419 o'
1491 4363 1945 4434 Εὐαγγελιστὴς

367 4464 440 4516 τὰ
468 4464 765 4532 θαύματα,
815 4459 887 4512 τὰ
924 4460 992 4512 ἐν
1027 4457 1286 4526 σώμασι,
1340 4455 1413 4510 τίι
1466 4459 1536 4509 ἐν
1566 4456 1816 4534 ψυχαῖς,
1874 4457 1948 4510 τὰ

2019 2079 2076 2118 se
2115 2065 2371 2119 habentia
2408 2078 2697 2135 conspecta
2729 2077 2875 2124 sunt.
2901 2069 3198 2123 Simulacra
3224 2069 3366 2124 enim
3399 2070 3452 2123 in
3480 2085 3597 2123 ma-

2020 2151 2180 2208 nibus
2209 2155 2593 2224 prophetarum
2629 2159 3065 2224 exstiterunt";
3105 2159 3392 2227 sanctique
3447 2175 3595 2230 sym-

2025 2243 2146 2298 bola
2178 2260 2273 2301 seu
2305 2247 2478 2315 signa,
2509 2258 2563 2303 et
2607 2253 3012 2305 condesceusus
3038 2253 3120 2318 (ut
3151 2252 3232 2306 sic
3266 2251 3479 2320 loquar,
3513 2253 3619 2304 in--
3693 2314 3705 2330 I

2022 2337 2276 2394 clinan-tis
2317 2356 2374 2395 se
2416 2341 2674 2396 nimirum
2713 2341 3014 2408 maiestatis
3047 2344 3623 2414 drtnissimies)'indi--

2023 2432 2223 2499 ciaque'
2247 2440 2654 2500 exposuerunt;
2685 2444 2742 2486 ut
2784 2435 2954 2502 liquet
2980 2450 3042 2488 es
3093 2434 3159 2488 iis
3189 2449 3309 2503 qua:
3331 2435 3408 2488 sic
3437 2448 3621 2502 expo-

2025 2523 2204 2577 nendo
2237 2525 2548 2579 ediderunt.
2582 2525 2682 2592 Qui
2717 2535 2897 2581 autem
2931 2527 3018 2583 his
3049 2528 3305 2582 omnibus
3341 2527 3622 2597 ﬁguratur-

2027 2629 2089 2670 ac
2140 2615 2433 2671 simulacro
2486 2629 2952 2686 repraesentatur,
3019 2634 3163 2674 unus
3218 2620 3468 2690 idemque
3539 2636 3619 2675 ac-

2026 2709 2485 2764 incommutabilis
2531 2709 2582 2762 in
2632 2711 3023 2778 sempiternum
3068 2719 3174 2765 est.
3213 2715 3366 2778 Quod
3421 2724 3627 2769 autem»-

2032 2799 2314 2870 Scriptura
2347 2799 2513 2854 Demn
2550 2801 2754 2856 sanctis
2784 2803 3102 2871 apparuisse
3133 2803 3346 2872 illisque
3374 2819 3604 2873 conspe-

2029 2900 2174 2945 clum
2212 2906 2334 2947 esse
2363 2893 2549 2957 refert,
2586 2892 2718 2945 nihil
2766 2907 2995 2962 prorsus
3017 2893 3163 2947 aliud
3191 2894 3303 2948 vult
3333 2910 3398 2947 ac
3437 2895 3628 2963 signi-.-

2033 2984 2155 3037 licat
2184 3000 2343 3054 quam
2375 2985 2653 3052 accepisse
2678 2987 2798 3042 illos
2825 2987 2944 3057 ejtys
2971 2987 3219 3041 notitiam
3249 3003 3313 3042 ac
3343 2989 3611 3058 cognitio-

2032 3092 2178 3142 nem,
2233 3062 2333 3146 pro
2385 3095 2498 3132 sum
2545 3079 2827 3134 facultatis
2877 3097 2938 3134 ac
2984 3080 3238 3149 puritatis
3294 3081 3476 3140 modo.
3516 3097 3612 3150 per

2037 3169 2189 3238 signa
2225 3170 2313 3223 illa
2351 3187 2470 3239 quae
2507 3173 2608 3226 sibi
2645 3173 2880 3227 exhibita
2930 3183 3356 3242 conspexerunt.
3391 3173 3520 3226 Nam
3558 3183 3616 3228 et

2036 3279 2153 3331 qua:
2187 3264 2251 3315 de
2284 3263 2392 3316 Deo
2443 3265 2680 3333 cognitio
2711 3265 2958 3330 habetur,
2990 3281 3051 3318 ac
3083 3266 3231 3334 quod
3272 3266 3632 3336 intelligitur,

2040 3355 2128 3408 Dei
2176 3354 2313 3408 visio
2348 3367 2735 3422 nuncupatur;
2779 3371 2840 3410 ac
2873 3358 2966 3425 qui
3001 3372 3120 3408 eam
3171 3363 3372 3410 nactus
3405 3366 3490 3412 est
3523 3372 3636 3411 co--

2037 3447 2354 3514 guitiouem,
2399 3447 2560 3499 Deum
2616 3449 2817 3502 vidisse
2871 3449 3213 3516 perhibetur.
3273 3449 3486 3502 Etenim
3543 3451 3640 3503 ait.

2039 3539 2336 3606 Gregorius
2364 3539 2694 3608 Thcolugns,
2748 3541 2905 3592 Orat.
2942 3541 3005 3592 de
3043 3539 3180 3593 Filio
3210 3557 3228 3594 :
3272 3541 3376 3605 Qui
3418 3540 3641 3595 Filiunr

2041 3631 2300 3695 wgnovit.
2337 3647 2425 3682 seu
2477 3631 2731 3684 intellexit
2770 3631 2888 3700 (hoc
2937 3633 3070 3684 enim
3113 3632 3381 3700 signiﬁcat
3435 3633 3569 3686 illud
3601 3645 3628 3686 :'

2042 3723 2146 3788 Qui
2180 3722 2334 3790 vidit)
2390 3721 2604 3774 Patrem
2653 3738 2858 3790 quoque
2904 3725 3146 3793 cognovit
3199 3742 3291 3778 seu
3338 3725 3644 3779 intellexit..

2047 3815 2212 3869 Divus
2266 3814 2392 3868 item
2451 3813 2918 3882 Chrysostomns,
2973 3829 3082 3881 quo
3133 3816 3250 3870 loco
3298 3817 3626 3886 evangelicae

2049 3905 2211 3975 hujus
2263 3906 2547 3959 sententia:
2607 3906 2900 3960 meminit:
2958 3906 3241 3973 Respondit
3301 3908 3509 3963 ludatis
3574 3917 3644 3962 et.

2045 3998 2233 4051 dixit:
2275 4016 2292 4047 ι
2341 3996 2458 4049 Non
2494 3998 2618 4064 quia
2657 3996 2872 4051 Patrem
2921 3999 3048 4051 vidit
3098 3985 3238 4064 quis,
3290 4001 3395 4052 nisi
3441 4001 3532 4068 qui
3563 4015 3628 4052 ex

2046 4087 2154 4140 Deo
2175 4089 2372 4153 est,ltic
2400 4087 2525 4140 vidit
2557 4085 2766 4141 Patrem
2794 4089 2868 4153 ⁸³;
2898 4107 2916 4140 ι
2955 4090 3065 4142 ait:
3105 4089 3362 4143 Visionetn
3389 4091 3484 4142 hoc
3515 4090 3646 4144 loro‘

2049 4181 2397 4249 cognitionem
2435 4191 2610 4243 vocat,
2659 4197 2822 4249 quam
2861 4182 3049 4250 utique
3105 4183 3473 4250 cognitionem
3532 4198 3627 4237 seu

2053 4272 2326 4335 notitiam,
2355 4287 2419 4325 ex
2471 4269 2770 4324 Salvatoris
2814 4286 3027 4339 quoque
3062 4271 3357 4334 miraculis,
3401 4271 3486 4325 his
3539 4272 3630 4336 qui

2055 4371 2183 4417 tunc
2217 4364 2448 4416 aderunt
2479 4364 2775 4427 contigisse
2806 4363 2984 4417 docet.
3021 4365 3112 4415 Ait
3161 4364 3343 4417 enim:
3380 4362 3490 4416 Cur
3518 4381 3648 4418 rero-
3689 4399 3693 4402 -

2055 4472 2158 4508 non
2188 4458 2369 4510 statim
2403 4455 2630 4508 ascendit
2672 4457 2723 4508 in
2753 4456 3099 4511 naviculam?
3149 4455 3348 4523 Nempe
3379 4456 3474 4510 hoc
3510 4468 3660 4510 sat-.

367 4558 437 4610 ἐν
462 4557 592 4622 τοῖς
617 4549 980 4625 στοιχεῖοιςέ
1022 4552 1096 4607 τὰ
1147 4552 1600 4624 προστάγματα,
1647 4553 1720 4604 τὰ
1762 4549 1932 4618 δῶρα,

2056 4567 2238 4620 agens,
2294 4560 2351 4603 ut
2386 4547 2634 4601 miraculi
2685 4548 3100 4614 magnitudinem
3141 4557 3353 4616 augeret
3379 4588 3393 4611 ,
3432 4565 3494 4600 ac
3525 4550 3636 4602 dci-

369 4650 443 4705 τὰ
463 4650 781 4718 ἀπόρρητα
810 4647 1017 4702 ἐκεῖνα
1062 4645 1160 4698 καὶ
1201 4644 1322 4697 τῶν
1382 4642 1660 4712 οὐρανῶν
1708 4642 1947 4710 ὑψηλό-

370 4761 546 4813 τερα⁸
583 4745 726 4811 τοὺς
757 4746 1002 4814 νόμους,
1035 4741 1149 4808 τὴν
1213 4741 1543 4803 πολιτείαν,
1581 4737 1696 4804 τὴν
1744 4738 1950 4800 πειθὼ,

370 4838 473 4904 τὰς
501 4839 862 4906 μελλούσας
917 4835 1313 4904 ὑποσχέσεις,
1355 4832 1426 4886 τὰ
1473 4832 1790 4901 παθήματα
1846 4834 1947 4882 αὺ-

373 4930 501 4996 τοῦ,
553 4933 672 4999 τὴν
720 4929 1082 4999 θαυμαστὴν
1129 4927 1358 4994 ταύτην
1403 4926 1501 4980 καὶ
1537 4924 1798 4993 ὑψηλῶν
1854 4923 1952 4992 γέ-

375 5037 617 5089 μουσαν
641 5021 954 5090 δογμάτων
975 5018 1177 5088 ἀφῆκε
1210 5017 1445 5086 φωνὴν,
1467 5015 1684 5083 λέγων,
1722 5033 1738 5064 ι
1763 5015 1955 5066 Ὲϐεα-

375 5115 614 5182 σάμεθα
641 5115 759 5182 τὴν
788 5113 978 5178 δόξαν
1005 5113 1214 5177 αὐτοῦ,
1242 5113 1432 5175 δόξαν
1457 5111 1535 5176 ὡς
1569 5105 1954 5176 Μονογενοῦς

378 5212 536 5276 παρὰ
572 5209 826 5275 Πατρός,
864 5206 1104 5274 πλήρης
1147 5203 1392 5273 χάριτος
1425 5201 1527 5255 καί
1565 5200 1875 5266 ἀληθείας.
1933 5217 1951 5248 ν

385 5302 464 5353 οὐ
501 5301 612 5369 γὰρ
639 5299 742 5352 διὰ
765 5298 838 5350 τὰ
887 5298 1160 5367 θαύματα
1193 5297 1390 5363 μόνον
1428 5291 1616 5348 αὐτὸν
1672 5287 1959 5358 θαυμάζο-

381 5407 513 5460 μεν,
549 5389 724 5446 ἀλλὰ
751 5389 850 5444 καὶ
871 5389 968 5443 διὰ
1025 5390 1100 5442 τὰ
1161 5385 1518 5455 παθήματαο
1562 5378 1696 5438 οἷον
1748 5381 1956 5450 ἐπειδὴ

459 5570 500 5604 ⁹²
532 5568 708 5626 ICor.
751 5583 807 5632 ι,
841 5567 902 5622 4..
972 5566 1019 5600 ⁸⁸
1051 5569 1188 5621 Osee
1238 5579 1337 5628 ιιι,
1373 5563 1462 5618 20.
1540 5563 1583 5593 ⁸³
1611 5561 1766 5617 Joau.
1801 5576 1872 5626 Vl,
1906 5559 1993 5614 46.

468 5775 578 5844 (55)
611 5774 762 5829 Orat.
797 5774 884 5836 56,
923 5789 1040 5844 qum
1071 5780 1160 5844 cst
1187 5769 1248 5830 ll,
1285 5770 1349 5826 dc
1377 5768 1536 5841 Filio,

471 5841 581 5915 (δι)
614 5844 769 5901 Hom.
808 5845 874 5898 3i
905 5841 1009 5900 in'l
1042 5843 1103 5895 ad
1128 5843 1252 5898 Cor.

2059 4653 2220 4696 tatem
2263 4659 2413 4695 suam
2462 4642 2655 4695 clarius
2689 4642 3069 4708 manifestaret.
3105 4641 3332 4708 ιιι-«μω
3364 4642 3501 4694 adeo
3536 4641 3635 4693 mi-

2065 4733 2242 4787 racula
2302 4734 2440 4786 idem
2481 4732 2593 4800 ipse
2631 4733 2744 4802 ejus
2772 4732 2996 4802 gloriam
3030 4748 3090 4783 ac
3119 4731 3416 4784 claritatem
3453 4742 3638 4796 vocat,
3662 4755 3674 4768 ο

2059 4824 2402 4894 expositione
2452 4840 2548 4879 sua
2591 4825 2641 4878 in
2685 4823 2951 4877 Joannem
2991 4841 3005 4877 :
3057 4822 3151 4875 llis
3183 4824 3346 4891 igitur
3373 4825 3661 4888 omnibus,.

2062 4920 2332 4988 inquiens,
2365 4917 2642 4972 miraculis
2683 4916 2748 4968 ab
2791 4916 3109 4983 evangelista
3138 4915 3391 4980 collectis,
3425 4933 3542 4986 quat
3585 4919 3646 4969 ἰδι·

2063 5011 2396 5079 corporibus,
2427 5027 2542 5077 qua:
2580 5011 2634 5063 in
2667 5010 2883 5073 animis,
2919 5011 2971 5062 in
3013 5008 3316 5073 elementis;
3359 5011 3638 5077 praeceptis

2065 5105 2338 5172 donisque,
2390 5103 2600 5156 arcanis
2650 5102 2758 5156 illis
2817 5101 3046 5171 cwloque
3081 5101 3382 5165 altioribus,
3415 5101 3656 5170 legibus,.

2065 5193 2370 5262 disciplina,
2415 5191 2678 5246 suadendi
2721 5192 2789 5254 vi,
2825 5191 3130 5256 futurorum
3177 5188 3658 5259 promissionibas,.
3707 5257 3710 5260 γ

2066 5287 2390 5341 cruciatibus
2421 5303 2534 5354 ejus
2571 5303 2634 5338 ac
2674 5285 2973 5346 tormentis,
3007 5284 3071 5336 in-
3095 5283 3460 5336 admirandam
3504 5279 3656 5330 ltanc‘

2067 5378 2214 5434 illam
2248 5377 2572 5445 cwlestisqne
2623 5378 2878 5431 doctrinae
2921 5374 3132 5446 plenam
3183 5387 3353 5425 vocem
3405 5368 3577 5438 erupit
3619 5383 3660 5424 :..

2143 5759 2262 5834 (55)
2289 5759 2447 5817 Hom.
2481 5760 2535 5814 ll
2576 5758 2630 5812 iu
2659 5756 2826 5812 .Ioan.
