4036 6262
378 389 484 453 477

380 505 496 560 λίου
557 509 1008 579 ἀποπὲμποντες,
1051 516 1078 568 ὂ

380 597 819 655 956v"r.al.1m1:e
860 606 961 674 μὲν
991 606 1066 669 ὼς
1095 611 1314 682 Πατέρα
1367 617 1677 686 φαίνεσθαι,
1721 617 1852 671 ποτὲ
1897 617 1952 670 δὲ

382 690 457 753 ὡς
489 691 639 757 Υίὸν,
672 695 802 748 ποτὲ
829 697 883 749 δὲ
910 698 984 760 ὡς
1020 700 1243 772 Πνεῦμα
1275 705 1446 774 ἅγιον.

457 781 614 835 Ἐστι
638 786 815 839 τοίνυν
843 790 872 840 6
901 790 1032 854 Θεὸς
1072 793 1172 862 μία
1211 797 1392 858 οὐσία,
1439 801 1703 866 πρόσωπα
1723 801 1779 854 δὲ
1804 799 1952 870 τρία-⁵

346 907 348 910 -
384 871 445 922 τὸ
477 872 576 940 μὲν
603 875 811 946 Πατὴρ,
843 879 903 932 τὸ
931 881 985 932 δὲ
1043 883 1184 947 Υἱὸς,
1214 885 1273 938 τὸ
1300 886 1356 940 δὲ
1390 889 1612 958 Πνεῦμα
1643 891 1820 955 ἆγιον.
1848 892 1954 944 Καὶ

385 959 478 1012 τὸν
512 963 614 1028 μὲν
651 967 869 1036 Πατέρα
896 970 1072 1023 αἴτιον
1108 974 1481 1047 ὁμολογοῦμεν
1508 980 1636 1032 Υίοῦ
1663 983 1758 1033 καὶ
1787 980 1956 1033 Πνεῦ-

390 1069 555 1120 ματος
590 1055 706 1123 (65)
740 1074 755 1088 ’
790 1061 883 1113 τὸν
915 1061 970 1113 δὲ
1024 1064 1152 1116 Υίὸν
1208 1069 1304 1122 καὶ
1350 1073 1408 1122 τὸ
1452 1071 1673 1140 Πνεῦμα
1714 1073 1952 1126 αἱτιατὰ.

397 1140 486 1206 ἐξ
520 1145 733 1198 ὲκείνω)
764 1151 875 1220 γὰρ
902 1154 928 1203 6
958 1153 1060 1220 μὲν
1083 1155 1207 1219 Υίὸς
1236 1151 1533 1229 γεννητῶς,
1562 1165 1622 1213 τὸ
1649 1162 1704 1214 δὲ
1735 1161 1955 1231 Πνεῦμα

389 1236 758 1304 ἐκπορευτῶς.
795 1243 960 1296 Ὅθεν
991 1248 1084 1300 τοῦ
1121 1249 1250 1302 Υἱοῦ
1287 1255 1378 1305 καὶ
1403 1253 1497 1305 τοῦ
1531 1254 1845 1321 Πνεῦματος
1877 1257 1956 1318 είς

387 1325 444 1378 ἓν
493 1330 669 1382 αἴτιον
704 1333 798 1384 τὸν
855 1336 1076 1405 Πατέρα
1123 1341 1573 1412 ἀναφερομένων,
1602 1345 1734 1398 Θεὸν
1768 1346 1862 1399 ἕνα
1891 1348 1958 1400 τὰ

385 1419 512 1488 τρία
551 1424 858 1494 φρονοῦμεν
905 1430 1000 1481 σὺν
1048 1430 1298 1500 ἀλλήλοις
1349 1435 1638 1505 νοούμενα,
1692 1437 1787 1488 καὶ
1823 1437 1957 1489 Θεὸν

386 1509 618 1565 ἕκαστον
667 1516 791 1570 καθ’
840 1520 1006 1572 ἑαυτὸ
1033 1510 1454 1595 θεωρούμενον.
1512 1529 1620 1580 Καὶ
1653 1529 1758 1598 γὰρ
1803 1529 1892 1580 καὶ
1929 1529 1956 1581 6

392 1603 580 1674 Πατὴρ
610 1607 746 1670 Θεὸς
779 1613 895 1662 ἐστι
932 1613 1132 1676 τέλειος
1176 1618 1269 1667 καὶ
1306 1617 1618 1686 ἀνελλιπὴς,
1648 1618 1743 1671 καὶ
1772 1623 1798 1671 6
1829 1620 1956 1681 Υἱὸς

385 1694 609 1765 ὁμοίως,
644 1700 737 1752 καὶ
767 1701 829 1754 τὸ
883 1704 1107 1775 Πνεῦμα
1161 1709 1220 1759 τὸ
1255 1709 1408 1776 ἅγιον
1433 1709 1698 1778 ὡσαύτω-ς
1720 1727 1733 1740 ⁶
1767 1714 1863 1764 καὶ
1895 1712 1954 1764 οὐ

392 1790 593 1859 μᾶλλόν
625 1793 743 1846 ἐστι
773 1795 906 1860 Θεὸς
938 1797 969 1866 ἢ
1006 1799 1034 1850 6
1067 1801 1254 1869 Πατὴρ
1285 1801 1377 1854 τοῦ
1407 1802 1537 1856 Υίοῦ
1584 1804 1616 1872 ἢ
1656 1805 1750 1857 τοῦ
1783 1804 1957 1858 Πνεῦ-

390 1898 581 1950 ματος,
629 1883 661 1953 ἢ
701 1885 731 1936 6
765 1885 890 1948 Υίὸς
937 1889 1139 1956 μᾶλλον
1185 1892 1323 1954 Θεὸς
1384 1894 1476 1946 τοῦ
1534 1895 1812 1964 Πατρὸςῆ
1863 1895 1955 1946 τοῦ

389 1973 742 2043 Πνεῦματος·
776 1978 809 2047 ἢ
842 1979 901 2032 τὸ
936 1980 1159 2048 Πνεῦμα
1213 1984 1575 2052 μᾶλλον”Θεὸς
1613 1986 1706 2038 τοῦ
1746 1986 1956 2056 Πατρὸς

387 2066 419 2136 ἢ
449 2067 541 2119 τοῦ
570 2069 701 2122 Υἰοῦ
726 2086 739 2099 ο
771 2072 889 2124 ἀλλ’
910 2073 1038 2126 ὅταν
1067 2076 1200 2144 μίαν
1247 2079 1356 2130 τῶν
1389 2079 1743 2132 ὕποστάσεων
1767 2080 1962 2134 ἐννοῶ-

393 2176 514 2228 μεν,
549 2162 760 2215 τέλειον
790 2165 954 2218 αὑτὸν
969 2167 1104 2220 Θεὸν
1125 2169 1219 2220 καὶ
1249 2169 1462 2221 τελείαν
1487 2173 1674 2224 οὐσίαν
1698 2170 1960 2240 γινώσκο-

394 2270 510 2322 μενο
540 2257 636 2309 καὶ
671 2258 799 2310 ὅταν
833 2258 994 2312 πάλιν
1027 2261 1097 2313 τὰ
1121 2261 1249 2332 τρία
1277 2263 1423 2315 κατὰ
1444 2262 1681 2318 διάνοιαν
1713 2265 1962 2335 συνάψω-

394 2363 491 2416 μεν
530 2347 626 2397 καὶ
655 2349 1178 2420 σνναριθμήσωμεν,
1220 2349 1319 2406 ἕνα
1369 2353 1462 2406 τὸν
1504 2355 1666 2408 αὐτὸν
1703 2356 1838 2409 Θεὸν
1866 2359 1964 2411 καὶ

390 2440 595 2492 τέλειον
637 2443 736 2509 τὴν
773 2441 964 2495 οὐσίαν
1010 2444 1430 2515 φανταζόμεοα,
1457 2448 1551 2502 καὶ
1607 2449 1634 2498 6
1678 2449 1838 2513 αὐτὸς
1871 2451 1964 2517 καὶ

393 2529 470 2595 εἷς
509 2535 642 2599 Θεὸς
689 2536 964 2606 δηλοῦται,
993 2538 1121 2591 ὅταν
1169 2543 1420 2610 λέγωμεν
1456 2543 1825 2614 Πατὴρ-’Υἱὸς
1870 2544 1965 2597 καὶ

394 2625 546 2692 ἅγιον
571 2625 822 2697 Πνεῦμα,
849 2631 943 2682 καὶ
970 2631 1100 2683 ὅταν
1132 2633 1222 2685 τὸν
1259 2634 1397 2686 Ποιτέ
1413 2652 1484 2706 ρα
1501 2611 1960 2709 λέγωμενξιόνον,

394 2715 428 2786 ἢ
459 2717 551 2772 τὸν
582 2719 731 2786 Υίὸν,
757 2721 790 2790 ἢ
820 2721 880 2774 τὸ
916 2725 1188 2778 πανάνιον
1223 2728 1476 2798 Πνεῦμα.

463 2905 540 2959 06
571 2905 730 2958 τοῦτο
753 2906 920 2974 λέγω,
949 2908 1030 2961 ὅτι
1081 2909 1108 2961 6
1156 2909 1350 2980 Πατήρ
1392 2912 1510 2967 ἑστι
1546 2911 1641 2965 καὶ
1679 2911 1830 2975 Υἱὸς,
1869 2911 1964 2965 καὶ

398 2996 552 3064 ἅγιον
588 2997 839 3068 Πνεῦμα·
875 3001 1036 3052 τοῦτο
1067 3001 1176 3070 γὰρ
1219 3001 1514 3056 Ἰουδαϊκόν
1549 3003 1666 3056 ἐστι
1700 3005 1793 3056 καὶ
1837 3003 1963 3068 δόξα

395 3088 484 3140 τοῦ
531 3088 819 3141 Σαϐελλίου
846 3105 862 3120 ·
919 3089 1040 3141 ἀλλ’
1088 3091 1169 3143 ὅτι
1214 3090 1271 3143 ἓν
1314 3093 1596 3146 ὁποιονοῦν
1644 3094 1752 3146 τῶν
1801 3093 1962 3146 ϐείων

1374 414 1481 474 DE
1521 414 1938 478 rmxcwus
1972 415 2182 479 FIDEI
2225 373 2694 492 (λέὶΤιιοωο-Ε.

3515 439 3622 504 4Ὶὸ

1083 534 1110 579 ς
1184 518 1241 570 ἓν
1327 524 1618 591 πρόσωπον
1661 527 1815 595 ἕλε’ίε
1871 526 1960 577 τὸν

2066 525 2257 598 dogma
2290 549 2632 606 respucntcs,
2667 541 2758 610 qui
2810 557 2972 595 unam
3011 541 3176 597 Deum
3215 559 3506 613 personam
3539 549 3624 602 di-

2057 627 2244 690 cebat;
2281 642 2344 681 ac
2389 632 2549 711 modo
2579 634 2802 700 quidem
2847 642 2905 690 ιιι
2947 634 3181 702 Patrem,
3213 638 3374 694 modo
3406 653 3531 694 vero
3568 649 3626 694 et

2057 714 2274 784 Filium,
2297 735 2358 775 ac
2381 727 2539 776 modo
2558 725 2890 793 utSpiritum
2916 738 3166 781 sanetum
3191 745 3311 783 sese
3337 730 3620 788 exhibere.

2127 809 2224 865 Est
2265 813 2426 883 igitur
2465 815 2604 870 Deus
2641 832 2742 870 una
2791 818 3054 882 essentia,
3107 836 3172 874 ac
3203 829 3312 880 tres
3341 836 3623 889 personae;

2057 916 2120 954 ex
2155 902 2258 965 his,
2295 919 2396 957 una
2427 905 2607 970 Pater,
2664 924 2768 961 una
2800 909 2994 972 Filius,
3047 928 3152 966 una
3197 912 3433 980 Spiritus
3498 929 3624 966 san-

2059 999 2198 1044 ctus.
2225 993 2299 1043 Ac
2322 993 2542 1056 Patrem
2563 997 2804 1064 quidem,
2834 998 2955 1052 Filii
2983 1016 3046 1053 ac
3085 1001 3320 1069 Spiritus
3350 1013 3622 1057 auctorem

2059 1084 2410 1148 confitemur;
2453 1087 2648 1144 Filium
2691 1108 2819 1145 vero
2849 1102 2901 1164 et
2950 1093 3236 1161 Spiritum,
3281 1098 3373 1164 qui
3409 1096 3657 1152 :rltauc?

2060 1181 2210 1226 ctare
2245 1175 2374 1226 sint.
2409 1177 2477 1229 lix
2502 1179 2592 1230 illo
2618 1181 2759 1233 enim
2798 1193 2900 1246 est,
2925 1183 3096 1239 Filius
3124 1186 3363 1252 quidem.
3400 1189 3624 1254 gignen-
3658 1164 3667 1172 Ἀ

2061 1263 2110 1316 di
2151 1267 2394 1326 ratione;
2435 1267 2674 1335 Spiritus
2713 1286 2862 1332 vero,
2908 1275 3280 1342 processione.
3333 1275 3627 1339 Quocirca,

2059 1372 2182 1409 cum
2218 1356 2384 1412 Filius
2415 1371 2466 1412 et
2488 1359 2722 1430 Spiritus
2754 1364 2820 1418 ad
2857 1381 3024 1418 unum
3056 1376 3336 1420 auctorem
3369 1367 3629 1435 tl’ailcm)

2063 1448 2384 1514 referantur,
2425 1449 2588 1504 Deum
2625 1469 2794 1508 unum
2831 1464 2940 1510 tres
2972 1471 3231 1525 personas
3249 1458 3390 1512 inter
3421 1473 3478 1511 se
3501 1474 3633 1512 con-

2056 1537 2273 1608 junctas
2327 1544 2615 1607 sentimus,
2667 1545 2948 1617 Deumque
2993 1549 3258 1617 singulas,
3323 1549 3368 1605 si
3425 1565 3518 1618 per
3569 1564 3631 1604 se.

2062 1633 2500 1692 considerentur.
2531 1637 2667 1692 Nam
2706 1648 2763 1694 et
2811 1639 2972 1694 Pater
3024 1642 3164 1695 Deus
3213 1642 3484 1709 perlectus
3522 1651 3631 1708 est,

2065 1725 2211 1778 nullo
2237 1725 2450 1782 defectu
2484 1728 2757 1796 loborans,
2789 1729 3070 1801 Filiusque
3105 1731 3382 1799 similiter,
3418 1748 3481 1788 ac
3505 1748 3632 1801 per—

2065 1814 2187 1869 inde
2213 1816 2445 1883 Spiritus
2491 1831 2732 1874 sanctus.
2756 1819 2869 1874 Nec
2902 1823 3073 1892 magis
3097 1821 3235 1876 Deus
3256 1832 3357 1886 est,
3375 1825 3456 1876 vel
3475 1822 3633 1876 Pater

2059 1925 2220 1977 quam
2240 1908 2410 1964 Filius
2436 1911 2516 1963 vrl
2544 1927 2701 1979 quam
2721 1914 3073 1981 Spiritus,vel
3090 1913 3256 1969 Filius
3273 1914 3448 1983 magis
3471 1915 3629 1974 Deus.

2060 2015 2221 2068 quam
2249 1999 2404 2054 Pater
2425 2012 2514 2055 aut
2546 2003 2778 2070 Spiritus
2801 2044 2814 2066 ,
2841 2006 3183 2074 autdeuique
3209 2003 3445 2074 Spiritus
3464 2001 3634 2073 magis

2064 2089 2224 2152 Deus.
2265 2107 2423 2160 quam
2460 2092 2615 2148 Pater
2646 2107 2738 2148 aut
2776 2095 2971 2150 Filius.
3008 2096 3114 2150 Sed
3149 2113 3272 2151 eum
3317 2113 3478 2151 unam
3511 2113 3633 2166 per—

2063 2195 2319 2234 sonarum
2357 2183 2804 2247 intellexerimus,
2862 2185 3166 2255 perfectum
3218 2204 3337 2241 eam
3374 2187 3542 2240 Deum
3570 2202 3634 2241 ac

2070 2269 2358 2323 essentiam
2397 2271 2693 2340 perfectam
2728 2274 3117 2342 cognoscimus
3144 2290 3158 2338 ;
3193 2289 3256 2328 ac
3285 2289 3410 2327 cum
3439 2289 3632 2326 rursus
3662 2332 3665 2334 ,

2066 2372 2174 2416 tres
2211 2378 2475 2431 personas
2511 2364 2677 2416 animi
2720 2365 3050 2433 cogitatione
3091 2365 3534 2434 eopulaverimus
3566 2379 3630 2418 ac

2065 2451 2666 2514 commmeraverimus,
2739 2467 2908 2504 unum
2963 2452 3323 2521 eumdcmque
3371 2466 3433 2506 ac
3461 2451 3637 2520 perie-

2065 2549 2211 2596 ctum
2243 2541 2605 2594 essentialiter
2645 2540 2812 2593 Deum
2855 2541 3194 2609 cogitamus;
3239 2539 3491 2610 idemque
3521 2539 3636 2607 ipse

2067 2648 2129 2688 ac
2158 2647 2297 2686 unus
2325 2631 2466 2685 Deus
2488 2632 2842 2700 signiﬁcatur,
2862 2649 2986 2687 cum
3019 2633 3318 2687 dixerimus
3347 2631 3529 2697 Pater,
3549 2630 3635 2685 Fi-

2068 2726 2175 2780 lius
2203 2739 2257 2780 et
2293 2723 2527 2794 Spiritus
2566 2734 2808 2788 sanctus,
2848 2735 2900 2778 et
2951 2740 3073 2778 cum
3103 2726 3280 2780 solum
3309 2723 3521 2778 Patrem
3556 2725 3638 2778 di-

2068 2819 2335 2882 xerimus,
2369 2825 2464 2870 aut
2505 2815 2726 2881 Filium,
2782 2828 2874 2870 aut
2902 2817 3311 2871 sanctissimum
3345 2817 3634 2886 Spiritum.

2139 2906 2254 2961 Non
2287 2909 2390 2962 hoc
2419 2907 2565 2968 dico,
2603 2906 2746 2973 quod
2799 2905 2959 2960 Pater
2987 2921 3040 2959 et
3073 2905 3246 2960 Filius
3273 2906 3346 2959 sit
3377 2919 3432 2960 et
3465 2905 3638 2974 Spiri-

2071 3016 2156 3058 tus
2196 3009 2420 3056 Sanetus
2452 3000 2470 3072 (
2504 3002 2602 3054 hoc
2632 3001 2777 3054 enim
2828 2998 3118 3053 Judaicum
3147 3007 3251 3062 est,
3301 2997 3636 3066 Sabelliique

2067 3094 2294 3164 opinio),
2323 3093 2417 3147 sed
2449 3075 2594 3162 quod
2634 3108 2736 3145 una
2771 3092 2979 3161 quaevis
3011 3091 3322 3145 divinarum
3375 3105 3639 3158 persona-

395 3179 707 3251 προσώπων
738 3180 958 3244 τελείως
985 3182 1078 3234 καὶ
1102 3181 1403 3243 ἀνελλιπῶς
1431 3185 1547 3236 ἐστι
1571 3183 1703 3246 Θεὸς
1730 3183 1959 3252 μηδενὸς

2067 3204 2184 3240 rum
2218 3186 2456 3256 perfecte
2497 3185 2760 3254 nulloque
2795 3183 3004 3238 defertu
3041 3185 3183 3236 Deus
3211 3191 3328 3248 est,
3363 3182 3436 3236 ita
3468 3191 3526 3236 ut
3557 3182 3638 3234 ni-

393 3274 716 3342 λειπόμενον
751 3273 892 3324 κατὰ
917 3272 1016 3342 τὴν
1051 3271 1264 3337 οὐσίαν,
1298 3275 1398 3343 τῆς
1432 3275 1560 3342 μιᾶς
1591 3276 1683 3328 καὶ
1715 3275 1842 3344 ὅλης
1868 3278 1963 3330 καὶ

392 3365 598 3428 τελείας
631 3364 903 3432 θεότητος,
937 3363 1058 3415 ἐπεὶ
1091 3364 1190 3416 οὐκ
1225 3364 1340 3416 ἐστι
1384 3368 1486 3429 τῆς
1533 3366 1662 3435 ὅλης
1709 3367 1959 3438 Οεότητος

399 3459 559 3530 μέρος
595 3457 693 3526 μὲν
719 3457 746 3506 6
785 3457 994 3525 Πατὴρ,
1051 3457 1216 3524 μέρος
1261 3456 1318 3507 δὲ
1364 3457 1391 3508 6
1438 3455 1590 3522 Υίὸς,
1630 3461 1794 3527 μέρος
1819 3460 1963 3513 δὲτὸ

394 3549 546 3618 ἄγνον
590 3546 836 3614 Πνεῦμα.
882 3546 1013 3598 Οἱδὲ
1037 3548 1143 3613 γὰρ
1177 3547 1339 3616 μέρος
1365 3547 1396 3616 ἢ
1423 3547 1583 3616 μέλος
1615 3546 1648 3600 ὅ
1674 3549 1803 3611 Θεὸς
1827 3550 1960 3619 ἔχει’

393 3644 451 3695 τὸ
485 3643 594 3713 γὰρ
634 3642 798 3709 μέρος
849 3639 1089 3702 ἐλλιπές.
1128 3639 1270 3708 Πρὸς
1319 3639 1375 3691 δὲ
1430 3626 1524 3690 καὶ
1587 3639 1840 3693 σύνθεσιν
1868 3641 1964 3693 καὶ

392 3732 744 3803 περιγραφὴν
772 3731 1007 3800 είσάγει’
1035 3730 1128 3783 καὶ
1159 3732 1240 3782 ὅτι
1265 3731 1323 3782 ἓν
1355 3731 1637 3784 ὁποιονοῦν
1666 3731 1772 3783 τῶν
1798 3733 1964 3802 τριῶν

393 3827 511 3880 ὅλον
548 3826 687 3878 tati.
726 3826 834 3877 Καὶ
867 3824 974 3892 γὰρ
1026 3826 1052 3875 6
1100 3822 1288 3894 Πατὴο
1321 3824 1451 3887 Θεὸς
1483 3825 1625 3890 ὅλος,
1658 3825 1750 3876 καὶ
1781 3827 1807 3877 6
1841 3825 1966 3888 Υἱὸς

395 3919 523 3982 Θεὸς
554 3919 696 3980 ὅλος,
738 3918 831 3968 καὶ
861 3917 921 3968 τὸ
954 3915 1178 3985 Πνεῦμα
1219 3917 1278 3968 τὸ
1311 3916 1466 3984 ἅγιον
1513 3917 1646 3980 Θεὸς
1673 3917 1811 3979 ὅλος.
1855 3919 1965 3971 Καὶ

391 4012 476 4066 διὰ
511 4011 674 4064 τοῦτο
701 4009 761 4062 οὗ
791 4010 1021 4078 λέγομεν
1051 4009 1132 4061 ὅτι
1165 4009 1196 4078 ἡ
1227 4009 1326 4077 ὅλη
1353 4009 1445 4060 καὶ
1481 4009 1575 4078 μία
1613 4009 1804 4077 θεότης
1827 4009 1966 4061 διαι-

393 4107 566 4175 ρεῖται
605 4105 684 4165 εἰς
710 4103 779 4155 τὰ
817 4103 943 4170 τρία
977 4103 1244 4170 πρόσωπα
1269 4099 1464 4166 ταῦτα,
1490 4100 1678 4172 ὥσπερ
1716 4101 1775 4152 τὸ
1810 4101 1965 4167 γένος

390 4197 468 4258 είς
497 4196 640 4265 εἴδη,
675 4195 707 4264 ἢ
743 4195 804 4246 τὸ
834 4189 972 4256 εἶδος
1007 4195 1088 4254 είς
1123 4193 1319 4260 ἄτομα,
1348 4193 1379 4260 ἦ
1422 4191 1482 4243 τὸ
1524 4192 1644 4244 ὅλον
1677 4193 1758 4254 είς
1800 4193 1964 4262 μέρη.

391 4287 524 4339 οὐδὲ
550 4286 787 4364 λέγομεν
828 4285 917 4336 ὅτι
947 4284 1150 4353 μείζων
1185 4281 1458 4354 ἢ’πλείων
1491 4283 1613 4346 Δἐστὶ.
1647 4283 1774 4345 Θεὸς
1802 4286 1829 4336 6
1858 4285 1969 4337 Πα-

388 4381 490 4446 τὴρ
513 4375 675 4446 ὁμοῦ,
705 4378 799 4429 καὶ
845 4377 873 4428 6
901 4376 1026 4438 Υἱὸς
1075 4377 1168 4428 καὶ
1213 4377 1274 4428 τὸ
1329 4376 1555 4444 Πνεῦμα
1589 4378 1678 4429 τοῦ
1713 4378 1841 4430 Υἱοῦ
1874 4378 1968 4431 καὶ

388 4470 482 4524 τοῦ
523 4468 842 4536 Πνεῦματος
867 4483 882 4498 ⁶
931 4467 963 4538 ἢ
1017 4470 1044 4520 6
1070 4450 1286 4539 ’Πατὴρ
1321 4467 1457 4538 ὁμοῦ
1511 4469 1605 4522 καὶ
1645 4471 1672 4520 ὁ
1707 4469 1830 4544 Υἱὸς
1869 4470 1964 4523 τοῦ

390 4563 710 4630 Πνεῦματος
739 4575 755 4592 ⁶
779 4561 811 4629 ἡ
839 4561 866 4612 6
896 4560 1084 4630 Πατὴρ
1122 4565 1281 4629 μὸνος
1319 4559 1414 4612 τοῦ
1446 4559 1577 4613 Υἰοῦ
1609 4561 1641 4631 ἢ
1670 4562 1763 4614 τοῦ
1793 4563 1964 4616 Πνεὺ-

389 4670 558 4724 ματος
585 4652 749 4722 μόνου
782 4652 900 4704 ἐστὶ
927 4651 1141 4721 ’μείζων
1175 4651 1206 4720 ἢ
1237 4652 1495 4721 πλείωνῆ
1537 4652 1799 4716 ἐλάττων,
1839 4652 1963 4705 καί-

384 4761 470 4797 τοι
504 4743 651 4797 κατὰ
688 4741 756 4794 τὰ
806 4743 1076 4810 πρόσωπα
1127 4741 1364 4812 ἀριθμοῦ
1417 4742 1774 4811 εἰσαγομένου
1805 4761 1818 4774 ·
1849 4743 1964 4796 ἀλλ’

385 4833 764 4906 ὁμολογοῦμεν
791 4833 874 4886 ὅτι
905 4833 1000 4901 ὅλη
1035 4836 1066 4902 ή
1101 4834 1240 4902 αὐτὴ
1275 4834 1370 4886 καὶ
1405 4835 1504 4902 μία
1535 4835 1715 4885 τελεία
1743 4834 1964 4898 τελείως

386 4933 444 4985 ἒν
481 4928 679 5000 τελείῳ
703 4927 902 4999 Πατρὶ,
927 4929 1021 4980 καὶ
1053 4929 1148 5000 ὅλη
1183 4929 1370 4982 τελεία
1408 4929 1628 4992 τελείως
1676 4929 1733 4980 ὲν
1772 4928 1964 4999 τελείῳ

460 5142 576 5210 (65)
632 5140 836 5195 Altior
886 5139 1023 5194 Υιοῦ
1111 5139 1212 5193 καὶ
1275 5137 1644 5210 Πνεύματος.
1699 5136 1966 5210 Loquitur

387 5207 642 5276 Calecas,
666 5211 782 5278 ipse
812 5211 1036 5265 Gmcus
1073 5209 1266 5264 Graeco
1297 5209 1568 5276 scribens,
1605 5223 1668 5261 ac
1727 5207 1811 5261 de
1851 5207 1964 5262 ﬁde

390 5284 724 5347 informans,
757 5281 1070 5335 Graecorum
1099 5295 1273 5338 more,
1305 5295 1412 5331 non
1445 5278 1776 5346 explicando
1829 5293 1960 5345 pro-

391 5354 696 5408 cessionem
725 5349 965 5419 Spiritus
988 5351 1154 5402 etiam
1179 5365 1205 5400 a
1236 5348 1394 5414 Filio,
1420 5357 1678 5419 tanquam
1703 5363 1809 5401 uno
1833 5361 1960 5419 cum

394 5423 554 5477 Patre
588 5417 880 5488 principio,
915 5436 976 5474 ac
1028 5420 1296 5486 principio
1332 5435 1394 5470 ex
1460 5417 1618 5488 Patre
1671 5417 1960 5488 principio,

395 5493 487 5561 qui
519 5484 604 5561 sit
626 5484 749 5561 toﬁs
773 5484 950 5561 totius
983 5484 1292 5550 Trinitatis,
1318 5502 1380 5541 ac
1407 5487 1637 5556 proinde
1659 5484 1962 5561 νοιοομκατζ

399 5554 588 5630 ἕξοχὴν
611 5559 804 5624 αἴτιον,
837 5560 884 5611 ἰιΙ
914 5570 1014 5630 est,
1045 5562 1242 5630 Auctor
1261 5575 1321 5609 ac
1355 5554 1537 5620 causa,
1573 5567 1732 5630 prout
1789 5554 1962 5630 Graeci

400 5646 461 5684 ea
485 5625 617 5683 voce
646 5629 899 5683 utuntur.
941 5629 1170 5684 Vidend.
1204 5627 1426 5697 Gregor.
1457 5635 1596 5681 orat.
1629 5626 1732 5697 7‘23.
1772 5642 1820 5695 p.
1861 5625 1964 5680 490

400 5701 560 5762 e125,
599 5699 703 5754 4‘22
733 5711 786 5753 et
831 5699 919 5761 5:),
953 5713 1004 5766 p.
1034 5699 1155 5758 630,
1212 5699 1300 5751 ubi
1351 5699 1571 5766 perinde
1620 5696 1882 5766 Spiritum
1933 5712 1967 5750 a

385 5767 558 5838 ,l’atre
584 5767 713 5822 dicit
753 5771 1062 5837 procedere.
1112 5770 1208 5838 οὑχ
1263 5767 1474 5838 nimia,
1516 5766 1633 5818 οὐδὲ
1676 5770 1781 5833 γὰρ
1842 5783 1963 5832 γεν-

405 5835 1322 5910 νητῶς,ἀλλ’ὶκπορευτῶςίνιοη
1371 5835 1505 5891 Filii
1563 5851 1744 5891 more:
1801 5852 1962 5903 neque

2067 3278 2320 3341 hildesit,
2353 3278 2494 3348 quod
2525 3275 2587 3330 ad
2615 3277 2905 3329 essentiam
2937 3275 3154 3336 attinet,
3187 3274 3252 3328 de
3280 3290 3384 3326 una
3413 3282 3639 3342 totaque

2065 3383 2126 3422 ac
2152 3365 2386 3434 perfecta
2405 3366 2620 3419 deitate.
2642 3363 2755 3417 Non
2778 3365 2922 3418 enim
2949 3365 3114 3417 totius
3142 3363 3358 3416 duitatis
3378 3379 3502 3431 pars
3519 3363 3640 3431 qui-

2065 3461 2184 3510 dem
2213 3457 2390 3520 Pater,
2409 3473 2532 3524 pars
2553 3471 2676 3509 vero
2695 3454 2882 3516 Filius,
2905 3470 2969 3507 ac
2989 3470 3116 3520 pars
3135 3453 3368 3522 Spiritus
3393 3463 3640 3508 sanctus.

2066 3550 2197 3609 Nam
2249 3550 2386 3602 Deus
2422 3557 2625 3615 partem
2681 3557 2776 3600 aut
2824 3547 3125 3600 membrum
3167 3560 3272 3598 non
3302 3545 3478 3600 habet.
3509 3545 3640 3598 Pars

2066 3643 2212 3695 enim
2234 3639 2359 3709 quid
2387 3637 2764 3705 imperfectum
2782 3645 2884 3691 est.
2911 3636 3132 3691 Accedit
3157 3637 3343 3699 etiam,
3361 3635 3503 3704 quod
3522 3636 3641 3703 ejus

2067 3731 2205 3784 ratio
2255 3729 2704 3798 cumpositionem
2741 3743 2804 3782 ac
2859 3727 3419 3796 circuinscriptionem
3479 3727 3638 3780 indu-

2067 3824 2160 3878 cit:
2197 3838 2258 3875 ac
2313 3821 2457 3889 quod
2504 3835 2843 3888 unaquchue
2873 3819 3032 3872 trium
3056 3833 3432 3886 personarum.
3461 3827 3631 3872 totum

2069 3917 2302 3971 exsistit.
2334 3913 2467 3968 Nam
2502 3923 2556 3967 et
2591 3913 2770 3978 Pater,
2821 3914 2960 3966 Deus
3015 3922 3158 3982 totus
3191 3924 3310 3978 est;
3361 3922 3414 3964 et
3450 3910 3640 3974 Filius,

2070 4008 2216 4091 Deus
2251 4019 2433 4072 totus;
2471 4016 2524 4059 et
2558 4005 2795 4074 Spiritus
2835 4016 3078 4066 sanctus,
3107 4014 3250 4056 totus
3285 4003 3444 4058 Deus.
3473 4001 3642 4070 quue

2071 4116 2249 4153 causa:
2286 4107 2388 4158 est,
2419 4113 2517 4151 cur
2551 4112 2656 4149 non
2685 4097 2956 4162 dicamus,
2984 4103 3152 4148 totam
3179 4105 3341 4151 unam
3379 4094 3638 4146 De-itatem

2069 4193 2123 4246 in
2157 4202 2264 4246 tres
2298 4192 2430 4246 istas
2454 4176 2714 4260 personas
2749 4187 2918 4259 dividi
2948 4189 3096 4241 velut
3125 4186 3373 4254 genusin
3402 4185 3636 4256 Species,

2069 4282 2152 4335 vel
2211 4281 2445 4357 specie‘pi
2486 4278 2539 4332 in
2575 4277 2880 4339 individua,
2942 4277 3024 4331 vel
3059 4286 3318 4344 tanquam
3376 4285 3548 4328 totum
3583 4275 3636 4328 in

2067 4383 2275 4441 partes.
2328 4368 2515 4438 Neque
2557 4370 2795 4424 dicimus
2847 4367 3061 4422 Patrem
3099 4367 3262 4422 simul
3290 4367 3561 4420 etlt‘iiium
3591 4375 3647 4420 et

2059 4447 2334 4531 Spiritum
2396 4447 2644 4516 sanctum
2695 4460 2956 4527 majorem
2989 4474 3141 4523 ,esse
3197 4467 3290 4512 aut
3344 4457 3642 4528 pleniorem

2075 4555 2266 4618 Deum,
2296 4569 2456 4622 quam
2483 4553 2656 4606 Filius
2684 4549 3070 4618 autSpiritus;
3108 4550 3190 4604 vel
3229 4550 3442 4603 Patrem
3479 4547 3644 4602 simul

2073 4659 2126 4702 et
2156 4645 2376 4710 Filium,
2415 4661 2578 4714 quam
2614 4643 2878 4712 Spiritus,
2904 4643 2985 4696 vel
3012 4641 3227 4696 Patrem
3260 4641 3460 4708 solum,
3498 4637 3639 4693 Filio

2072 4753 2167 4795 aut
2187 4739 2394 4808 Spiritu
2425 4738 2564 4798 solo,
2599 4735 2856 4804 majorem
2888 4749 3010 4788 esse
3034 4733 3115 4787 vel
3134 4733 3455 4802 pleniorem,
3481 4744 3643 4786 autve

2074 4833 2361 4895 minorem,
2385 4829 2739 4899 quantumvis
2758 4841 3120 4896 personarum
3151 4824 3362 4880 ratione
3381 4841 3642 4881 numerus

2071 4926 2316 4990 ineatur;
2355 4920 2450 4977 sed
2491 4920 2814 4976 conﬁtemur
2861 4928 3030 4972 totam
3072 4917 3316 4972 eamdem
3368 4933 3647 4988 unamque

2069 5137 2207 5189 enim
2255 5130 2727 5203 generatione,sed
2794 5132 3141 5199 praeessiane.
3203 5129 3283 5184 Ac
3327 5128 3540 5203 pirum
3596 5129 3643 5184 si

2067 5197 2315 5260 Corderii
2363 5219 2426 5259 ac
2481 5201 2717 5256 Lanselii
2775 5197 2952 5254 dicam
3003 5202 3268 5265 adversus
3326 5197 3644 5259 Maximum,
3702 5262 3705 5264 _

2069 5286 2195 5329 ante
2224 5289 2400 5330 annos
2427 5273 2498 5326 20
2523 5288 2552 5327 a
2590 5287 2676 5326 me
2703 5271 3062 5336 exsulﬂatam,
3093 5271 3172 5328 vel
3209 5270 3525 5338 Gregorius,
3555 5269 3640 5338 vel

2071 5363 2225 5400 meus
2282 5346 2505 5399 Caleeas
2553 5343 2812 5396 evadant.
2864 5341 3047 5409 Longe
3098 5337 3335 5396 solidior
3374 5337 3640 5400 Georgius

2071 5416 2357 5470 Metoeliita
2386 5413 2746 5486 gravissimus
2773 5411 3083 5486 traditionis
3106 5410 3262 5464 testis
3288 5417 3338 5460 et
3365 5416 3636 5486 assertor,

2070 5502 2176 5551 qua
2207 5486 2286 5540 sic
2315 5477 2630 5551 expressam
2666 5483 2746 5536 vel
2801 5482 3097 5534 involutam
3132 5477 3400 5551 _inysteiii
3461 5477 3641 5528 Triuia

2075 5547 2202 5610 tatis
2238 5547 2419 5619 iidem,
2453 5555 2589 5607 nihil
2627 5552 2992 5606 Ecclesiarum
3029 5549 3146 5616 paci
3181 5547 3427 5601 olfecisse
3455 5560 3642 5619 osten-

2073 5625 2186 5692 dit;
2223 5641 2344 5677 cum
2380 5617 2468 5678 alii
2504 5624 2730 5676 aliorum
2769 5620 2927 5692 [idem
2959 5635 3063 5673 non
3101 5621 3436 5692 ignorarent,
3462 5617 3642 5670 donec

2074 5687 2296 5749 Photius
2323 5694 2564 5761 fovenda}
2593 5691 2895 5762 tyrannidis
2944 5687 3288 5762 occasionem
3339 5689 3461 5741 inde
3498 5692 3638 5740 arri-

2074 5764 2414 5835 puit:_cujus
2443 5757 2581 5835 pene
2615 5757 2960 5835 exstinctum
2994 5757 3235 5834 schisma
3263 5774 3328 5835 ac
3355 5772 3638 5828 comptos-1

2073 5825 2196 5890 sum
2233 5825 2462 5888 Michael
2481 5829 2798 5886 Cerularius
2833 5829 3011 5883 denuo
3045 5825 3348 5881 suscitavit.
