4056 6288
415 376 524 438 479

1685 369 2083 438 MANUELiS
2120 371 2428 434 CALEC/E

3525 423 3532 429 .
3553 376 3668 439 480

413 492 712 562 perfectam
740 486 976 556 perfecte
1007 485 1058 540 in
1083 487 1328 556 perfecto
1349 487 1528 551 Patre,
1553 498 1837 558 totamque
1863 503 1982 558 per-

2094 485 2157 552 τῷ
2191 485 2304 552 Υίῷ
2337 486 2369 552 ἡ
2401 484 2538 554 αὐτή
2565 500 2576 512 ’
2612 483 2707 538 καὶ
2737 482 2832 550 ὅλη
2867 482 3051 539 τελεία
3099 484 3317 548 τελείως
3347 488 3378 555 ἡ
3408 489 3548 558 αὐτὴ
3600 491 3666 544 ὲν

409 584 606 637 fectant
631 577 870 648 perfecte
895 578 948 631 in
976 577 1213 648 perfecto
1244 577 1383 633 Filio
1409 579 1684 643 eamdem,
1712 593 1777 632 ac
1809 586 1977 632 totam

413 672 709 741 perfectam
762 669 1010 740 perferte
1055 671 1304 725 eamdem
1361 671 1416 724 in
1477 670 1734 740 perfecto
1773 669 1980 738 Spiritu

411 773 625 819 sancto.
649 763 727 818 Ac
754 778 966 828 rursus,
1011 772 1186 816 totum
1211 762 1476 832 Spiritum
1510 772 1758 818 sanctum
1782 762 1835 815 in
1870 770 1981 816 tota

411 855 626 921 eadem,
659 863 946 923 totumque
995 855 1194 908 Filium
1239 855 1291 908 in
1316 863 1428 908 tota
1455 853 1670 919 eadem,
1699 867 1765 907 sc
1812 862 1982 907 totum

413 945 626 1000 Patrem
653 947 706 1001 in
728 949 917 1001 eadem
948 955 1084 1001 tota.
1111 945 1452 1015 Rursusque,
1479 955 1647 1001 totam
1677 954 1849 1000 totum
1879 944 1982 999 Pa-

414 1047 553 1089 trent
582 1045 862 1106 totamque
889 1045 1062 1089 totum
1097 1035 1318 1099 Filium,
1354 1044 1411 1090 et
1439 1043 1605 1090 totam
1647 1045 1817 1089 totum
1852 1033 1983 1104 Spi-

415 1129 580 1183 ritum
613 1143 890 1184 sanctum.
951 1130 1026 1184 Ac
1059 1145 1300 1190 rursum,
1355 1137 1502 1183 totus
1533 1129 1587 1183 in
1617 1139 1729 1184 toto
1758 1128 1897 1183 Filio
1930 1136 1987 1182 et

417 1220 622 1287 Spiritu
657 1230 850 1274 sancto
885 1219 1124 1287 perfecte
1156 1229 1241 1274 est
1266 1221 1448 1285 Pater,
1495 1228 1755 1289 totusque
1788 1219 1842 1273 in
1870 1227 1984 1274 toto

413 1307 577 1362 Patre
609 1319 662 1363 et
713 1311 917 1378 Spiritu
973 1309 1206 1377 perfecte
1238 1307 1432 1374 Filius,
1472 1324 1536 1363 ac
1569 1319 1715 1366 totus
1747 1309 1799 1364 in
1827 1309 1988 1364 Patre

412 1409 469 1451 et
501 1398 642 1452 Filio
672 1399 905 1467 pt‘rfc'CIe
924 1399 1160 1466 Spiritus
1187 1410 1435 1454 sanctus.
1467 1399 1584 1453 Una
1620 1399 1767 1453 enim
1799 1412 1988 1454 essen-

413 1493 490 1544 tia
508 1502 592 1544 est
616 1489 789 1544 Patris
811 1499 864 1544 et
879 1489 997 1543 Filii
1022 1504 1072 1545 et
1092 1491 1330 1561 Spiritus
1356 1490 1554 1558 sancti,
1579 1505 1704 1545 cum
1736 1501 1985 1546 neutrum

417 1586 535 1637 s‘ne
560 1585 732 1637 altero
761 1586 855 1648 sit,
884 1595 976 1637 aut
1008 1570 1358 1652 intelligatur.

388 1717 391 1719 .
486 1674 778 1742 Propterea
807 1675 883 1728 ait
903 1675 1045 1743 Greg
1067 1678 1200 1731 il'illS
1228 1674 1559 1744 Tlteologtts,
1604 1673 1760 1730 Orat.
1793 1675 1847 1728 in
1878 1671 1988 1728 Ln-

415 1767 593 1819 mina:
629 1765 802 1820 Unum
821 1767 1037 1836 aliquod
1059 1771 1221 1820 trium
1250 1767 1427 1820 animo
1461 1766 1781 1836 informans.
1821 1778 1984 1821 totum

416 1860 512 1910 hoc
549 1875 662 1913 esse
686 1861 960 1925 existimo,
1001 1861 1254 1930 plenoque
1299 1860 1486 1914 mentis
1517 1862 1692 1925 oculo,
1722 1861 1840 1928 ejus
1873 1879 1986 1914 ma-

415 1967 518 2020 gna
544 1969 668 2021 pars
705 1953 938 2022 di/Iugit.
978 1947 1104 2006 Non
1138 1970 1348 2020 possunt
1390 1957 1503 2024 ejus
1549 1953 1984 2022 comprehendere

417 2045 856 2109 magnitudinem,
895 2053 953 2098 ut
993 2047 1041 2099 ei
1089 2047 1226 2114 quod
1267 2046 1532 2114 deﬁcitur,
1578 2046 1720 2114 quod
1754 2043 1986 2113 amplius

415 2145 494 2187 est
522 2138 772 2189 tribuant.
799 2135 933 2191 Cum
966 2137 1071 2188 tria
1103 2137 1288 2189 mentis
1317 2136 1740 2190 consideratione
1772 2143 1987 2187 contra-

414 2241 561 2291 xere,
597 2242 756 2280 unum
791 2227 962 2296 facem
1010 2228 1298 2295 conspicio,
1337 2228 1525 2280 'lumen
1554 2243 1717 2280 unum
1753 2226 1989 2282 dividere

416 2332 508 2368 seu
535 2318 824 2370 commetiri
855 2333 956 2369 non
1005 2317 1204 2370 valens.
1261 2317 1373 2373 Etsi
1408 2332 1537 2388 ergo
1568 2316 1782 2372 Patrem
1819 2316 1987 2372 Deum

416 2407 716 2477 perfectum
765 2420 815 2463 et
846 2409 1150 2464 increatum
1207 2425 1503 2482 rerumque
1558 2412 1808 2481 Opiﬁcem
1857 2413 1989 2471 dici-

418 2517 564 2557 mus.
590 2503 899 2571 pariterque
924 2505 1089 2558 etiam
1111 2485 1312 2558 Filium.
1333 2515 1387 2560 et
1413 2505 1677 2576 Spiritum
1703 2518 1986 2575 sanctum;

420 2607 528 2643 non
569 2601 747 2645 tanien
791 2604 900 2648 tres
948 2595 1080 2649 deos
1104 2635 1120 2659 ,
1160 2607 1255 2651 aut
1296 2605 1407 2652 tres
1442 2597 1736 2659 incrratos.
1766 2600 1846 2654 vel
1881 2610 1990 2655 tres

419 2696 602 2736 rerum
658 2684 880 2752 epilires
905 2685 1162 2752 dicimus,
1211 2687 1281 2741 ob
1313 2688 1477 2742 unius
1525 2690 1775 2743 essentim
1806 2691 1988 2746 unita-

423 2783 554 2833 tem,
587 2781 640 2826 et
672 2773 816 2840 quod
846 2773 1015 2830 Filius
1055 2787 1108 2830 et
1139 2776 1375 2857 Spiritus
1407 2776 1474 2833 ad
1508 2794 1676 2857 unum
1709 2789 1987 2834 auctorem

421 2859 746 2928 referantur,
781 2881 970 2936 nempe
1001 2847 1233 2923 Patrem.
1269 2847 1425 2933 Quod
1455 2867 1620 2939 igitur
1636 2847 1988 2932 dicebamus.

422 2951 590 3007 Drum
634 2972 1078 3026 unamquamque
1107 2974 1396 3027 personam
1443 2960 1746 3015 Secundum
1778 2976 1838 3015 se
1867 2976 1993 3015 con--

420 3046 748 3111 Sitlcrallllls,
829 3047 901 3101 ob
973 3049 1635 3119 consubstantialitalem;
1713 3051 1992 3121 Deumque

421 3151 588 3187 unttm
629 3146 737 3189 trrs
774 3136 937 3189 simul
981 3136 1115 3191 alios
1167 3136 1224 3189 in
1258 3138 1385 3193 aliis
1415 3139 1721 3197 intellectas
1752 3143 1984 3196 conﬁte-

2082 574 2274 645 τελείῳ
2301 573 2378 644 τῷ
2401 574 2543 644 ἁγίῳ
2571 574 2873 644 Πνεύματι,
2893 576 2991 629 καὶ
3013 576 3176 632 πάλιν
3202 578 3325 630 ὅλον
3347 578 3410 631 τὸ
3438 581 3664 646 Πνεῦμα

2082 666 2145 718 τὸ
2174 665 2330 733 ἆγιον
2357 667 2414 717 ὲν
2443 665 2538 736 ὅλῃ
2565 668 2632 736 τῇ
2668 666 2833 736 αὐτῇ,
2869 666 2967 718 καὶ
2996 667 3120 730 ὅλος
3143 669 3173 722 6
3206 667 3334 732 Υἱὸς
3362 671 3423 724 έν
3459 671 3558 742 ὅλῃ
3589 676 3661 743 τῇ

2084 760 2243 830 αὐτῇ.
2276 760 2372 814 καὶ
2396 760 2516 824 ὅλος
2549 761 2606 812 έν
2640 759 2741 832 ὅλῃ
2763 763 2830 832 τῇ
2858 763 2997 832 αὐτῇ
3026 763 3056 816 6
3085 763 3298 833 Πατήρ.
3329 765 3440 816 Kal
3472 765 3659 833 πάλιν,

2083 845 2178 917 ὅλη
2212 849 2331 912 ὅλος
2353 850 2381 902 6
2405 849 2615 919 Πατὴρ,
2653 849 2749 904 καὶ
2779 850 2876 921 ὅλη
2903 849 3026 913 ὅλος
3047 852 3076 904 6
3100 851 3250 916 Υίὸς,
3287 852 3382 905 καὶ
3411 853 3509 923 ὅλη
3539 855 3662 908 ὅλον

2086 939 2146 992 τὸ
2182 937 2407 1010 Πνεῦμα
2446 940 2506 994 τὸ
2541 940 2719 1008 ἆγιον.
2777 943 2890 996 Kal
2945 941 3110 996 πάλιν
3160 942 3282 1006 ὅλος
3315 943 3376 996 ιν
3423 943 3534 1014 ὅλῳ
3578 945 3659 1013 τῷ

2087 1028 2201 1100 Υίῷ
2230 1032 2324 1084 καὶ
2370 1030 2449 1102 τῷ
2497 1031 2780 1102 Πνεύματι
2810 1033 3032 1096 τελείως
3085 1032 3232 1088 ἔστιν
3256 1035 3285 1088 6
3316 1034 3525 1105 Πατὴρ,
3557 1039 3659 1090 καὶ

2084 1119 2204 1185 ὅλος
2255 1124 2312 1175 ἐν
2360 1123 2468 1192 ὅλῳ
2518 1123 2597 1193 τῷ
2637 1125 2814 1192 Πατρὶ
2849 1125 2946 1177 καὶ¹
3003 1123 3083 1194 τῷ
3121 1124 3404 1194 Πνεύματι
3434 1124 3655 1188 τελείως

2086 1217 2233 1270 ἐστὶν
2270 1218 2298 1269 6
2332 1217 2480 1282 Υἱὸς,
2507 1218 2601 1271 καὶ
2630 1218 2751 1272 ὅλον
2779 1219 2837 1272 ὲν
2867 1219 2976 1289 ὅλῳ
3009 1218 3086 1287 τῷ
3122 1219 3297 1286 Πατρὶ
3327 1220 3421 1272 καὶ
3447 1218 3524 1288 τῷ
3551 1219 3660 1287 Υίῴ

2086 1306 2305 1371 τελείως
2342 1310 2460 1362 ἐστὶ
2491 1309 2552 1362 τὸ
2591 1310 2816 1379 Πνεῦμα
2860 1308 2920 1363 τὸ
2959 1310 3137 1376 ἅγιον.
3179 1308 3296 1362 Μία
3343 1309 3456 1380 γὰρ
3501 1309 3659 1362 οὐσία

2087 1398 2322 1464 Πατρὸς,
2355 1398 2488 1452 Υίοῦ
2540 1401 2634 1453 καὶ
2664 1400 2824 1468 ἁγίου
2877 1399 3223 1470 Πνεύματος,
3251 1400 3353 1455 οὐκ
3374 1401 3530 1466 bino;
3568 1402 3657 1456 τοῦ

2088 1491 2276 1562 ἑτέρου
2306 1493 2475 1562 χωρῖς
2499 1483 2711 1563 ἑτέρου,
2739 1494 2773 1564 ἢ
2799 1493 3118 1564 νοουμένου.

2159 1671 2260 1724 Διὰ
2307 1669 2481 1724 ταῦτα
2512 1687 2678 1740 φησιν
2711 1673 2740 1724 6
2769 1669 3033 1738 Θεολόγος
3063 1670 3370 1740 Γρηγόριος
3398 1671 3456 1724 ὲν
3481 1669 3560 1739 τῷ
3584 1670 3660 1732 si;

2089 1761 2158 1815 τὰ
2189 1760 2348 1815 Φῶτα
2379 1760 2541 1831 λόγῳ,
2577 1778 2596 1812 ι
2647 1761 2817 1814 Ὅταν
2865 1758 2924 1812 ἓν
2956 1777 3011 1812 τι
3043 1759 3154 1812 τῶν
3185 1759 3354 1827 τριῶν
3383 1758 3498 1826 (66)
3531 1776 3662 1827 φανο

2090 1853 2295 1916 τασοῶ,
2321 1851 2480 1906 τοῦτο
2515 1853 2722 1922 νομίζω
2747 1851 2809 1905 τὸ
2846 1853 2980 1916 πᾶν,
3011 1852 3107 1904 καὶ
3137 1851 3241 1921 τὴν
3269 1850 3394 1914 ὅφιν
3438 1849 3662 1920 πεπλή-

2096 1961 2298 2020 ρωμαι,
2333 1945 2425 1996 καὶ
2453 1944 2512 1997 sb
2538 1943 2723 1996 πλεῖον
2751 1943 3029 2011 διέφυγεν.
3061 1943 3176 1995 οὐκ
3205 1943 3316 2011 εχω
3343 1942 3403 1994 τὸ
3435 1942 3662 2010 μέγεθος

2093 2031 2283 2086 τούτου
2309 2032 2662 2096 καταλαϐεῖν,
2701 2032 2791 2085 ἵνα
2818 2031 2894 2084 δῶ
2920 2031 2982 2085 τὸ
3013 2031 3196 2087 πλεῖον
3223 2029 3301 2099 τῷ
3330 2030 3658 2098 λειπομένῳ.

2097 2123 2268 2177 Ὅταν
2309 2122 2379 2176 τὰ
2423 2121 2552 2194 τρία
2606 2121 2813 2178 συνέλω
2851 2125 2921 2191 τῇ
2966 2122 3193 2193 θεωρία,
3227 2121 3359 2189 μίαν
3389 2121 3500 2192 ὁρῶ
3524 2121 3661 2189 λαμ-

2095 2213 2260 2278 πάδα,
2299 2215 2398 2267 οὐκ
2435 2213 2574 2284 ἔχων
2598 2215 2793 2268 διελεῖν
2819 2215 2856 2286 ἢ
2882 2212 3154 2284 μετρῆσαι
3179 2213 3240 2266 sb
3267 2211 3385 2280 φῶς
3416 2212 3662 2281 ὲνιζόμε-

2096 2323 2206 2358 νον.
2259 2324 2280 2357 ο
2314 2305 2478 2359 Ὅθεν
2516 2308 2564 2359 si
2602 2306 2696 2360 καὶ
2729 2307 2867 2360 Θεὸν
2899 2306 3107 2360 τέλειον
3133 2305 3227 2360 καὶ
3267 2307 3524 2362 ἄκτιστον
3573 2307 3662 2356 καὶ

2094 2395 2428 2468 δημιουργὸν
2465 2397 2698 2468 λέγομεν
2729 2400 2820 2451 τὸν
2854 2399 3098 2469 Πατέρα,
3123 2393 3398 2460 ὡσαύτως
3446 2398 3542 2450 καὶ
3575 2397 3664 2449 τὸν

2096 2487 2224 2540 Υίὸν
2268 2490 2356 2542 Ital
2398 2489 2458 2544 sb
2494 2489 2647 2557 ἅγιον
2683 2489 2908 2561 Πνεῦμα
2933 2509 2947 2523 ·
2996 2491 3115 2546 ἀλλ’
3163 2492 3310 2559 ὅμως
3341 2493 3402 2544 ού
3435 2490 3664 2557 λέγομεν

2095 2584 2245 2650 τρεῖς
2281 2581 2438 2644 θεοὺς
2460 2621 2477 2643 ,
2506 2582 2626 2638 οὐδὲ
2665 2586 2817 2654 τρεῖς
2867 2582 3182 2649 ἁκτίστους,
3227 2583 3349 2637 οὐδὲ
3391 2583 3545 2653 τρεῖς
3570 2582 3664 2650 δη·

2102 2675 2415 2742 μιουργοὺς,
2443 2673 2530 2728 διὰ
2551 2673 2651 2744 τὴν
2679 2676 2911 2747 ἑνότητα
2942 2677 3044 2748 τῆς
3080 2679 3212 2747 μιᾶς
3243 2676 3453 2740 οὐσίας,
3485 2676 3580 2728 καὶ
3607 2675 3666 2728 τὸ

2098 2764 2189 2817 τὸν
2221 2765 2350 2818 Υιὸν
2376 2767 2468 2820 καὶ
2495 2767 2557 2820 τὸ
2583 2765 2810 2836 Πνεῦμα
2859 2769 2938 2833 είς
2967 2767 3026 2822 ἓν
3070 2769 3243 2823 αίτιον
3273 2760 3663 2837 ἀναφέρεσθαι,

2097 2859 2189 2912 τὸν
2249 2860 2488 2930 Πατέρα.
2545 2862 2728 2930 Ὅπερ
2780 2856 2874 2915 οὖν
2929 2861 3214 2932 ἐλέγομεν,
3249 2861 3387 2915 Θεὸν
3433 2859 3664 2914 ἕκαστον

2097 2950 2218 3005 κ;ῠ’
2247 2953 2435 3004 ἑαυτὸν
2483 2953 2802 3024 θεωροῦμεν
2847 2954 2937 3010 διὰ
2976 2953 3080 3026 τὴν
3121 2952 3548 3024 όμοουσιότητα,
3577 2953 3665 3004 καὶ

2097 3043 2232 3098 Θεὸν
2266 3045 2363 3098 ἕνα
2395 3045 2461 3098 τὰ
2490 3046 2618 3116 τρία
2667 3031 3042 3116 ὁμολογοῦμεν
3095 3046 3193 3100 σὺν
3239 3044 3491 3114 ἀλλήλοις
3521 3044 3663 3097 νοού-

2103 3153 2242 3206 μενα
2269 3135 2360 3190 διὰ
2387 3135 2486 3205 τὴν
2522 3137 2840 3208 μοναρχίαν,
2871 3137 3285 3207 φυλασσομένης
3321 3137 3537 3204 ἑκάστῳ
3570 3136 3663 3187 πά-

417 3240 562 3285 mur,
593 3240 654 3277 ra
683 3225 889 3280 scilicet
936 3227 1144 3280 ratione
1178 3236 1246 3280 ιιι·
1262 3228 1600 3298 principatus
1664 3247 1804 3287 unus
1845 3225 1989 3287 ’con—

2094 3229 2174 3281 λιν
2196 3226 2296 3296 τῆς
2334 3228 2618 3293 ἰδιότητος.
2658 3230 2751 3281 Δεῖ
2775 3229 2884 3298 γὰρ
2913 3228 3006 3282 καὶ
3029 3228 3127 3290 τὰς
3147 3227 3514 3288 ὐποστατικᾶς
3539 3226 3654 3277 ἰδιό-

419 3325 696 3382 serretur;
753 3327 1008 3372 manente
1058 3333 1252 3374 rursus
1289 3335 1354 3374 ac
1406 3321 1670 3377 incolumi
1717 3336 1816 3377 sua
1876 3325 1994 3379 cui-

421 3422 528 3474 que
561 3408 916 3477 proprietate.
963 3409 1197 3466 Necesse
1235 3411 1380 3468 enim
1412 3422 1519 3477 cst,
1556 3422 1615 3468 ut
1645 3423 1699 3468 et
1730 3430 1991 3483 personu-

421 3499 497 3553 les
520 3501 881 3570 proprietates
921 3501 1240 3558 inconfusas
1292 3520 1356 3560 ac
1379 3505 1694 3562 immobiles
1728 3511 1984 3564 conﬁtea-

420 3607 563 3659 ntur,
594 3593 874 3664 Deumque
894 3611 1056 3651 unum
1085 3597 1136 3651 in
1165 3597 1339 3654 tribus
1369 3600 1619 3667 personis
1649 3599 1962 3668 adoremus,

419 3679 636 3736 Patrem
677 3685 921 3754 quidem,
957 3697 1013 3742 ut
1051 3687 1288 3752 Putrem,
1332 3688 1644 3761 Filiumque
1674 3701 1734 3745 ut
1767 3689 1990 3757 Filium,

417 3784 484 3822 ac
525 3771 786 3839 Spiritum
833 3783 1082 3856 sanctum
1115 3787 1172 3831 ttt
1202 3778 1464 3850 Spiritum
1495 3790 1768 3847 sanctum,
1803 3799 1996 3852 quem-

419 3863 710 3920 admodum
769 3868 827 3922 in
879 3867 1068 3924 cadent
1126 3870 1382 3926 Oratione
1435 3871 1505 3928 de
1566 3873 1652 3930 liis
1706 3874 1990 3946 loquitur:

422 3951 567 4008 Nunt
597 3956 798 4027 alioqui
826 3961 1087 4029 quomodo
1116 3962 1410 4029 proprietas
1437 3961 1621 4030 fuerit,
1650 3967 1699 4019 si
1721 3978 1995 4024 moveatur

415 4060 582 4116 eaque
610 4048 720 4102 alia
756 4051 812 4104 in
852 4053 1014 4105 aliam
1051 4037 1325 4110 mutetur?
1360 4055 1596 4126 Magnus
1629 4073 1850 4130 quoque
1884 4061 1993 4118 Ba-

417 4137 574 4192 silius
617 4139 670 4193 in
711 4142 848 4194 liltro
888 4141 962 4196 De
995 4146 1101 4211 ﬁde
1130 4162 1149 4200 :
1181 4146 1409 4214 Filium,
1448 4149 1647 4219 inquit,
1683 4169 1746 4206 ac
1776 4153 1995 4208 Patrem

416 4231 552 4284 dixi.
606 4230 720 4285 llas
757 4232 887 4286 mihi
919 4251 1068 4288 serva
1097 4241 1473 4307 proprietates.
1518 4241 1634 4297 Hoc
1675 4244 1852 4315 itaque
1881 4263 1995 4301 ma-

421 4337 567 4386 nens,
603 4323 744 4391 quod
767 4334 870 4390 est,
901 4323 1072 4381 Filius
1131 4325 1326 4384 cuncta
1348 4343 1426 4385 est
1457 4349 1778 4407 quacunque
1802 4336 1990 4406 Pater,

415 4415 573 4483 iuxta
626 4414 840 4469 Domini
880 4433 1071 4484 vocem,
1123 4436 1240 4474 cum
1271 4422 1380 4477 ait:
1421 4422 1650 4480 «Omnia
1675 4443 1996 4500 quacunque

419 4506 576 4564 habet
603 4505 787 4574 Pater,
825 4526 942 4564 mea
980 4523 1101 4567 sunt
1135 4515 1243 4569 ".t
1279 4514 1711 4586 Cltrysostomus
1766 4536 1992 4592 quoque

420 4599 476 4652 in
498 4598 732 4668 quodam
775 4616 1002 4657 snorunt
1041 4601 1367 4662 Sermonum
1402 4627 1418 4664 :
1449 4609 1838 4678 Proprietatem
1870 4629 1992 4669 cum

418 4689 562 4753 dico,
611 4689 844 4760 Patrem,
873 4691 1088 4750 Patrem
1115 4697 1389 4768 intelligc;
1413 4711 1461 4755 et
1489 4699 1539 4754 F
1541 4702 1719 4770 ilium,
1751 4702 1992 4772 Filium;

415 4790 470 4840 et
504 4780 764 4848 Spiritum
809 4797 1074 4854 sanctum,
1124 4788 1385 4858 Spiritum
1416 4803 1680 4864 sanclunt.
1717 4795 1810 4852 Hae
1845 4799 1990 4854 enim

423 4875 782 4943 proprieta'es
843 4879 983 4935 inter
1022 4897 1082 4936 se
1112 4882 1338 4943 minime
1389 4897 1819 4945 commutantur.
1870 4889 1996 4946 Ete-

421 4963 535 5022 nim
590 4963 751 5020 Pater
801 4969 1020 5038 preprie
1076 4987 1315 5043 vereque
1377 4973 1537 5031 Pater
1567 4986 1686 5043 est;
1719 4988 1774 5035 et
1801 4977 1992 5048 Filius,

423 5055 645 5126 proprie
681 5072 922 5127 vereque
959 5059 1167 5130 Filius;
1224 5076 1278 5121 et
1301 5065 1544 5138 Spiritus
1591 5081 1838 5140 sanctus,
1869 5088 1994 5142 pro-

420 5145 537 5222 prie
567 5162 802 5218 vereque
833 5150 1075 5222 Spiritus
1101 5168 1354 5214 sanctus.
1387 5160 1547 5232 Apud
1587 5163 1838 5220 homines
1871 5167 1995 5238 qui-

491 5333 540 5368 ”
564 5327 729 5385 han.
755 5345 889 5398 nn.
920 5331 1009 5388 15.

497 5517 611 5584 (6-5)
631 5517 812 5570 ’Ὅταν
831 5513 905 5569 ἕν
947 5530 1004 5568 τι
1032 5507 1152 5584 τῶν
1179 5511 1376 5584 τριῷκ.
1415 5512 1643 5582 Sumpta
1676 5514 1788 5570 inec
1814 5531 1876 5569 ex
1901 5514 2005 5568 alia

424 5580 676 5648 Gregorii
698 5595 839 5642 orat.
861 5599 1025 5656 quam
1068 5582 1201 5656 citet
1253 5580 1503 5656 calceus,
1557 5580 1660 5648 Et;
1709 5584 1778 5637 τὰ
1827 5584 2006 5656 φῶτα,

425 5657 527 5708 etsi
553 5658 642 5709 illa
687 5659 797 5724 iam
828 5651 938 5710 non
969 5651 1232 5711 occurrit.
1295 5653 1498 5723 Sicque
1532 5656 1702 5708 etiam
1756 5651 2007 5724 superio-

429 5725 583 5795 tilnts
610 5726 785 5778 eidrm
817 5725 1084 5795 obrepsit.
1117 5733 1176 5779 ιιι
1206 5725 1362 5795 quasi
1393 5741 1458 5778 ex
1490 5727 1590 5778 hac
1627 5724 1816 5778 eadem
1852 5731 1993 5777 orat.

433 5794 684 5860 referret,
706 5796 854 5869 quod
885 5794 1086 5854 exalia
1118 5794 1371 5855 retulisse
1397 5795 1756 5869 deprehendi,
1789 5801 1844 5850 et
1869 5807 1994 5849 vero

2021 4564 2068 4622 D

2092 3337 2262 3390 τητας
2283 3317 2630 3390 ἀσυγχύτους
2663 3321 2760 3374 καὶ
2788 3319 3207 3392 ἀμεταϐλήτους
3237 3321 3528 3388 ὁμολογεῖν,
3561 3316 3647 3366 καὶ

2094 3414 2423 3483 προσκυνεῖν
2454 3412 2550 3466 ἕνα
2583 3413 2717 3467 Θεὸν
2752 3415 2810 3468 ἐν
2862 3413 3011 3484 τρισὶ
3061 3415 3399 3483 προσώποις,
3436 3410 3522 3462 τὸν
3559 3409 3648 3475 μὲν

2093 3506 2312 3576 Πατέρα
2354 3507 2430 3570 ὼς
2473 3506 2719 3576 Πατέρα,
2776 3506 2870 3558 τὸν
2910 3506 2969 3560 δὲ
3011 3505 3140 3558 Υίὸν
3191 3504 3268 3566 ὡς
3308 3503 3460 3567 fabii,
3509 3501 3570 3558 sb
3607 3499 3660 3552 δὲ

2094 3596 2315 3668 Πνεῦμα
2343 3597 2402 3650 τὸ
2448 3595 2604 3665 ἅγιον
2650 3597 2725 3661 ὡς
2765 3597 2987 3668 Πνεῦμα
3020 3596 3200 3662 ἅγιον,
3231 3595 3412 3656 καθὼς
3449 3597 3477 3648 6
3508 3593 3664 3652 αὐτὸς

2092 3687 2352 3758 Θεολόγος
2380 3690 2437 3742 έν
2468 3691 2546 3758 τῷ
2574 3688 2723 3759 αὐτῷ
2757 3707 2891 3760 φησι
2919 3689 3052 3758 περὶ
3082 3687 3312 3744 τούτων·
3350 3705 3370 3739 ι
3407 3684 3532 3748 Πῶς
3562 3685 3666 3753 γὰρ

2092 3782 2160 3836 ἂν
2185 3783 2383 3853 ἰδιότης
2408 3782 2495 3850 είη
2526 3782 2820 3851 κινουμένη
2851 3783 2948 3835 καὶ
2972 3780 3427 3850 μεταπίπτουσας
3451 3795 3468 3828 t
3503 3775 3667 3828 πάλιν

2094 3874 2236 3929 κατὰ
2262 3875 2355 3929 τὸν
2379 3873 2544 3928 αὐτὸν
2575 3876 2774 3928 εἰπεῖν.
2801 3873 2910 3928 Καὶ
2935 3875 2965 3928 6
2997 3872 3170 3945 μέγας
3199 3869 3479 3932 Βασίλειος
3509 3868 3570 3920 ὲν
3592 3865 3668 3934 τῷ

2095 3966 2225 4036 περὶ
2258 3966 2518 4033 πίστεως,
2548 3982 2568 4018 ι
2603 3965 2732 4020 Υίὸν
2764 3962 2942 4028 εἷπον,
2981 3982 2999 4015 i
3035 3966 3193 4034 φησῒ,
3226 3983 3245 4015 ι
3275 3963 3370 4014 καὶ
3403 3960 3623 4030 Πατέρα
3647 3972 3665 3989 ο

2094 4055 2338 4126 φύλασσέ
2383 4072 2476 4127 μοι
2523 4055 2730 4119 ταύτας
2772 4055 3068 4122 ἰδιότητας.
3118 4054 3309 4109 Μένων
3359 4051 3456 4107 οὖν
3500 4055 3560 4108 έν
3588 4046 3666 4125 τῷ

2094 4142 2236 4201 εἶναι
2269 4147 2397 4210 Υἱὸς
2423 4148 2452 4198 6
2481 4147 2631 4210 Υἱὸς,
2661 4147 2842 4200 πάντα
2869 4147 3016 4200 ἐστὶν
3064 4146 3167 4199 ὅσα
3217 4145 3367 4198 ἐστὶν
3395 4147 3422 4200 6
3451 4146 3665 4216 Πατὴρ,

2093 4237 2238 4292 κατὰ
2258 4235 2356 4306 τὴν
2377 4235 2540 4290 αὐτοῦ
2563 4235 2747 4307 φωνὴν
2769 4234 2864 4290 τοῦ
2890 4235 3098 4306 Κυρίου
3122 4236 3391 4302 εἰπόντος,
3420 4256 3438 4288 ι
3483 4238 3669 4291 Πάντα

2095 4331 2194 4384 ὅσα
2227 4328 2342 4399 ἔχει
2369 4330 2399 4383 6
2428 4328 2642 4399 Πατὴρ,
2668 4328 2777 4397 ἐμά
2828 4330 2966 4382 ἔστι.
3011 4348 3030 4381 ι
3071 4327 3182 4383 Kal
3217 4329 3246 4382 6
3277 4329 3672 4397 Χρυσόστομος

2094 4421 2153 4475 ἐν
2187 4440 2294 4476 τινι
2313 4421 2422 4475 τῶν
2449 4421 2617 4476 αὑτοῦ
2641 4423 2841 4491 λόγων,
2875 4441 2894 4476 ι
2935 4422 3199 4492 Ἰδιότητα
3218 4419 3329 4490 γὰρ
3349 4420 3481 4474 ὅταν
3501 4418 3669 4484 εἴπω,

2095 4512 2188 4568 τὸν
2222 4513 2446 4586 Πατέρα
2475 4515 2696 4586 Πατέρα
2729 4514 2943 4584 νόησον,
2979 4513 3190 4568 καὶτὸν
3219 4511 3347 4566 Υίὸν
3391 4513 3542 4574 Υίὸν,
3574 4511 3674 4566 καὶ

2095 4606 2158 4661 τὸ
2184 4607 2408 4678 Πνεῦμα
2427 4606 2486 4664 τὸ
2505 4608 2658 4676 ἅγιον
2682 4605 2905 4674 Πνεῦμα
2928 4606 3102 4674 ἅγιον.
3117 4624 3138 4659 ι
3160 4599 3327 4662 Δῦται
3348 4606 3457 4675 γὰρ
3473 4606 3527 4658 αἱ
3551 4603 3679 4657 ἰδιό-

2095 4718 2272 4772 τητες,
2298 4701 2399 4754 οὐκ
2427 4699 2898 4769 ἀντιστρέφονται.
2927 4698 3039 4752 Καὶ
3064 4698 3173 4767 γὰρ
3196 4699 3223 4752 6
3250 4695 3441 4766 Πατὴρ
3469 4695 3677 4766 κυρίως

2097 4791 2192 4846 καὶ
2221 4791 2436 4861 ἀληθῶς
2460 4794 2575 4845 ὲστι
2607 4791 2819 4862 Πατήρ·
2852 4790 2946 4844 καὶ
2973 4792 3004 4843 6
3033 4790 3158 4853 Υίὸς
3181 4789 3386 4860 κυρίως
3411 4787 3507 4840 καὶ
3534 4786 3676 4854 ἁλη-

2099 4884 2208 4947 θῶς
2234 4883 2384 4950 Υἱὸς,
2409 4883 2504 4936 καὶ
2532 4883 2593 4936 τὸ
2624 4882 2851 4951 Πνεῦμα
2891 4881 2954 4934 τὸ
3000 4881 3156 4949 ἅγιον
3182 4881 3388 4950 κυρίως
3417 4878 3515 4932 καὶ
3539 4877 3682 4946 ἀλη-

2099 4977 2211 5042 θῶς
2243 4978 2362 5029 ἔστι
2398 4973 2623 5045 Πνεῦμα
2654 4974 2830 5043 ἅγιον.
2895 4973 2988 5026 Ἐν
3022 4972 3121 5042 μὲν
3169 4970 3280 5041 γὰρ
3309 4971 3425 5032 τοῖς
3458 4966 3681 5038 ἀνθρώ-

2102 5091 2228 5137 ποις
2259 5071 2413 5126 οὐδὲν
2442 5070 2645 5124 κωλύει
2674 5069 2770 5123 τὸν
2793 5068 2957 5123 αὑτὸν
2987 5063 3131 5122 εἶναι.
3157 5065 3372 5135 πατέρα
3411 5063 3506 5117 καὶ
3532 5061 3675 5114 υιόν·

2102 5164 2264 5221 ἄλλου
2310 5161 2412 5235 μὲν
2453 5160 2667 5234 πατέρα
2713 5159 2985 5232 δηλονότι,
3015 5157 3181 5214 ἄλλου
3225 5155 3283 5212 δὲ
3315 5153 3454 5220 υίὸν,
3479 5149 3679 5220 ἐπειδὴ

2108 5514 2387 5588 annotavi.
2406 5511 2567 5588 _Atlde
2588 5513 2730 5581 quod
2756 5525 2863 5588 non
2889 5509 3026 5588 satis
3055 5515 3427 5588 succurrente
3472 5516 3684 5588 mento-

2109 5587 2210 5648 ria,
2241 5583 2568 5654 quandoque
2597 5582 2854 5654 nonnulla
2889 5581 3180 5654 verborum
3229 5581 3464 5631 mutatio
3527 5581 3680 5654 acci-

2104 5654 2182 5709 dit
2217 5671 2231 5708 :
2259 5648 2330 5707 'ut
2359 5648 2871 5722 cumfscquentilms
2900 5655 3042 5721 (quae
3073 5648 3191 5722 ipsa
3222 5660 3352 5722 vere
3408 5661 3474 5700 ex
3524 5653 3672 5722 orat.

2103 5725 2182 5785 εις
2214 5725 2282 5776 τὰ
2325 5721 2502 5793 φῶτα)
2538 5716 2659 5777 loco
2708 5720 2881 5793 μένοι,
2909 5716 3158 5788 ’ὁειείηο
3209 5716 3403 5774 eodem
3460 5716 3703 5805 penitus.

2101 5809 2291 5852 sensu.
