4056 6288
361 360 459 425 (Si

1321 364 1419 426 DE
1462 362 1890 425 PRINCIPUS
1930 368 2143 427 FIDE!
2178 369 2649 433 CATIIOLICM.

3494 368 3605 434 482

363 477 567 549 πλῆθός
601 478 720 531 ἐστι
757 475 1068 548 προσώπων
1091 490 1108 510 ο
1142 479 1235 533 καὶ
1263 478 1352 532 διὰ
1378 478 1545 533 τοῦτο
1571 481 1690 534 οὐδὲ
1717 482 1923 553 κυρίως

2035 484 2185 539 dem.
2217 487 2349 541 nilul
2378 497 2542 555 vetat,
2570 504 2693 545 esse
2719 461 2971 544 eumdem
3002 496 3056 543 et
3087 496 3294 559 patrem
3323 496 3375 543 et
3405 487 3601 557 lilium,

362 568 450 621 ἐπ’
480 567 781 638 ἀνθρώπων
835 568 1038 637 λέγοιτ’
1058 568 1123 623 ἂν
1151 571 1334 639 πατὴρ
1366 573 1460 623 καὶ
1487 570 1694 641 ἀληθὴς
1724 574 1929 640 πατρίδι

360 677 458 729 της
493 661 580 714 διὰ
610 662 707 724 τὰς
738 662 837 733 τῆς
872 660 1007 731 ὕλης
1066 660 1333 732 διαφορὰς
1390 663 1482 716 καὶ
1531 662 1801 732 ἐλλείψεις
1833 666 1929 719 καὶ

360 753 639 815 ποικιλίας
661 769 677 785 ο
704 754 797 806 ἐπὶ
826 753 883 806 δὲ
922 752 1017 805 τοῦ
1058 753 1217 817 Θεοῦ,
1240 753 1299 806 δν
1327 752 1547 808 Μονάδα
1585 754 1679 807 καὶ
1720 754 1929 825 Τριάδα

362 846 517 912 παρὰ
548 844 648 913 τῆς
682 845 920 907 πίστεως
944 844 1328 916 ἐδιδάχθημεν,
1353 847 1447 897 καὶ
1470 845 1623 898 οὐδὲν
1649 846 1780 914 ἡμῖν
1804 845 1931 899 ἄλλο

362 935 658 1003 πρόσωπον
678 936 1041 1005 παραδέδοται
1059 933 1198 989 εῖναι
1216 939 1332 989 ἐκεῖ
1353 938 1504 1007 παρὰ
1525 935 1592 989 τὰ
1608 936 1735 1006 τρία
1759 934 1932 989 ταῦτα

361 1026 620 1093 ἀθέμιτον
648 1027 722 1098 μὴ
754 1027 846 1081 τὸν
880 1027 1229 1098 μὲνςάληθῶς
1264 1029 1357 1080 καὶ
1388 1028 1593 1098 κυρίως
1639 1026 1929 1096 ὁμολογεῖν

360 1116 446 1168 ἀεὶ
480 1119 717 1189 Πατέρα,
745 1118 836 1170 16v
863 1118 919 1171 δὲ
957 1118 1165 1188 κυρίως
1196 1120 1292 1173 καλ
1323 1119 1541 1188 άληθῶς
1573 1120 1662 1173 ἀεὶ
1692 1118 1844 1185 Υίὸν,
1868 1118 1930 1171 16

359 1207 413 1259 δὲ
441 1208 644 1278 κυρίως
675 1209 763 1262 ἀεὶ
796 1212 890 1262 καὶ
922 1210 1137 1278 άληθῶς
1173 1210 1399 1281 Πνεῦμα
1428 1210 1608 1278 ἅγιον.

2036 593 2227 646 nempe
2248 580 2470 633 alterius
2487 588 2715 649 patrem,
2729 580 2953 635 alterius
2978 578 3166 645 filium,
3185 579 3328 648 quod
3350 566 3605 647 persona-

2037 678 2154 717 rum
2198 665 2484 721 nmltitudo
2512 678 2627 733 est;
2654 684 2764 737 quo
2794 668 2957 722 etiam
2988 667 3045 721 fit
3065 708 3080 733 ,
3110 678 3170 721 ut
3202 666 3255 720 in
3290 666 3605 722 hominibus

2036 768 2145 807 non
2180 756 2395 824 proprie
2425 768 2576 826 pater
2598 757 2705 812 dici
2734 766 2896 827 queat
2922 772 3156 827 veraque
3186 758 3505 828 paternitas.
3533 757 3607 809 ob

2039 848 2281 901 materia:
2308 848 2556 904 diversas
2585 850 2901 919 qualitates,
2936 847 3295 919 defectusque
3324 863 3388 901 ac
3420 848 3599 901 varie-

2035 944 2196 993 tates.
2229 937 2285 991 in
2318 938 2430 993 Deo
2457 951 2660 1007 autem,
2691 955 2851 1011 quem
2883 940 3157 997 Unitatem
3185 955 3247 994 ac
3277 935 3601 992 Trinitatem

2037 1041 2103 1080 ex
2132 1027 2235 1081 fide
2264 1028 2441 1083 edocti
2478 1045 2691 1094 sumus,
2713 1045 2777 1084 ac
2805 1030 2859 1084 in
2892 1045 3003 1099 quo
3037 1028 3243 1082 nullam
3274 1027 3439 1081 aliam
3473 1040 3599 1095 per-

2037 1133 2225 1172 sonam
2283 1132 2480 1189 praeter
2511 1122 2632 1177 illas
2680 1122 2972 1176 traditione
3000 1119 3107 1175 ulla
3139 1118 3472 1195 accepimus,
3506 1132 3604 1170 nc-

2037 1208 2119 1265 fas
2150 1221 2236 1265 est
2268 1214 2433 1267 alium
2490 1229 2598 1266 non
2633 1229 2755 1267 vere
2804 1230 2868 1272 ac
2901 1214 3115 1283 proprie
3143 1227 3357 1283 semper
3386 1211 3603 1266 Patrem

364 1302 635 1369 confiteri,
666 1306 833 1359 alium
854 1320 957 1359 non
981 1306 1196 1377 proprie
1220 1322 1283 1363 ac
1314 1321 1438 1362 vere
1468 1321 1683 1377 semper
1712 1307 1935 1373 Filium,
1976 1306 2139 1361 alium
2179 1324 2285 1363 nou
2346 1310 2569 1380 proprie
2607 1324 2821 1380 semper
2842 1324 3073 1381 vereque
3149 1307 3412 1378 Spiritum
3472 1323 3605 1364 san-

360 1407 527 1451 etum.

431 1489 506 1539 06
536 1488 717 1541 τοίνυν
762 1490 844 1543 δεῖ
874 1490 974 1561 τῆς
1024 1490 1277 1562 ἑνότητος
1318 1490 1429 1545 τῶν
1474 1492 1646 1561 τριῶν
1691 1491 1927 1546 ἐκείνων

359 1578 527 1647 τριῶν
573 1581 879 1650 προσώπων
919 1583 1091 1647 οὕτως
1137 1584 1366 1654 ἐχούσης
1403 1584 1493 1638 διὰ
1529 1585 1628 1656 τὴν
1664 1585 1796 1656 μίαν
1843 1588 1930 1639 ai-

360 1670 501 1733 τίαν,
526 1671 779 1742 καθάπερ
806 1674 1037 1744 εἴπομεν
1059 1677 1210 1745 παρὰ
1229 1677 1328 1745 τῆς
1361 1676 1659 1745 καθολικῆς
1690 1677 1927 1741 πίστεως

362 1761 723 1831 διδαχθέντες,
756 1764 1037 1819 διάστασίν
1066 1784 1191 1820 τινα
1228 1768 1390 1838 μέχρι
1424 1769 1520 1821 καὶ
1549 1767 1641 1821 τοῦ
1668 1767 1927 1837 τυχόντος

362 1853 731 1908 άνυποστάτου
769 1855 1038 1925 νοήματος
1069 1856 1159 1908 ἐπ’
1208 1857 1386 1910 αὐτῶν
1414 1858 1641 1912 ἐννοεῖν.
1682 1858 1789 1912 Καὶ
1817 1857 1928 1927 γάρ

364 1960 529 2013 φησιν
573 1944 600 1996 6
655 1943 915 2014 Θεολόγος
961 1945 1266 2016 Γρηγόριος
1323 1948 1460 2019 πρὸς
1510 1948 1929 2019 τδναίρετικδν

363 2037 784 2106 ἀποτεινόμενος
818 2038 957 2109 (65)·
996 2057 1014 2091 ι
1042 2040 1185 2112 Φοϐῇ
1218 2040 1282 2096 σὺ
1312 2041 1411 2113 τὴν
1431 2042 1707 2113 γέννησιν,
1737 2045 1823 2099 ἵνα
1850 2048 1926 2116 μή

361 2144 415 2179 τι
466 2127 613 2199 πάθη
659 2128 812 2196 Θεὸς,
855 2131 883 2183 6
930 2130 1007 2201 μὴ
1061 2131 1325 2203 πάσχων;
1360 2134 1473 2203 ξγὼ
1522 2135 1798 2207 φοϐοῦμαι
1830 2138 1929 2208 τὴν

362 2218 559 2282 κτίσιν,
587 2220 677 2273 ἵνα
720 2220 795 2291 μὴ
830 2220 964 2274 Θεὸν
1013 2222 1269 2277 ἀπολέσω
1309 2224 1397 2280 διά
1430 2226 1529 2294 τῆς
1571 2226 1783 2297 ὕϐρεως
1834 2229 1929 2281 καί⁸

361 2314 458 2379 τῆς
510 2312 699 2365 ἀδίκου
752 2314 958 2381 ταύτης
991 2319 1325 2388 κατατομῆςο
1358 2317 1391 2389 ἢ
1437 2317 1530 2373 τὸν
1561 2320 1687 2373 Υἱὸν
1714 2321 1929 2390 τέμνων

361 2402 468 2453 ἀπὸ
501 2402 594 2455 τοῦ
648 2402 886 2474 Πατρδς,
941 2404 976 2476 ἢ
1007 2407 1114 2460 ἀπὸ
1154 2409 1251 2461 τοῦ
1296 2407 1429 2462 Υίοῦ
1463 2409 1562 2480 τὴν
1596 2411 1788 2464 οὐσίαν
1831 2412 1927 2466 τοῦ

367 2491 702 2560 Πνεύματος.
752 2511 772 2545 ι
818 2496 929 2548 Καὶ
969 2496 996 2547 6
1026 2497 1200 2567 μέγας
1262 2498 1544 2563 Βασίλειος
1576 2502 1635 2552 ἐν
1690 2504 1755 2573 τῇ
1792 2503 1929 2573 πρὸς

360 2582 450 2633 τὸν
474 2583 699 2653 ἀδελφὸν
755 2585 920 2640 αὑτοῦ
946 2587 1246 2659 Γρηγόριον
1269 2589 1527 2661 ἑπιστολῇ
1556 2591 1689 2661 (66)°
1723 2611 1741 2644 t
1788 2593 1929 2647 Οῦτε

364 2672 474 2743 γὰρ
502 2674 595 2727 τοῦ
636 2676 842 2747 Πατρδς
881 2679 909 2731 6
935 2678 1025 2731 ἀεὶ
1050 2677 1125 2731 ὢν
1156 2680 1215 2732 ἐν
1279 2681 1355 2750 τῷ
1391 2682 1569 2751 Ila-1.191
1603 2684 1930 2755 ἀποτμηθῆ-

363 2781 450 2816 ναι
483 2765 790 2834 δυνήσεται,
819 2766 942 2820 οὔτε
969 2768 1063 2820 τοῦ
1097 2770 1411 2839 Πνεύματός
1449 2789 1582 2824 ποτε
1612 2773 1934 2843 διαζευχθῆ-

368 2871 517 2907 σεται
549 2855 642 2907 τοῦ
692 2856 822 2908 ίδίου
862 2858 890 2909 6
940 2857 1116 2909 πάντα
1145 2863 1204 2911 ὲν
1239 2861 1388 2930 αὐτῷ
1422 2863 1682 2931 ἐνεργῶν.
1723 2884 1743 2915 ι
1794 2865 1933 2918 Ἀλλ’

368 2946 510 2997 οὕτω
529 2947 627 3016 τὴν
654 2946 761 3001 τῶν
785 2948 1095 3016 προσώπων
1132 2950 1359 3021 ἑνότητα
1387 2952 1466 3005 δεῖ
1497 2953 1783 3021 φυλάττειν
1814 2958 1934 3021 ταῖς

368 3032 546 3103 τρισὶν
595 3035 975 3104 ὑποστάσεσιν,
1033 3037 1128 3094 καὶ
1164 3040 1309 3094 οὕτω
1360 3039 1628 3113 προσήκει
1664 3049 1805 3099 νοεῖν
1836 3049 1930 3102 καὶ

2104 1492 2416 1547 Cavendum
2473 1490 2657 1563 igitur,
2691 1506 2815 1545 cum
2869 1491 3031 1546 trium
3080 1489 3294 1544 illarum
3344 1504 3609 1561 persona-

2036 1602 2156 1641 rum
2212 1587 2389 1639 unitas
2421 1560 2585 1638 sic—se
2619 1560 2839 1646 habeat,
2889 1597 2954 1637 eo
3012 1582 3157 1651 quod
3214 1560 3355 1635 unus
3412 1590 3605 1636 auctor

2032 1676 2289 1742 exsistat,
2338 1675 2798 1746 quemadmodum
2857 1674 3095 1728 diximus
3146 1673 3423 1727 catholicae
3482 1672 3606 1726 fidei

2034 1768 2156 1824 frcti
2212 1768 2592 1831 doctrina,ne
2650 1767 2734 1822 vel
2800 1767 2947 1821 nudo
3007 1766 3248 1837 cogitatu
3298 1765 3611 1834 mentisque

2034 1860 2324 1931 figmento,
2357 1860 2520 1913 ullam
2557 1859 2610 1913 in
2644 1860 2723 1913 eis
2759 1858 3077 1911 divisionem
3111 1871 3175 1911 ac
3205 1858 3604 1926 separatimiein

2030 1953 2425 2023 intelligamus.
2458 1949 2548 2003 Ait
2580 1950 2722 2003 enim
2755 1948 3048 2019 Gregorius
3084 1946 3414 2017 Tlteologus.
3447 1963 3606 2017 argu-

2031 2042 2198 2096 menti
2258 2043 2362 2094 vim
2428 2040 2481 2094 in
2528 2040 2846 2093 haareticum
2904 2039 3193 2094 intendens
3250 2056 3263 2091 :
3321 2036 3496 2092 Times
3546 2048 3649 2105 ιιι¹

2028 2132 2435 2204 generationem,
2458 2149 2521 2186 ne
2546 2131 2669 2201 quid
2692 2129 2952 2201 patiatur,
2973 2130 3062 2196 qui
3084 2129 3149 2182 ab
3180 2130 3323 2199 omni
3360 2131 3604 2199 passione
3660 2132 3666 2138 ’

2029 2228 2275 2281 immunis
2306 2226 2558 2280 exsistit?
2592 2225 2701 2293 Ego
2743 2233 3044 2276 creaturam
3071 2222 3247 2289 timeo,
3276 2238 3336 2275 ne
3367 2226 3605 2292 irrogata

2029 2320 2257 2386 injuria,
2301 2318 2600 2387 injustaque
2632 2316 2731 2369 hac
2760 2314 3109 2368 conscissione
3128 2314 3293 2367 Deum
3318 2315 3564 2367 amittam
3587 2356 3606 2380 ,

2031 2412 2122 2480 qui
2180 2410 2259 2464 vel
2308 2409 2507 2478 Fijium
2555 2426 2587 2463 a
2619 2406 2798 2470 Patre,
2830 2405 2911 2461 vel
2941 2423 2972 2460 a
3018 2405 3164 2460 Filio
3194 2405 3425 2476 Spiritus
3468 2408 3611 2462 sein-

2031 2503 2155 2555 dam
2202 2502 2576 2555 substantiam.
2640 2498 2867 2568 Magnus
2912 2513 3129 2568 quoque
3177 2497 3432 2563 Basilius,
3476 2497 3607 2568 Epi-

2029 2593 2165 2650 stola
2219 2592 2284 2646 ad
2339 2592 2662 2663 Gregorium
2725 2591 2949 2646 fratrem
3010 2588 3176 2660 (66):
3232 2590 3410 2659 Neque
3466 2590 3606 2644 enim

2031 2687 2122 2754 qui
2169 2699 2368 2751 semper
2391 2684 2444 2735 in
2490 2682 2649 2736 Patre
2686 2693 2785 2746 est,
2813 2681 2970 2735 avelli
3011 2698 3043 2734 a
3076 2679 3236 2734 Patre
3264 2680 3477 2747 poterit,
3513 2694 3609 2732 nee

2034 2789 2268 2841 unquam
2291 2777 2353 2824 ab
2382 2771 2617 2840 Spiritus
2663 2776 2744 2825 sui
2795 2772 3092 2825 substantia
3130 2771 3465 2840 abjungetur,
3516 2772 3608 2841 qui

2035 2865 2090 2916 in
2117 2880 2175 2917 eo
2201 2873 2386 2916 cuncta
2428 2872 2695 2931 operatur.
2730 2860 2926 2915 Verum
2958 2863 3039 2916 sic
3074 2876 3433 2931 personarum
3481 2862 3605 2914 uni-

2039 2963 2203 3008 tatem
2232 2955 2406 3010 trihus
2448 2954 2834 3025 hypostasihus
2865 2968 3087 3008 servare
3125 2951 3401 3017 convenit,
3426 2953 3610 3022 sicque

2037 3046 2091 3099 in
2119 3045 2248 3107 illis.
2284 3060 2385 3114 pro
2427 3023 2631 3115 ingenii
2677 3045 2851 3098 nostri
2883 3043 3141 3097 facultate
3170 3044 3518 3111 intelligenda
3546 3058 3610 3097 ac
3667 3023 3675 3037 ’

368 3131 644 3183 πιστεύειν
674 3130 845 3201 αὐτὴν
885 3133 941 3186 ὲν
990 3133 1184 3199 αὐταῖς
1248 3138 1390 3192 κατά
1436 3138 1498 3191 16
1542 3140 1822 3211 ἐγχωροῦν
1866 3144 1932 3215 τῇ

2037 3137 2308 3193 credenda
2339 3137 2430 3202 sit,
2454 3146 2511 3191 ut
2535 3138 2748 3192 unicam
2778 3137 3068 3192 essentiam
3095 3136 3397 3190 sentiamus
3421 3152 3606 3191 secum

364 3221 608 3297 ἡμετέρα
650 3222 878 3296 διανοίᾳ,
920 3223 995 3287 ὡς
1042 3225 1139 3296 τὴν
1182 3227 1317 3296 μίαν
1356 3228 1543 3284 οὐσίαν
1586 3231 1753 3309 αὐτὴν
1794 3234 1931 3303 πρὸς

364 3312 564 3383 ἑαυτὴν
595 3314 887 3385 ἡνωμένην
935 3316 1029 3369 καὶ
1061 3319 1326 3388 ἄτμητον.
1384 3319 1445 3374 Ἥ
1493 3322 1603 3392 γὰρ
1638 3323 1798 3377 οὐσία
1832 3326 1929 3380 τοῦ

364 3402 501 3454 Θεοῦ
530 3404 597 3456 τὰ
622 3404 748 3474 τρία
781 3407 1050 3477 πρόσωπα
1073 3407 1251 3462 ταῦτά
1282 3412 1423 3465 ἐστι.
1460 3413 1681 3468 Μᾶλλον
1716 3416 1769 3468 δὲ
1808 3416 1931 3470 οὐδὲ

368 3494 565 3546 ἕνωσιν
595 3494 653 3548 ἐν
684 3497 869 3560 αὐτοῖς
896 3498 977 3552 δεῖ
1006 3497 1206 3567 λέγειν.
1238 3502 1388 3556 Αύτά
1423 3504 1529 3573 γάρ
1560 3508 1707 3559 ἐστιν
1737 3508 1771 3576 ἡ
1800 3507 1932 3561 ἕνω-

365 3603 473 3649 σις,
530 3587 782 3640 τουτὲσιν
811 3590 846 3658 ἡ
896 3590 995 3660 τῆς
1040 3590 1229 3663 οὐρίας
1262 3594 1432 3661 μονὰς
1465 3596 1558 3647 καὶ
1607 3596 1875 3667 ταυτότης
1913 3613 1928 3628 ·

365 3676 464 3730 εἴτ’
494 3677 589 3731 οῦν
617 3678 755 3748 αὐτὴ
790 3680 967 3738 οὐσία.
1002 3682 1135 3735 Ούδὲ
1160 3683 1270 3752 γὰρ
1299 3685 1355 3737 at
1396 3686 1546 3752 ἅγιαι
1572 3679 1733 3739 αὗται
1783 3690 1932 3760 τρεῖς

366 3770 695 3835 ὑποστάσεις
721 3771 872 3843 παρὰ
894 3773 994 3841 τὴν
1022 3774 1211 3825 οὐσίαν
1241 3775 1404 3839 εἰσὶν,
1432 3774 1550 3826 ἀλλ’
1579 3770 1736 3829 αὗται
1766 3777 1798 3845 ἡ
1833 3778 1936 3847 μία

367 3863 517 3917 ἔστὶν
549 3864 708 3916 οὐσία
738 3863 835 3916 τοῦ
863 3863 1021 3931 Θεοῦ,
1046 3864 1120 3928 ὡς
1151 3865 1401 3934 εἴπομεν.
1436 3866 1713 3936 Διαφορὰν
1752 3866 1808 3921 δὲ
1839 3868 1935 3937 μό-

369 3972 465 4025 νην
500 3954 714 4026 ἔχουσιν
741 3957 798 4008 ἐν
820 3955 995 4026 τούτῳ
1022 3955 1157 4026 πρὸς
1179 3955 1387 4027 ἄλληλα
1412 3956 1479 4010 τά
1501 3957 1621 4012 θεία
1642 3959 1932 4028 πρόσωπα,

367 4047 447 4100 ὅτι
482 4046 542 4098 τὸ
579 4047 678 4116 μέν
703 4049 852 4100 ἐστιν
881 4046 1076 4111 αῐτιον,
1108 4049 1169 4099 τὸ
1203 4048 1260 4100 δὲ
1292 4049 1355 4100 ἐκ
1404 4048 1503 4119 τῆς
1532 4049 1710 4112 αίτίας
1738 4066 1752 4081 ο
1776 4066 1934 4104 τουτ-

369 4137 518 4190 ἐστιν
550 4135 578 4189 6
610 4135 708 4207 μὲν
741 4136 929 4206 Πατὴρ
967 4137 1205 4209 ἄναρχος
1236 4138 1333 4190 καὶ
1363 4138 1627 4201 ἀναίτιος,
1662 4138 1762 4193 ἀπ’
1788 4140 1938 4193 066s-

368 4227 454 4290 νὸς
481 4226 619 4298 ἔχων
644 4227 704 4279 16
732 4221 872 4281 εἶναι
895 4226 1108 4299 Πατὴρ,
1139 4228 1278 4298 ὅπερ
1310 4227 1376 4281 ἂν
1407 4228 1574 4281 αὐτοῦ
1606 4245 1935 4303 προεπινοη-

368 4317 486 4387 θείη
518 4336 529 4348 ο
566 4318 738 4380 αίτιος
768 4318 825 4370 δὲ
855 4316 950 4370 τοῦ
986 4317 1118 4371 Υῑοῦ
1144 4319 1240 4371 καὶ
1275 4316 1369 4371 τοῦ
1406 4317 1745 4387 Πνεύματος.
1795 4318 1935 4372 Tatio

2034 3228 2207 3298 ipsam
2267 3227 2475 3282 unitam
2536 3242 2599 3281 ac
2655 3227 2973 3281 indivisam.
3032 3227 3122 3281 Dei
3170 3227 3315 3281 enim
3365 3228 3603 3283 essentia

2034 3327 2144 3375 tres
2194 3318 2277 3373 hre
2318 3334 2566 3389 personat
2620 3318 3029 3384 est.Quinimo,
3094 3332 3163 3372 ne
3206 3318 3332 3372 unio
3384 3318 3608 3388 quidem

2033 3410 2086 3466 in
2121 3410 2202 3465 eis
2243 3409 2475 3464 dicenda
2510 3418 2628 3475 est;
2661 3418 2790 3463 sunt
2819 3410 2964 3464 enim
3016 3408 3145 3477 ipsa:
3174 3410 3325 3473 unio,
3361 3408 3464 3462 hoc
3523 3417 3609 3463 est

2032 3502 2284 3558 essentia:
2315 3502 2496 3556 unitas
2514 3511 2566 3554 et
2592 3500 2883 3567 identitas;
2914 3503 3030 3569 ipsa
3062 3500 3318 3553 nimirum
3343 3500 3605 3554 essentia.

2031 3587 2221 3661 Neque
2247 3592 2392 3647 enim
2442 3600 2642 3645 sanctae
2667 3590 2749 3643 hze
2778 3599 2889 3644 tres
2924 3592 3243 3660 hypostases
3270 3602 3334 3642 ac
3365 3604 3611 3657 persona:

2033 3693 2229 3755 praeter
2279 3682 2570 3751 essentiam
2611 3689 2759 3745 stunt,
2807 3682 2901 3735 sed
2964 3694 3069 3733 una
3102 3680 3192 3736 Dei
3242 3680 3504 3747 essentia,
3550 3690 3611 3735 ut

2035 3774 2368 3829 dicebamus.
2404 3771 2515 3827 lioc
2537 3789 2667 3826 vero
2708 3772 2884 3825 solum
2934 3772 3075 3824 inter
3106 3786 3165 3826 se
3194 3770 3610 3840 distinguuntur

2035 3865 2231 3921 divina:
2260 3878 2530 3934 persona,
2559 3862 2706 3933 quod
2740 3862 2848 3917 alia
2884 3861 3104 3931 quidem
3134 3869 3326 3917 auctor
3358 3872 3461 3927 est,
3490 3862 3613 3915 aliae

2035 3971 2163 4012 vero
2198 3970 2264 4011 ex
2296 3964 2543 4011 auctore.
2587 3952 2701 4008 lloc
2730 3964 2840 4018 est,
2893 3950 3056 4005 Pater
3099 3952 3313 4022 quidem
3355 3950 3607 4022 principii

2035 4064 2231 4119 expers
2256 4056 2339 4103 est
2364 4062 2425 4102 ac
2448 4061 2627 4102 causae
2647 4084 2663 4107 .
2695 4059 2722 4099 a
2756 4045 2902 4099 nullo
2928 4045 3134 4099 habens
3150 4041 3299 4113 quod
3316 4051 3400 4098 est
3429 4041 3610 4107 Pater,

2034 4141 2179 4211 quod
2215 4140 2306 4195 illo
2354 4140 2505 4211 prius
2559 4139 2889 4207 intelligatur
2924 4155 2937 4190 :
2970 4146 3158 4190 auctor
3192 4149 3319 4189 vero
3373 4143 3457 4189 est
3488 4132 3611 4189 Filii

2034 4244 2087 4289 et
2124 4232 2363 4304 Spiritus
2390 4232 2590 4288 sancti.
2622 4230 2826 4285 Eorum
2857 4244 2985 4285 vero
3012 4229 3102 4298 qui
3126 4243 3191 4283 ex
3210 4237 3429 4282 auctore
3457 4234 3610 4292 sunt,

2036 4328 2174 4379 alter
2232 4322 2403 4379 Filius
2433 4332 2540 4388 est,
2586 4337 2650 4377 ex
2685 4322 2845 4378 Patre
2894 4319 3150 4393 genitus;
3201 4320 3337 4373 alter
3368 4316 3612 4389 Spiritus

366 4427 475 4463 των
507 4407 564 4462 δὲ
604 4408 710 4463 τῶν
740 4411 805 4461 ὲκ
844 4409 942 4479 τῆς
973 4408 1153 4470 αίτίας
1183 4411 1211 4461 6
1264 4408 1366 4480 μὲν
1402 4409 1529 4472 Υἱὸς
1558 4411 1623 4462 ἐκ
1643 4409 1736 4461 τοῦ
1767 4409 1932 4463 αὑτοῦ

2042 4424 2284 4479 sanetus,
2336 4428 2402 4467 ex
2436 4411 2594 4467 l’atre
2634 4412 2959 4482 procedens,
2979 4410 3072 4465 sed
3106 4424 3215 4465 non
3245 4408 3480 4481 genitus.
3514 4406 3611 4461 Est

371 4500 580 4570 Πατρός
609 4499 889 4569 γεννητὸς,
934 4500 994 4552 16
1041 4499 1098 4553 δὲ
1145 4499 1373 4568 Πνεῦμα
1408 4501 1471 4552 ὲκ
1495 4498 1588 4552 τοῦ
1625 4498 1787 4554 αὐτοῦ
1822 4501 1932 4553 Πα-

2038 4506 2181 4559 cuim
2232 4504 2321 4557 hic
2365 4502 2506 4557 alius
2531 4480 2866 4561 exsistentia:
2912 4501 3144 4563 modus,
3208 4480 3372 4553 nullis
3427 4497 3610 4551 verbis

366 4592 494 4662 196;
521 4592 873 4660 ἐκπορευτδν,
901 4590 1015 4644 ἀλλ’
1037 4592 1097 4643 ού
1123 4591 1401 4660 γεννητόν.
1422 4589 1616 4654 ’Λλλος
1646 4589 1755 4660 γὰρ
1777 4583 1934 4656 οὗτος
1964 4628 1969 4633 -

367 4685 568 4754 τρόπος
600 4683 910 4752 ὑπάρξεως,
941 4683 1103 4745 αὐτὸς
1132 4681 1511 4752 άνέκφραστός
1549 4699 1605 4733 τε
1636 4682 1731 4735 καὶ
1763 4681 1933 4752 ἄρρη-

368 4790 482 4835 τος.
515 4772 676 4825 Ὅθεν
705 4775 731 4825 6
762 4772 860 4842 μὲν
886 4772 1013 4835 Υίδς
1058 4771 1132 4834 ὡς
1178 4771 1540 4838 γεννώμενος,
1566 4770 1786 4839 Πατέρα
1820 4770 1934 4838 ἔχει

369 4865 463 4917 τὶν
492 4863 661 4916 αίτιον
687 4861 906 4927 ἑαυτοῦ,
933 4863 1026 4915 καὶ
1069 4861 1201 4931 πρὸς
1239 4863 1446 4913 ἐκεῖνον
1478 4861 1553 4923 ὡς
1579 4860 1705 4922 Υἱὸς
1736 4860 1938 4929 ἀναφέ-

375 4972 567 5025 ρεται·
605 4957 811 5017 ἐκεῖνος
863 4954 919 5007 δὲ
974 4956 1166 5006 τούτου
1224 4952 1446 5023 λέγεται
1508 4952 1719 5022 Πατήρ.
1776 4952 1848 5003 T6
1875 4949 1934 5003 δὲ

371 5047 596 5114 Πνεῦμα
626 5048 688 5099 ἐκ
711 5045 805 5098 τοῦ
837 5044 1051 5113 Πατρὸς
1075 5044 1532 5114 ἐκπορευόμενον,
1565 5044 1624 5095 ού
1659 5042 1797 5096 καθὸ
1824 5044 1937 5095 Πα-

373 5137 496 5205 τρδς
525 5136 583 5201 ἐξ
610 5135 776 5188 αὑτοῦ
801 5134 1161 5205 ἐκπορεύεται
1197 5128 1286 5203 (ἦν
1341 5132 1450 5202 γὰρ
1481 5134 1548 5185 ἂν
1581 5132 1722 5185 οὕτω
1752 5133 1845 5184 καὶ
1873 5132 1935 5183 16

374 5229 598 5297 Πνεῦμα
630 5228 803 5295 Υἱὸς),
834 5226 948 5279 ἀλλ’
993 5227 1057 5279 ὲκ
1102 5223 1197 5277 τοῦ
1244 5225 1478 5293 Πατρὸς,
1522 5224 1688 5275 αὑτοῦ
1723 5224 1935 5295 Πατρδς

375 5320 468 5374 καὶ
499 5319 814 5390 Προῦολέως
846 5318 1020 5380 ὄντος.
1068 5318 1164 5371 Διὸ
1195 5317 1287 5369 καὶ
1322 5316 1456 5384 πρὸς
1485 5317 1691 5368 ἐκεῖνον
1738 5315 1939 5382 ἀναιρέο

380 5427 531 5479 ρεται
582 5411 644 5463 16
687 5410 907 5480 Πνεῦμα
959 5409 1092 5462 καθὸ
1147 5407 1446 5480 πρόϐλημα
1490 5407 1550 5460 ού
1598 5406 1732 5460 καθὸ
1766 5406 1933 5470 Υἱός·

379 5502 579 5561 ἒκεῖνός
612 5518 668 5553 τε
697 5503 831 5571 πρὸς
866 5502 922 5553 16
956 5499 1180 5571 Πνεῦμα
1237 5497 1533 5569 προῦολεὺς
1558 5497 1652 5548 τοῦ
1690 5497 1939 5565 Πνεύμα-

377 5606 463 5652 τος
492 5591 732 5659 λέγεται,
756 5593 815 5644 οὺ
849 5593 1038 5662 Πατήρ
1064 5608 1078 5624 ο
1136 5609 1154 5642 ι
1202 5590 1262 5642 16
1312 5591 1419 5658 γὰρ
1455 5588 1698 5657 Πνεῦμα,
1734 5606 1752 5637 ι
1798 5587 1937 5639 κατὰ

447 5773 555 5844 (65)
588 5773 740 5827 Orat.
774 5772 860 5825 13.

2031 4592 2370 4662 explicabilis
2394 4603 2555 4661 atque
2612 4604 2865 4645 arcanus.
2905 4588 3113 4643 idcirco
3163 4584 3333 4641 Filius
3365 4584 3611 4654 quidem,

2035 4684 2181 4735 velut
2213 4681 2430 4751 genitus
2464 4695 2558 4734 seu
2593 4690 2776 4742 natus,
2816 4676 3032 4731 Patrem
3080 4677 3244 4730 habet
3286 4676 3367 4730 sui
3418 4685 3612 4729 aucto-

2034 4786 2169 4834 rem,
2217 4780 2269 4824 et
2319 4771 2384 4823 ad
2440 4785 2562 4822 eum
2597 4778 2855 4837 tauquam
2914 4763 3086 4819 Filius
3129 4763 3400 4831 refertur;
3450 4761 3615 4818 Pater

2034 4876 2168 4915 vero
2227 4860 2347 4928 ejus
2389 4858 2547 4913 Pater
2596 4860 2818 4912 dicitur.
2871 4854 3069 4911 Verum
3122 4854 3357 4923 Spiritus
3390 4864 3616 4909 sanctus

2041 4955 2130 5023 qui
2190 4967 2221 5006 a
2285 4954 2444 5006 Patre
2500 4951 2779 5022 procedat,
2815 4962 2920 5002 non
2952 4947 3021 5001 ab
3058 4946 3150 5001 illo
3200 4947 3445 5017 procedit
3477 4962 3614 5017 qua-

2045 5053 2202 5096 tenus
2256 5039 2414 5096 Pater
2447 5049 2529 5095 cst
2585 5040 2685 5108 (sic
2742 5040 2887 5093 enim
2946 5040 3109 5092 ctiam
3165 5035 3425 5108 Spiritus,
3465 5048 3613 5093 esset

2042 5131 2259 5202 Filius),
2292 5133 2388 5187 sed
2430 5149 2495 5186 ex
2546 5130 2726 5212 Patre,
2764 5130 2853 5200 qni
2903 5142 2955 5184 et
3011 5130 3124 5198 ipse
3165 5132 3463 5198 productor
3517 5129 3609 5182 sit.

2043 5225 2410 5291 Quamobrem
2472 5223 2634 5279 etiam
2687 5215 2774 5277 ad
2808 5222 2960 5275 illum
2999 5222 3233 5275 refertur
3267 5223 3522 5290 Spiritus.
3554 5228 3615 5271 ut

2040 5315 2361 5385 procedens,
2392 5329 2497 5368 non
2542 5323 2813 5384 quatenus
2837 5310 3039 5376 Filius;
3067 5312 3267 5378 illeque
3300 5321 3358 5362 ut
3384 5309 3448 5359 ad
3484 5307 3611 5374 Spi-

2040 5406 2204 5460 ritum
2234 5417 2605 5473 comparatur,
2646 5402 2884 5474 Spiritus
2914 5402 3240 5463 Productor,
3274 5414 3379 5450 non
3429 5395 3615 5460 Pater,
3652 5444 3657 5447 .

2042 5508 2406 5566 nuncupatur.
2433 5495 2667 5562 Spiritus
2701 5497 2869 5558 enim,
2897 5503 2955 5546 ut
2983 5499 3064 5544 est
3097 5498 3283 5541 auctor
3316 5484 3614 5549 Gregorius

2044 5586 2346 5655 Nysscnus,
2388 5580 2604 5638 Patrem
2639 5601 2740 5638 non
2777 5583 2952 5635 habet.
2986 5578 3325 5636 Ριόιτευείιυθ
3373 5569 3523 5621 ¹¹θί³³
3558 5572 3621 5627 in

2118 5767 2226 5838 (eo)
2266 5767 2439 5835 Epist.
2469 5768 2558 5819 ιδ.
