4036 6262
253 311 373 387 tes
483 359 488 364 -

1214 317 1312 376 DE
1354 293 1782 374 PRINClPllS
1827 312 2034 373 FlDEl
2077 313 2553 378 annonem.

3403 321 3514 388 486

272 437 345 508 μὴ
372 437 526 498 ὅντα,
560 435 656 487 ἐπὶ
690 431 787 487 τοῦ
821 429 956 485 Θεοῦ
1010 429 1107 482 τοῦ
1169 429 1374 494 κυρίως
1421 428 1575 489 ὄντος
1617 427 1709 478 καὶ
1750 426 1832 476 ἀεὶ

1945 434 2002 480 ιιι
2035 429 2126 496 qui
2180 443 2242 482 ex
2295 445 2354 484 se
2387 428 2564 499 gignit
2607 427 2777 482 lilium
2819 428 2923 484 sibi
2962 430 3194 486 similem
3229 432 3288 486 in
3322 436 3516 492 eadem

263 530 524 591 ὡσαύτως
554 529 767 597 ἔχοντος
797 525 891 579 καὶ
911 522 1254 576 τελειοτάτου
1286 521 1472 591 χώραν
1491 520 1591 572 οὐκ
1619 518 1833 588 ἔχοντα,

269 620 488 690 μακρὰν
523 618 900 670 ἑκϐάλλονται.
937 610 1080 683 Πρός
1112 630 1164 666 τι
1209 611 1266 665 δὲ
1312 612 1584 678 λέγονται,
1615 610 1716 663 ὅσα
1743 609 1836 662 λε-

267 713 490 780 γόμενα,
533 709 671 779 πρὸς
722 708 889 777 ἕτερα
937 707 1213 773 λέγονται,
1269 705 1366 758 καὶ
1414 703 1601 774 σχέσιν
1650 703 1836 771 έχουσι

268 804 399 872 πρὸς
421 802 592 854 αὑτάο
627 799 754 852 καθ’
795 798 960 852 ἑαυτὰ
1007 798 1064 850 δὲ
1100 796 1177 866 μὴ
1233 795 1510 856 δυνάμενα
1534 795 1792 860 λέγεσθαι
1819 809 1833 824 ·

268 887 375 943 οἷον
404 888 609 957 πατὴρ,
646 887 761 950 υἱός
782 902 796 915 ο
833 885 1043 949 δοῦλος,
1090 885 1379 952 δεσπᾶτης.
1407 882 1594 935 Ταῦτα
1628 883 1736 954 γὰρ
1774 884 1834 936 οὐ

269 981 519 1046 λέγονται
559 978 684 1032 καθ’
717 977 909 1038 ἑαυτὰ,
940 975 1077 1029 ἀλλὰ
1113 975 1248 1045 πρὸς
1280 974 1472 1044 ἕτερα,
1510 973 1698 1044 σχέσιν
1743 975 1837 1026 καὶ

269 1073 564 1136 συνάφειαν
593 1069 785 1138 ἔχοντα
839 1069 975 1138 πρὸς
1027 1069 1209 1124 ἐκεῖνα
1237 1084 1252 1098 ·
1283 1066 1365 1120 διὸ
1395 1068 1489 1120 καὶ
1522 1065 1836 1135 ἀναφορικὰ

275 1166 596 1219 καλοῦνται.
624 1163 734 1214 Καὶ
761 1164 869 1231 γὰρ
893 1163 952 1214 τὸ
981 1160 1162 1229 πατὴρ
1193 1159 1364 1229 δνομα
1407 1160 1466 1212 οὐ
1503 1160 1638 1229 πρὸς
1677 1161 1838 1214 ἑαυτὸ

270 1258 501 1317 ἵσταται,
525 1255 661 1308 ἀλλὰ
680 1254 816 1322 πρὸς
839 1254 1029 1322 ἕτερον
1047 1253 1250 1322 ἀφορᾷ,
1276 1253 1336 1304 τὸ
1358 1251 1452 1303 τοῦ
1490 1252 1607 1304 υἱοῦ
1639 1251 1834 1320 ὄνομα,

266 1349 358 1402 καὶ
405 1350 434 1401 ὁ
491 1348 608 1409 υίὸς
663 1347 800 1416 πρὸς
853 1346 946 1396 τὸν
999 1344 1214 1414 πατέρα
1258 1344 1351 1395 τὸν
1391 1330 1578 1412 ὅμοιον
1610 1345 1832 1411 τρόπον.

268 1441 427 1494 Ὅθεν
459 1438 584 1492 οὗτε
614 1439 801 1508 πατήρ
834 1439 950 1502 ἐστι
978 1438 1148 1507 χωρὶς
1202 1434 1342 1500 υἱοῦ,
1372 1433 1497 1488 οὔτε
1526 1434 1642 1498 υίὸς
1666 1438 1838 1504 χωρὶς

265 1532 466 1600 πατρός
494 1548 506 1560 ·
543 1531 807 1599 ἑκάτερος
860 1530 972 1596 γὰρ
1005 1529 1065 1581 τὸ
1101 1528 1290 1597 ἕτερον
1335 1528 1704 1596 συνημμένως
1749 1528 1838 1580 διὰ

265 1627 362 1692 τῆς
398 1624 640 1692 σχέσεως
681 1621 1019 1688 συνεισάγει.
1045 1621 1154 1673 Καὶ
1182 1621 1251 1672 τὰ
1283 1619 1420 1674 ἄλλα
1457 1620 1514 1672 δὲ
1549 1619 1691 1672 κατὰ
1714 1618 1838 1671 τοῦ-

265 1733 356 1769 τον
393 1715 486 1769 τὸν
530 1715 701 1768 τύπον
749 1715 954 1782 ὁμοίως
1009 1712 1250 1782 ἔχουσιν.
1316 1711 1722 1779 Ἀπολελυμένα
1778 1710 1834 1768 δὲ

265 1811 503 1876 ὀνόματα
532 1808 780 1874 λέγονται
813 1807 880 1858 τὰ
908 1805 1168 1868 ἐναντίως
1203 1805 1400 1874 ἔχοντα
1447 1805 1663 1867 τούτοις
1688 1819 1703 1834 '
1735 1803 1837 1857 ὃσα

269 1901 386 1954 καθ’
406 1899 578 1952 ἑαυτὰ
599 1899 872 1965 λέγονται,
900 1897 994 1950 καὶ
1019 1897 1081 1949 οὑ
1111 1896 1249 1966 πρὸς
1276 1895 1445 1965 ἕτερα
1469 1895 1655 1964 σχέσιν
1680 1892 1836 1962 ἔχου-

270 2010 368 2046 σιν·
401 1992 520 2046 ἀλλ’
550 1993 687 2046 εἰσὶν
717 1991 1099 2059 ἀπολελυμένα
1128 1990 1224 2044 καὶ
1253 1989 1483 2060 ἄσχετα*
1513 1983 1626 2041 οἷον
1647 1987 1832 2050 καλὸν,

268 2085 488 2146 δίκαιον,
516 2085 742 2151 ἀγαθόν.
769 2084 958 2136 Ταῦτα
981 2082 1092 2152 γὰρ
1113 2082 1237 2135 καθ’
1271 2080 1442 2134 ἑαυτὰ
1475 2080 1715 2148 λέγεται,
1739 2077 1836 2131 καὶ

267 2179 326 2230 οὐ
354 2179 483 2246 πρὸς
517 2177 706 2244 ἕτερον
737 2175 1080 2228 ἀποδίδοται.
1109 2229 1112 2233 ,

1942 519 2143 588 specie.
2181 521 2312 585 Quae
2341 537 2469 575 vero
2495 522 2654 575 aliter
2677 508 3052 591 opponuntur,
3085 539 3206 577 cum
3239 512 3363 579 alia
3395 531 3519 598 qui-

1940 611 2062 666 dem
2108 625 2196 667 res
2222 613 2469 668 diversas
2517 614 2812 679 invehant,
2844 617 2948 668 alia
2997 617 3338 685 imperfectas
3361 658 3376 682 ,
3408 620 3515 676 alia

1939 719 2062 774 quae
2117 720 2216 759 nec
2263 707 2557 769 exsistant,
2598 706 2764 775 inque
2787 709 2894 761 Deo
2931 708 3170 778 quivere
3207 725 3270 764 ac
3295 716 3516 781 proprie

1939 806 2044 859 est,
2063 797 2366 866 eodemque
2395 800 2558 852 modo
2579 813 2640 853 se
2661 813 2876 868 semper
2896 800 3075 863 habet,
3093 817 3155 856 ac
3182 789 3517 872 perfectissi-

1939 898 2058 942 mus
2085 899 2188 952 est,
2220 890 2434 944 nullum
2469 891 2708 945 habeant
2747 893 2925 946 locum
2945 933 2962 958 ,
2992 897 3182 963 procul
3210 897 3513 951 amandan-

1942 987 2050 1033 tnr.
2075 979 2341 1032 Dicuntur
2365 994 2514 1042 vero,
2533 980 2602 1034 ad
2622 981 2827 1050 aliquid
2851 996 3223 1052 ,qumcunque
3266 999 3332 1038 eo
3367 986 3516 1053 quod

1940 1071 2197 1126 dicuntur
2244 1073 2310 1126 ad
2367 1074 2471 1127 alia
2515 1074 2810 1136 dicuntur,
2873 1084 2927 1127 et
2977 1075 3044 1129 ad
3085 1089 3145 1128 ea
3196 1077 3514 1132 relationem

1942 1163 2176 1230 habent,
2215 1180 2311 1232 per
2357 1180 2417 1219 se
2466 1180 2593 1218 vero
2641 1165 2865 1220 minime
2892 1168 2996 1221 dici
3024 1176 3251 1236 possunt
3286 1185 3300 1222 :
3331 1170 3517 1239 cujus-

1939 1257 2084 1309 modi
2112 1272 2261 1317 sunt,
2287 1265 2460 1325 pater,
2495 1257 2663 1314 ﬁlius.
2692 1273 2908 1319 servus,
2928 1259 3206 1315 dominus.
3225 1258 3348 1314 llaec
3371 1262 3517 1314 enim

1893 1403 1910 1415 α
1939 1357 2048 1396 non
2086 1359 2180 1412 per
2209 1358 2268 1397 se
2295 1343 2576 1404 dicuntur,
2601 1343 2698 1398 sed
2733 1343 2799 1397 ad
2841 1345 2966 1410 alia,
2999 1347 3328 1414 quibuscum
3379 1349 3504 1402 rela-

1944 1434 2144 1488 tiunem
2175 1433 2376 1488 habent
2395 1445 2450 1488 et
2475 1434 2930 1488 necessitudinem
2953 1475 2968 1497 ,
2995 1436 3138 1490 unde
3157 1437 3322 1491 etiam
3353 1438 3520 1490 relata

1943 1537 2226 1579 vocantur.
2257 1524 2468 1578 Etenim
2499 1524 2668 1594 patris
2699 1540 2892 1578 nomen
2935 1539 3040 1579 ηοη
3070 1526 3123 1578 in
3166 1528 3346 1594 seipse
3375 1536 3514 1592 stat,

1942 1617 2035 1669 sed
2079 1617 2188 1669 alio
2237 1625 2467 1684 spectat,
2520 1630 2714 1683 nempe
2763 1617 2829 1669 ad
2887 1615 2980 1669 lilii
3023 1630 3256 1680 nomen,
3308 1620 3516 1687 pariter

1942 1707 2086 1761 ﬁlius
2117 1719 2322 1777 patrem
2367 1708 2610 1775 respicit.
2649 1707 3018 1773 Quamobrem
3050 1722 3224 1776 neque
3251 1719 3404 1778 pater
3435 1721 3515 1764 est

1942 1803 2149 1871 absque
2180 1803 2308 1867 lilio,
2348 1817 2525 1870 neque
2551 1801 2696 1856 ﬁlius
2729 1803 2850 1856 sine
2894 1813 3068 1871 patre.
3101 1800 3339 1872 Uterque
3369 1806 3515 1858 enim
3568 1862 3573 1867 _

1945 1909 2049 1947 una
2101 1909 2286 1946 set-um
2339 1894 2630 1960 coniuncte
2659 1908 2750 1958 per
2783 1895 3105 1947 relationem
3163 1896 3390 1950 alterum
3425 1897 3513 1950 in-

1940 1987 2114 2039 ducit.
2147 1987 2382 2054 Aliaqno
2431 1989 2732 2040 secundum
2769 1987 2907 2039 hanc
2957 1987 3187 2040 formam
3235 1991 3516 2044 eodemse

1940 2078 2106 2130 modo
2134 2077 2357 2131 habent.
2388 2079 2649 2131 Absoluta
2684 2093 2811 2131 vero
2838 2077 3059 2130 nomina
3091 2079 3370 2142 dicuntur,
3395 2097 3519 2149 qua:

1939 2181 2001 2221 se
2029 2167 2111 2221 hls
2141 2168 2421 2221 contrario
2449 2170 2610 2222 modo
2653 2169 2858 2223 habent
2884 2185 2898 2233 ;
2932 2185 3274 2240 quaecunque
3308 2174 3515 2226 scilicet

269 2286 358 2342 per
402 2285 462 2325 se
495 2270 770 2332 dicuntur.
795 2279 849 2325 et
877 2286 981 2324 non
1012 2270 1213 2325 habent
1237 2269 1554 2327 relationem
1579 2269 1645 2328 ad
1683 2269 1788 2323 alia
1812 2305 1830 2332 ,
1865 2266 1960 2320 sed
1998 2272 2126 2319 sunt
2167 2263 2411 2317 absoluta
2436 2272 2490 2318 et
2524 2265 2592 2317 ab
2629 2265 2940 2319 habitudine
2964 2267 3128 2320 libera
3167 2283 3180 2320 :
3211 2267 3518 2337 cuiusmodi

271 2371 408 2422 sunt.
441 2363 745 2432 pulchrum,
779 2361 1004 2428 bonum,
1029 2363 1258 2431 justum.
1292 2363 1418 2417 llzec
1447 2364 1593 2419 enim
1636 2376 1735 2433 per
1766 2377 1826 2418 se
1864 2359 2140 2421 dicuntur.
2178 2373 2278 2413 nec
2304 2361 2371 2412 ad
2412 2359 2518 2412 alia
2549 2358 2892 2414 referuntur.

342 2460 496 2513 Ἐπεὶ
517 2458 697 2512 τοίνυν
742 2458 801 2509 ὲν
832 2459 898 2526 τῇ
939 2457 1057 2526 θείᾳ
1110 2457 1298 2527 Τριάδι
1352 2458 1572 2529 εἴρηται
1628 2457 1834 2526 γεννῶν

2013 2453 2466 2521 Quandoquidem
2518 2453 2686 2522 igitur
2731 2454 2784 2508 in
2818 2454 2999 2510 divina
3033 2453 3300 2510 Trinitate
3336 2456 3518 2510 dictus

266 2553 354 2605 καὶ
377 2550 743 2620 γεννώμενον,
765 2549 860 2602 δύο
891 2550 1160 2618 πρόσωπα
1190 2550 1462 2613 νοοῦνται,
1489 2551 1585 2603 καὶ
1616 2549 1832 2618 ἔχουσιν

1939 2554 2022 2598 est
2056 2546 2306 2614 gignens,
2337 2555 2392 2600 et
2437 2545 2530 2615 qui
2578 2547 2848 2614 gignatur,
2895 2547 3016 2601 dua:
3045 2563 3290 2616 personae
3320 2550 3517 2603 intelli-

268 2645 534 2698 ἀντίθεσιν
567 2643 704 2712 πρὸς
737 2641 943 2710 ἄλληλα
977 2642 1120 2696 κατὰ
1152 2642 1222 2695 τὰ
1253 2644 1393 2712 πρός
1424 2659 1498 2696 τι.
1535 2645 1696 2698 Ἔστι
1723 2643 1832 2713 γὰρ

1941 2645 2166 2704 guntur,
2196 2635 2508 2704 habentque
2541 2635 2685 2688 inter
2722 2650 2783 2690 se
2826 2638 3227 2706 oppositlonem
3272 2654 3394 2708 qua:
3433 2649 3517 2694 est

267 2737 322 2788 τὺ
355 2736 454 2805 μὲν
482 2735 674 2799 αἴτιον,
713 2735 774 2788 τὸ
823 2734 879 2786 δὲ
933 2735 1196 2788 αἰτιατόν.
1244 2734 1306 2788 '0
1329 2735 1386 2787 δὲ
1436 2735 1596 2803 λόγος
1630 2737 1724 2788 καὶ
1772 2735 1832 2789 τὸ

1947 2722 2016 2775 ad
2045 2722 2268 2791 aliquid.
2299 2721 2393 2776 Est
2421 2721 2564 2775 enim
2590 2723 2694 2775 alia
2729 2723 2946 2792 quidem
2976 2739 3138 2780 causa
3171 2743 3265 2780 seu
3304 2739 3512 2790 auctor,

269 2827 458 2896 ίδίωμα
488 2825 586 2894 τῆς
620 2823 945 2888 ἁντιθέσεώς
979 2827 1129 2879 ἐστιν
1159 2826 1222 2878 τὸ
1259 2825 1332 2896 μὴ
1372 2821 1512 2880 εἷναι
1541 2827 1651 2880 τῶν
1682 2829 1832 2880 ἀντι-

1943 2813 2132 2877 altera,
2169 2828 2286 2882 quae
2326 2827 2390 2866 ex
2419 2827 2584 2867 causa
2611 2827 2706 2867 seu
2734 2822 2957 2869 auctore
2986 2826 3094 2870 est.
3128 2816 3283 2870 [latio
3305 2834 3431 2873 vero
3461 2830 3518 2874 et

267 2921 528 2987 κειμένων
553 2918 614 2971 τὸ
658 2917 846 2987 ἕτερον
883 2912 996 2970 οἷον
1019 2917 1082 2970 τὸ
1118 2916 1327 2986 ἕτερον.
1391 2918 1478 2974 Ὧς
1533 2918 1593 2970 τὸ
1638 2918 1828 2971 λευκὸν

1939 2905 2244 2975 proprietas
2276 2904 2640 2974 oppositionis
2661 2913 2764 2968 est,
2800 2913 2858 2957 ut
2880 2905 3110 2959 alterum
3137 2911 3516 2976 oppositurum

265 3009 522 3062 ἀδύνατον
556 3003 695 3062 εἶναι
734 3008 924 3076 μέλαν,
950 3009 1046 3062 καὶ
1079 3009 1142 3061 τὸ
1179 3010 1346 3078 μέλαν
1385 3010 1600 3074 λευκὸν,
1632 3012 1828 3080 ὶφόσον

1939 3011 2042 3052 non
2061 2997 2132 3050 sit
2145 2996 2410 3064 ejusmodi
2425 3004 2580 3049 acest
2594 2993 3012 3051 alterumNerbi
3030 2998 3517 3065 gratia,albumim-

264 3103 611 3156 ἁντίκεινται.
663 3099 724 3154 El
751 3101 807 3154 δὲ
835 3101 992 3153 τοῦτο
1019 3099 1192 3166 οὕτως
1232 3101 1370 3170 ἔχει,
1399 3101 1659 3155 ἀδύνατον
1684 3099 1826 3157 εῖναι
1934 3087 2160 3158 Ροδίδίίθ
2180 3097 2398 3142 θδίθθδθ
2421 3086 2715 3158 ’δίὸτυπῖνθι
2732 3087 2942 3154 πίει-ωτι
2963 3088 3281 3159 πιϋιιεηοψιε
3304 3093 3520 3147 ηίίοηθ

264 3198 351 3248 καὶ
378 3195 438 3249 τι
471 3194 605 3247 αὐτὸ
633 3195 804 3246 αἴτιον
829 3192 967 3262 ὁμοῦ
1010 3191 1106 3246 καὶ
1150 3193 1396 3246 αἰτιατόν
1417 3210 1432 3225 ο
1469 3193 1713 3247 τουτέστι
1741 3195 1832 3247 τὸν

1939 3186 2318 3247 opponuntur.
2341 3176 2496 3243 Quod
2527 3191 2653 3231 cum
2677 3178 2750 3231 ita
2782 3190 2844 3232 se
2870 3177 3089 3244 habeat,
3127 3180 3244 3234 lieri
3280 3194 3388 3234 non
3413 3195 3514 3250 po-

261 3289 422 3342 αὑτὸν
473 3287 752 3356 γεννῶντα
777 3287 873 3339 καὶ
906 3287 1246 3356 γεννώμενον
1276 3281 1440 3351 εἶναι,
1495 3285 1592 3339 δύο
1651 3287 1831 3357 μόνων

262 3379 571 3450 προσώπων
612 3371 1005 3447 θεωρουμένων
1033 3377 1125 3431 τοῦ
1165 3378 1376 3449 Πατρδς
1409 3379 1502 3432 καὶ
1540 3377 1634 3431 τοῦ
1677 3379 1829 3436 Υἱοῦ.

263 3472 480 3526 Πολλῶν
513 3473 622 3542 γὰρ
643 3469 975 3540 προσώπων,
1009 3470 1200 3540 ὥσπερ
1225 3470 1646 3540 ἐνιάνθρώποις,
1697 3473 1832 3524 ὑπο-

263 3564 554 3633 κειμένων,
586 3564 737 3616 οὐδὲν
776 3563 975 3616 κωλύει
1002 3563 1092 3616 τὸν
1121 3564 1284 3618 αὐτὸν
1313 3561 1456 3616 εἶναι
1490 3565 1704 3632 πατέρα
1733 3566 1828 3617 καὶ

263 3659 396 3718 υίδν,
421 3657 677 3724 καθάπερ
701 3657 952 3724 εἴπομεν.
980 3654 1084 3707 Δύο
1104 3655 1161 3708 δὲ
1194 3655 1503 3725 προσώπων
1529 3654 1829 3722 ὑποκειμέ-

263 3768 386 3816 νων,
417 3751 514 3804 καὶ⁵
540 3749 634 3803 τοῦ
663 3749 762 3818 μὲν
784 3751 986 3816 κυρῖως
1008 3747 1160 3810 ὅντος
1187 3748 1409 3818 πατρὸς,
1434 3747 1528 3801 τοῦ
1542 3747 1598 3800 δὲ
1623 3748 1830 3815 κυρίως

265 3845 412 3904 δντος
442 3840 584 3905 υἱοῦ,
607 3841 683 3902 ὡς
713 3839 806 3891 ἰπὶ
827 3839 921 3909 τῆξ
951 3839 1111 3904 ἁγίας
1137 3838 1366 3908 Τριάδος
1393 3837 1524 3907 ἔχει,
1551 3837 1644 3890 τὸν
1665 3837 1828 3891 αὐτὸν

269 3929 401 3985 εἶναι
430 3929 565 4001 ὁμοῦ
598 3929 810 4000 πατέρα
846 3928 941 3980 καὶ
963 3929 1077 3980 υἱὸν
1104 3929 1382 3992 παντελῶς
1407 3929 1685 3984 ἀδύνατον.
1717 3928 1829 3983 Καὶ

273 4023 350 4074 ἐπ’
382 4022 680 4090 ἀνθρώπων
706 4021 786 4084 δὲ,
814 4018 1331 4090 παραδειγματικῶς
1367 4021 1560 4082 εἰπεῖν,
1586 4022 1715 4073 ὅταν
1736 4020 1830 4073 δύο

277 4111 534 4178 πρόσωπα
562 4108 883 4179 θεωρῶμεν,
917 4109 979 4160 τὸ
1020 4107 1128 4176 μὲν.
1146 4109 1434 4175 γεννῆσαν,
1469 4109 1530 4160 τὸ
1557 4109 1613 4161 δὲ
1640 4126 1832 4180 γεννη-

277 4200 378 4263 θὲν,
404 4203 544 4255 κατὰ
599 4202 689 4254 τὸν
714 4201 877 4255 αὐτὸν
924 4201 1127 4270 τρόπον
1156 4201 1251 4254 καὶ
1281 4202 1339 4253 ὲν
1373 4202 1557 4262 αὐτοῖς
1582 4202 1829 4274 ἀναφορὰ

277 4294 362 4345 καὶ
397 4294 577 4362 σχέσις
615 4293 938 4362 εὑρίσκεται
971 4291 1352 4360 ἀκοινώνητος.
1411 4292 1692 4348 Ἀδύνατον
1719 4293 1830 4364 γὰρ

277 4383 359 4434 τὸν
399 4386 735 4454 γεννήσαντα
773 4383 983 4452 ἕτερον,
1017 4381 1112 4435 τὸν
1151 4383 1316 4436 αὑτὸν
1360 4383 1458 4437 καὶ⁵
1501 4386 1827 4454 γεννηθέντα

276 4470 402 4528 εἶναι
424 4477 487 4528 ἐκ
502 4474 600 4528 τοῦ
620 4473 785 4528 αὑτοῦ
808 4475 1157 4544 γεννηθέντος
1179 4474 1494 4544 προσώπου.
1533 4477 1828 4541 Ἀντὶθεσις

276 4568 377 4635 γάρ
418 4569 565 4620 ἐστιν
599 4566 658 4618 ὲν
686 4567 873 4628 αὐτοῖς
905 4565 1046 4620 κατὰ
1075 4564 1145 4620 τὰ
1179 4569 1316 4636 πρός
1350 4583 1422 4632 τι,
1461 4567 1556 4620 καὶ
1583 4568 1684 4621 οὐκ
1717 4567 1834 4622 ἔστι

1943 3279 2048 3324 test
2079 3279 2140 3324 ut
2192 3270 2334 3322 idem
2381 3267 2546 3322 simul
2582 3277 2778 3324 auctor
2815 3270 2886 3324 sit
2931 3278 2987 3324 et
3025 3271 3172 3340 quod
3200 3282 3284 3326 est
3310 3272 3378 3327 ab
3415 3288 3516 3328 au-

1941 3367 2128 3427 ctore;
2185 3360 2314 3435 hoc,
2339 3369 2444 3422 est,
2479 3360 2734 3413 eumdem
2770 3359 2863 3429 qui
2903 3358 3095 3429 gignat
3119 3367 3174 3415 et
3211 3363 3304 3431 qui
3329 3363 3518 3433 gigna-

1942 3461 2053 3515 tur,
2079 3467 2204 3505 cum
2236 3451 2358 3504 duae
2389 3456 2598 3503 tantum
2634 3463 2890 3518 persona:~
2908 3449 3087 3505 Patris
3108 3462 3166 3506 et
3193 3449 3316 3506 Filii
3348 3453 3519 3506 intelo'

1943 3543 2202 3610 ligantur.
2235 3541 2369 3594 Nam
2394 3541 2441 3594 si
2475 3541 2666 3609 plures
2699 3555 2951 3610 personae
2974 3543 3240 3611 subjectae
3265 3545 3403 3610 sint,
3437 3551 3518 3602 uti

1941 3631 2210 3700 euntingit
2241 3630 2297 3684 in
2331 3629 2671 3694 hominibus,
2697 3630 2836 3684 nihil
2868 3639 3018 3685 vetat
3047 3635 3299 3689 eumdem
3335 3645 3387 3690 et
3418 3653 3516 3706 pa-

1943 3731 2078 3776 trem
2125 3734 2247 3774 esse
2277 3729 2331 3774 et
2384 3719 2579 3782 illium,
2627 3723 3086 3789 quemadmodum
3128 3725 3386 3781 diximus.
3423 3730 3513 3792 At,

1941 3828 2070 3866 cum
2101 3813 2223 3866 dum
2253 3820 2644 3881 supponantur
2676 3825 2944 3881 personat,
2972 3822 3136 3884 atque
3161 3818 3265 3870 alia
3295 3821 3516 3886 quidem

1929 3904 2162 3974 proprie
2185 3912 2336 3974 pater
2369 3903 2462 3970 sit,
2485 3903 2592 3960 alia
2625 3917 2755 3959 vero
2775 3905 2944 3969 illius,
2971 3915 3029 3960 ut
3057 3922 3116 3962 se
3137 3923 3224 3964 res
3247 3909 3299 3964 in
3326 3925 3516 3967 sancta

1941 3997 2209 4050 Trinitate
2233 3995 2412 4060 habet,
2449 3996 2702 4051 eamdem
2733 4004 2789 4051 et
2817 4006 3024 4066 patrem
3068 4009 3123 4054 et
3160 4001 3326 4055 lilium
3367 4019 3514 4070 esse,

1941 4089 2166 4144 omnino
2192 4087 2310 4142 ﬁeri
2345 4101 2452 4142 non
2495 4097 2690 4158 potest.
2715 4087 2857 4155 Quin
2888 4100 2941 4144 et
2973 4090 3119 4146 inter
3147 4093 3426 4162 homines,
3459 4109 3519 4152 nt

1942 4183 2048 4238 sub
2077 4180 2326 4250 exemplo
2361 4182 2574 4250 loquar,
2605 4181 2650 4238 si
2681 4183 3093 4240 consideremus
3138 4186 3275 4242 duas
3325 4205 3513 4258 perso-

1942 4289 2064 4336 nas,
2113 4289 2348 4344 quarum
2399 4276 2568 4329 altera
2627 4277 2896 4344 genuerit,
2964 4279 3134 4333 altera
3167 4281 3345 4350 genita
3399 4287 3516 4348 sit,
3608 4280 3620 4291 “

1943 4365 2108 4420 etiam
2142 4365 2197 4418 in
2233 4365 2342 4419 illis
2367 4377 2464 4433 per
2491 4365 2746 4418 eumdem
2778 4367 3000 4419 modum
3048 4365 3240 4423 relatio
3267 4383 3331 4425 ac
3359 4369 3513 4425 habi-

1945 4457 2077 4509 tudo
2111 4456 2414 4510 invenietur
2444 4456 2997 4514 incommunicabilis.
3030 4455 3175 4516 Fieri
3222 4463 3368 4516 enim
3404 4482 3517 4519 non

1943 4557 2139 4618 potest,
2175 4559 2234 4603 ut
2260 4548 2354 4617 qui
2381 4549 2610 4602 alterum
2633 4551 2839 4618 genuit,
2865 4551 2912 4604 is
2937 4553 3054 4621 ipse
3096 4555 3312 4621 genitus
3343 4557 3414 4611 sit
3446 4576 3511 4612 ex

272 4657 328 4708 τὸ
356 4658 411 4710 ἓν
436 4655 550 4712 οἷον
587 4658 651 4710 τὸ
681 4657 892 4726 ἕτερον.
945 4657 1048 4710 Τὸν
1077 4658 1264 4725 ὅμοιον
1294 4657 1386 4710 οὖν
1417 4657 1616 4728 τρόπον
1646 4659 1740 4711 καὶ⁵
1774 4661 1832 4711 ὲν

1941 4640 2126 4694 eadem
2168 4654 2420 4710 persona,
2447 4654 2570 4708 qua!
2608 4653 2672 4694 ex
2717 4639 2839 4708 ipso
2869 4643 3054 4710 genita,
3084 4643 3205 4698 fuit.
3245 4647 3337 4701 Est
3363 4651 3514 4703 enim

273 4752 334 4817 τῇ
375 4751 502 4820 ἁγίᾳ
524 4750 739 4818 Τριάδι,
787 4750 880 4802 ἐπὶ
909 4749 1004 4801 τοῦ
1043 4751 1256 4820 Πατρδς
1300 4751 1387 4802 καὶ
1430 4750 1526 4802 τοῦ
1565 4751 1695 4803 Υἱοῦ
1739 4750 1832 4804 δύο

1940 4733 2084 4785 inter
2105 4733 2225 4786 Illos
2245 4731 2522 4799 opposi‘tio
2546 4731 2612 4784 ad
2633 4731 2859 4798 aliquid,
2879 4747 2978 4785 nec
2996 4735 3135 4787 alter
3157 4750 3345 4791 eorum
3365 4741 3512 4808 ejus-

276 4842 531 4909 πρόσωπα
574 4841 844 4903 νοοῦνται,
900 4841 995 4893 καὶ
1047 4842 1187 4893 εἰσὶν
1233 4842 1547 4907 ἀναγκαίως
1597 4842 1684 4894 διὰ
1736 4843 1829 4896 τὸν

1941 4821 2084 4874 modi
2122 4838 2187 4875 ac
2245 4821 2383 4874 alter
2423 4820 2656 4874 exsistit.
2699 4821 2898 4898 Eodem
2932 4823 3117 4892 itaque
3158 4820 3316 4882 modo
3345 4832 3514 4885 etiam

276 4929 424 4998 λόγον
457 4933 554 5003 τῆς
593 4932 824 5004 προόδου
850 4946 867 4964 ο
915 4933 1103 4997 ἐπειδὴ
1149 4933 1181 5002 ἡ
1229 4932 1421 5000 Γραψὴ
1461 4932 1701 4985 διδάσκει
1737 4933 1829 4985 τὸν

1939 4913 1991 4968 iu
2026 4924 2212 4966 sancta
2257 4911 2544 4973 Trinitate,
2570 4912 2622 4965 in
2655 4911 2814 4965 Patre
2854 4925 2906 4966 et
2945 4913 3084 4968 Filio
3111 4916 3231 4970 dua:
3256 4933 3510 4988 persona:

280 5021 399 5074 rm
427 5025 488 5076 ἐκ
509 5024 602 5075 τοῦ
634 5023 852 5093 Πατρδς
879 5021 1204 5085 γεννᾶσθαι·
1241 5024 1332 5074 καὶ
1359 5023 1457 5074 οὐκ
1481 5022 1626 5073 ἔστιν
1657 5021 1777 5074 οὔτε
1804 5023 1832 5075 ὁ

1943 5001 2337 5070 intelliguntur,
2393 5012 2632 5072 suntque
2674 5003 2986 5057 necessario
3024 5005 3094 5059 ob
3137 5011 3516 5076 procesaiouis

281 5111 452 5181 Πατὴρ
485 5114 632 5180 Υἱὸς,
662 5091 784 5167 οὔτε
812 5113 840 5166 ὁ
869 5115 992 5177 Υἱὸς
1030 5113 1238 5182 Πατὴρ,
1267 5113 1412 5165 κατὰ
1437 5113 1526 5165 τὸν
1557 5113 1653 5180 τῆς
1683 5115 1832 5167 ἀντι-

1940 5093 2205 5147 rationem
2229 5133 2243 5156 ,
2269 5094 2410 5162 quod
2460 5091 2739 5161 Scriptura
2772 5097 2963 5149 doceat
2996 5095 3193 5152 Filium
3225 5104 3374 5157 nasci
3401 5120 3415 5169 ;
3445 5119 3510 5160 ac

281 5198 469 5267 θέσεως
490 5204 668 5272 λόγον.

1942 5202 2117 5255 neque
2150 5187 2311 5241 Pater
2337 5185 2509 5239 Filius
2529 5186 2618 5250 sit,
2651 5203 2746 5241 nec
2777 5186 2945 5243 Filius
2984 5187 3164 5257 Pater,
3201 5197 3502 5250 secundum

1940 5279 2302 5349 oppositionis
2343 5279 2630 5333 rationem.

2005 5459 2240 5526 Rursus,
2275 5461 2404 5532 quia
2454 5460 2506 5513 in
2544 5458 2648 5512 (ide
2687 5459 2892 5514 dictum
2944 5468 3049 5522 est,
3094 5461 3255 5513 Deum
3289 5475 3352 5514 ex
3391 5462 3504 5518 Deo

277 5556 402 5611 Θεοῦ
431 5560 882 5629 ἐκπορευόμενος,
906 5558 1050 5612 κατά
1081 5559 1171 5610 τὸν
1197 5558 1359 5610 αὐτὸν
1381 5559 1480 5626 τῆς
1507 5557 1832 5617 ἀντιθέσεως

1939 5554 2245 5619 procedere,
2287 5551 2585 5606 secundum
2619 5552 2868 5606 eumdem
2893 5549 3252 5634 oppositionis
3277 5556 3502 5608 modum

276 5649 422 5718 λόγον
465 5651 722 5706 ἀδύνατον
765 5646 904 5702 εἶναι
953 5650 1042 5701 τὸν
1068 5649 1229 5702 αὑτὸν
1264 5649 1534 5718 προῆολέα
1569 5649 1662 5699 καὶ
1700 5649 1832 5716 πρό-

1939 5642 2048 5694 iieri
2087 5642 2274 5712 nequit
2311 5648 2367 5694 ut
2405 5639 2549 5695 idem
2582 5642 2650 5694 sit
2683 5641 2772 5710 qui
2808 5638 3058 5707 producit
3087 5647 3142 5693 et
3167 5641 3257 5708 qui
3295 5645 3502 5706 produ-

279 5741 469 5813 6λημα.
523 5745 653 5797 Οὐδὲ
700 5745 804 5812 γάρ
836 5745 946 5795 ἐστι
999 5741 1058 5794 τὸ
1105 5742 1237 5794 αὐτὸ
1270 5741 1402 5807 πρὸς
1451 5742 1509 5793 τὸ
1545 5741 1672 5792 αὐτὸ
1735 5741 1828 5792 καὶ

1939 5739 2102 5790 citur.
2132 5741 2315 5806 Neque
2344 5733 2489 5787 enim
2518 5734 2658 5788 idem
2687 5732 2866 5802 quoad
2895 5732 3142 5786 eumdem
3181 5746 3369 5790 auctor
3394 5753 3503 5805 est,

348 5466 509 5521 Πάλιν
544 5467 735 5535 ἑπειδὴ
771 5449 866 5520 ἐπὶ
893 5465 994 5535 τῆς
1030 5465 1264 5528 πίστεως
1315 5464 1530 5534 εἴρηται
1585 5463 1717 5526 Θεὸς
1765 5464 1831 5516 ὲκ
