4036 6262
259 323 365 404 ’δί-ι

1237 345 1335 404 DE
1381 338 1805 406 PRINCIPIIS
1845 345 2056 406 FlDEl
2090 340 2557 411 CATl-IOLIC/E.

3398 354 3519 429 ’5113

265 450 630 520 ένεκρὼσατε,
662 451 919 520 ζήσεσθε.
969 472 987 502 ι
1016 454 1127 506 Καὶ
1164 454 1325 506 πάλιν
1361 455 1527 522 φησὶν
1555 456 1581 506 6
1608 454 1822 522 Κύριος.

1944 455 2092 510 Sicut
2122 457 2282 510 Puter
2316 462 2536 513 maritat
2571 470 2803 515 mortuos
2834 472 2882 516 et
2906 464 3139 533 vici/ica!
3171 466 3211 519 ³.
3235 466 3520 528 Vivillrato

270 563 286 596 1
321 544 534 612 Ὠσπερ
565 546 593 596 6
622 545 809 614 Πατὴρ
859 546 1064 615 ἐγείρει
1105 547 1230 608 τοὺς
1286 549 1513 614 νεκροὺς
1555 548 1648 599 καὶ
1697 548 1832 610 ζωο-

262 637 427 700 ποιεῖ,
459 634 607 687 οὕτω
638 638 731 689 καὶ
759 637 787 687 ὁ
813 636 944 698 Υἱὸς
974 635 1066 697 οὒς
1098 637 1242 688 θέλει
1296 636 1577 700 ζωοποιεῖ.
1634 657 1653 689 ι
1679 639 1751 715 T6
1777 639 1833 689 δὲ
1858 672 1861 683 ι

261 725 545 789 ζωοποιεῖν
588 729 646 779 ὲν
688 727 763 795 τῷ
792 726 922 796 θείῳ
950 729 1415 797 Πνεύματίὲστιν.
1451 729 1509 782 '0
1533 731 1639 801 γὰρ
1681 731 1838 783 Ἀπό-

264 817 445 891 στολος
477 820 704 887 γράφει,
758 818 823 869 Et
853 819 911 870 16
941 819 1165 887 Πνεῦμα
1220 820 1316 872 τοῦ
1368 821 1686 890 ἐγείραντος
1721 821 1831 887 Ἰη-

262 904 635 974 σοῦνΧριστὸν
658 907 721 957 ἐκ
745 906 954 975 νεκρῶν
981 907 1147 975 (κατὰ
1180 910 1241 959 16
1266 908 1607 975 ἀνθρώπινον
1638 911 1835 979 δηλον-

259 995 363 1065 ότι)
415 997 660 1050 κατοικεῖ
684 997 741 1048 ὲν
786 998 938 1067 ἡμῖν,
990 998 1020 1049 6
1069 1000 1290 1069 ἐγείρας
1335 1000 1548 1069 Ἰησοῦν
1587 1001 1827 1068 Χριστὸν

1941 560 2120 602 autem
2159 553 2209 603 in
2244 553 2429 604 divino
2466 553 2671 622 Spiritu
2702 561 2805 607 est.
2862 554 3063 609 Scribit
3097 572 3333 627 namque
3377 563 3521 627 Apo-

1942 640 2114 693 stolus
2150 658 2161 692 :
2193 640 2251 694 Si
2281 644 2512 710 Spiritus
2543 652 2655 712 ejus
2701 646 2791 714 qui
2837 648 3114 701 suscitavit
3148 648 3331 703 Jesum
3359 651 3517 704 Citri-

1940 742 2077 783 stum
2110 748 2141 783 a
2174 734 2397 784 mortuis
2427 736 2554 801 (qua
2595 735 2801 787 scilicet
2831 735 2993 787 homo
3029 738 3190 805 erat),
3218 737 3423 790 habitat
3459 741 3515 791 in

1943 822 2127 886 nobis;
2158 824 2245 891 qui
2264 827 2531 878 suscitavit
2564 825 2744 878 Iesum
2778 825 3045 879 Christum
3074 844 3105 879 a
3131 830 3369 889 mortuis.
3392 831 3518 883 rit-i-

1940 912 2119 978 ﬁcabit
2157 925 2205 967 et
2238 916 2487 969 mortalia
2519 933 2739 985 corpora
2772 928 2973 983 nostra,
3002 934 3093 987 per
3138 920 3517 975 inltabitautem

1942 1003 2204 1073 Spiritum
2232 1024 2383 1059 suum
2412 1009 2465 1060 in
2497 1010 2644 1061 nobis
2678 1009 2720 1063 ⁸.

259 1088 323 1139 ὲκ
370 1088 581 1155 νεκρῶν
632 1088 965 1157 ζωοποιήσει
1022 1090 1117 1144 καὶ
1167 1092 1236 1143 τὰ
1298 1089 1465 1160 θνητά
1518 1091 1672 1160 ἡμῶν
1730 1090 1957 1159 σώματα
1987 1094 2077 1147 διὰ
2142 1096 2234 1148 τοῦ
2292 1098 2631 1161 ἐνοικοῦντος
2700 1099 2814 1167 (10)
2857 1099 3020 1153 αὑτοῦ
3092 1101 3404 1170 Πνεύματος
3460 1102 3516 1152 ἐν

340 1184 410 1233 ἰν.
455 1199 474 1231 ι

340 1185 410 1233 ἰν.
455 1199 474 1231 ι

258 1185 623 1338 ήμὯσαύτως
652 1278 713 1329 16
764 1280 884 1340 ταῖς
924 1278 1031 1330 τῶν
1077 1278 1247 1347 ἁγίων
1296 1256 1842 1343 διανοίαιςῦὲνοικεῖν

248 1365 389 1418 ἴδιόν
425 1371 540 1418 ἐστι
558 1367 649 1419 τοῦ
677 1367 834 1424 Θεοῦ.
858 1370 997 1437 Φησὶ
1018 1372 1126 1438 γὰρ
1154 1372 1180 1423 6
1213 1371 1559 1437 Ἀπόστολος,
1594 1391 1612 1422 ι
1652 1373 1837 1440 ’Υμείς

260 1459 381 1509 ἐστε
442 1459 563 1520 ναὸς
600 1460 736 1512 Θεοῦ
794 1460 1016 1541 ζῶντοςι,
1079 1462 1266 1531 ὥσπερ
1319 1466 1482 1534 φησὶν
1532 1466 1561 1516 6
1612 1465 1836 1534 Κύριος·

250 1564 279 1602 ‘1
311 1550 438 1603 Ὀτι
470 1552 739 1620 ἐνοικήσει)
769 1553 825 1603 ἓν
856 1554 1059 1616 αὑτοῖς.
1105 1573 1123 1605 ι
1148 1555 1288 1607 Αὐτὸ
1317 1556 1374 1609 δὲ
1403 1555 1562 1609 τοῦτο
1592 1557 1668 1627 τῷ
1693 1558 1836 1627 ἁγίῳ

258 1644 532 1712 Πνεῦματι
561 1646 589 1695 6
619 1645 942 1707 Ἀπόστολος
992 1646 1276 1716 ἀπονέμει.
1300 1648 1439 1717 Φησὶ
1475 1652 1604 1717 γὰρ,
1644 1668 1662 1699 1
1715 1652 1830 1703 Οὐκ

254 1735 457 1799 οἴδατε,
486 1737 570 1787 ὅτι
591 1737 714 1799 ναὸς
754 1737 891 1789 Θεοῦ
925 1740 1070 1803 ἐστε,
1104 1741 1197 1791 καὶ
1223 1740 1282 1792 16
1312 1741 1537 1809 Πνεῦμα
1564 1742 1659 1795 τοῦ
1693 1742 1829 1795 Θεοῦ

252 1829 391 1883 οἰκεῖ
420 1828 476 1878 ὲν
509 1827 673 1896 ὑμῖν;
712 1848 732 1879 ι
769 1830 938 1883 Πάλιν
970 1831 1181 1899 φησὶνὸ
1226 1832 1567 1896 Ἀπόπολος,
1606 1853 1621 1884 ι
1662 1836 1734 1887 Τὸ
1767 1835 1823 1886 δὲ

200 1930 207 1937 ’
255 1917 486 1987 Πνεῦμα
526 1920 706 1973 πάντα
735 1920 953 1991 ἐρευνᾷ,
982 1922 1075 1974 καὶ
1102 1924 1167 1975 τὰ
1208 1923 1344 1992 βάθη
1373 1923 1466 1976 τοῦ
1499 1924 1659 1977 Θεοῦ.
1725 1926 1821 1987 Τίς

252 2012 356 2080 γὰρ
392 2009 497 2063 οἶδε
526 2011 596 2063 τὰ
619 2013 714 2064 τοῦ
774 2013 1066 2080 ἀνθρώπου
1105 2016 1155 2066 εί
1204 2016 1277 2085 μὴ
1326 2016 1387 2069 16
1447 2017 1665 2085 πνεῦμα
1730 2020 1824 2071 τοῦ

251 2101 541 2173 ἀνθρώπου
580 2103 641 2155 16
666 2105 723 2155 ἐν
763 2104 913 2173 αὑτῷ
936 2123 955 2170 ⁹;
988 2106 1144 2158 Οὕτω
1181 2108 1273 2159 καὶ
1311 2108 1377 2159 τὰ
1415 2109 1509 2161 τοῦ
1565 2110 1699 2163 Θεοῦ
1732 2112 1824 2163 οὐ·

249 2195 355 2255 631;
391 2190 532 2245 οἶδεν
569 2198 618 2245 εἰ
666 2197 740 2264 μὴ
790 2196 851 2249 16
888 2196 1113 2266 Πνεῦμα
1137 2199 1230 2251 τοῦ
1269 2199 1430 2253 Θεοῦ.
1469 2223 1487 2251 ι
1526 2202 1598 2253 Τὸ
1638 2202 1693 2253 δὲ
1725 2219 1825 2254 και

250 2284 627 2353 ταλαμὸἀνειν
658 2288 835 2341 πάντα
884 2288 975 2341 τοῦ
1014 2289 1147 2341 Θεοῦ
1178 2291 1392 2351 οὐδενός
1439 2295 1553 2345 ἐστι
1589 2296 1823 2362 κτίσμα-

248 2395 332 2440 τος
360 2394 378 2411 ο
417 2381 553 2447 φησὶ
579 2380 688 2449 γὰρ
736 2381 763 2431 6
788 2381 1011 2447 Κύριος,
1060 2401 1075 2429 1
1105 2382 1291 2444 066a";
1340 2378 1445 2435 οἶδε
1499 2384 1589 2435 16v
1621 2386 1746 2436 Υἱὸν
1772 2386 1819 2437 εἰ

252 2470 321 2539 μὴ
360 2472 391 2521 6
425 2471 650 2540 Πατήρ·
680 2469 805 2522 οὔτε
863 2471 954 2523 16v
990 2474 1205 2542 Πατέρα
1241 2492 1323 2536 τις
1375 2476 1724 2542 ἐπιγινώσκει
1772 2480 1821 2529 εί

250 2560 322 2628 μὴ
356 2562 385 2612 6
427 2560 575 2620 Υ.ός.
614 2578 633 2610 ι
666 2561 774 2613 Kal
809 2561 867 2613 ὲν
896 2561 973 2629 τῷ
1023 2563 1222 2633 Ἡσαΐᾳ
1273 2566 1346 2626 ὡς
1397 2566 1462 2616 ὲκ
1523 2567 1819 2635 προσώπου

246 2650 338 2702 τοῦ
374 2651 516 2703 Θεοῦ
545 2652 791 2720 λέγεται,
824 2671 843 2704 ι
872 2654 943 2704 Τὸ
969 2656 1267 2723 μυστήριόν
1304 2674 1405 2724 μου
1447 2658 1589 2725 ἐμοὶ.
1631 2677 1648 2709 ι

314 2742 489 2794 Πάλιν
535 2743 669 2795 [διον
709 2745 804 2797 τοῦ
862 2746 999 2797 Θεοῦ
1068 2746 1229 2815 ἔργον
1278 2747 1556 2801 δείκνυται
1598 2754 1655 2801 ἑν
1701 2753 1821 2815 ταῖς

246 2833 433 2903 εὐχαῖς
463 2837 500 2904 ἡ
536 2836 645 2887 τῶν
709 2839 1029 2906 μυστηρίων
1075 2840 1435 2907 ἀποκάλυψις.
1488 2843 1718 2908 Λέγεται
1763 2844 1820 2896 δὲ

245 2926 318 2994 τῷ
337 2926 567 2996 Δανιὴλ,
604 2947 621 2979 1
658 2929 817 2980 Ἐστι
864 2929 998 2991 Θεὸς
1047 2933 1104 2982 ὲν
1148 2931 1226 2997 τῷ
1277 2932 1492 3002 οὐρανῷ
1546 2935 1820 2987 ἀποκαλύ-

246 3026 396 3071 πτων
443 3019 744 3089 μυστήρια.
792 3038 811 3071 ι
848 3020 1020 3072 Τοῦτο
1070 3023 1128 3073 δὲ
1190 3022 1348 3091 ἔργον
1395 3023 1666 3076 δείκνυται
1725 3026 1818 3078 τοῦ

248 3107 402 3173 ἀξίου
437 3108 781 3177 Πνεῦματος.
813 3111 977 3177 Λέγει
1009 3111 1117 3179 γὰρ
1161 3114 1189 3164 ὁ
1222 3113 1566 3177 ’Λπόστολος,
1597 3134 1614 3165 1
1658 3116 1819 3185 ’Πμίν

244 3200 297 3251 δὲ
353 3200 711 3269 ἀπεκάλυψεν
773 3203 799 3252 6
849 3201 983 3263 Θεὸς
1028 3202 1118 3255 διὰ
1169 3203 1263 3255 τοῦ
1338 3204 1654 3274 Πνεύματος
1723 3207 1817 3261 τοῦ

246 3293 423 3357 ἁγίου.
472 3311 492 3341 ι
534 3293 640 3343 Καὶ
677 3292 858 3357 πάλιν,
898 3312 917 3342 1
976 3291 1048 3345 T6
1083 3293 1139 3346 δὲ
1174 3293 1397 3363 Πνεῦμα
1420 3280 1566 3363 λέγει
1615 3301 1817 3369 μυστή-

246 3398 353 3450 ρια.
403 3404 423 3435 ι
466 3382 588 3435 Ἐτι
633 3385 688 3435 ὲν
732 3386 850 3446 ταῖς
913 3385 1150 3453 Πράξεσι
1204 3386 1442 3454 λέγεται,
1479 3408 1519 3438 1.
1576 3391 1817 3453 Ἀνανία,

242 3472 379 3524 διατί
403 3478 704 3555 ἐπιεὲρασεν
732 3476 758 3526 6
785 3476 1032 3539 Σατανᾶς
1066 3478 1166 3547 τὴν
1206 3480 1433 3548 καρδίαν
1463 3496 1557 3532 σου
1618 3481 1821 3550 ψεύσαι-

244 3565 366 3615 σθαί
424 3582 488 3616 σε
510 3567 891 3637 τῴΠνεύματι
922 3568 1000 3638 τῷ
1025 3571 1204 3640 ἁγίῳ;
1241 3589 1260 3621 ι
1306 3572 1416 3624 Καὶ
1470 3573 1589 3641 μετ’
1639 3574 1818 3639 ὀλίγα,

244 3673 263 3703 ι
304 3659 418 3708 υὺκ
442 3657 664 3724 ἐψεύσω
695 3660 1029 3729 ἀνθρώποις,
1068 3664 1204 3715 ἀλλὰ
1230 3662 1307 3733 τῷ
1332 3664 1469 3733 Θεῷ.
1508 3684 1525 3715 ι
1557 3665 1688 3728 Θεὸς
1728 3663 1820 3718 οὖν

240 3748 357 3800 ἐστι
401 3750 467 3802 16
496 3750 721 3819 Πνεῦμα
750 3752 811 3804 16
833 3753 1007 3819 ἅγιον.

312 3843 424 3892 Καὶ
464 3844 683 3910 μακρὸν
726 3844 792 3897 ἂν
829 3847 914 3913 εἴη
968 3845 1241 3914 ζητοῦντα
1275 3849 1583 3918 μαρτυρίας
1636 3865 1823 3917 προτι-

240 3930 397 3985 θέναι
436 3936 571 4002 περὶ
596 3935 693 4001 τῆς
722 3934 977 4004 Θεότητος
1010 3938 1104 3990 τοῦ
1147 3939 1276 3991 Υίοῦ
1309 3941 1405 3991 καὶ
1430 3941 1524 3991 τοῦ
1568 3942 1815 4009 Πνεῦμα-

235 4040 347 4088 τος,
400 4026 490 4077 ὅτι
530 4028 793 4094 ἑκάτερον
817 4028 996 4080 αὑτῶν
1027 4031 1316 4098 πρόσωπόν
1364 4034 1512 4083 ἐστιν
1547 4032 1817 4097 ὑφεστὼς,

236 4117 330 4169 καὶ
358 4116 575 4187 ἀληθὴς
609 4122 699 4169 καὶ
732 4119 934 4183 τέλειος
957 4121 1109 4186 Θεὸς.
1158 4123 1265 4173 Καὶ
1294 4121 1415 4173 ἐπεὶ
1458 4124 1535 4183 εἰς
1564 4123 1620 4173 ἓν
1650 4125 1820 4175 αἴτιον

235 4206 615 4276 ἀναφέρονται
649 4210 740 4259 16v
779 4211 1014 4279 Πατέρα,
1046 4211 1103 4272 ἐξ
1131 4210 1295 4262 αὑτοῦ
1328 4211 1387 4262 16
1409 4201 1821 4281 εἶναι’ἁχρὸνως

234 4294 454 4364 ἔχοντα,
482 4298 546 4349 ἔκ
559 4314 618 4349 1s
642 4298 734 4349 τοῦ
762 4299 975 4358 ὄντοτόν
1003 4301 1121 4351 ἐστι
1148 4302 1242 4352 καὶ
1266 4300 1511 4367 ὑφεστὼς
1531 4318 1543 4330 ο
1571 4300 1820 4369 δῆλονὼς

233 4386 329 4435 καὶ
356 4387 421 4437 16
450 4386 546 4439 τοῦ
581 4388 793 4456 Πατρὸς
818 4391 1109 4457 πρόσωπον
1158 4390 1219 4440 6v
1264 4391 1381 4441 ὲστι
1418 4392 1514 4443 καὶ
1534 4392 1777 4458 ὑφεστὼς
1799 4408 1813 4421 '

235 4476 329 4528 καὶ
359 4478 601 4538 τέλειον,
632 4476 659 4527 ὃ
708 4476 858 4546 παρὰ
914 4478 1132 4529 πάντων
1162 4479 1531 4545 ὁμολογεῖται.
1599 4482 1707 4532 Καὶ
1771 4483 1818 4533 εί

2013 1275 2132 1329 Pari
2188 1273 2350 1327 modo
2400 1275 2707 1330 inhabitare
2744 1278 2795 1331 in
2851 1289 3167 1333 sanctorum
3218 1280 3509 1342 mentibus.

1940 1368 2029 1420 Dci
2076 1368 2357 1435 proprium
2403 1382 2504 1421 est.
2547 1372 2635 1421 Ait
2668 1370 2812 1422 enim
2864 1373 3155 1439 Apostolus
3196 1391 3207 1424 :
3261 1370 3357 1424 Vos
3386 1375 3513 1423 estis

1935 1464 2179 1529 templum
2228 1462 2327 1516 Dei
2357 1466 2593 1527 viventis,
2626 1466 3066 1532 quemadmodum
3095 1469 3172 1517 ait
3213 1466 3508 1519 Dominus:

1938 1551 2199 1615 Quoniam
2229 1554 2535 1605 inltullitabo
2571 1555 2623 1604 in
2652 1552 2770 1605 eis'.
2808 1552 3040 1619 lalipsum
3071 1538 3514 1620 vero‘Apostolus

1938 1639 2167 1708 Spiritui
2225 1653 2416 1695 sancto
2473 1643 2695 1705 tribuit;
2744 1644 2818 1695 ait
2854 1643 3048 1695 enim:
3095 1642 3347 1707 Nescitis,
3389 1646 3514 1711 quia

1938 1732 2186 1799 templum
2218 1732 2308 1783 Dei
2334 1735 2481 1796 estis,
2508 1746 2553 1785 et
2586 1731 2813 1799 Spiritus
2846 1735 2936 1786 Dei
2965 1734 3166 1788 Imbitut
3201 1736 3252 1785 in
3281 1736 3423 1787 vobis
3452 1736 3513 1787 ‘?

1940 1823 2264 1893 Rursusque
2313 1827 2386 1878 ait
2424 1826 2720 1894 Apostolus
2768 1844 2781 1878 :
2829 1826 3059 1894 Spiritus
3109 1838 3286 1880 autem
3331 1828 3510 1880 omnia

1938 1926 2228 1975 scrutatur.
2257 1919 2417 1971 etiam
2445 1918 2709 1986 profunda
2761 1917 2871 1970 Dei.
2906 1918 3037 1984 Quis
3076 1921 3215 1971 enim
3256 1921 3351 1972 scit
3394 1936 3511 1987 qua:

1934 2018 2055 2060 sunt
2084 2011 2311 2061 hominis
2333 2046 2349 2073 ,
2384 2011 2487 2062 nisi
2533 2012 2747 2076 spiritus
2778 2010 3003 2063 hominis
3034 2012 3122 2079 qui
3157 2012 3209 2062 in
3242 2012 3355 2078 ipso
3387 2024 3458 2064 est
3483 2014 3510 2063 γ

1933 2103 2009 2153 ita
2036 2112 2083 2154 et
2110 2118 2225 2170 qum
2250 2102 2342 2154 Dei
2368 2112 2486 2155 sunt
2516 2119 2662 2155 nemo
2686 2104 2946 2172 coynorit,
2967 2106 3073 2156 nisi
3098 2102 3329 2172 Spiritus
3354 2102 3506 2158 Dei“.

1932 2193 2407 2262 Comprehendere
2441 2203 2621 2245 autem
2663 2196 2846 2247 omnia
2879 2210 2998 2261 quae
3047 2194 3138 2248 Dei
3189 2205 3337 2257 sunt,
3373 2196 3507 2249 nulli

1938 2297 2201 2339 creatura:
2234 2287 2513 2354 competit.
2549 2287 2635 2338 Ait
2668 2286 2811 2342 enim
2843 2285 3105 2341 Dominus
3132 2303 3146 2339 :
3177 2284 3346 2340 Nemo
3367 2289 3509 2339 norit

1936 2376 2156 2438 Filium,
2189 2380 2288 2430 nisi
2334 2377 2500 2431 Pater
2536 2394 2554 2432 :
2588 2394 2749 2446 neque
2782 2378 2998 2431 Patrem
3042 2380 3159 2447 quis
3198 2382 3357 2442 novit,
3402 2379 3507 2433 nisi

1931 2468 2103 2523 Filius
2128 2470 2168 2524 ⁸.
2210 2472 2264 2522 In
2310 2470 2445 2525 Isaia
2478 2487 2712 2541 quoque.
2750 2474 2897 2525 velut
2918 2488 2982 2525 ex
3019 2488 3249 2541 persona
3285 2472 3400 2539 Dei,
3427 2475 3510 2527 di-

1928 2562 2071 2615 citur
2103 2579 2118 2616 :
2162 2560 2429 2616 Secretum
2458 2580 2625 2616 meum
2659 2564 2785 2627 mihi
2820 2566 2885 2616 ‘°.

2000 2736 2567 2807 Rursus,’preprium
2618 2736 2711 2790 Dei
2762 2753 2901 2807 opus
2944 2748 3302 2806 monstratur,
3366 2741 3507 2795 inter

1928 2845 2117 2900 preces
2147 2832 2387 2884 rere-lare
2415 2831 2692 2900 myswria.
2726 2829 2936 2883 Dicitur
2956 2831 3096 2883 enim
3126 2834 3330 2885 Danieli
3362 2850 3375 2885 :
3409 2834 3505 2885 Est

1930 2922 2065 2975 Deus
2098 2924 2149 2975 iu
2170 2920 2309 2975 casio
2343 2922 2571 2974 rereluns
2619 2922 2865 2989 mysteria
2898 2922 2964 2974 “.
2999 2920 3111 2973 lloc
3142 2930 3320 2975 autem
3358 2938 3500 2992 opus

1928 3018 2187 3081 probatur
2206 3013 2441 3080 Spiritus
2466 3014 2659 3067 sancti.
2686 3014 2775 3065 Ait
2798 3012 2943 3064 enim
2962 3014 3254 3081 Apostolus
3284 3030 3298 3065 :
3330 3013 3500 3068 Nobis

1934 3114 2109 3157 autem
2151 3106 2394 3158 reuelauit
2427 3106 2563 3157 Deus
2621 3121 2713 3173 per
2763 3102 3022 3173 Spiritum
3060 3116 3299 3158 sanctum
3330 3109 3391 3158 ".
3429 3110 3507 3163 Ac

1927 3198 2155 3252 iterum:
2182 3196 2409 3265 Spiritus
2433 3209 2600 3250 autem
2632 3198 2861 3265 loquitur
2878 3200 3123 3266 mysteria
3151 3198 3213 3250 “.
3232 3197 3498 3256 Prtetcna

1926 3288 1979 3340 in
2005 3288 2228 3349 Actibus
2273 3287 2469 3340 dieitur
2511 3302 2524 3337 :
2567 3285 2809 3338 Auunia.’
2853 3301 2947 3336 cur
2998 3289 3214 3339 tentavit
3266 3285 3498 3341 Salanus

1922 3395 2013 3431 cor
2046 3388 2193 3431 tuum
2246 3379 2456 3431 mentiri
2505 3388 2553 3430 te
2599 3376 2825 3444 Spiritui
2870 3386 3054 3429 sancto
3086 3378 3167 3429 “it
3196 3378 3503 3448 l’aucisqize

1924 3470 2246 3538 interiectis,
2290 3468 2415 3521 Non
2445 3484 2496 3520 es
2542 3468 2789 3520 mentitus
2819 3466 3135 3537 hominibus.
3165 3468 3256 3519 sed
3289 3466 3395 3520 Deo
3430 3470 3496 3521 ’⁵.

1929 3563 2098 3631 Igitur
2128 3561 2274 3616 Deus
2305 3571 2389 3616 est
2420 3561 2657 3628 Spiritus
2688 3569 2931 3614 sanctus.

1994 3822 2281 3892 Longioris
2330 3837 2493 3891 porro
2520 3837 2699 3890 opera:
2731 3821 2821 3883 sit.
2852 3822 3494 3890 quaerenuotestimonia

1924 3917 2208 3986 prol'erre‘;
2248 3915 2449 3983 quibus
2485 3913 2605 3965 l'tlti
2644 3929 2705 3966 ac
2748 3914 2984 3981 Spiritus
3031 3913 3213 3967 Deitas
3245 3924 3509 3983 compro-'

1924 4008 2113 4070 betur;
2150 4010 2295 4075 quod
2351 4021 2548 4069 nempe
2583 4005 2869 4058 amborum
2910 4022 3139 4074 persona
3185 4021 3307 4059 rere
3353 4009 3499 4059 exsi-

1923 4108 2073 4152 stens
2114 4099 2217 4151 sit:
2243 4114 2305 4151 ac
2335 4110 2564 4164 uterque
2595 4112 2753 4149 verus
2782 4099 3158 4164 perl'eetusque
3183 4095 3326 4151 Deus
3358 4098 3491 4151 sint.

1923 4189 2189 4257 Quodque
2231 4188 2283 4239 in
2329 4203 2497 4239 unum
2536 4200 2813 4241 auctorem
2849 4185 3084 4255 (Patrem
3132 4188 3366 4256 scilicet)
3412 4205 3495 4242 re-

1925 4283 2193 4344 ferantur,
2223 4295 2284 4334 ex
2319 4297 2425 4347 quo
2468 4283 2586 4333 sine
2625 4290 2865 4349 tempore
2892 4296 3009 4335 esse
3040 4282 3277 4346 habent;
3314 4298 3494 4351 exque

1921 4391 1988 4427 eo
2015 4375 2156 4442 quod
2186 4383 2287 4438 est,
2319 4375 2388 4425 sit
2413 4373 2559 4441 quod
2585 4382 2662 4425 est
2693 4388 2757 4424 ac
2792 4390 2914 4425 vere
2943 4374 3210 4426 exsislens
3240 4384 3353 4438 est;
3378 4390 3496 4427 ma-

1925 4465 2180 4520 nifestum
2223 4474 2327 4524 est.
2378 4465 2539 4516 etiam
2572 4462 2747 4517 Patris
2782 4479 3069 4531 personam
3107 4465 3158 4516 id
3188 4480 3309 4518 esse
3346 4469 3489 4531 quod

231 4566 417 4629 ὀΘεός
461 4568 582 4618 ἐστι
610 4567 742 4629 Θεὸς
767 4567 973 4636 ἀληθὴς
1007 4569 1101 4621 καὶ
1135 4569 1339 4630 τέλειος
1374 4572 1468 4621 xal
1499 4569 1815 4635 λογικὸςκαὶ

1929 4571 2023 4620 est,
2060 4575 2122 4613 ac
2152 4574 2275 4615 vero
2298 4561 2567 4614 essistens
2601 4570 2653 4612 et
2685 4562 2983 4625 perfectum
3024 4571 3106 4615 est
3139 4578 3153 4615 :
3186 4568 3333 4632 quod
3374 4581 3493 4619 om-

231 4656 344 4716 ζῶν
374 4674 389 4686 ·
428 4657 608 4717 ταῦτα
634 4658 693 4709 δέ
729 4660 879 4709 ἐστιν
909 4659 970 4722 ἐξ
1008 4660 1171 4711 αὑτοῦ
1195 4674 1210 4689 ’
1246 4664 1301 4711 ὲν
1336 4660 1390 4710 δὲ
1418 4660 1496 4728 τῷ
1521 4660 1640 4728 Θεῷ
1675 4677 1817 4729 συμ-

230 4750 478 4819 ϐεϐηκὸς
511 4750 611 4803 οὑκ
634 4750 751 4803 ἔστι
781 4766 795 4780 ⁸
831 4752 992 4820 δῆλον
1043 4751 1117 4815 ὡς
1147 4755 1238 4804 καὶ
1294 4753 1489 4815 ταῦτα,
1516 4755 1543 4805 6
1567 4754 1691 4816 Υἱὸς
1725 4754 1818 4805 καὶ

228 4841 291 4891 16
332 4841 593 4909 Πνεῦμα,
637 4840 981 4894 ὲνυπόστατά
1040 4844 1201 4896 εἰσιν.
1243 4842 1534 4912 Ἑκάτερον
1584 4845 1693 4913 γὰρ
1751 4845 1819 4895 δι’

226 4932 426 5001 ἐτέρου
455 4933 761 4985 δείκνυται.
812 4935 922 4985 Kal
975 4932 1149 4995 οὕτως
1214 4935 1365 4986 ἐστὶν
1421 4938 1448 4986 6
1493 4937 1625 4994 Θεὸς
1686 4935 1815 5004 τρία

229 5026 519 5090 πρόσωπα
547 5028 638 5077 καὶ
675 5026 772 5095 μία
803 5026 964 5080 οὐσία
994 5030 1086 5079 καὶ
1118 5026 1176 5079 ἓν
1208 5030 1461 5097 πρᾶίμα,
1489 5027 1565 5090 ὡς
1594 5030 1649 5081 αἱ
1685 5032 1814 5098 περὶ

225 5116 429 5168 τούτου
456 5117 805 5183 διδασκαλίαι
833 5118 935 5188 τῆς
960 5120 1111 5183 θείας
1140 5120 1366 5190 Γραφῆς
1394 5120 1609 5174 καὶτῶν
1641 5121 1813 5187 ἁγίων

288 5299 503 5355 ’Joan.
542 5318 592 5367 ν,
627 5303 717 5357 21.
822 5306 843 5337 ι
877 5302 1034 5358 Rom.
1083 5316 1198 5368 vtu,
1235 5304 1320 5357 ll.

228 5384 286 5431 ιι,
318 5372 411 5437 10,

230 5441 438 5496 "ibid.
465 5441 528 5494 4.

295 5603 417 5681 (ID)
466 5601 585 5681 Aul
627 5602 754 5681 τοῦ.
786 5602 1191 5681 ἐνςοικοῦντος.
1224 5601 1407 5681 νυιβ,
1468 5602 1554 5654 διὰ
1616 5601 1675 5653 16
1724 5602 1809 5681 έντ

136 5726 141 5731 ,
224 5671 439 5731 οικοῦν,
466 5674 698 5739 ipsaque
738 5671 949 5739 Latina,
976 5686 1189 5741 propter
1217 5671 1617 5735 iultabitmuem,
1654 5683 1711 5725 ut
1754 5680 1808 5723 et

230 5746 680 5809 tilirysostomus
731 5755 779 5797 et
838 5742 1162 5799 Tlieodoret.
1211 5748 1277 5798 At
1313 5746 1479 5799 codex
1516 5745 1664 5797 Ales.
1716 5744 1803 5794 διὰ

542 5318 592 5367 v,
627 5303 717 5357 2|.
822 5306 843 5337 ⁸
877 5302 1034 5358 Rom.
1083 5316 1198 5368 vtu,
1235 5304 1320 5357 ll.
1422 5302 1507 5356 ⁵11
1552 5303 1679 5356 Cor.
1738 5318 1810 5369 rt,
1865 5299 1953 5355 16.
2066 5299 2285 5353 ⁶Ιιονίῑ.
2334 5299 2480 5359 xxvi,
2514 5299 2599 5349 l2.
2713 5299 2733 5325 ⁷
2773 5299 2929 5349 ltom.
2966 5311 3085 5360 vm,
3116 5299 3169 5349 9.
3278 5299 3297 5329 ⁸
3327 5299 3484 5352 ICor.

506 5372 737 5430 ’Muttli.
763 5390 838 5440 xl,
865 5376 957 5428 27.
1034 5375 1075 5406 ⁸⁸
1109 5375 1213 5429 lsa.
1252 5375 1504 5438 nmio.
1584 5376 1623 5403 ¹¹
1659 5372 1793 5426 Dan.
1820 5387 1881 5438 ll,
1905 5370 2000 5425 28.
2075 5369 2118 5400 "
2155 5367 2320 5423 ltlor.
2350 5381 2411 5432 ιι,
2446 5365 2528 5420 l0.
2607 5365 2650 5397 “
2676 5362 2697 5418 ι
2720 5366 2845 5420 Cor.
2876 5367 3059 5430 uv,2.
3139 5366 3320 5422 “Act.
3346 5384 3396 5433 ν,
3432 5370 3484 5422 5.

1920 4652 2080 4704 nibus
2118 4666 2171 4703 ιιι
2215 4650 2469 4704 confesso
2508 4638 2612 4703 est.
2651 4651 2896 4717 Cumque
2946 4652 3082 4704 adeo
3133 4654 3290 4718 Deus,
3347 4654 3490 4709 Deus

1918 4759 2079 4798 verus
2108 4742 2181 4795 sit
2210 4754 2261 4796 et
2301 4741 2590 4809 perlectus,
2628 4749 2680 4792 et
2708 4743 2923 4794 ratione
2957 4741 3170 4810 titaque
3201 4746 3486 4811 praeditus;

1917 4837 2033 4889 hinc
2075 4844 2253 4886 autem
2301 4848 2364 4884 ex
2410 4831 2521 4885 Deo
2555 4833 2666 4884 sint
2726 4830 2922 4898 (3"le
2957 4832 3165 4885 scilicet
3194 4843 3486 4904 pcrsome),

1919 4941 2018 4981 nec
2049 4930 2101 4979 in
2149 4925 2254 4976 Ι)εο
2288 4923 2455 4976 ullum
2493 4922 2563 4975 sit
2613 4910 2886 4991 accidens
2919 4938 2933 4977 :
2964 4924 3315 4979 manifestum
3369 4941 3487 4993 est,

1920 5020 2035 5073 hinc
2063 5016 2226 5069 etiam
2254 5013 2472 5083 (Filium
2509 5014 2762 5066 nimirum
2792 5024 2843 5067 ct
2869 5014 3154 5088 Spiritum)
3195 5035 3316 5073 vere
3349 5025 3493 5075 εκεῖ-

1920 5113 2120 5169 stentia
2170 5125 2293 5165 esse
2346 5124 2410 5163 ac
2444 5108 2745 5163 subsistere
2782 5123 2796 5160 :
2827 5110 3099 5165 utrumvis
3146 5115 3290 5169 enim
3320 5116 3491 5169 altero

3278 5298 3297 5329 ⁸
3327 5299 3486 5352 ICor.

2066 5297 2087 5331 ⁸
2114 5296 2285 5353 Levit.
2334 5294 2480 5359 xxvi,
2514 5293 2599 5349 l2.
2713 5295 2733 5325 "
2773 5291 2929 5349 Rom.
2966 5311 3085 5360 vm,
3116 5295 3169 5349 9.

1917 5598 2013 5651 τοῦ
2049 5599 2411 5664 ἐνοικοῦντος,
2474 5602 2549 5655 uti
2606 5604 2828 5659 Calecas
2860 5620 2874 5656 :
2912 5602 3013 5655 Per
3074 5600 3478 5667 inhabitnutcm;

1917 5670 2246 5737 perindeque
2277 5670 2401 5742 Syr.
2432 5681 2485 5727 et
2514 5671 2786 5742 .Ethiop.,
2818 5689 2939 5742 qua:
2969 5682 3021 5725 et
3068 5672 3230 5725 lectio
3273 5676 3483 5727 videtur

1917 5739 2266 5794 praeferenda.

1912 5754 2266 5807 μέτιθι-θυοδ.
