4036 6262
304 385 406 452 521

1264 381 1363 442 DE
1404 377 1828 440 PRINCIPJIS
1866 375 2076 434 FiDEI
2115 371 2583 433 CATHOLICIE.

3421 357 3528 420 522

302 501 466 572 στολὴ
497 499 780 555 διάστασιν
811 496 912 551 οὐκ
961 495 1172 564 εἰσάγει
1204 494 1312 548 τῶν
1334 492 1500 564 τριῶν
1534 488 1861 560 προσώπων.

1990 500 2144 555 teque
2203 500 2232 537 a
2276 483 2482 554 Spiritu
2527 479 2784 534 mittitur.
2849 476 3018 531 Porro
3073 469 3262 527 missio
3323 469 3527 526 nullam

302 595 474 648 Ἔνθα.
500 593 612 662 γὰρ
635 593 664 646 ὁ
686 589 815 653 Υἱὸς
847 589 944 642 καὶ
975 590 1004 641 ὁ
1038 587 1229 658 Πατὴρ
1254 586 1351 639 καὶ
1369 585 1430 640 τὸ
1455 583 1681 651 Πνεῦμα
1702 584 1820 635 ἔστι
1848 593 1861 608 ·

1969 577 2282 633 distantiam
2306 575 2517 630 inducit
2545 579 2638 626 aut
2663 568 3059 648 separationem
3087 564 3248 620 trium
3274 577 3532 634 persona-

304 655 622 754 μᾶλλονδὲ,
650 680 772 733 οὐδὲ
801 679 930 734 ἔνθα
958 679 1138 746 λέγειν
1166 655 1314 740 είκός
1334 693 1348 708 ο
1383 673 1660 745 πανταχοῦ
1693 673 1803 742 γὰρ
1840 671 1869 724 ὁ

1990 684 2114 724 -um.
2128 667 2231 723 Ubi
2258 668 2408 722 enim
2434 664 2603 719 Filius
2622 670 2725 726 est,
2749 660 2820 715 ibi
2837 669 2917 714 est
2939 668 2991 714 et
3007 657 3166 712 Pater
3186 665 3242 712 et
3263 655 3495 725 Spiritus
3516 671 3532 719 ;

300 776 457 838 Θεός.
499 773 592 825 Διὸ
620 773 717 824 καὶ
745 773 774 824 ὁ
802 771 946 834 θεῖος
972 769 1357 840 Χρυσόστομος
1395 767 1604 837 εἴρηκε,
1669 783 1688 816 ι
1738 762 1873 826 Θεὸς

301 869 402 921 οὐκ
441 864 836 919 ἀποστέλλεται
857 863 970 933 (i5)
1005 879 1025 912 ι
1049 861 1187 914 καθὸ
1228 859 1362 921 Θεὸς
1410 856 1691 928 δηλονότι·
1735 852 1872 907 καθὸ

305 959 363 1014 δὲ
413 956 731 1028 πρόσωπον,
789 952 1202 1009 ἀποπάλλεται.
1271 951 1395 1012 Πῶς
1439 950 1549 1019 γὰρ
1605 947 1671 1000 ἂν
1719 944 1874 998 τοῦτο

305 1046 483 1114 εἶπεν,
531 1049 668 1100 ὅπου
696 1063 760 1117 γε
779 1045 942 1107 αὐτὸς
978 1045 1006 1098 ὁ
1028 1043 1232 1114 Κύριος
1255 1043 1403 1111 λέγει
1433 1041 1518 1094 ὃτι
1571 1039 1634 1094 τὸ
1648 1037 1876 1106 Πνεῦμα

307 1137 702 1192 ἀποστέλλεται
729 1152 746 1202 ;
778 1135 855 1189 Οὐ
895 1134 1180 1188 διάστασιν
1223 1128 1318 1188 οὖν
1371 1131 1619 1198 είσάγειυ
1669 1127 1761 1180 διὰ
1816 1126 1873 1178 δὲ

307 1229 410 1300 τὴν
430 1228 710 1298 ἀγνωσίαν
742 1227 839 1281 καὶ
866 1223 1178 1294 σκοτασμὸν
1215 1224 1327 1277 τῶν
1362 1212 1654 1294 ἦμετέρων
1686 1217 1875 1288 ψυχῶν

307 1313 541 1389 λέγομεν
575 1319 659 1372 ὅτι
699 1320 728 1372 ὁ
769 1317 903 1382 Θεὸς
925 1318 1084 1388 ἡμῶν
1115 1315 1349 1386 ἀπέστη.
1390 1314 1560 1366 Ὅταν
1586 1311 1643 1366 δὲ
1677 1312 1736 1364 ὲν
1757 1311 1878 1374 ταῖς

1971 758 2214 829 quinimo
2253 771 2352 810 nec
2381 764 2502 826 apte
2553 753 2763 807 dicatur
2808 751 2920 814 ibi;
2966 764 3090 803 nam
3134 749 3279 801 Deus
3333 745 3538 814 ubique

1973 861 2075 907 est.
2101 848 2465 916 Quamobrem
2501 847 2663 901 etiam
2689 843 2828 900 dixit
2873 842 3034 896 divus
3080 839 3536 908 Chrysostomus:

1976 941 2116 996 Deus
2175 957 2277 994 non
2329 939 2604 1005 mittitur,
2665 950 2728 990 ea
2795 933 3006 988 scilicet
3051 929 3262 984 ratione
3303 943 3408 998 qua
3455 936 3541 983 est

1979 1033 2156 1098 Deus;
2185 1047 2291 1101 qua
2322 1045 2451 1084 vero
2481 1027 2695 1082 ratione
2712 1039 2948 1096 persona
2987 1033 3092 1086 est,
3120 1021 3374 1075 mittitur.
3401 1018 3542 1086 Quo-

1980 1126 2138 1179 modo
2171 1108 2316 1178 enim
2349 1121 2433 1176 vir
2468 1121 2662 1174 beatus
2688 1117 2770 1172 sic
2814 1122 3089 1186 negasset,
3118 1129 3244 1168 cum
3277 1112 3394 1181 ipse
3442 1112 3542 1166 Do-

1981 1217 2164 1272 minus
2193 1216 2341 1270 dicat
2375 1214 2518 1268 mitti
2575 1209 2876 1283 Spiritum?
2919 1208 3037 1263 Non
3066 1221 3199 1277 ergo
3231 1203 3543 1261 distantiam

1977 1315 2073 1362 aut
2118 1305 2515 1374 separationem
2573 1302 2824 1368 inducit;
2897 1308 3117 1372 propter
3179 1294 3542 1366 ignorantiam

311 1410 568 1480 καρδίαις
595 1409 754 1478 ἡμῶν
787 1407 1049 1482 ἀνατείλῃ
1077 1406 1138 1459 τὸ
1176 1405 1290 1476 φῶς
1329 1405 1427 1474 τῆς
1471 1403 1724 1471 γνώσεως
1787 1401 1881 1454 καὶ

1990 1412 2130 1462 vero,
2191 1397 2538 1466 oll‘usamque
2615 1394 2888 1449 mentibus
2944 1391 3152 1448 nostris
3205 1388 3492 1460 caliginem
3529 1425 3543 1450 ,

308 1501 407 1568 τῆς
435 1499 695 1570 ἀληθείας
727 1500 747 1570 (
784 1500 879 1552 καὶ
908 1498 1017 1567 γὰρ
1051 1497 1148 1551 καὶ
1176 1497 1266 1550 διὰ
1292 1494 1453 1548 τοῦτο
1506 1492 1622 1562 φῶς
1679 1494 1706 1546 ὁ
1748 1491 1882 1554 Θεὸς

310 1589 575 1661 λέγεται),
623 1588 806 1660 φαμὲν
833 1589 916 1642 ὄτι
947 1587 1144 1680 ύ.Θεὸς
1166 1588 1302 1657 ἡμῖν
1332 1585 1670 1655 ἐπεδήμησε.

378 1853 520 1925 Φησὶ
544 1853 600 1908 δὲ
630 1853 780 1907 καὶὸ
814 1851 1075 1919 Θεολὸγος
1140 1851 1442 1921 Γρηγόριος
1497 1849 1632 1919 (Η),
1695 1867 1713 1900 ι
1767 1847 1878 1916 Τὴν

309 1945 567 2001 εὐδοκίαν
621 1945 716 2000 τοῦ
743 1945 958 2015 Πατρὸς
984 1943 1291 2014 ἀποστολὴν
1322 1941 1463 1995 εἶναι
1487 1941 1708 2012 νόμισον
1727 1955 1741 1971 ·
1792 1942 1879 2010 ἐφ’

307 2036 366 2088 δν
405 2037 675 2106 ἀναφέρει
727 2035 795 2088 τὰ
829 2032 1051 2098 ἑαυτοῦ,
1082 2035 1176 2087 καὶ
1215 2031 1290 2095 ὠς
1312 2032 1486 2103 ἀρχὴν
1514 2030 1692 2100 τιμῶν
1711 2031 1880 2102 ἄχρο-

307 2143 429 2192 νον,
459 2127 554 2181 καὶ
587 2125 683 2180 τοῦ
720 2125 798 2198 μὴ
827 2125 1004 2179 δοκεῖν
1034 2120 1175 2178 εἶναι
1199 2124 1468 2186 ἀντίθεος.
1503 2141 1522 2173 ι
1561 2121 1668 2176 Καὶ
1718 2122 1882 2178 πάλιν

305 2223 366 2275 ἐν
397 2220 480 2291 τῷ
510 2219 640 2293 περὶ
671 2219 766 2273 τοῦ
799 2219 958 2288 ἁγίου
985 2217 1300 2286 Πνεύματος
1328 2216 1471 2284 λόγῳ
1499 2216 1634 2287 (i5),
1681 2234 1699 2267 ι
1744 2216 1885 2269 Ὅσα

304 2315 363 2368 δὲ
398 2313 693 2368 κάνταῦθα
720 2311 1113 2378 ταπεινότερον
1143 2308 1383 2377 λέγεται,
1420 2307 1482 2360 τὸ
1531 2307 1790 2373 δίδοσθαι,
1824 2308 1884 2360 τὸ

305 2405 773 2470 ἀποστέλλεσθαι,
806 2404 868 2457 τὸ
895 2401 1240 2473 μερίζεσθαι,
1282 2392 1342 2455 τὸ
1371 2401 1642 2471 χάρισμα,
1689 2400 1751 2453 τὸ
1779 2398 1884 2452 δὼ-

316 2516 498 2569 ρημα,
527 2496 588 2562 τὸ
611 2495 938 2566 ἐμφύσημα,
965 2496 999 2564 ἡ
1028 2492 1355 2560 ἐπαγγελία,
1413 2494 1448 2561 ἡ
1471 2490 1884 2562 ὑπερέντευξις,

313 2591 368 2643 ετ
386 2589 451 2642 τέ
469 2605 528 2642 τι
557 2587 818 2653 τοιοῦτον,
852 2587 948 2640 ἐπὶ
973 2585 1070 2653 τὴν
1088 2585 1312 2656 πρώτην
1334 2585 1514 2638 αἰτίαν
1544 2585 1883 2650 ἀνενεκτέον,

311 2681 400 2735 ἴνα
424 2680 494 2733 τὸ
523 2679 586 2745 ἐξ
615 2673 678 2733 οὖ
708 2678 922 2748 δειχθῇ,
944 2681 1039 2730 καὶ
1071 2675 1146 2746 μὴ
1169 2679 1319 2746 τρεῖς
1351 2676 1518 2748 ἁρχαὶ
1544 2676 1883 2747 μεμερισμὲ-

313 2788 404 2826 va:
435 2770 720 2831 πολυθέως
752 2767 1192 2839 παραδεχθῶσιν.
1231 2785 1250 2819 s

396 2946 547 3001 Ὁδὲ
601 2944 728 3008 Υἱὸς
759 2943 978 3012 λέγεται
1004 2943 1266 3005 αίτιατὸς,
1298 2944 1581 3013 γεννητὸς,
1623 2944 1888 3016 γέννημα.

1982 1489 2150 1544 Deum
2179 1489 2332 1544 nobis
2353 1489 2542 1544 abesse
2559 1488 2814 1542 dicimus.
2853 1485 2990 1544 Cum
3021 1499 3152 1540 vero
3179 1481 3268 1537 lus
3304 1481 3548 1554 scientiae

1986 1595 2048 1634 ac
2077 1581 2322 1635 veritatis
2350 1581 2608 1635 cordibus
2641 1579 2850 1634 nostris
2889 1576 3157 1632 aﬂ‘ulserit
3188 1575 3336 1643 (nam
3378 1582 3433 1626 et
3483 1585 3548 1625 ea

1985 1673 2124 1726 ratio
2150 1681 2236 1727 est
2262 1688 2360 1727 cur
2397 1671 2540 1727 Deus
2571 1672 2666 1726 lux
2699 1670 2953 1738 vocetur)
2992 1668 3162 1724 Deum
3203 1666 3358 1720 nobis
3388 1665 3552 1719 adve-

1909 1773 1953 1828 Β
1986 1764 2135 1819 nisse
2161 1779 2224 1817 ac
2250 1763 2590 1834 praesentiam
2618 1762 2934 1816 exhibuisse
2967 1760 3227 1814 dicimus.

2055 1856 2145 1910 Ait.
2167 1871 2300 1910 vero
2335 1855 2498 1910 etiam
2532 1855 2822 1924 Gregorius
2854 1852 3209 1922 Theologus:
3244 1849 3551 1904 Missionem

1985 1947 2167 2002 Patris
2204 1947 2324 2016 (seu
2355 1947 2497 2017 quod
2537 1946 2772 2013 miserit)
2811 1959 3127 2014 propensam
3161 1943 3278 2011 ejus
3309 1941 3554 1994 volunta-

1985 2049 2087 2093 tem
2114 2040 2399 2101 existima;
2444 2039 2513 2091 ad
2565 2054 2717 2107 quem
2752 2037 2911 2105 refert
2951 2050 3069 2104 quia
3126 2051 3224 2088 sua
3254 2044 3399 2098 sunt,
3439 2042 3550 2086 tum

1983 2131 2230 2186 honorem
2252 2129 2443 2183 habens
2471 2139 2724 2198 tanquam
2756 2129 3017 2196 principio
3051 2128 3298 2194 temporis
3329 2126 3550 2192 experti.

1984 2231 2096 2274 tum
2127 2237 2190 2274 ne
2216 2219 2326 2274 Deo
2355 2219 2627 2275 aduersari
2680 2219 2940 2273 uideatur.
2970 2220 3046 2272 Ac
3077 2233 3270 2272 rursus
3327 2218 3379 2271 in
3412 2216 3554 2272 Ora-

1987 2312 2125 2365 tione
2157 2311 2219 2364 de
2252 2309 2459 2376 Spiritu
2513 2319 2692 2365 sancto
2722 2325 2740 2368 .'
2784 2309 2989 2364 Cuncta
3033 2325 3152 2363 vero
3183 2325 3300 2378 qua:
3330 2308 3414 2362 hic
3448 2308 3552 2361 Itu-

1984 2401 2164 2454 milius
2189 2399 2439 2454 dicuntur
2469 2415 2486 2453 :
2521 2403 2658 2469 quod
2694 2415 2874 2468 nempe
2904 2399 3077 2462 detur,
3121 2399 3259 2466 quod
3289 2398 3554 2458 mittatur,

1986 2495 2124 2563 quod
2171 2493 2548 2557 distribuatur,
2581 2493 2802 2562 'gratia,
2856 2492 3074 2557 donum,
3099 2491 3406 2562 insuﬂlntio,
3432 2506 3558 2558 pro-

1987 2586 2190 2647 missio,
2223 2583 2597 2654 interpellatio,
2631 2600 2692 2636 ac
2721 2585 2768 2636 si
2791 2584 2918 2652 quid
2947 2583 3061 2651 ejus
3091 2585 3294 2653 generis
3329 2592 3406 2636 est
3433 2599 3452 2634 :
3487 2583 3557 2634 ad

1991 2686 2259 2730 auctorem
2286 2678 2512 2744 primum
2535 2676 2803 2746 referenda
2834 2686 2974 2739 sunt,
3017 2685 3074 2728 ut
3107 2677 3243 2728 unde
3279 2677 3349 2746 sit
3378 2684 3557 2728 osten-

1990 2771 2171 2833 datur,
2214 2785 2305 2822 nec
2333 2766 2619 2821 multorum
2680 2765 2907 2820 Deorum
2943 2783 3120 2820 errore
3155 2767 3258 2820 tria
3296 2766 3558 2835 principia

1990 2860 2163 2915 diuisa
2191 2860 2571 2913 admittuntur.
2718 2857 2723 2864 ’

2062 2950 2236 3007 Filius
2289 2960 2467 3006 autem
2521 2951 2855 3020 nominatur,
2919 2952 3011 3022 qui
3057 2954 3124 3025 ab
3181 2960 3403 3006 auctore
3451 2961 3556 3008 est.

327 3037 390 3091 Ὃ
417 3037 540 3106 γὰρ
571 3036 733 3096 αὐτός
765 3050 931 3102 φησιν
963 3031 1100 3102 (i6),
1159 3051 1176 3083 ι
1216 3029 1435 3086 Τούτων
1459 3035 1516 3086 δὲ
1549 3034 1610 3087 τὸ
1635 3035 1734 3104 μὲν
1768 3038 1888 3103 γέν-

1995 3043 2228 3114 genitus,
2264 3044 2499 3098 soboles.
2551 3045 2641 3099 Ait
2693 3045 2837 3099 enim
2898 3045 3036 3100 idem
3068 3064 3081 3098 :
3116 3044 3322 3098 [lorum
3357 3051 3555 3108 autem,

318 3147 499 3202 νημα,
541 3125 603 3180 τὸ
646 3127 702 3179 δὲ
735 3125 1050 3196 πρόϐλημα.
1118 3141 1136 3174 ι
1181 3120 1507 3192 Μονογενὴς,
1565 3124 1730 3194 ἀρχή.
1779 3126 1888 3180 Καὶ

1992 3111 2131 3178 alter
2180 3127 2405 3192 soboles,
2457 3132 2592 3184 alter
2617 3132 2900 3199 processio.
2950 3129 3293 3201 Unigenitus,
3348 3133 3554 3201 princi-

310 3224 424 3292 γὰρ
456 3221 490 3272 ὁ
522 3219 706 3281 αὐτὸς,
762 3235 782 3268 ι
832 3215 896 3270 Ἥ
919 3217 984 3268 ἐκ
1016 3214 1117 3284 τῆς
1159 3214 1336 3284 ἀρχῆς
1371 3215 1514 3285 ἀρχή
1553 3215 1690 3287 (i7).
1731 3234 1751 3267 ›
1797 3217 1891 3269 Σο-

307 3315 429 3382 φία,
465 3311 667 3378 Λόγος,
703 3307 945 3377 Δύναμις
975 3305 1069 3359 τοῦ
1113 3306 1350 3376 Πατρὸς,
1401 3305 1589 3373 εἰκὼν,
1643 3309 1890 3377 ἀπαύγα-

305 3423 445 3474 σμα,
482 3402 803 3469 Χαρακτὴρ
836 3396 946 3466 τῆς
980 3397 1374 3463 ὑποστάσεως
1395 3398 1604 3460 αὐτοῦ,
1656 3400 1688 3468 ἡ
1738 3399 1890 3461 ζῶσα

305 3495 405 3547 καὶ
438 3489 717 3558 οὖσιὼδης
744 3488 992 3558 ἐνέργεια
1039 3486 1228 3552 αὐτοῦ,
1278 3487 1494 3558 θέλησις
1533 3489 1723 3542 αὐτοῦ.
1781 3491 1915 3544 Καὶ·

307 3587 426 3654 γάρ
465 3598 642 3653 φησιν
669 3581 697 3632 ὁ
726 3576 1091 3648 Δαμασκηνὸς
1116 3576 1175 3629 ὲν
1206 3577 1317 3640 τοῖς
1366 3575 1695 3646 θεολογικοίς
1719 3580 1888 3634 αὐτοῦ

288 3746 293 3751 “
388 3735 436 3806 (1
449 3739 511 3807 3)
546 3737 695 3805 Θεὸς
727 3740 841 3794 οὐκ
867 3735 1330 3793 ἀποστέλλεται.
1361 3735 1594 3807 Sumpta
1627 3737 1892 3792 sententia

309 3805 612 3862 exilem.
658 3807 1032 3879 Chrysostomi
1089 3809 1311 3879 nomine
1343 3808 1410 3879 tle
1455 3805 1661 3879 Spiritu
1702 3819 1890 3879 sancto

313 3879 507 3952 pacari
569 3885 610 3928 ι.
644 3873 830 3952 Vl,__in_
886 3890 1011 3952 eum
1057 3875 1250 3952 ab_e9__
1281 3873 1499 3944 rejecta,
1549 3875 1629 3952 _uti
1679 3877 1888 3952 spuria.

285 3948 390 4001 -Ac
427 3943 602 4000 ‘certe
650 3941 783 4002 nihil
820 3948 984 4000 habet
1033 3944 1144 3998 veri
1191 3941 1585 4014 Chrysostomi,
1636 3941 1734 4014 etsi
1770 3944 1890 4012 ejus

306 4018 556 4070 nomine
610 4017 797 4081 citant,
847 4017 940 4085 qui
998 4015 1065 4067 de
1105 4013 1556 4085 ‘Spiritusancto
1623 4013 1887 4085 polemica

308 4089 692 4155 scripserunt,
726 4081 1060 4141 recentiores
1093 4081 1473 4155 Graaci._Quod
1505 4084 1729 4155 exponit
1759 4083 1885 4155 Δ(Σει-

306 4152 470 4210 Ιεεείε
507 4174 523 4208 :
563 4152 685 4208 Non
716 4157 856 4211 mitti
889 4155 1150 4224 Spiritum
1191 4161 1248 4206 ut
1283 4152 1475 4217 Deum,
1506 4154 1598 4206 sed
1634 4153 1775 4224 mitti
1816 4161 1884 4224 ut

307 4238 666 4295 personam;
701 4235 759 4279 ut
783 4221 984 4280 scilicet
1015 4221 1174 4277 talem
1212 4236 1496 4295 personam
1529 4236 1650 4290 qua:
1688 4223 1756 4276 ab
1778 4223 1882 4277 alia

307 4292 616 4363 procedat,
666 4309 731 4348 ac
776 4297 830 4348 vi
885 4295 1036 4364 cujus
1085 4292 1472 4364 processionis,
1535 4295 1884 4346 connotando

303 4365 962 4434 eﬁ‘ectumtemporalem
995 4363 1208 4434 dicatur
1232 4363 1395 4427 mitti,
1420 4377 1542 4434 quae
1573 4373 1886 4416 nostrorum

1989 3219 2160 3286 pium.
2223 3219 2357 3274 Nam
2417 3223 2493 3276 ait
2549 3224 2688 3277 idem
2723 3241 2738 3278 :
2772 3223 3103 3296 Principium
3153 3242 3217 3280 ea:
3274 3217 3551 3295 principio.

1991 3309 2287 3380 Sapientia,
2311 3314 2569 3381 Verbum,
2608 3317 2854 3372 Potentia
2888 3319 3084 3385 Patris,
3121 3319 3322 3388 Imago,
3356 3319 3558 3387 Splen-

1988 3403 2108 3458 dor.
2155 3403 2359 3474 Figura
2406 3407 2716 3461 substantiaz
2743 3413 2876 3478 ejus,
2931 3411 3047 3465 viva
3082 3425 3148 3465 ac
3181 3413 3557 3466 substantialis

1987 3496 2109 3562 ejus
2143 3497 2405 3564 Operatio,
2447 3498 2563 3564 ejus
2593 3499 2860 3554 voluntas.
2909 3501 3122 3556 Etenim
3155 3503 3233 3556 ait
3267 3502 3553 3558 Damasce-

1988 3601 2091 3642 nus
2120 3585 2177 3642 in
2209 3587 2529 3657 theologicis
2558 3595 2672 3645 suis
2700 3593 2970 3661 capitibus
2997 3611 3011 3647 :
3044 3592 3130 3647 Ne
3152 3595 3329 3648 multis
3354 3596 3548 3663 dicam,

1997 3740 2276 3820 Spiritus?
2310 3746 2441 3820 Alia
2460 3747 2614 3803 mitto
2641 3762 2796 3820 aeque
2834 3745 3050 3820 frivola,
3090 3758 3144 3804 et
3174 3765 3203 3803 a
3231 3746 3343 3801 veri
3375 3747 3560 3820 Chry-

1995 3817 2224 3887 s_ostomi
2269 3832 2405 3887 vena
2431 3818 2588 3887 longe
2617 3818 2972 3871 alienissima.
3007 3817 3210 3874 Beccus
3250 3817 3558 3882 patriarcha

1992 3881 2634 3956 Constantinopolitaims
2693 3902 2797 3942 non
2847 3888 3047 3956 excipit
3101 3889 3218 3956 ejus
3256 3881 3559 3942 anetorita-

1994 3959 2122 4017 tem,
2163 3959 2256 4008 sed
2312 3955 2523 4011 trahere
2573 3959 2763 4012 nititur
2815 3958 2867 4010 in
2924 3955 3141 4011 bonum
3184 3972 3426 4018 sensum,
3482 3959 3560 4012 De

1991 4023 2183 4077 unione
2211 4023 2436 4090 Eccles.,
2462 4036 2600 4080 orat.
2629 4027 2680 4091 1,
2718 4038 2848 4080 ιοηι.
2878 4025 2895 4078 Ι
2938 4025 3156 4081 σνιιτὲιε
3188 4028 3322 4081 orth.
3360 4025 3558 4083 Leonis

1989 4093 2194 4149 Allatii.
2231 4095 2351 4164 lpse
2385 4108 2564 4151 tamen
2621 4112 2651 4152 a
2705 4099 2882 4167 prima
2937 4097 3212 4152 solutione
3273 4110 3378 4150 non
3437 4113 3556 4152 mo-

1993 4177 2142 4218 VBOI‘.

2066 4233 2177 4304 (14)
2207 4234 2358 4292 Orat.
2393 4240 2484 4294 28.

2065 4306 2176 4375 (15)
2201 4305 2350 4364 Orat.
2385 4311 2475 4364 '57.

2063 4375 2175 4444 (ιθ)
2205 4375 2356 4444 Orat.
2391 4380 2480 4434 35.

301 4435 506 4489 lucida
574 4432 866 4515 theologia
903 4443 1004 4514 est2
1049 4432 1278 4524 lie‘nigna
1319 4432 1584 4511 expositio
1629 4440 1733 4524 est:
1787 4447 1884 4500 pro

2054 4432 2378 4524 _tZl?)__'_l_i_éx
2400 4432 2520 4519 τῆς
2551 4454 2743 4524 ἀρχῆς
2771 4451 2946 4522 ἀρχή.
2981 4451 3134 4524 Orat.
3166 4451 3257 4516 55,
3290 4451 3436 4524 inter
3460 4468 3559 4505 no-

304 4505 642 4558 reverentia
713 4499 1006 4558 existimati
1063 4499 1462 4568 Chrysostomi,
1527 4516 1595 4556 ne
1642 4499 1890 4555 videatur

303 4589 532 4643 negare
574 4575 716 4640 quod
771 4576 850 4628 sic
877 4571 1081 4642 apertis
1113 4570 1292 4624 verbis
1316 4570 1692 4643 ipsetestatnr
1724 4569 1890 4625 Filius

304 4640 439 4698 Dei.
484 4641 690 4695 Verum
719 4643 806 4696 ille
855 4640 1015 4696 aliam
1053 4653 1272 4693 onmem
1303 4640 1642 4705 missionem,
1673 4651 1892 4708 praeter-

300 4730 488 4783 quam
551 4718 864 4774 donorum,
917 4713 1210 4783 excludit:
1271 4711 1617 4783 crassiusque
1657 4712 1892 4783 _mitte_re

301 4779 666 4852 quemquam
701 4793 882 4851 negat,
917 4783 1018 4834 nisi
1067 4781 1156 4833 ubi
1189 4794 1297 4832 non
1328 4779 1398 4832 sit
1433 4781 1549 4847 ipse
1579 4779 1670 4846 qui
1708 4780 1889 4852 mittit,

301 4849 460 4922 quod
509 4849 672 4904 eerte
719 4849 1032 4906 in'divinas
1079 4863 1361 4922 personas,
1415 4864 1645 4922 quarum
1698 4865 1804 4922 una
1839 4849 1895 4902 in

300 4918 413 4976 alia
457 4925 568 4983 sit,
604 4931 656 4974 et
686 4936 805 4988 qua:
848 4937 947 4976 sua
990 4921 1356 4972 innnensitate
1386 4918 1569 4972 omnia
1614 4919 1896 4987 impleant,

303 5010 422 5046 non
464 4992 651 5044 cadit.
687 4995 790 5046 Sed
829 4995 974 5045 bene
1007 4990 1250 5051 Calecas,
1291 5004 1398 5041 non
1436 4988 1731 5055 importare
1767 4990 1897 5040 mis-

303 5064 541 5117 sionem
590 5061 881 5130 διάστασιν
915 5059 1361 5130 (disjunctionem'
1389 5075 1450 5110 ac
1489 5060 1896 5125 separationem)

193 5173 204 5184 .
303 5140 550 5186 asserit.
585 5127 790 5200 Nempe
834 5127 1088 5198 imponat
1117 5129 1366 5182 allectum
1415 5131 1740 5200 peculiarem
1771 5143 1897 5196 pro-

305 5218 504 5270 prtum
547 5203 674 5265 Dei,
710 5211 918 5255 ratione
956 5201 1362 5270 cujuspcrsonu
1405 5199 1899 5270 pt'ocedet§,_novo

301 5265 486 5326 inodo
531 5272 595 5324 in
639 5273 820 5338 aliquo
858 5286 981 5324 esse
1022 5265 1236 5338 incipit.
1292 5266 1382 5321 Sic
1410 5265 1465 5321 et
1511 5276 1619 5320 tota
1646 5265 1900 5320 .Trinitas

305 5345 513 5396 venire
550 5336 756 5394 dicttur
787 5343 839 5392 in
879 5342 1087 5408 justis:
1143 5336 1224 5389 Ad
1278 5353 1395 5389 eum
1438 5340 1720 5400 reniemus,
1766 5346 1898 5398 etc.,

303 5413 536 5466 idcirco
577 5413 728 5478 quod
759 5410 936 5474 l’ater,
966 5411 1057 5477 qui
1091 5424 1195 5460 nun
1222 5410 1488 5474 procedit,
1530 5422 1672 5478 novo
1701 5417 1754 5460 et
1786 5409 1903 5476 ipse

303 5484 484 5536 modo
535 5475 617 5533 inv
640 5483 717 5533 eis
761 5495 858 5548 per
889 5475 1276 5548 ειύὶιαε-ιίοηθ,
1309 5493 1431 5531 esse
1469 5475 1678 5544 incipit.
1729 5475 1904 5544 Spiri-

303 5567 425 5606 tum
466 5551 610 5605 Filii
656 5561 710 5603 et
737 5546 938 5602 (inrisit
982 5558 1035 5601 et
1064 5546 1336 5610 Veritatis,
1373 5553 1516 5615 quod
1565 5559 1783 5614 exponit
1819 5562 1904 5598 ra-

302 5626 470 5678 tione
500 5625 787 5676 duntaxat
817 5621 1172 5673 comtcxionis
1203 5619 1558 5685 ejusdemque
1586 5617 1902 5676 Deitatmc

341 5697 623 5754 utentia,
650 5692 906 5758 il’l‘igidus
938 5695 1218 5756 theologus
1274 5696 1373 5740 est.
1418 5690 1616 5758 Quidni
1659 5689 1906 5758 θιιίῖιιθεί

325 5764 498 5824 illius
533 5771 599 5815 et
631 5755 883 5814 Christus
917 5772 968 5812 et
1013 5755 1229 5816 veritas.
1256 5758 1475 5825 ipSeque
1529 5755 1683 5810 l’ater
1709 5757 1906 5809 dicitur

679 5864 942 5921 ΡΑτιιυι..
969 5865 1082 5918 (in.
1116 5857 1292 5918 CLII.

1994 4518 2141 4589 mina
2180 4515 2327 4589 Filii,
2379 4515 2512 4589 quia
2539 4515 2663 4589 cj'u's'
2691 4515 2971 4577 ‘deiiaiein
3013 4515 3335 4576 insinuent:
3390 4521 3447 4574 '0
3505 4524 3561 4572 ἐν

1993 4588 2159 4664 ἐιρκῇρ
2212 4587 2262 4664 δα
2300 4587 2438 4664 μετᾶ
2482 4587 2583 4664 τῆξ
2639 4597 2832 4664 ἀρχῆς,
2885 4595 2915 4664 ἡ
2963 4591 3129 4664 ἐιρκή-
3167 4589 3240 4664 Εἷς
3292 4606 3404 4664 ιιιιο
3444 4591 3561 4644 ¹οείυ

1996 4656 2180 4741 iprsa'n
2212 4655 2447 4736 _Calecas
2481 4655 2744 4741 habuerit:
2769 4655 2917 4741 quod
2961 4655 3274 4741 ἱξξὶίιίεξιυιίῑ-
3310 4655 3563 4741 Ὁμιῃίιιιεε

1996 4728 2292 4797 Gregorius
2344 4734 2732 4797 percensendis
2788 4728 2911 4784 Filii
2969 4728 3168 4782 divinis
3224 4728 3558 4787 nmninibtts.

1997 4811 2104 4870 qua
2136 4794 2281 4850 Patri
2315 4794 2684 4869 comparatur,
2713 4802 2815 4870 τῆς
2845 4799 3016 4868 ἀρχῆς
3053 4799 3381 4863 meminerit,
3416 4799 3560 4852 haud

1997 4867 2231 4946 obscure
2253 4867 2518 4946 etiam—in
2543 4873 2746 4926 divinis
2772 4867 2895 4946 hoc
2916 4867 2990 4921 illi
3021 4883 3218 4946 nomen
3253 4879 3564 4946 competere

2001 4937 2324 5008 insinuavit;
2352 4953 2580 5008 esseque
2605 4957 2729 4994 vere
2755 4948 2808 4994 et
2841 4940 3016 5008 ipsum
3045 4937 3221 5007 ἀρχὴν
3273 4946 3326 4991 ει
3357 4938 3562 5002 αἷτιονὶ

2000 5005 2095 5057 sed
2120 5018 2226 5084 non
2253 5005 2505 5084 primum,
2533 5020 2626 5063 aut
2653 5027 2680 5062 a
2711 5005 2879 5084 Patre
2909 5005 3241 5084 seiunctum,
3264 5011 3358 5062 sed
3391 5024 3559 5084 unum

2001 5090 2150 5148 cum
2185 5076 2304 5142 ipso
2357 5075 2592 5146 Spiritus
2648 5075 3010 5148 principium:
3050 5079 3152 5130 etsi
3191 5091 3346 5148 Aunus
3402 5076 3561 5131 Pater

2003 5145 2251 5200 absolute
2279 5147 2470 5211 αἴτιος,
2503 5145 2664 5202 causa
2707 5160 2757 5202 et
2787 5145 2990 5212 auctor,
3021 5155 3135 5200 tum
3177 5145 3380 5202 Graecis
3412 5148 3561 5208 aliis,

2004 5226 2114 5268 tum
2139 5217 2254 5296 ipsi
2278 5216 2542 5296 Gregorio
2565 5221 2796 5283 dicatur,
2829 5218 2975 5288 quod
3004 5232 3068 5270 ea
3103 5233 3224 5286 qua:
3250 5226 3378 5296 sunt
3409 5215 3561 5275 Filii,

2003 5286 2186 5358 pninia
2244 5287 2296 5340 in
2352 5287 2528 5355 ipsum
2579 5286 3195 5358 tauquanrauctorenr
3231 5286 3560 5358 r_e_leran_tu_r.

2003 5354 2182 5409 Locus
2203 5371 2264 5409 ex
2298 5354 2406 5425 quo
2432 5361 2642 5428 probat,
2674 5354 2755 5414 est
2781 5359 2886 5413 lsa.
2919 5358 3085 5428 th,_'._’i
3109 5372 3126 5428 ξ
3154 5355 3351 5428 Καλῶν
3388 5354 3565 5428 αὐτὴν

2003 5430 2112 5498 ait;
2146 5422 2348 5492 γενεῶν
2392 5422 2578 5498 κᾷρχήν
2610 5445 2625 5459 ο
2673 5432 2759 5484 ubi
2809 5439 2990 5482 tamen
3027 5425 3185 5492 Vulg.
3223 5422 3421 5498 Graeca
3464 5424 3569 5498 ap-

2126 5490 2357 5550 habent:
2390 5490 2593 5552 vocans
2619 5516 2651 5551 a
2677 5490 3356 5569 generationumetrordio;
3381 5490 3564 5560 Vqlg.:

2018 5563 2217 5619 Vocans
2243 5571 2597 5633 generationes
2629 5563 2697 5621 ab
2738 5568 2988 5628 exordio;
3044 5563 3134 5616 ubi
3180 5575 3358 5633 sermo
3389 5571 3473 5614 est
3504 5570 3570 5612 de

2003 5631 2331 5705 justitia,_ut
2365 5638 2515 5691 locus
2571 5640 2658 5695 hic
2704 5642 2770 5693 ad
2815 5634 3056 5704 Gregorii
3111 5631 3423 5685 institutum
3457 5647 3566 5684 non

2009 5707 2302 5761 admodum
2337 5719 2543 5777 urgeat.

3143 5841 3208 5897 l7
