4036 6262
293 387 405 452 523'

1285 386 1385 450 DE
1429 385 1853 449 PRINCIPIIS
1891 380 2102 444 FlDEI
2160 383 2621 446 ΕΑΤΙΙΟΙᾸἘᾹΞ.

3377 433 3380 436 .
3439 372 3539 450 £226

287 509 438 563 ’Νοῦν
488 508 586 562 καὶ
634 508 807 578 Λόγον
865 508 1156 578 ὑπάρχειν.
1215 508 1278 560 Ei
1331 507 1440 578 γὰρ
1500 506 1605 575 πρὸ
1647 506 1866 559 πάντων

1988 504 2096 556 vidit
2123 502 2336 558 Patrem
2360 506 2401 536 "
2422 543 2436 567 ,
2482 503 2586 560 hoc
2612 515 2716 568 est,
2754 505 2854 572 Qui
2885 520 3007 560 eum
3053 489 3342 572 ittielicxit,
3380 510 3542 563 intel—

299 599 516 653 αἰώνων
543 601 610 652 ὲκ
638 599 734 653 τοῦ
758 601 998 670 Πατρὸς,
1030 601 1122 653 καὶ
1172 599 1256 652 ὅτι
1300 599 1357 653 '0
1401 598 1662 669 ἑωρακὼς
1711 598 1870 651 αὐτὸν

1988 595 2110 651 lexit
2141 596 2351 650 Patrem
2375 596 2475 667 (sic
2503 597 2650 651 enim
2689 597 2828 652 idem
2868 598 2986 666 ipse
3003 596 3299 667 Gregorius
3343 599 3541 653 ibidem

298 690 514 762 ἑώρακε
544 692 637 744 τὸν
669 692 892 760 Πατέρα
917 709 932 724 ο
971 691 1254 744 τουτέστιν
1312 692 1341 742 6
1383 693 1655 759 νενοηκὼς
1713 689 1874 742 αὑτὸν

1988 690 2280 756 exposuit);
2301 704 2386 753 ac,
2421 690 2551 755 Qua:
2579 690 2832 759 genitoris
2861 690 3081 758 propria
3111 701 3229 743 sunt
3266 707 3328 743 ac
3365 692 3547 759 singu-

299 783 524 852 νενόηκε
547 783 640 836 τὸν
681 783 901 851 Πατέρα
946 780 1112 852 (οὕτω
1138 781 1247 851 γάρ
1295 783 1326 834 6
1364 781 1530 842 αὐτὸς
1567 780 1877 850 ἐξηγήσατο

298 872 562 940 θεολόγος
599 874 658 950 εν
686 877 800 934 τοῖς
827 873 1038 942 αὐτοῖς)
1057 887 1072 903 ο
1103 874 1199 926 καὶ
1231 889 1252 922 ι
1295 872 1366 925 τὰ
1393 871 1490 924 τοῦ
1511 873 1876 942 γεννήσαντος

300 963 404 1016 ἴδια
435 965 529 1016 καὶ
558 965 814 1034 ἐξαίρετα
854 965 1104 1032 φυσικῶς
1129 967 1188 1018 ιν
1213 965 1362 1034 αὖτῷ
1416 965 1532 1035 ἔχει
1565 985 1584 1016 ι
1617 965 1757 1029 κατὰ
1785 965 1878 1019 τὸν

301 1053 457 1120 ἄτιον
485 1054 757 1125 Κύριλλον
791 1057 848 1107 ὲν
877 1055 1115 1125 δευτέρῳ
1141 1055 1249 1108 τῶν
1272 1055 1596 1127 Θησαυρῶν·
1620 1054 1778 1124 δῆλον
1794 1056 1877 1107 ὅτι

302 1146 386 1197 ἀεὶ
415 1147 492 1207 ὡς
514 1148 644 1218 ὄρος
674 1149 810 1218 πρὸς
842 1149 902 1200 τὸ
932 1149 1253 1218 ὁριζόμενον
1277 1149 1412 1218 ἔχει,
1477 1148 1575 1202 καὶ
1621 1148 1748 1216 ὄρος
1780 1143 1876 1198 τοῦ

306 1236 524 1306 Πατρός
553 1240 672 1291 ἐστι
703 1240 796 1292 καὶ
832 1240 1025 1307 Λόγος.
1319 1279 1322 1281 -

389 1329 544 1380 Ἐπεὶ
571 1329 629 1380 δὲ
654 1331 682 1382 6
703 1328 862 1396 λόγος
896 1347 974 1382 πα
985 1330 1029 1400 ρ’
1054 1333 1190 1400 ἡμῖν
1237 1331 1336 1400 μὲν
1369 1332 1738 1395 ἀνυπόστατός
1763 1334 1878 1384 ἐστι

309 1420 404 1470 καὶ
429 1420 694 1488 ἀμυδρῶς
724 1421 800 1488 τῷ
833 1420 904 1489 νῷ
935 1421 1113 1473 ἔοικεν
1138 1439 1152 1455 ·
1195 1423 1313 1476 ἐκεῖ
1349 1422 1406 1476 δὲ
1465 1423 1879 1494 συμπεπληρω-

305 1508 471 1575 μένον
497 1527 552 1561 τι
588 1512 683 1563 καὶ
717 1510 965 1578 ὑφεστὼς
995 1513 1142 1564 ἐστιν
1186 1515 1244 1564 ἐν
1270 1517 1335 1583 τῇ
1391 1514 1512 1584 θείᾳ
1567 1514 1732 1581 φύσει
1782 1515 1878 1568 καὶ

303 1601 403 1668 τῆς
433 1600 606 1667 αὐτῆς
637 1600 715 1669 τῷ
746 1601 842 1668 Νῷ
883 1600 1125 1670 φύσεως,
1173 1603 1494 1674 ὀνομάζεται
1527 1597 1651 1668 Υἱός
1680 1616 1696 1636 ⁶
1745 1606 1881 1674 πρὸς

298 1689 332 1747 '6
353 1694 412 1746 δὲ
444 1685 800 1764 ἀναφέρεται,
825 1696 1074 1750 καλεῖται
1093 1697 1304 1766 Πατήρ.
1337 1699 1443 1750 Καὶ
1464 1699 1572 1769 γὰρ
1591 1699 1720 1769 παρ’
1750 1701 1881 1770 ήμῐν

305 1788 366 1840 τὸ
393 1786 460 1840 ἐκ
491 1804 638 1851 τινος
671 1787 733 1838 ὃν
765 1789 860 1840 καὶ
893 1789 1177 1873 φύσινκτὴν
1199 1789 1368 1858 αὐτὴν
1398 1789 1520 1860 ἔχον
1564 1792 1643 1860 τῷ
1671 1793 1764 1860 ἀφ’
1818 1785 1880 1845 οὗ

1980 781 2139 846 (aria,
2171 783 2226 835 in
2254 799 2308 836 se
2357 793 2552 836 natura
2592 783 2764 847 habet,
2817 787 2876 836 ut
2933 790 3127 835 auctor
3181 793 3266 836 est
3317 783 3548 853 Cyrillus

1983 871 2368 926 Thesaurorum
2408 874 2548 928 libro
2597 873 2881 928 secundo:
2911 873 3088 942 palam
3136 883 3242 935 est,
3275 888 3356 928 src
3402 891 3549 929 sem-

1979 981 2075 1036 per
2097 981 2155 1020 se
2180 965 2381 1019 habere
2403 967 2550 1019 velut
2571 964 2937 1019 deﬁnitionem
2966 967 3030 1020 ad
3061 965 3372 1031 deﬁnitum,
3404 982 3552 1021 esse-

1979 1072 2086 1126 que
2115 1053 2290 1110 Patris
2322 1053 2695 1109 deﬁnitionem
2736 1071 2800 1110 ac
2825 1055 3092 1109 rationem
3123 1071 3220 1111 seu
3252 1055 3512 1111 Verbum.

2050 1313 2208 1379 Quod
2239 1328 2366 1368 vero
2394 1315 2618 1368 verbum
2649 1316 2790 1384 apud
2826 1331 2927 1370 nos
2954 1333 3060 1370 non
3109 1332 3236 1372 vere
3274 1333 3339 1372 ac
3375 1333 3467 1388 per
3499 1335 3559 1373 se

1981 1410 2232 1473 exsistat,
2264 1424 2329 1463 ac
2359 1424 2483 1463 cum
2519 1419 2700 1463 mente
2733 1409 2929 1462 exilem
2965 1410 3232 1464 dumtaxat
3267 1420 3430 1480 atque
3453 1416 3556 1465 ob-

1984 1515 2202 1554 scuram
2225 1500 2640 1554 similitudinem
2678 1501 2880 1554 habeat
2911 1517 2926 1554 :
2978 1500 3091 1555 illic
3117 1511 3304 1556 autem
3333 1504 3555 1569 plenum

1983 1592 2186 1660 aliquid
2247 1593 2320 1646 sit
2372 1609 2436 1648 ac
2473 1592 2619 1661 quod
2664 1607 2787 1646 vere
2831 1594 2882 1646 in
2929 1603 3121 1648 natura
3170 1593 3354 1648 divina
3411 1597 3556 1665 ejus-

1985 1687 2220 1754 demque
2267 1700 2391 1739 cum
2447 1692 2630 1745 mente
2680 1693 2886 1739 naturae
2937 1695 2991 1739 et
3033 1702 3128 1754 per
3183 1700 3241 1740 se
3307 1687 3554 1750 exsistat,

1985 1775 2160 1831 Filius
2189 1787 2574 1844 nuncupatur;
2610 1777 2772 1846 idque
2819 1779 2882 1831 ad
2922 1776 3064 1847 quod
3103 1777 3420 1832 relationem
3459 1779 3558 1832 ha-

308 1879 606 1950 προῆλθεν,
643 1879 757 1943 υἱὸς
805 1853 1145 1949 ὀνομάζεται.
1166 1853 1392 1935 κατάψτὸ
1537 1853 1882 1954 ἀνθρωίπίνης

1993 1871 2103 1936 bet,
2133 1869 2316 1925 Pater.
2354 1867 2486 1922 Nam
2523 1878 2576 1922 et
2607 1870 2747 1937 apud
2786 1885 2919 1932 nos,
2947 1877 3088 1936 quod
3139 1884 3205 1923 ex
3245 1870 3426 1938 aliquo
3452 1883 3556 1934 est,

303 1971 600 2036 διαλέξεως
623 1971 744 2034 ἔθος
769 1990 784 2007 ο
808 1973 988 2026 καίτοι
1013 1975 1108 2027 καὶ
1131 1975 1192 2027 τὸ
1220 1976 1316 2045 τῆς
1349 1977 1686 2046 πατρότητος
1714 1979 1883 2048 ὄνομα

307 2064 523 2118 ἐκεῖθεν
559 2064 760 2134 μᾶλλον
783 2067 915 2136 ἡμῖν
951 2063 1205 2136 ἀφῖχθαι,
1243 2068 1342 2120 οὐκ
1380 2069 1475 2136 ἀφ’
1505 2070 1537 2140 ἡ
1549 2069 1666 2139 μῶν
1695 2071 1886 2140 είλῆφο

297 2154 807 2220 θαι,ὀ’Δπὸστολος
834 2157 1006 2224 λέγει.
1042 2175 1064 2209 ι
1095 2155 1186 2224 Ἐξ
1206 2150 1268 2211 οὗ
1293 2159 1425 2228 γάρ,
1447 2179 1466 2211 ι
1500 2163 1654 2230 φησὶ,
1680 2181 1697 2212 ι
1737 2164 1885 2216 πᾶσα

305 2247 519 2316 πατριά
540 2249 599 2298 ὲν
623 2247 839 2318 οὐρανῷ
856 2247 949 2301 καὶ
970 2249 1064 2302 ἐπὶ
1096 2249 1202 2318 γῆς
1234 2265 1248 2280 ⁶
1291 2269 1310 2302 ο
1343 2244 1388 2319 ᾧ
1410 2251 1474 2322 δὴ
1503 2254 1599 2306 καὶ
1647 2255 1678 2307 6
1702 2255 1888 2321 Δαμα-

306 2339 515 2410 σκηνὸς
551 2337 882 2392 συντίθεται.

379 2497 515 2572 Ἔτι
546 2517 775 2588 Πνεῦμα
806 2518 940 2592 Υίοῦ
973 2534 1138 2589 φησιν
1174 2521 1208 2589 ἡ
1230 2521 1422 2592 Γραφὴ
1448 2523 1509 2575 τὸ
1542 2523 1635 2577 τοῦ
1676 2526 1885 2594 [la-:96;

302 2611 572 2679 Πνεῦμα·
613 2630 631 2663 ι
663 2611 1049 2676 Ἐξαπέττιιλε
1087 2631 1107 2664 ι
1139 2612 1246 2682 γὰρ
1279 2624 1305 2664 ι’
1338 2616 1367 2668 6
1398 2615 1531 2679 Θεὸς
1557 2617 1618 2668 τὸ
1658 2620 1884 2687 Πνεῦμα

303 2701 400 2752 τοῦ
426 2701 566 2754 Υἱοῦ
617 2702 808 2766 αὐτοῦ,
846 2721 864 2754 ι
901 2703 1050 2770 λέγει
1081 2719 1099 2735 ·
1123 2705 1217 2756 καὶ
1253 2705 1336 2757 ὅτι
1363 2707 1426 2758 ὲκ
1450 2707 1547 2759 τοῦ
1577 2708 1790 2778 Πατρὸς
1818 2711 1888 2763 δι’

303 2791 472 2844 αὑτοῦ
497 2794 884 2862 ἐκπορεύεται.
917 2793 992 2847 Οὐ
1023 2794 1242 2863 λέγεται
1268 2796 1346 2856 δε.
1379 2797 1462 2849 ὅτι
1489 2799 1518 2850 6
1546 2799 1673 2863 Υἱὸς
1713 2802 1776 2852 ἐκ
1791 2800 1886 2854 τοῦ

302 2884 531 2953 Πατρὸς
553 2884 642 2936 διὰ
673 2885 768 2937 τοῦ
821 2885 1139 2956 Πνεῦματος
1191 2889 1472 2953 γεννᾶται,
1527 2888 1622 2942 καὶ
1685 2889 1767 2943 ὅτι
1819 2890 1890 2943 δι’

301 2978 477 3028 αὐτοῦ
548 2981 894 3047 χορηγείται,
945 2978 1170 3042 δίδοται,
1219 2977 1646 3034 ἀποστέλλεται·
1678 2981 1760 3034 διὸ
1799 2983 1890 3035 καὶ

302 3067 474 3136 δοτὴρ
508 3067 676 3120 αὑτοῦ
705 3068 801 3122 καὶ
863 3069 1101 3140 χορηγὸς
1133 3053 1232 3123 καί
1273 3072 1497 3140 ταμίας,
1549 3073 1628 3136 ὡς
1681 3074 1891 3144 Γρηγό-

303 3174 426 3222 ριος
465 3159 741 3226 Θεολόγος
768 3162 828 3212 ὲν
861 3162 926 3231 τῇ
966 3161 1102 3231 πρὸς
1137 3162 1228 3215 τὸν
1277 3162 1410 3216 Υίὺν
1457 3166 1594 3234 εὐχῇ
1649 3165 1881 3235 ὕμνησε.
1913 3185 1958 3246 c

297 3251 414 3302 Καὶ
446 3251 565 3319 γὰρ
601 3249 763 3313 αὐτὸς
788 3251 886 3321 μὲν
917 3253 946 3303 6
976 3251 1102 3315 Υίός
1142 3267 1331 3324 φησιν,
1373 3274 1393 3305 ι
1434 3255 1606 3309 Ὅταν
1651 3258 1707 3311 δὲ
1762 3260 1890 3331 ἔλθῃ

299 3341 328 3391 6
361 3340 740 3411 Παράκλητος
773 3341 835 3394 ὃν
858 3341 972 3408 ἐγὼ
999 3341 1204 3412 πέμψω
1233 3345 1387 3412 ὑμῖν,
1422 3347 1480 3398 τὸ
1528 3347 1753 3419 Πνεῦμα
1792 3351 1891 3420 τῆς

297 3433 602 3501 ἀληθείας,
632 3433 660 3484 6
690 3435 842 3505 παρά
870 3433 966 3487 τοῦ
1014 3435 1225 3505 Πατρδς
1264 3437 1624 3502 ἐκπορεύεται
1647 3457 1661 3471 ·
1704 3460 1722 3492 ι
1756 3443 1804 3494 oi
1837 3442 1892 3495 δὲ

296 3522 478 3592 ἅγιοι,
515 3525 572 3590 ἐξ
603 3517 722 3578 ὧνό
749 3527 1108 3596 Δαμασκηνὸς
1140 3530 1198 3579 ὲν
1228 3530 1340 3590 τοῖς
1381 3529 1726 3598 Θεολογικοῖς
1773 3533 1889 3605 (26)

294 3619 541 3686 γράφει,
581 3637 602 3670 ς
654 3619 987 3688 Ἐνεφύσησε
1032 3620 1163 3690 γὰρ,
1195 3624 1287 3674 καὶ
1312 3617 1432 3675 εἶπε
1456 3627 1568 3688 τοῖς
1622 3626 1893 3697 μαθηταῖς

297 3709 501 3773 αὐτοῦ,
573 3709 782 3762 Λάϐετε
864 3712 1088 3780 Πνεῦμα
1157 3712 1332 3779 ὃίγιον⁸
1421 3712 1611 3785 ὥσπερ
1687 3716 1751 3769 ἐκ
1795 3715 1890 3769 τοῦ

295 3800 462 3866 ἡλίου
502 3801 607 3868 μὲν
642 3802 676 3869 ἦ
710 3817 768 3853 τε
798 3801 956 3864 ἀκτὶς
997 3804 1092 3857 καὶ
1123 3805 1156 3872 ἡ
1211 3804 1499 3872 ἕλλαμψις.
1547 3805 1721 3867 Αὐτὸς
1781 3805 1891 3876 γάρ

293 3892 454 3944 ἐστιν
487 3893 525 3961 ἠ
555 3890 712 3961 πηγὴ
744 3893 841 3959 τῆς
890 3894 1109 3956 ἀκτῖνος
1137 3893 1233 3945 καὶ
1282 3895 1380 3963 τῆς
1437 3894 1778 3964 ἐλλάμψεωςο
1803 3897 1890 3950 διά

287 3981 350 4034 δὲ
378 3984 487 4050 τῆς
531 3983 756 4042 ἀκτῖνος
785 3985 815 4052 ἠ
843 3983 1113 4052 ἔλλαμψις
1172 3985 1304 4051 ἡμῖν
1357 3985 1739 4054 μεταδίδοται·
1793 3987 1890 4039 καὶ

290 4074 440 4145 αὕτη
476 4076 639 4128 ἐστὶν
686 4076 717 4143 ἡ
750 4075 1062 4143 φωτίζουσα
1095 4077 1242 4146 ἡμᾶς
1275 4078 1368 4129 καὶ
1427 4082 1764 4150 μετεχομένη
1797 4079 1888 4147 ὑφ’

286 4166 481 4235 ἡμῶν,
527 4183 548 4215 ι

361 4255 446 4308 Τὸ
481 4256 548 4308 δὲ
580 4255 805 4326 Πνεῦμα
857 4257 917 4309 τὸ
973 4257 1130 4325 ἆγιον
1181 4257 1396 4326 λέγεται
1455 4258 1679 4329 Πνεῦμα
1727 4260 1886 4329 Θεοῦ,

289 4344 542 4416 Πνεῦμα
586 4347 820 4414 Πατρὸς,
853 4349 1078 4418 Πνεῦμα
1115 4349 1271 4415 Υίοῦ,
1330 4349 1555 4421 Πνεῦμα
1608 4351 1886 4421 ἀληθείας,

287 4440 582 4502 αἱτιατὸν,
632 4441 986 4508 ἐκπορευτδν,
1033 4441 1494 4511 ἐκπορευόμενον,
1544 4443 1838 4514 πρόϐλημα
1868 4460 1883 4474 ·

284 4532 386 4582 καὶ
419 4530 504 4592 ὡς
531 4532 564 4582 ὁ
589 4530 953 4599 Δαμασκηνὸς
974 4533 1033 4584 ἐν
1054 4534 1166 4596 τοῖς
1183 4535 1534 4602 δογματικαῖς
1559 4535 1724 4588 αὑτοῦ
1749 4535 1883 4607 (25),
1917 4515 1961 4568 ι)

287 4622 538 4692 Πνεῦμα
602 4621 864 4690 Χριστοῦ,
925 4622 1152 4693 Πνεῦμα
1201 4625 1434 4696 Κυρίου,
1523 4627 1884 4694 Δύτοκύριος,

283 4714 536 4782 Πνεῦμα
601 4697 892 4779 υἱοθεσίας,
947 4715 1227 4785 ἀληθείας,
1282 4715 1614 4786 ἐλευθερίας,
1671 4720 1883 4786 σοφίας.

281 4807 400 4858 Καὶ
451 4804 581 4874 γὰρ
635 4805 917 4872 ποιητικὸν
943 4806 1148 4858 τούτων
1177 4806 1453 4859 ἁπάντων.
1495 4807 1614 4860 Ἔτι
1639 4808 1747 4860 ἀπὸ
1776 4809 1885 4861 τῶν

278 4896 613 4966 ἐνεργειῶν
679 4896 1007 4965 ὀνομάζεται
1063 4898 1286 4966 Πνεῦμα
1340 4899 1598 4962 πίστεως,
1658 4899 1881 4968 Πνεῦμα

277 4989 647 5058 πραὸτήτος,
686 4987 910 5059 Πνεῦμα
944 4989 1113 5057 φόϐου
1136 4989 1295 5056 Θεοῦ,
1327 4990 1420 5042 καὶ
1440 4989 1606 5042 τᾶλλα
1639 4992 1772 5061 περὶ¹
1799 4985 1876 5045 ὧν

273 5084 302 5134 ὁ
328 5080 484 5142 θεῖος
520 5080 920 5151 Χρυσόστομος
934 5082 992 5133 ὲν
1021 5081 1097 5150 τῷ
1132 5083 1260 5150 περὶ
1299 5080 1463 5133 αὑτοῦ
1520 5081 1661 5152 λόγῳ
1685 5059 1876 5150 διασα-

277 5174 394 5236 φιεῖ
423 5172 576 5240 (eo).

1987 1964 2340 2030 eamdemque
2375 1971 2621 2016 naturam
2655 1977 2780 2015 eum
2801 1977 2969 2023 eo,ex
2997 1976 3107 2030 quo
3131 1962 3421 2030 processit,
3455 1976 3557 2014 na-

1987 2063 2132 2108 ctum
2165 2063 2269 2118 est,
2301 2053 2526 2111 humani
2558 2053 2828 2108 sermonis
2855 2069 2954 2106 usu
2998 2053 3140 2107 lilius
3166 2054 3350 2108 vocari
3380 2053 3554 2120 solet;

1987 2162 2301 2217 quanquam
2333 2147 2496 2200 etiam
2527 2147 2700 2214 patris
2747 2159 2948 2198 nomen
2990 2145 3113 2199 inde
3144 2147 3325 2214 potius
3357 2147 3424 2200 ad
3457 2161 3558 2200 nos

1990 2241 2225 2302 venisse,
2255 2252 2420 2307 quam
2443 2252 2474 2290 a
2496 2237 2654 2291 nobis
2677 2247 2952 2304 sumptum
2971 2252 3112 2300 esse,
3135 2238 3556 2307 aitApostolus:

1989 2330 2075 2385 Ea:
2100 2349 2200 2400 quo
2236 2333 2408 2385 cumis
2438 2346 2502 2384 es:
2530 2333 2794 2384 communi
2818 2332 2980 2386 Patre
3008 2335 3248 2400 cognatio
3278 2333 3330 2384 in
3358 2333 3484 2386 creto
3515 2324 3572 2388 ιε’

1989 2429 2047 2479 iu
2071 2425 2305 2489 terra“;
2331 2423 2419 2478 cui
2443 2424 2603 2493 plane
2622 2433 2677 2478 et
2696 2423 3064 2479 Damasceuus
3095 2427 3414 2480 assentitur.

2065 2518 2143 2570 Ad
2184 2518 2319 2579 haec,
2351 2515 2475 2570 Filii
2519 2515 2780 2586 Spiritum
2829 2529 2985 2572 vocat
3045 2517 3326 2588 Scriptura
3381 2519 3559 2574 Patris

1993 2609 2280 2678 Spiritum.
2300 2609 2388 2662 Ait
2413 2609 2558 2663 enim
2584 2606 2770 2662 :Hisit
2795 2608 2930 2663 Deus
2949 2607 3210 2678 Spiritum
3230 2609 3362 2664 Filii
3387 2614 3470 2665 sui
3492 2614 3560 2666 ”.

1993 2701 2169 2754 Etiam
2207 2701 2407 2755 dicitur
2458 2699 2602 2769 quod
2645 2713 2710 2752 ex
2742 2699 2901 2753 Patre
2947 2715 3040 2769 per
3074 2703 3249 2770 ipsum
3307 2703 3565 2770 procedat

1994 2793 2126 2862 (non
2157 2801 2335 2846 autem
2367 2791 2569 2845 dicitur
2610 2792 2752 2860 quod
2788 2789 2959 2845 Filius
2989 2808 3052 2846 ex
3085 2792 3240 2847 Patre
3266 2810 3362 2862 per
3386 2794 3563 2863 Spiri-

1994 2897 2106 2940 tum
2138 2884 2434 2954 gignatur),
2471 2884 2616 2952 quod
2652 2883 2779 2954 item
2820 2898 2917 2951 per
2958 2898 3080 2936 eum
3115 2884 3440 2952 praebeatur,
3471 2886 3566 2939 de-

1993 2983 2190 3044 turque
2221 2989 2284 3028 ac
2326 2974 2611 3035 mittatur;
2643 2955 2848 3040 ex’quo
2881 2981 2965 3027 est
2988 3012 3003 3038 ,
3047 2983 3106 3027 ut
3141 2973 3286 3028 illius
3324 2974 3482 3028 dator
3512 2985 3564 3028 et

1993 3068 2432 3121 subministrator
2457 3077 2616 3134 atque
2670 3065 2871 3118 arbiter
2924 3066 3161 3132 dicatur,
3209 3066 3565 3136 quemadmo-

1991 3158 2122 3211 dum
2182 3158 2476 3227 Gregorius
2540 3157 2846 3228 Theologus
2886 3157 2943 3211 in
2997 3159 3314 3227 precatione
3363 3158 3561 3214 Filium

1995 3248 2235 3302 laudavit
2270 3264 2336 3304 ac
2357 3248 2575 3302 cecinit.
2606 3247 2743 3300 Nam
2767 3257 2819 3302 et
2850 3248 2968 3318 ipse
2998 3250 3216 3318 quidem
3250 3249 3418 3306 Filius
3440 3251 3516 3304 ait
3546 3270 3559 3306 :

1994 3339 2129 3393 Cum
2167 3351 2346 3394 autem
2393 3339 2590 3392 uenerit
2653 3338 2984 3402 Paraclmts,
3027 3357 3174 3408 quem
3233 3358 3323 3411 ego
3357 3343 3565 3394 mittam

1992 3433 2158 3497 vobis,
2213 3431 2470 3494 Spiritum
2513 3431 2751 3484 veritatis
2801 3431 2890 3499 qui
2939 3448 2971 3483 α
3017 3431 3182 3486 Patre
3235 3436 3469 3501 procedit
3493 3417 3567 3489 ὀί

1995 3524 2179 3578 Sancti
2217 3539 2362 3585 vero,
2394 3524 2447 3575 in
2481 3525 2680 3591 quibus
2732 3522 3102 3579 Damaseeuus
3135 3526 3186 3578 in
3220 3523 3562 3596 Theologicis

1993 3616 2212 3672 scribit:
2240 3612 2532 3681 lusu/flavit
2573 3614 2711 3666 enim
2753 3623 2802 3665 et
2835 3615 2992 3676 dixit,
3029 3616 3264 3684 Accipite
3302 3616 3561 3686 Spiritum

1995 3717 2242 3762 sanctum
2265 3708 2332 3758 “.
2359 3705 2817 3769 Quemadmodum
2839 3720 2904 3758 ea:
2928 3706 3042 3758 sole
3065 3717 3176 3759 tum
3205 3710 3410 3770 radius,
3451 3719 3561 3762 tum

1990 3799 2172 3869 fulgor
2203 3798 2456 3865 procedit.
2493 3795 2590 3849 Est
2639 3799 2779 3849 enim
2827 3795 2908 3848 sol
2950 3798 3089 3851 radii
3127 3799 3328 3865 pariter
3362 3816 3424 3852 ac
3455 3801 3562 3868 ful-

1992 3892 2132 3961 goris
2163 3891 2316 3958 fons:
2361 3905 2452 3955 per
2481 3889 2692 3942 radium
2717 3906 2836 3943 vero
2877 3889 3028 3943 nobis
3063 3890 3241 3959 fulgor
3274 3894 3562 3945 communi-

1993 3995 2188 4034 catur:
2223 3981 2368 4050 isque
2426 3991 2504 4034 est
2565 3996 2665 4050 quo
2701 3981 3062 4048 illustrantur,
3118 3999 3182 4036 ac
3212 3983 3302 4052 qui
3333 4000 3366 4035 α
3414 3986 3561 4038 nobis

1991 4072 2301 4141 percipitur.

2060 4255 2232 4308 Porro
2283 4252 2519 4324 Spiritus
2574 4263 2847 4318 sanctus,
2897 4251 3137 4324 Spiritus
3177 4257 3268 4311 Dei
3326 4257 3557 4322 dicitur,

1993 4347 2229 4416 Spiritus
2263 4345 2443 4402 Patris
2473 4386 2488 4410 ,
2527 4345 2765 4416 Spiritus
2805 4346 2967 4412 Filii,
3002 4349 3240 4418 Spiritus
3291 4351 3558 4419 veritatis,

1991 4440 2060 4492 ab
2093 4448 2320 4492 auctore
2343 4438 2634 4500 exsistens,
2673 4439 2994 4508 procedens,
3040 4442 3312 4508 processio
3343 4461 3357 4509 ;
3397 4457 3560 4514 atque

1989 4539 2051 4583 ut
2104 4531 2472 4584 Dam-aseenus
2516 4531 2568 4584 in
2622 4530 2949 4601 Dogmaticis
2997 4534 3112 4589 suis
3157 4535 3262 4599 ait,
3321 4534 3559 4604 Spiritus

1989 4624 2226 4682 Christi.
2260 4621 2496 4692 Spiritus
2531 4617 2743 4677 Domini
2772 4665 2787 4689 ,
2819 4625 2935 4694 ipse
2985 4627 3250 4682 Dominus
3275 4668 3289 4693 ,
3324 4629 3561 4698 Spiritus

1988 4717 2325 4787 adeptionis,
2354 4716 2624 4781 veritatis,
2665 4706 2928 4772 libertatis
2953 4759 2967 4784 ,
3003 4718 3302 4787 sapientiae.
3340 4722 3550 4777 Etenim

1989 4810 2184 4862 horum
2208 4806 2452 4860 omnium
2476 4807 2696 4861 effector
2724 4815 2828 4861 est.
2868 4808 3061 4862 Adhuc
3097 4824 3225 4864 vero
3259 4827 3326 4866 ex
3361 4827 3558 4881 opera-

1987 4899 2230 4954 tionibus
2256 4908 2483 4953 vocatur
2514 4897 2752 4966 Spiritus
2783 4901 2902 4953 ﬂdei
2929 4938 2948 4964 ,
3002 4901 3240 4970 Spiritus
3288 4904 3550 4972 lenitatis,

1987 4989 2224 5059 Spiritus
2252 4989 2465 5044 timoris
2493 4989 2608 5052 Dei,
2636 4997 2691 5042 et
2725 4989 2933 5058 reliqua
2970 5006 3092 5060 quae
3137 4992 3395 5062 explanat
3426 4996 3553 5050 bea-

1991 5094 2077 5138 tus
2131 5082 2598 5152 Chrysostomus,
2653 5081 2709 5136 iu
2782 5097 3036 5138 sermone
3105 5100 3267 5156 quem
3331 5087 3399 5142 de
3460 5088 3556 5142 illo

1988 5175 2232 5246 scripsit.

355 5314 398 5343 "
437 5311 622 5365 Joau.
655 5326 765 5374 xlv,
793 5311 846 5366 θ.
924 5310 966 5342 ⁸⁸
1017 5309 1215 5379 Ephes.
1252 5326 1335 5377 ut,
1364 5311 1452 5365 l5.
1533 5313 1575 5344 ¹⁹
1601 5311 1784 5369 Galat.
1815 5330 1885 5382 tv,

2063 5319 2110 5348 ¹⁶
2142 5317 2416 5383 Joan.xv,
2466 5316 2566 5372 26.
2644 5317 2689 5348 ²¹
2730 5315 2894 5409 εἰρωι.
2948 5335 3042 5382 xx,
3097 5319 3192 5376 22.

351 5458 474 5526 (96)
513 5455 659 5526 Lib.
689 5471 727 5520 t,
757 5472 808 5511 c.
851 5455 914 5526 8.
945 5457 1000 5510 in
1038 5457 1162 5511 fine.

348 5524 472 5597 (25)
547 5525 686 5597 ἐν-ν
716 5525 840 5591 τοῖς
892 5525 1269 5595 δογματικοῑς
1321 5525 1532 5581 αὐτοῦ.
1593 5524 1678 5580 Sit
1736 5525 1878 5582 forte

269 5593 430 5654 aliud
454 5593 1010 5667 'opgs_l)amasceui,
1036 5608 1226 5667 praeter
1244 5611 1310 5651 ea
1346 5611 1466 5664 quae
1499 5597 1782 5667 habemus,
1821 5599 1875 5650 in

269 5686 387 5740 quo
424 5664 824 5740 dei'Trinitate
855 5667 1000 5740 serio
1039 5664 1305 5740 adversus
1355 5665 1635 5740 [haereticos
1683 5666 1884 5740 ψερμ-¹

273 5732 376 5803 tet,
424 5739 510 5791 uti
543 5732 728 5803 etiam
759 5735 986 5796 seorsim
1026 5746 1214 5789 contra
1241 5735 1567 5790 Severianos
1596 5744 1650 5790 et
1681 5732 1869 5789 Μυῐιοο

270 5802 538 5866 tbelitas.
582 5802 714 5859 Non
756 5815 969 5860 exstare
999 5806 1157 5861 nobis
1185 5806 1364 5859 omnia
1401 5803 1743 5868 Damasccni,
1784 5810 1865 5859 vel

1871 5492 1892 5506 ι
1989 5461 2440 5534 hoeargnmento
2467 5471 2570 5526 est,
2596 5465 2741 5534 quod
2763 5464 3139 5534 Chrysostomi
3170 5462 3551 5534 enarrationes

1985 5531 2040 5604 in
2077 5531 2306 5604 Paulum
2349 5537 2416 5588 ab
2447 5535 2566 5604 ipso
2596 5531 2650 5586 in
2674 5531 3054 5602 compendium
3093 5532 3368 5604 redactas,
3396 5533 3548 5587 card.

1983 5601 2243 5656 Mazarini
2291 5600 2636 5658 Biblioiheca:
2669 5600 2934 5672 prob—atus
2979 5603 3172 5666 codex,
3204 5600 3325 5654 aliis
3359 5602 3550 5659 hacte-

1979 5686 2087 5742 nus
2115 5672 2350 5742 ignotas,
2397 5673 2581 5728 habet.

2045 5741 2157 5814 (ἓὸ)
2185 5743 2360 5799 Serm.
2382 5743 2456 5797 De
2492 5745 2693 5810 Spiritu
2728 5752 2931 5796 sancto.
2997 5751 3038 5794 t.
3074 5741 3140 5796 Vl
3185 5741 3382 5798 Duczei.

3315 5897 3334 5907 ν
3421 5869 3450 5908 l
