4056 6288
488 389 588 452 527

487 596 772 663 prtrscivit,
825 604 875 650 et
922 598 1317 664 praedestinavit
1354 599 1646 667 conformes
1673 601 1791 669 fieri
1832 601 2055 669 imagini

489 686 627 741 Filii
651 689 821 742 sui”.
875 687 1143 744 Praeterea
1188 689 1387 744 dicitur
1422 692 1593 761 ῥῆμα,
1635 691 1873 746 Verbum
1908 690 2053 755 Filii,

426 830 429 837 ,
486 789 547 835 ιιι
583 780 724 835 idem
768 795 958 835 rursus
980 780 1095 834 ait:
1138 779 1373 835 Portans
1413 783 1590 835 omnia
1634 781 1800 836 Verbo
1843 784 2055 836 virtutis

484 887 597 925 sua:
625 888 644 925 :
672 887 763 939 per
789 872 960 939 ipsum
1002 874 1369 943 purgationem
1390 876 1586 944 faciens
1619 885 1921 928 nostrorum
1941 892 2057 943 pec-

484 963 813 1017 catorum”.
845 962 1073 1033 Magnus
1117 978 1338 1034 quoque
1388 964 1623 1019 Basilius
1662 966 1713 1019 in
1776 981 1843 1021 eo
1880 966 2058 1034 capite

484 1052 628 1117 quod
661 1062 998 1122 praenotatur
1034 1068 1048 1104 :
1092 1052 1286 1118 Quidni
1333 1054 1493 1107 etiam
1547 1053 1780 1124 Spiritus
1845 1056 2058 1109 dicatur

485 1143 618 1198 Filii
656 1143 829 1198 Filius
858 1183 873 1209 ,
905 1144 982 1198 ait
1020 1144 1073 1197 in
1116 1144 1430 1198 haereticum
1467 1157 1849 1214 argumentum
1883 1147 2053 1201 intor-

483 1249 700 1305 quens:
735 1232 859 1286 Νοη
891 1234 1029 1303 quod
1077 1250 1181 1287 non
1209 1235 1277 1287 sit
1310 1249 1376 1287 ea:
1413 1233 1519 1289 Deo
1559 1252 1651 1305 per
1696 1235 1924 1300 Filium,
1963 1242 2054 1292 sed

484 1344 547 1381 ne
580 1326 816 1380 Trinitas
856 1326 1115 1380 immensa
1168 1328 1410 1395 quaedam
1466 1330 1622 1382 turba
1669 1330 2053 1394 exsistimetur,

482 1434 599 1487 qua:
649 1418 786 1487 ﬁlios
834 1432 900 1471 ex
950 1418 1100 1487 ﬁliis,
1153 1433 1241 1470 seu
1291 1426 1538 1485 nepotes,
1590 1430 1647 1472 ut
1687 1420 1947 1488 contingit
2001 1422 2055 1474 in

482 1506 804 1570 hominibus,
832 1506 1023 1558 habere
1050 1504 1310 1559 videatur.
1351 1504 1453 1559 Sed
1484 1507 1624 1560 dices
1651 1522 1669 1561 :
1703 1506 1763 1560 Si
1793 1507 1891 1561 Dei
1933 1507 2057 1561 Ver-

484 1601 605 1653 bunt
644 1597 861 1668 (Λόγος)
916 1596 1087 1651 Filius
1124 1607 1238 1663 est,
1295 1596 1531 1666 Spiritus
1590 1614 1711 1652 tero
1774 1599 1884 1667 ipse
1924 1598 2059 1652 Filii

490 1688 717 1742 Verbum
743 1686 1002 1758 (Ῥῆμα),
1041 1688 1228 1758 quidni
1276 1688 1508 1757 Spiritus
1543 1687 1676 1743 Filii
1698 1688 1864 1743 Filius
1885 1691 2057 1744 dictus

484 1780 604 1834 est?
661 1779 926 1833 Praeterea
981 1778 1208 1849 Magnus
1282 1779 1617 1835 Athanasius
1678 1783 1732 1834 in
1785 1782 1923 1834 libro
1978 1781 2056 1834 Ad

485 1872 833 1936 Serapionem
902 1872 1063 1924 vitam
1131 1871 1367 1940 appellat
1453 1873 1917 1939 sanctiﬁcatricem
1996 1889 2058 1927 ac

484 1965 955 2029 illuminatricem;
1026 1962 1263 2031 itemque
1329 1964 1443 2033 ejus
1521 1964 1873 2031 operationem
1958 1964 2058 2018 do-

484 2073 727 2127 numque.
784 2057 873 2109 Ait
916 2058 1110 2109 enim:
1166 2054 1314 2110 Sicut
1363 2055 1533 2109 Filius
1590 2056 1818 2124 unigena
1885 2055 2058 2124 proles

484 2159 582 2212 est,
607 2150 684 2203 sic
711 2159 758 2202 et
796 2145 1048 2215 Spiritus,
1079 2146 1168 2215 qui
1197 2162 1288 2214 per
1320 2144 1523 2199 Filium
1554 2146 1718 2200 datur
1741 2156 1896 2214 atque
1932 2146 2061 2199 mit-

485 2242 637 2303 titur,
672 2246 918 2299 unusest,
953 2252 1055 2288 non
1083 2236 1272 2298 multa,
1310 2251 1472 2302 neque
1504 2251 1663 2288 unum
1685 2253 1712 2289 e
1738 2237 1942 2301 multis,
1968 2239 2059 2291 sed

410 2360 413 2365 ν
484 2332 592 2399 ipse
636 2328 891 2397 Spiritus.
957 2324 1087 2380 Cant
1148 2328 1287 2379 enim
1339 2342 1476 2379 unus
1539 2327 1607 2379 sit
1668 2324 1843 2379 Filius
1891 2328 2059 2382 virens

494 2424 739 2485 Verbum,
768 2435 930 2472 unam
956 2434 1162 2472 necesse
1179 2428 1255 2472 est
1292 2433 1403 2472 esse
1430 2419 1715 2487 perlectam
1747 2419 2059 2488 plenamque

486 2507 954 2579 sanctiﬁcatricem
982 2525 1044 2563 ac
1083 2510 1516 2563 illuminatricem
1550 2512 1743 2576 vitam,
1786 2527 1904 2580 quia
1943 2512 2057 2580 ejus

484 2603 714 2672 operatio
743 2602 1037 2671 donumque
1104 2610 1203 2663 est.
1244 2600 1376 2666 Quae
1427 2601 1682 2656 nimirum
1739 2602 1942 2657 idcirco
1992 2618 2057 2657 ex

482 2694 643 2749 Patre
673 2678 876 2749 dicitur
929 2693 1241 2763 procedere,
1305 2692 1451 2764 quod
1488 2708 1551 2749 ex
1614 2691 1769 2759 Filio,
1803 2708 1962 2763 quem
1992 2706 2056 2747 ex

483 2788 642 2843 Patre
666 2787 902 2842 fatentur
935 2802 1150 2853 omnes,
1173 2787 1355 2843 elucet
1380 2826 1396 2853 ,
1425 2786 1767 2857 mittiturque
1792 2802 1856 2842 ac
1872 2786 2057 2840 datur.

486 2976 516 3018 ε
556 2968 700 3034 Quin
732 2970 835 3022 hoc
864 2971 1081 3038 Quoque
1099 2969 1414 3023 necessario
1444 2969 1868 3033 observandum,
1907 2968 2054 3023 haud

486 3074 611 3113 raro
660 3072 782 3126 quae
828 3059 893 3111 de
926 3058 1175 3127 personis
1208 3058 1509 3127 ‘dicuntur,
1549 3060 1789 3125 nomina,
1839 3060 1906 3114 de
1945 3061 2053 3115 Deo

1736 392 1895 453 MAN
1908 392 2133 455 UELIS
2167 393 2401 454 CALEC
2428 392 2469 450 Ε

558 506 639 560 Ad
676 506 789 561 huc
811 504 1009 561 dicitur
1031 504 1151 561 Filii
1186 505 1399 578 imago,
1428 510 1489 563 ut
1521 509 1598 562 ait
1623 506 1826 564 Paulus
1860 527 1875 565 ε
1907 510 2050 574 Quos
2082 518 2126 573 Α

2230 510 2349 563 Ἔτι
2380 509 2600 576 λέγεται
2625 506 2738 577 (27)
2773 507 2939 561 εἰκὼν
2970 506 3068 561 τοῦ
3104 506 3257 569 Ποῦ,
3300 506 3377 568 ὡς
3402 508 3429 559 6
3491 505 3721 571 Παῦλος,

2166 619 2185 653 ι
2219 599 2327 662 Οὓς
2366 599 2638 669 προέγνω,
2671 599 2763 652 καὶ⁴
2778 598 3056 669 προώρισε
3089 597 3448 667 συμμόρφους
3467 597 3725 663 γενέσθαι

2158 693 2254 761 τῆς
2291 691 2497 754 εἰκόνος
2526 689 2616 743 τοῦ
2654 688 2784 743 Υίοῦ
2836 689 3024 743 αὑτοῦ.
3074 709 3092 741 ι
3136 689 3256 743 Ἔτι
3312 689 3533 757 λέγεται
3571 692 3726 760 ῥῆμα

2157 783 2253 837 τοῦ
2295 781 2450 847 Υίοῦ,
2483 782 2557 846 ὡς
2586 784 2616 836 6
2643 784 2803 845 αὐτὸς
2833 783 3019 845 πάλιν,
3064 802 3083 835 t
3127 784 3310 853 Φέρων
3334 783 3403 836 ’τὰ
3444 784 3623 837 πάντα
3648 783 3728 855 τῷ

2161 876 2367 945 ῥήματι
2396 874 2499 943 τῆς
2528 874 2809 944 δυνάμεως
2856 873 3044 927 αὐτοῦ’
3099 874 3168 927 δι’
3222 874 3419 928 ἑαυτοῦ
3459 876 3728 945 καθαρισ-

2161 968 2261 1035 μὸν
2286 964 2657 1035 ποιησάμενος
2680 964 2789 1017 τῶν
2826 964 3115 1033 ἁμαρτιῶν
3143 963 3322 1034 ἡμῶν.
3358 981 3378 1016 ι
3411 964 3522 1016 Καὶ
3556 966 3585 1016 ό
3630 967 3729 1033 μέ-

2157 1073 2261 1124 γας
2333 1056 2610 1118 Βασίλειος
2668 1057 2726 1108 ἐν
2801 1054 3102 1124 κεφαλαίῳ,
3190 1053 3251 1107 οὗ
3306 1056 3339 1123 ἡ
3418 1056 3728 1125 ἐπιγραφὴθ

2163 1166 2182 1199 ι
2224 1150 2375 1199 Διατί
2404 1147 2476 1217 μὴ
2503 1149 2597 1199 καὶ
2631 1149 2691 1199 τὸ
2728 1145 2953 1216 Πνεῦμα
2985 1146 3114 1209 Υίδς
3167 1144 3261 1198 τοῦ
3318 1144 3471 1211 Υίοῦ,
3509 1164 3527 1197 ι
3591 1145 3731 1213 φησὶ

2128 1290 2134 1296 .
2160 1240 2297 1310 πρὸς
2325 1240 2416 1293 τὸν
2448 1238 2728 1308 αἱρετικὸν
2751 1237 3198 1305 ἀποτεινόμενος,
3237 1255 3255 1288 ι
3296 1237 3370 1289 Οὐ
3396 1237 3485 1289 διὰ
3534 1236 3595 1288 τὸ
3650 1236 3727 1305 μὴ

2160 1328 2299 1384 εἶναι
2330 1333 2392 1382 ἐκ
2422 1329 2557 1382 Θεοῦ
2588 1330 2656 1382 δι’
2691 1328 2843 1395 Υίοῦ,
2872 1328 2987 1382 ἀλλ’
3014 1329 3101 1380 ἵνα
3128 1330 3161 1397 ή
3211 1327 3382 1397 Τριὰς
3435 1326 3509 1396 μὴ
3569 1342 3731 1395 νομι-

2160 1423 2260 1492 σθῇ
2292 1422 2497 1491 πλῆθος
2562 1422 2811 1491 ἄπειρον,
2862 1420 3008 1482 υἱοὺς
3076 1419 3135 1485 ἐξ
3188 1419 3342 1484 υίῶν,
3381 1418 3457 1480 ὼς
3514 1418 3611 1470 καὶ
3668 1420 3729 1469 ὲν

2157 1509 2488 1579 ἀνθρώποις,
2535 1509 2679 1578 ἔχειν
2732 1507 3156 1561 ὑποπτευθεῖσα.
3223 1508 3381 1560 Ἀλλὰ
3430 1508 3626 1572 λέγεις,
3666 1507 3729 1559 El

2159 1602 2295 1655 Θεοῦ
2330 1600 2428 1670 μὲν
2453 1600 2626 1667 Λόγος
2652 1600 2679 1651 6
2716 1600 2867 1661 Υἱὸς,
2943 1599 3125 1668 Ῥῆμα
3202 1598 3260 1650 δὲ
3303 1597 3436 1650 Υίοῦ
3465 1600 3525 1650 τὸ
3554 1598 3731 1650 Πνεῦ-

2164 1706 2241 1759 μα
2271 1688 2383 1759 (28)
2415 1703 2431 1719 ο
2466 1687 2609 1740 διατί
2636 1687 2712 1758 μὴ
2753 1687 2881 1751 Υἱὸς
2915 1687 3011 1741 τοῦ
3043 1687 3175 1742 Υίοῦ
3199 1688 3261 1741 τὸ
3316 1687 3541 1757 Πνεῦμα
3575 1691 3730 1760 εἴρη-

2094 1796 2283 1864 Βταις
2322 1780 2493 1833 Ἔτιὸ
2534 1779 2707 1848 μέγας
2770 1779 3089 1842 Ἀθανάσιος
3128 1782 3185 1833 ὲν
3240 1780 3320 1851 τῷ
3373 1782 3509 1851 πρὸς
3555 1782 3731 1851 Σερα-

2166 1871 2361 1938 πίωνα,
2425 1890 2444 1922 ι
2499 1870 2848 1940 ’Δγιαστικὴν
2906 1873 3000 1924 καὶ
3077 1874 3433 1940 φωτιστικὴν,
3480 1891 3499 1924 ι
3559 1878 3730 1940 φησὶν

2170 1982 2187 2015 ι
2224 1962 2370 2032 ζωήν
2395 1978 2409 1995 ·
2445 1980 2463 2014 ι
2496 1966 2589 2016 καὶ
2621 1962 2702 2014 ἔτι
2748 1980 2767 2013 ι
2797 1961 3079 2032 ἐνέργειαν
3106 1962 3272 2031 αὑτοῦ
3305 1964 3399 2016 καὶ
3437 1964 3669 2033 δωρεάν.
3702 1984 3723 2018 s

2159 2054 2322 2120 Λέγει
2383 2053 2512 2123 γὰρ,
2568 2073 2585 2105 ι
2625 2054 2837 2124 Ὠσπερ
2870 2055 3115 2123 γέννημα
3188 2038 3475 2124 μονογενὲς
3526 2058 3554 2108 6
3601 2058 3730 2122 Υἱός

2152 2147 2329 2220 ἐστιν,
2358 2144 2502 2198 οὕτω
2540 2145 2636 2198 καὶ
2683 2146 2745 2199 τὸ
2780 2144 3028 2215 Πνεῦμα,
3087 2146 3240 2216 παρὰ
3274 2147 3365 2199 τοῦ
3397 2147 3525 2201 Υίοῦ
3586 2149 3731 2203 διδόο

2162 2254 2323 2306 μενον
2348 2237 2444 2289 καὶ
2503 2236 2880 2306 πεμπόμενον,
2914 2236 2973 2289 ἓν
3003 2237 3097 2290 καὶ
3147 2237 3210 2290 οὐ
3260 2238 3453 2303 πολλὰ,
3485 2240 3608 2293 οὐδὲ
3662 2242 3728 2295 εκ

2159 2328 2369 2381 πολλῶν
2395 2327 2474 2393 ἓν,
2500 2327 2617 2380 ἀλλ’
2654 2328 2785 2381 αὐτὸ
2814 2328 3060 2399 Πνεῦμα.
3107 2327 3256 2393 Ἑνδς
3308 2330 3418 2401 γὰρ
3440 2331 3592 2396 ὄντος
3626 2332 3721 2387 τοῦ

2159 2419 2291 2472 Υίοῦ
2323 2417 2418 2470 τοῦ
2455 2419 2655 2483 ζῶντος
2678 2418 2876 2487 Λόγου,
2904 2420 3035 2488 μίαν
3064 2416 3207 2474 εἷναι
3263 2421 3345 2474 δεῖ
3372 2422 3585 2476 τελείαν
3628 2426 3723 2475 καὶ

2160 2508 2340 2579 πλήρη
2365 2508 2462 2577 τὴν
2490 2508 2820 2578 ἀγιαστικὴν
2845 2510 2943 2562 καὶ
2996 2498 3333 2581 φωτιστικὴν
3375 2508 3726 2583 ζωὴν,οὗσαν

2159 2597 2442 2668 ἐνέργειαν
2473 2598 2639 2650 αὐτοῦ
2664 2598 2759 2651 καὶ
2784 2599 3021 2670 δωρεάνσ
3072 2617 3092 2650 ι
3120 2601 3242 2671 ἦτις
3271 2602 3336 2653 ὲκ
3363 2602 3459 2671 τοῦ
3514 2603 3729 2672 Πατρὸς

2158 2688 2379 2756 λέγεται
2415 2690 2834 2760 ἐκπορεύεσθαι,
2866 2689 3055 2761 ἐπειδὴ
3087 2693 3150 2744 ὲκ
3183 2693 3278 2745 τοῦ
3333 2693 3465 2747 Υίοῦ
3506 2695 3602 2747 τοῦ
3663 2697 3729 2748 ὲκ

2159 2782 2251 2832 τοῦ
2280 2781 2491 2850 lla-cpi);
2521 2780 2960 2851 ὁμολογουμένου
2976 2781 3248 2852 ἐκλάμπει
3270 2782 3366 2836 καὶ
3394 2784 3728 2838 ἀποστέλλε-

2155 2890 2249 2927 ⁴ται
2278 2875 2374 2927 καὶ
2401 2875 2621 2937 δίδοται.

2226 2964 2330 3019 Καὶ
2360 2964 2515 3018 τοῦτο
2546 2965 2603 3018 δὲ
2639 2965 2938 3031 ἀναγκαῖον
2968 2963 3169 3017 εἰδέναι
3196 2980 3211 2995 ο
3246 2963 3505 3028 πολλάκις
3535 2968 3604 3020 τὰ
3634 2967 3731 3021 ἐπὶ

2158 3058 2267 3111 τῶν
2300 3057 2610 3127 προσώπων
2642 3058 2914 3126 λεγόμενα
2952 3056 3196 3126 ὀνόματα
3224 3058 3597 3124 λαμϐάνονται
3635 3060 3731 3113 ἐπὶ

484 3149 734 3206 absolute
773 3149 939 3203 sumi.
978 3147 1039 3203 V.
1085 3163 1168 3215 gr.
1202 3148 1345 3203 Deus
1378 3150 1491 3218 ipse
1535 3158 1682 3204 totus
1711 3160 1762 3204 et
1811 3150 2056 3205 absolute

2158 3149 2251 3203 τοῦ
2295 3151 2419 3203 ὅλου
2450 3150 2585 3203 Θεοῦ
2617 3149 3060 3218 ἁπολελυμένως.
3101 3144 3250 3215 Οἵον,
3287 3150 3316 3202 6
3350 3151 3483 3212 Θεὸς
3503 3151 3725 3217 λέγεται

412 3242 420 3257 ‘
486 3244 689 3296 dicitur
720 3240 987 3310 sapientia
1013 3280 1028 3305 ,
1057 3238 1217 3295 Pater
1240 3241 1448 3295 scilicet
1472 3250 1525 3296 et
1550 3239 1719 3295 Filius
1741 3254 1795 3296 et
1825 3242 2059 3311 Spiritus

487 3344 713 3389 sanctus
743 3351 757 3387 :
792 3335 889 3389 sed
915 3346 968 3390 et
1000 3334 1173 3389 Filius
1205 3333 1468 3402 sapientia
1496 3333 1719 3388 dicitur.
1755 3334 1933 3387 Alium
1960 3334 2059 3403 igi-

487 3437 579 3482 tur
615 3436 937 3497 conceptum
968 3427 1253 3491 habemus,
1290 3441 1412 3481 eum
1469 3427 1534 3481 de
1568 3424 1703 3480 Filio
1730 3465 1745 3491 ,
1784 3427 2060 3495 aliumque

486 3536 611 3575 cum
644 3520 709 3574 de
753 3520 870 3590 ipso
901 3518 1010 3574 Deo
1047 3534 1247 3574 nomen
1297 3528 1615 3587 usurpatur.
1653 3517 1788 3573 Nam
1830 3519 1897 3573 de
1948 3518 2059 3573 Deo

486 3609 705 3677 quidem
756 3609 1003 3662 absolute
1065 3609 1298 3671 dicitur,
1354 3610 1685 3677 perindeque
1739 3608 2059 3677 intelligitur

488 3701 648 3755 l‘atcr
674 3700 940 3769 sapientia
971 3710 1024 3754 et
1066 3698 1240 3755 Filius
1270 3700 1531 3770 sapientia
1590 3710 1643 3754 et
1678 3698 1915 3769 Spiritus
1966 3714 2057 3753 sa-

489 3793 845 3860 pientia,ceu
902 3808 1047 3847 unus
1104 3792 1319 3861 sapiens
1378 3806 1595 3861 unaque
1649 3791 1940 3860 sapientia.
1999 3790 2056 3843 In

489 3881 625 3937 Filio
659 3892 864 3944 autem.
897 3881 1151 3937 discrete.
1180 3880 1349 3935 Filius
1380 3883 1524 3934 cnim
1556 3881 1734 3950 genita
1773 3881 2056 3950 sapientia,

487 3990 597 4029 non
620 3975 762 4029 idem
800 3984 886 4028 est
915 3988 979 4027 ac
1012 3972 1168 4026 Pater
1208 3972 1473 4039 sapientia
1507 3972 1752 4040 gignens,
1802 3971 1884 4025 vel
1918 3971 2056 4024 idem

487 4084 552 4122 ac
580 4065 843 4133 Spiritus,
872 4064 1015 4133 quad
1049 4063 1301 4116 nimirum
1354 4064 1419 4116 ad
1454 4064 1502 4114 id
1539 4063 1767 4127 attinet,
1796 4061 1938 4130 quod
1977 4073 2061 4116 est

490 4154 656 4224 gigni.
697 4152 960 4206 Similiter
990 4161 1042 4203 et
1086 4149 1244 4202 Pater
1281 4147 1401 4200 Filii
1443 4147 1646 4215 proprii
1697 4147 1935 4201 dicitur:
1972 4145 2057 4199 di-

488 4246 632 4298 ritur
678 4259 806 4297 vero
835 4254 888 4297 et
937 4249 1237 4303 creaturrc,
1292 4241 1386 4295 sed
1428 4238 1851 4307 unumquodque
1901 4239 2059 4292 modo

491 4336 752 4406 proprio,
812 4342 869 4387 ut
904 4330 1066 4399 paulo
1125 4338 1250 4384 ante
1305 4330 1640 4383 dicebamus.
1694 4329 1772 4383 Ac
1814 4344 2055 4394 rursum,

488 4428 689 4482 dicitur
740 4424 904 4480 Pater
958 4431 1013 4478 et
1048 4420 1220 4478 Filius
1271 4431 1327 4477 ct
1378 4419 1637 4491 Spiritus,
1694 4423 2058 4476 communiter

2159 3240 2321 3309 σοφία
2375 3241 2573 3302 κοινῶς
2598 3241 2687 3293 καὶ
2729 3239 3169 3309 ἀπολελυμένως,
3209 3241 3236 3292 ὁ
3270 3239 3474 3307 Πατὴρ,
3508 3239 3536 3289 ό
3571 3239 3717 3301 Υἱὸς,

2157 3329 2252 3382 καὶ
2291 3330 2351 3381 τι
2384 3329 2544 3397 ἆγιον
2578 3329 2807 3398 Πνεῦμα
2828 3345 2839 3356 ·
2893 3328 3029 3381 ἀλλὰ
3049 3329 3266 3395 λέγεται
3292 3326 3383 3380 καὶ
3406 3327 3434 3378 ό
3484 3325 3609 3387 Υἱὸς
3628 3341 3718 3377 σο-

2158 3420 2275 3489 φία.
2345 3420 2543 3490 "sum
2592 3416 2685 3473 οὖν
2746 3419 2953 3473 ἔννοιαν
3019 3418 3217 3490 ἔχομεν
3254 3419 3349 3471 ἐπὶ
3377 3416 3583 3480 τούτου,
3622 3415 3721 3469 καὶ

2157 3516 2323 3583 ἄλλην
2344 3515 2430 3568 ἐπ’
2462 3514 2697 3568 ἐκείνου.
2741 3515 2861 3567 Ἐπ’
2898 3515 3110 3567 ἐκείνου
3143 3514 3241 3583 μὲν
3303 3514 3412 3582 γὰρ
3463 3510 3727 3565 ἀπολελυ-

2161 3606 2337 3671 μένως
2377 3602 2621 3670 λέγεται,
2662 3606 2759 3655 καὶ
2789 3601 2989 3671 ὁμοίως
3022 3602 3223 3653 νοεῖται
3268 3600 3297 3652 ὁ
3332 3596 3516 3667 Πατὴρ
3542 3596 3727 3665 σοφία,

2159 3697 2255 3748 καὶ
2286 3696 2313 3748 ὁ
2342 3694 2467 3755 Υἱὸς
2520 3693 2703 3761 σοφία,
2746 3693 2844 3747 καὶ
2885 3692 2943 3743 τὸ
2992 3690 3217 3760 Πνεῦμα
3268 3689 3450 3757 σοφία,
3509 3687 3585 3750 ὡς
3649 3682 3731 3751 εἷς

2161 3788 2325 3856 σοφὸς
2354 3788 2451 3840 καὶ
2486 3786 2582 3855 μία
2631 3784 2792 3852 σοφία
2817 3799 2830 3812 ·
2876 3782 3112 3836 ἐνταῦθα
3152 3783 3208 3835 δὲ
3269 3780 3732 3851 διακεκριμένως.

2168 3879 2233 3933 Ἢ
2266 3878 2376 3948 γὰρ
2427 3876 2659 3946 γεννητὴ
2691 3876 2850 3945 σοφία
2887 3878 2914 3928 6
2971 3874 3098 3937 Υἱὸς
3143 3875 3242 3926 οὐκ
3300 3872 3450 3925 ἔστιν
3501 3873 3533 3940 ἡ
3588 3872 3731 3940 αὑτὴ

2161 3970 2322 4039 σοφία
2359 3972 2422 4039 τῇ
2452 3968 2696 4036 γεννὼσῃ
2743 3966 2821 4036 τῷ
2856 3966 3054 4037 Πατρὶ,
3090 3962 3215 4017 οὕτε
3272 3962 3351 4032 τῷ
3409 3962 3732 4031 Πνεύματιο

2158 4058 2360 4130 δηλαδὴ
2400 4057 2545 4111 κατὰ
2594 4058 2655 4111 τὸ
2714 4055 3030 4123 γεννᾶσθαι.
3089 4054 3365 4117 Ὡσαύτως
3417 4053 3513 4106 κοιλ⁸
3540 4051 3733 4118 Πατὴρ

2163 4151 2262 4218 μὲν
2315 4149 2535 4218 λέγεται
2576 4146 2671 4200 τοῦ
2717 4147 2848 4199 ίδίου
2888 4146 3053 4198 ἴίοῦ·
3113 4144 3330 4211 λέγεται
3376 4143 3433 4195 δὲ
3488 4144 3588 4195 καὶ
3630 4141 3737 4210 τῆς

2160 4241 2425 4302 κτίσεως·
2481 4239 2617 4292 ἀλλὰ
2671 4237 2828 4292 ἄλλον
2877 4236 3080 4308 τρόπον
3136 4237 3419 4305 ἑκάτερον,
3472 4233 3548 4296 ὼς
3601 4234 3737 4301 περὶ

2160 4328 2348 4381 τούτου
2377 4328 2646 4395 πρότερον
2703 4328 2950 4393 εἴπομεν.
3003 4326 3107 4379 Καὶ
3136 4326 3294 4377 πάλιν
3356 4323 3574 4389 λέγεται
3628 4318 3733 4390 μὲν

2157 4424 2186 4474 ὁ
2216 4421 2404 4490 Πατὴρ
2452 4420 2547 4473 καὶ
2583 4421 2611 4471 ὁ
2639 4418 2767 4481 Υίδς
2803 4419 2900 4472 καὶ
2927 4418 2989 4470 τὸ
3014 4415 3231 4492 Πνεῦμα
3260 4414 3452 4476 κοινῶς
3482 4411 3733 4480 Πνεῦμα·

491 4516 725 4586 Spiritus
764 4536 778 4571 :
818 4514 1052 4584 Spiritus
1098 4514 1270 4580 enim,
1316 4512 1523 4582 inquit,
1558 4511 1696 4568 Deus
1734 4522 1842 4568 est:
1875 4523 1923 4567 et
1972 4515 2056 4584 qui

2172 4531 2191 4565 ι
2227 4511 2451 4581 Πνεῦμα
2468 4511 2598 4581 γὰρ,
2631 4529 2648 4562 ι
2687 4508 2872 4581 φησιν,
2912 4526 2930 4561 ι
2984 4509 3012 4563 6
3041 4507 3193 4572 Θεὸς,
3226 4504 3461 4568 καὶτοὺς
3489 4518 3739 4574 προσκυ-

561 4718 608 4750 ²²
664 4716 824 4773 Rom.
869 4716 1100 4782 vm,29.
1179 4713 1410 4769 “Hebr.
1463 4732 1499 4781 ι,
1542 4715 1594 4769 5.

555 4901 668 4971 (27)
706 4902 906 4973 Athan.
943 4902 1111 4972 Epist.
1141 4903 1175 4955 2
1202 4904 1270 4957 ad
1293 4901 1480 4973 Serap.
1516 4902 1579 4957 de
1612 4901 1813 4973 Spiritu
1837 4912 2041 4957 sancto.

556 4973 667 5039 (28)
718 4972 911 5042 Ῥῆμα
939 4974 1007 5025 δὲ
1042 4972 1178 5027 Υίοῦ
1216 4973 1283 5026 τὸ
1322 4972 1587 5041 Πνεῦμα.
1630 4972 1896 5042 Videntur
1932 4973 2046 5027 haec

484 5043 677 5111 magis
719 5041 965 5109 spectare
1021 5043 1088 5097 ad
1145 5044 1305 5111 epist.
1368 5059 1405 5096 ιι
1461 5045 1660 5097 Athan.
1730 5043 1797 5096 ad
1855 5041 2045 5111 Serap.

486 5125 608 5180 qua;
666 5109 769 5163 hoe
821 5111 996 5178 ipsum
1053 5109 1427 5180 argumentum
1497 5121 1714 5167 tractat.
1778 5112 1875 5172 Ac,
1916 5109 2046 5165 num

487 5172 755 5234 ambobus
804 5172 1068 5249 ascripta,
1103 5172 1250 5248 q'uod
1304 5181 1559 5249 frequens
1609 5184 1660 5235 in
1719 5180 1823 5235 PP.
1864 5196 2052 5234 monu-

490 5249 720 5305 mentis?
795 5248 1230 5320 Sequentia_ex
1281 5248 1482 5304 Athan.
1541 5252 1699 5320 epist.
1762 5251 1877 5314 illa,
1938 5250 2053 5319 ipsa

488 5321 742 5384 illustria,
793 5321 846 5372 in
894 5327 1086 5372 neutra
1118 5318 1311 5371 harum
1361 5334 1480 5386 quae
1513 5318 1748 5383 exstant,
1785 5320 1919 5373 mihi
1959 5318 2053 5373 oc-

486 5401 753 5457 currunt;
785 5388 1002 5458 aliaque
1034 5389 1322 5457 scripsisse
1358 5389 1710 5442 Athanasium
1735 5399 1785 5444 et
1809 5389 2053 5459 pleniora

486 5476 552 5515 eo
584 5461 702 5531 ipso
741 5468 1085 5531 argumento,
1124 5473 1220 5531 pro
1252 5459 1371 5531 ejus
1401 5459 1704 5531 majestate,
1724 5470 2054 5531 argumento

485 5528 767 5600 estfquod
802 5530 917 5598 ipse
962 5528 1117 5583 initio
1147 5528 1261 5600 fere
1292 5528 1489 5600 prioris
1527 5528 1813 5600 Epistula,
1855 5532 1905 5582 in
1946 5545 2055 5600 su-

488 5597 797 5667 perioribus
826 5597 896 5655 de
924 5614 990 5654 eo
1017 5599 1304 5668 scripsisse
1339 5599 1435 5660 ait,
1470 5597 1611 5667 quod
1647 5601 1697 5652 in
1737 5601 1886 5653 omni
1913 5597 2051 5668 “fere

484 5685 637 5724 sacra
672 5670 974 5739 Scriptura,
1032 5667 1263 5739 Spiritus
1298 5677 1509 5722 sanctus
1538 5671 1627 5738 qui
1666 5670 1863 5722 dicitur
1894 5667 2048 5739 Filii,

486 5739 622 5791 idem
662 5738 874 5792 dicatur
901 5756 1011 5792 esse
1044 5738 1159 5794 Dei.
1201 5740 1275 5793 Τὸ
1330 5739 1552 5808 Πνεῦμα
1581 5740 1641 5791 τὸ
1691 5740 1846 5808 ἅγιον
1896 5738 2052 5804 λεγόν

489 5823 648 5874 μενον
679 5808 772 5859 τοῦ
821 5809 971 5873 Υἱοῦ,
1004 5810 1160 5862 τοῦτο
1200 5810 1415 5878 λέγεται
1446 5806 1539 5861 τοῦ
1564 5810 1698 5861 (θεοῦ
1733 5806 1891 5862 εἶναι.
1930 5808 2048 5873 Quo

2160 4906 2397 4977 maxime
2426 4915 2635 4977 spectat
2665 4906 2753 4977 hic
2782 4904 3013 4977 adducta
3040 4897 3401 4977 altctoritas__:_
3422 4890 3737 4977 proltﬁf‘l',”

2156 4976 2395 5029 maxime
2436 4962 2861 5045 processionem
2922 4971 3183 5045 Spiritus_
3217 4982 3247 5019 a
3304 4962 3486 5045 Filio,_
3516 4962 3609 5045 qui
3676 4962 3734 5039 in

2159 5052 2369 5097 tantum
2429 5030 2642 5102 dicatur
2673 5060 2735 5097 ex
2782 5045 2937 5097 Patre
2964 5030 3299 5111 'proeedere,
3343 5030 3487 5111 quod
3534 5030 3737 5111 εἰτοῦ

2160 5096 2301 5188 Υῐοῦ,
2351 5096 2641 5188 ικῐάρἦέῐ,
2679 5096 2909 5188 ἐπαίρει,
2937 5096 3161 5188 oritur,“
3176 5096 3408 5188 splendet
3451 5113 3515 5188 ea:
3539 5096 3737 5188 itif),

2158 5183 2248 5253 qui
2286 5184 2393 5251 ipse
2444 5168 2982 5253 omniumw'sen’len'tia
3018 5195 3080 5231 ea:
3116 5168 3280 5253 Patre
3311 5183 3409 5253 est_.
3457 5168 3738 5253 cautissi-

2160 5238 2635 5323 t'uus'disputator
2666 5252 2890 5307 Calecas
2938 5260 3144 5309 noster,
3190 5246 3271 5298 sic
3314 5241 3588 5323 vulgaiu'"
3627 5238 3739 5323 if”

2159 5324 2361 5391 quendi
2409 5318 2629 5377 modum
2664 5323 2944 5392 gentilium
2977 5319 3565 5392 suorunrprcsecutus
3617 5318 3729 5392 est2

2164 5378 2222 5445 ut
2270 5395 2628 5461 gravissimas
2664 5378 3039 5461 “auctoritates
3096 5378 3382 5461 intulerit,
3411 5378 3734 5461 quibit-atad

2160 5447 2445 5517 saniorem,
2463 5447 2559 5518 eos
2587 5476 2833 5523 sensum,
2862 5475 2959 5514 ceu
3000 5459 3051 5510 in
3086 5457 3164 5510 eis
3195 5469 3224 5507 a
3253 5451 3479 5506 veritate
3509 5447 3734 5525 devios,

2161 5513 2555 5587 silici—insidia
2588 5513 2833 5586 sensim,
2877 5513 3139 5597 reducere
3208 5527 3528 5597 conaretur!
3590 5513 3738 5597 nihil

2161 5584 2833 5670 queinquraninsuigillans,
2880 5599 2972 5670 sed
3008 5595 3225 5649 Patrum
3272 5584 3740 5670 sententiispillis

2159 5654 2314 5739 quasi
2336 5654 2518 5741 digito
2549 5654 2732 5724 sciam
2765 5654 3078 5739 opinionem
3120 5680 3230 5720 sua:
3271 5666 3511 5731 ipsorum
3540 5654 3741 5709 Eccle-

2160 5755 2254 5793 θέε
2278 5750 2733 5795 commonstraus.
