4056 6288
316 284 425 349 529

1302 292 1401 354 DE
1442 292 1871 355 PRINCIPIIS
1914 291 2125 354 FIDE!
2166 292 2633 355 CATHOLICAE.

3478 294 3584 356 {'30

316 402 541 469 νοῦντας
571 404 734 461 αὐτὸν
764 408 824 461 ἐν
856 421 1132 481 πνεύματι
1159 412 1256 466 καὶ
1281 413 1515 485 ἀληθείᾳ
1542 414 1624 468 δεῖ
1657 432 1899 486 προσκυ-

2024 410 2388 477 ιάονοηιειιηι,
2414 414 2467 467 in
2496 413 2687 480 spiritu
2713 417 2763 465 et
2792 411 3017 466 veritate
3041 418 3239 479 oportet
3267 409 3493 463 adorare
3513 411 3578 456 “.

321 495 430 546 νεῖν
457 510 471 525 ο
506 513 525 547 ι
558 495 675 549 ἀλλ’
699 496 889 568 ἕτερον
917 500 1121 570 τρόπον
1147 502 1382 573 λέγομεν
1412 504 1641 574 Πνεῦμα
1658 506 1895 575 Πατρός.

330 581 419 649 Ὠς
452 587 560 658 γὰρ
593 586 843 657 ὑφεστὼς
876 592 974 644 καὶ
1006 591 1130 646 καθ’
1160 594 1322 649 ἑαυτὸ
1359 595 1543 660 ίδικῶς
1580 598 1704 651 τότε
1746 598 1897 651 νοοῦ-

322 692 444 745 μεν,
478 677 575 730 καὶ
607 678 685 742 ὡς
719 682 1015 751 πρόϐλημα
1068 683 1208 753 πρὸς
1254 685 1349 740 τὸν
1400 688 1620 759 Πατέρα
1692 692 1899 758 ἀναφε-

320 766 552 836 ρόμενον
612 770 689 833 ὡς
741 771 1035 841 προϐολέα.
1101 774 1207 829 Καὶ
1250 776 1361 848 γὰρ
1428 778 1493 832 ὲκ
1537 780 1644 833 τοῦν
1686 781 1903 850 Πατρδς

318 859 703 929 ἐκπορεύεται.
735 862 837 916 Διὰ
866 863 1037 919 ταῦτα
1068 868 1167 920 καὶ
1189 872 1259 921 τα
1276 869 1369 922 ἐπὶ
1398 868 1509 923 τῶν
1532 869 1705 942 rpth
1728 886 1905 942 προσ-

315 946 485 1002 ώπων
560 949 962 1023 θεολογούμενα
1040 958 1391 1027 προσήκοντα
1457 959 1540 1013 δεῖ
1599 960 1902 1032 λαμϐάνειν

320 1041 435 1101 τοῖς
472 1039 859 1109 ὑποστατικοῖς
889 1043 1170 1117 ίδιώμασι,
1188 1049 1285 1102 καὶ
1310 1049 1388 1121 μὴ
1416 1050 1558 1105 κατὰ
1580 1050 1903 1107 τοῦτο-πλα-

319 1129 542 1185 νᾶσθαμ

925 1313 1186 1373 ΚΕΦΑΛ.
1224 1321 1301 1375 Δί.
1395 1297 1403 1303 ’

326 1423 505 1490 Τίνας
531 1423 679 1479 ποτὲ
707 1427 951 1503 εἰκόνας
981 1429 1128 1503 *περὶ
1159 1429 1478 1503 τῆςῌάγίας
1513 1431 1762 1503 Τριάδος
1798 1449 1910 1490 παι

775 1497 1135 1567 ραδιὰῖασιν
1170 1497 1229 1555 οἱ
1265 1497 1444 1571 ἅγιοι.

391 1611 515 1682 Τῆς
538 1611 596 1665 δὲ
628 1612 793 1681 ἁγίας
820 1614 1029 1686 ταύτης
1057 1616 1152 1671 καὶ
1182 1617 1463 1688 μακαρίας
1498 1618 1754 1687 Τριάδος,
1800 1636 1909 1675 πα-

2009 503 2204 559 Verum
2250 505 2359 557 alio
2398 505 2561 559 modo
2597 502 2861 573 Spiritum
2896 501 3075 557 Patris
3121 500 3380 555 dicimus.
3426 496 3584 551 Tune

2001 596 2146 650 enim
2181 595 2642 651 utsubsistentem
2688 608 2752 649 ac
2782 608 2878 665 per
2902 608 2959 649 se
2981 592 3199 663 proprie
3225 590 3581 645 exsistentein

2003 702 2130 741 eum
2184 686 2639 750 consideramus,
2698 694 2755 741 et
2810 685 2905 756 qui
2966 685 3116 740 velut
3167 684 3464 753 processio.
3517 681 3583 735 ad

2005 778 2221 833 Patrem
2261 779 2637 848 processionis
2675 784 3000 841 auctorem,
3048 773 3341 829 referatur.
3370 771 3581 827 Etenim

2006 870 2246 940 Spiritus
2274 870 2521 939 procedit
2549 884 2579 923 a
2624 868 2804 923 Patre.
2839 868 3133 937 Propterea
3178 866 3462 936 diligenter
3490 879 3585 919 eu-

2006 962 2235 1017 randum
2267 970 2328 1016 ut
2352 976 2473 1031 quae
2518 961 2571 1014 in
2624 961 2801 1015 tribus
2828 960 3077 1031 personis
3105 972 3435 1027 usurpamus
3459 997 3473 1018 ,
3506 957 3588 1010 di-

2009 1056 2134 1110 vina
2164 1054 2408 1117 nomina,
2445 1053 2578 1108 talia
2643 1060 2997 1107 assumantur
3022 1092 3038 1117 ,
3084 1065 3206 1120 quae
3245 1048 3588 1119 proprietati-

1920 1166 1945 1192 κ
2008 1148 2111 1203 bus
2143 1146 2528 1217 personalibus
2555 1145 2930 1211 conveniant,
2963 1151 3017 1199 et
3060 1156 3127 1198 ne
3155 1141 3211 1196 in
3254 1156 3317 1196 ea
3358 1155 3417 1197 re
3442 1140 3591 1196 deci-

2009 1239 2247 1309 piantur.

2610 1329 2843 1387 CAPUT
2893 1328 2986 1385 IV.

2116 1446 2246 1513 Quae
2269 1446 2483 1501 tandem
2507 1445 2797 1499 simulacra
2826 1460 2889 1497 ac
2913 1442 3172 1513 imagines
3202 1439 3266 1493 de
3289 1446 3482 1493 sancta

2437 1515 2700 1570 Trinitate
2726 1514 2897 1568 sancti
2921 1514 3165 1566 tradant.

2083 1633 2256 1687 Porro
2284 1638 2484 1687 sancta:
2526 1630 2687 1697 hujus
2736 1642 2799 1683 ac
2831 1627 3002 1683 beata:
3046 1622 3334 1679 Trinitatis
3382 1619 3589 1675 nullum

328 1705 605 1775 ράδειγμα
635 1706 955 1799 καὶδίκύνα
1000 1709 1125 1763 τινὰ
1165 1709 1375 1763 οίκείαν
1406 1710 1513 1763 ἀπὺ
1539 1711 1652 1766 τῶν
1694 1712 1908 1784 ἀνθρω-

2024 1723 2236 1794 aliquod
2279 1738 2345 1778 ex
2377 1721 2632 1776 humanis
2676 1720 2840 1774 rebus
2889 1716 3200 1786 exemplum
3247 1728 3312 1767 ac
3361 1711 3592 1767 simula-

326 1800 507 1853 πίνων
535 1800 637 1852 οὐκ
667 1798 785 1854 ἐστι
828 1800 1036 1864 λαϐεῖν,
1066 1803 1165 1873 τῆς
1193 1805 1334 1876 ὑπὲρ
1361 1806 1542 1860 πᾶσαν
1574 1806 1763 1861 οὐσίαν
1811 1808 1907 1862 καὶ

325 1892 517 1951 πᾶσαν
562 1890 749 1960 νόησιν
804 1893 1156 1962 ἀσυγκρίτως
1228 1894 1805 1967 ὑπερανῳκισμένης.⁵
1841 1897 1908 1953 Τί

326 1985 395 2037 ἂν
422 1983 514 2054 εἴη
570 1984 927 2054 παράδειγμα
959 1986 1051 2040 καὶ
1086 1986 1253 2040 είκὼν
1297 1988 1477 2043 οἰκεία
1526 1990 1636 2045 sua
1676 1991 1785 2045 τῶν
1820 1993 1914 2047 ἀν-

327 2076 627 2145 θρωπίνων
656 2075 1069 2148 λαμϐανομένη,
1100 2077 1135 2132 a
1169 2080 1235 2151 δὴ
1266 2080 1448 2135 πάντα
1482 2084 1542 2136 δν
1573 2083 1789 2151 γενέσει
1815 2086 1912 2139 καὶ

328 2164 515 2235 φθορᾷ
542 2165 639 2218 καὶ
670 2164 828 2235 ῥύσει
849 2167 941 2219 καὶ
970 2167 1242 2239 μεταϐολῇ
1263 2168 1506 2239 διηνεκεῖ
1531 2172 1910 2244 καθορῶνται;

330 2254 531 2325 Ὅμως
559 2255 750 2326 ὥσπερ
778 2258 843 2309 ὲκ
874 2257 986 2309 τῶν
1016 2258 1143 2324 καθ’
1168 2261 1322 2329 ἡμᾶς
1345 2262 1511 2315 αὐτὸν
1545 2263 1912 2335 ὀνομάζομεν,

332 2345 423 2401 ῐνα
457 2348 535 2419 μὴ
563 2348 825 2418 ἅμέτοχοι
853 2342 1008 2418 ὦμεν
1028 2350 1128 2425 τῇς
1168 2351 1335 2405 αὑτοῦ
1369 2354 1723 2422 ἐπιγνώσεως
1756 2349 1916 2429 (ὅπερ

332 2439 403 2493 δι’
433 2439 646 2507 ἄφατον
684 2439 983 2512 εὐδόκησεν
1030 2442 1367 2514 ἀγαθότητα,
1404 2446 1546 2500 κατὰ
1577 2447 1669 2502 τὸν
1718 2450 1782 2502 ὲκ
1813 2452 1918 2503 Δα-

339 2531 557 2601 μασκοῦ
591 2532 873 2585 θειότατον
909 2532 1070 2606 [29]),
1101 2536 1161 2588 οὐ
1192 2536 1246 2590 τί
1274 2538 1389 2592 ἔστι
1415 2537 1514 2610 τὴν
1544 2540 1711 2609 φύσιν
1748 2541 1918 2595 αὐτοῦ

339 2624 677 2688 δεικνύντες,
700 2624 821 2678 ἀλλ’
845 2626 927 2679 ὅτι
961 2628 1079 2680 ἐστὶ
1100 2628 1368 2692 τοιοῦτος’
1396 2630 1492 2684 τὸν
1519 2632 1683 2685 αὐτὸν
1712 2634 1920 2703 τρόπον

341 2717 409 2768 hc
440 2714 648 2769 τούτων
696 2714 793 2769 καὶ
827 2715 929 2787 τὴν
978 2718 1277 2789 ὁμοιότητα
1310 2720 1543 2789 ἕλκομεν
1588 2723 1685 2774 καὶ
1717 2723 1920 2776 altovi-

344 2799 514 2873 ζομεν
545 2806 729 2868 αὑτὸν,
758 2807 845 2860 ἵνα
889 2810 972 2871 είς
1012 2810 1263 2879 ἀμυδρὰν
1295 2810 1508 2865 ἔννοιαν
1541 2812 1785 2884 ἔλθωμεν
1821 2815 1923 2886 τῆς

349 2894 601 2965 ἐνότητος
653 2899 750 2951 καὶ
788 2900 888 2968 τῆς
925 2900 1037 2954 τῶν
1063 2903 1234 2972 τριῶν
1261 2901 1574 2971 προσώπων
1634 2905 1920 2977 ἰδιότητος.

354 2985 471 3038 Καὶ
499 2988 606 3056 γὰρ
638 2990 773 3059 μετὰ
800 2991 901 3059 τῆς
927 2991 1181 3061 ἑνότητος
1209 2996 1303 3047 καὶ
1328 2994 1427 3066 τὴν
1447 2995 1721 3065 διάκρισιν
1754 2999 1922 3068 ἀναγ-

356 3078 510 3130 καῖον
545 3080 847 3151 ὁμολογεῖν·
878 3080 967 3135 ἴνα
996 3083 1219 3139 Μονάδα
1252 3086 1310 3139 ὲν
1346 3085 1537 3157 Τριάδι
1567 3086 1664 3141 καὶ
1712 3089 1923 3159 Τριάδα
1949 3068 1990 3127 C

353 3165 419 3222 ιν
440 3169 639 3227 Μονάδι
681 3172 1058 3247 πιστεύωμεν.

421 3447 746 3519 Βουλόμενοι
777 3449 959 3504 τοίνυν
987 3450 1036 3504 oi
1065 3450 1215 3521 ἅγιοι
1261 3452 1358 3507 καί
1385 3469 1510 3508 τινα
1555 3453 1759 3508 διδόναι
1793 3455 1931 3524 ἡμῖν

343 3538 557 3603 εἰκόνα.
591 3540 734 3595 ὥστε
772 3542 871 3611 τὴν
917 3543 1047 3611 μίαν
1092 3546 1310 3612 εκείνην
1339 3545 1435 3596 καὶ
1464 3546 1708 3614 ἄρρητον
1735 3545 1927 3599 οὐσίαν

340 3627 480 3697 τρία
526 3632 797 3700 πρόσωπα
850 3631 1231 3684 ίδιοῦπόστατα
1282 3632 1701 3700 φαντάζεσθαι,
1748 3635 1776 3686 ό
1831 3634 1932 3704 μὲν

341 3722 622 3789 θεολόγος
670 3722 976 3791 Γρηγόριος
1021 3723 1173 3790 λέγει
1203 3724 1338 3794 ('50),
1384 3742 1404 3779 ι
1451 3725 1764 3795 ὐφθαλμόν
1811 3745 1935 3781 τινα

342 3815 456 3866 καὶ
487 3814 672 3881 πηγὴν
698 3815 791 3867 καὶ
818 3814 1067 3884 ποταμὸν
1085 3816 1368 3887 ἐνενόησα⁶
1410 3835 1428 3868 ι
1461 3819 1553 3871 καὶ
1589 3836 1607 3869 ι
1632 3818 1800 3871 Πάλιν
1813 3820 1934 3889 (51)

342 3903 511 3973 ἥλιον
566 3903 915 3974 ἐνεθυμήθην
956 3907 1163 3961 ’ἀκτῖνα
1214 3907 1311 3961 καὶ
1363 3906 1500 3978 φῶς.
1541 3925 1560 3959 ι
1617 3908 1727 3961 Καὶ
1771 3908 1935 3963 πάλιν

345 3994 546 4064 φησὶν,
596 4014 616 4048 ι
652 3996 866 4067 Ὠσπερ
898 3997 1006 4068 γὰρ
1057 3998 1114 4050 ai
1167 3997 1264 4052 τοῦ
1299 4000 1479 4067 φωτὸς
1533 3999 1754 4063 ἀκτῖνες
1800 4000 1938 4070 ἁμέ-

347 4102 543 4158 ριστον
575 4086 794 4157 ἔχουσαι
820 4089 960 4143 κατὰ
1000 4090 1162 4158 φύσιν
1189 4090 1289 4161 τὴν
1319 4090 1457 4162 πρὸς
1490 4091 1698 4161 ἄλληλα
1725 4092 1934 4163 σχίσιν,

344 4176 487 4231 οὔτε
513 4178 607 4231 τοῦ
637 4177 816 4246 φωτὸς
842 4180 1194 4251 χωρίζονται,
1228 4178 1353 4234 οὔτε
1387 4181 1640 4252 ἀλλήλων
1691 4182 1937 4252 ἀποτέμ-

345 4285 563 4334 νονται,
599 4270 697 4322 καὶ
729 4270 925 4340 μέχρις
957 4271 1119 4342 ἡμῶν
1148 4272 1251 4343 τὴν
1277 4273 1441 4344 χάριν
1470 4271 1563 4325 τοῦ
1596 4272 1774 4342 φωτὸς
1800 4274 1937 4326 ἁπο-

2011 1829 2166 1871 crum
2196 1812 2272 1868 illi
2304 1812 2585 1883 proprium
2620 1811 2749 1865 licet
2779 1822 3083 1868 assumere,
3124 1820 3249 1861 cum
3279 1803 3395 1868 illa,
3420 1814 3589 1872 supra

2010 1920 2228 1964 omnem
2269 1904 2561 1959 essentiam
2624 1914 2954 1971 omnemque
3003 1898 3200 1953 mentis
3255 1897 3588 1967 cogitatum,

2012 1998 2151 2054 citra
2181 2010 2397 2053 omnem
2425 1994 2893 2063 comparationem
2921 1990 3081 2061 longe
3114 1988 3373 2044 emineat.
3404 1983 3595 2053 Quod-
3658 2042 3663 2043 γ

2013 2103 2141 2143 nam
2182 2102 2313 2143 vero
2342 2100 2408 2141 ex
2451 2085 2708 2140 humanis
2738 2084 2902 2139 rebus
2953 2089 3232 2150 sumptum
3282 2077 3593 2146 exemplum

2016 2195 2081 2235 ac
2132 2178 2485 2235 simulacrum
2521 2177 2805 2245 proprium
2853 2174 3107 2239 exsistat,
3144 2186 3267 2241 qua:
3295 2184 3485 2225 omnes
3537 2166 3594 2221 in

2013 2270 2127 2343 jugi
2159 2277 2280 2324 ortu
2310 2277 2365 2325 et
2404 2268 2650 2331 interitu,
2676 2267 3099 2336 deﬂuxuqueac
3131 2263 3440 2318 mutatione
3462 2274 3591 2315 con-

2018 2360 2363 2430 spiciantur?
2394 2358 2548 2414 Sicut
2571 2366 2751 2413 tamen
2779 2373 2846 2413 ex
2878 2358 2944 2412 iis
2968 2370 3088 2426 qure
3110 2370 3176 2410 ex
3210 2356 3446 2409 humano
3473 2358 3599 2407 sunt

2019 2467 2122 2507 usu
2150 2450 2520 2514 nominamus,
2570 2464 2637 2503 ne
2669 2447 2790 2516 ejus
2842 2446 3063 2517 penitus
3112 2452 3364 2515 expertes
3411 2430 3599 2510 cogni-

2018 2542 2186 2597 tionis
2212 2541 2385 2596 simus
2421 2539 2604 2608 (quod
2657 2540 2730 2593 ita
2780 2537 3020 2593 voluisse
3052 2551 3117 2591 ex
3164 2535 3406 2589 bonitate
3452 2530 3597 2586 nulla

2021 2632 2313 2686 verborum
2345 2630 2395 2683 vi
2420 2626 2747 2697 explicabili,
2777 2627 3146 2681 Damascenus
3168 2624 3371 2689 docet),
3397 2636 3504 2676 non
3539 2627 3601 2673 ut

2021 2726 2139 2794 ejus
2174 2731 2447 2783 naturam,
2478 2717 2611 2788 quid
2642 2718 2734 2783 sit,
2768 2718 3147 2778 ostendamus,
3197 2714 3289 2770 sed
3328 2722 3388 2767 ut
3421 2711 3601 2781 qualis

2024 2812 2243 2868 tandem
2298 2811 2388 2873 sit,
2440 2810 2817 2870 exhibeamus,
2864 2807 3054 2862 eodem
3104 2806 3268 2860 etiam
3318 2802 3482 2857 modo
3530 2814 3599 2854 ex

2028 2904 2223 2959 iisdem
2268 2901 2683 2959 similitudinem
2726 2899 3024 2961 trahimus,
3071 2896 3357 2967 ipsamque
3402 2904 3603 2959 reprze-

2027 3005 2329 3059 sentamus.
2368 3004 2425 3048 ut
2463 2993 2530 3048 ad
2562 2992 2849 3048 obscuram
2895 2987 3121 3043 unitatis
3166 3001 3229 3040 ac
3274 2983 3437 3039 trium
3477 2994 3606 3051 per-

2025 3101 2281 3143 sonarum
2311 3083 2661 3154 proprietatis
2691 3079 3104 3151 intelligentiam
3143 3076 3456 3131 veniamus.
3483 3069 3605 3124 Etc-

2027 3181 2140 3234 nim
2187 3190 2412 3233 necesse
2461 3182 2546 3231 est
2602 3182 2661 3229 ut
2712 3186 2838 3228 cum
2893 3171 3140 3233 unitate,
3191 3163 3603 3221 distinctionem

2028 3284 2249 3340 quoque
2298 3266 2698 3331 conﬂteamur;
2748 3278 2857 3333 quo
2902 3263 3160 3316 nimirum
3216 3258 3492 3313 Unitatem
3548 3251 3605 3306 in

2028 3362 2313 3423 Trinitate,
2358 3367 2413 3411 et
2444 3354 2765 3411 Trinitatem
2800 3356 2855 3408 in
2889 3352 3105 3407 Unitate
3133 3348 3443 3403 credamus.

2103 3452 2239 3507 Cum
2276 3450 2460 3517 itaque
2502 3461 2568 3502 eo
2602 3447 2790 3500 animo
2828 3441 3003 3498 sancti
3034 3445 3260 3500 essent,
3292 3445 3352 3491 ut
3386 3432 3605 3503 aliquod

2034 3543 2193 3599 nobis
2229 3539 2588 3597 simulacrum
2629 3535 2924 3596 traderent,
2949 3544 3059 3600 quo
3083 3542 3245 3581 unam
3270 3525 3418 3580 illam
3445 3533 3610 3592 atque

2034 3646 2291 3689 arcanam
2311 3626 2631 3690 essentiam,
2651 3635 2761 3679 tres
2777 3622 3047 3677 Personas
3071 3633 3197 3674 vere
3219 3634 3282 3673 ac
3298 3631 3394 3688 per
3418 3630 3477 3672 sc
3501 3616 3613 3670 sin-

2036 3726 2191 3799 gulas
2241 3722 2570 3777 exsistentes
2621 3715 2804 3770 animo
2831 3712 3264 3782 conciperemus,
3317 3708 3613 3777 Gregorius

2037 3798 2257 3888 quidem
2288 3812 2606 3881 Theologus
2630 3808 2709 3864 sic
2738 3804 2943 3877 profert
2969 3822 2984 3859 :
3018 3822 3037 3855 ι
3064 3803 3291 3857 Oculum
3319 3798 3612 3871 quemdam

2037 3921 2092 3966 et
2127 3909 2329 3965 fontem
2354 3922 2418 3961 ac
2437 3904 2660 3958 ﬂuvium
2686 3900 2820 3955 mihi
2842 3895 3125 3970 proposui.
3160 3915 3179 3947 ο
3209 3895 3322 3951 Ae:
3354 3911 3372 3945 ι
3402 3891 3614 3946 Rursus

2040 4002 2210 4058 solem
2231 4009 2285 4055 et
2316 3998 2528 4053 radium
2552 4004 2609 4052 et
2637 3996 2815 4049 lucem
2840 3992 3094 4061 cogitavi.
3126 4007 3143 4040 ι
3175 3989 3251 4043 Ac
3276 4001 3469 4041 rursus
3497 3983 3611 4039 ait:

2048 4111 2067 4145 ι
2099 4086 2570 4158 Quemadmodum
2612 4084 2758 4139 enim
2791 4081 2933 4137 lucis
2969 4079 3128 4143 radii,
3161 4092 3287 4132 cum
3323 4074 3612 4130 indivisam

2043 4182 2183 4236 inter
2213 4195 2272 4236 se
2317 4176 2622 4234 naturalem
2651 4171 3113 4229 necessitudinem
3166 4168 3424 4231 habeant,
3457 4178 3555 4220 nec
3585 4179 3616 4217 a

2045 4274 2165 4327 luce
2196 4272 2585 4341 sejunguntur,
2630 4281 2729 4321 nec
2757 4266 2825 4319 ab
2874 4263 3104 4317 invicem
3137 4259 3505 4321 dissecantur,
3565 4263 3620 4310 et

350 4358 694 4414 στέλλουσινο
727 4362 816 4414 τὸν
845 4362 1009 4417 αὑτὸν
1037 4362 1241 4433 τρόπον
1277 4364 1374 4418 καὶ
1404 4365 1433 4418 ὁ
1461 4364 1654 4435 Σωτὴρ
1682 4365 1710 4416 δ
1741 4365 1912 4435 ήμέτε

2046 4365 2113 4419 ad
2155 4379 2256 4420 nos
2304 4377 2480 4433 usque
2537 4359 2677 4415 lucis
2730 4371 2932 4412 munus
2985 4354 3404 4408 transmittunt:
3446 4349 3529 4405 sic
3567 4356 3625 4401 ct

350 4469 458 4524 ρος
498 4454 592 4506 καὶ
618 4453 681 4505 τὺ
717 4452 947 4524 Πνεῦμα
971 4456 1031 4508 τὺ
1052 4456 1235 4523 ἅγιον,
1264 4456 1298 4527 ἡ
1330 4456 1553 4527 δίδυμος
1590 4457 1685 4510 τοῦ
1722 4458 1924 4528 Πατρὸς

2049 4456 2300 4512 Salvator
2326 4463 2513 4509 uoster
2542 4465 2607 4507 ac
2632 4448 2872 4519 Spiritus
2904 4455 3127 4500 sanctus
3160 4443 3180 4510 (
3208 4440 3384 4495 Patris
3416 4436 3622 4508 gemel-

344 4543 546 4609 ἁκτὶς,
575 4545 671 4598 καὶ
700 4546 897 4616 μέχρις
920 4546 1080 4617 ἡμῶν
1106 4548 1439 4603 διακονεῖται
1470 4548 1574 4620 τῆς
1597 4548 1854 4620 ἀληθείας
1881 4551 1943 4604 τὸ

348 4636 483 4705 φῶς
516 4635 614 4689 καὶ
638 4634 716 4705 τῷ
742 4636 920 4707 Πατρὶ
939 4638 1300 4708 συνήνωται.»
1333 4641 1444 4694 Καὶ
1462 4641 1624 4697 πάλιν
1648 4641 1785 4711 (52),
1815 4660 1833 4692 ι
1856 4641 1945 4705 '0;

346 4728 472 4799 γὰρ
503 4728 605 4781 οὐκ
634 4727 751 4780 ῑστι
777 4728 984 4799 μεταξὺ
1014 4727 1107 4783 νοῦ
1135 4731 1229 4783 καὶ
1260 4730 1616 4802 ἐνθυμήσεως
1645 4733 1738 4785 καὶ
1766 4733 1945 4804 ψυχῆς

346 4820 635 4890 διαίρεσιν
673 4819 1034 4890 ἐπινοηθῆναι
1063 4839 1189 4877 τινα
1230 4822 1327 4875 καὶ
1358 4825 1534 4892 τομήν
1554 4840 1569 4855 ο
1620 4824 1797 4887 οὕτως
1822 4824 1945 4877 οὐδὲ

349 4914 454 4971 τοῦ
510 4915 668 4983 ἁγίου
725 4917 1047 4989 Πνεύματος
1098 4918 1194 4972 καὶ
1243 4918 1337 4971 τοῦ
1394 4918 1649 4990 Σωτῆρος
1701 4921 1800 4974 καὶ
1848 4918 1945 4973 τοῦ

350 5005 583 5075 Πατρδς
636 5007 696 5059 ἐν
744 5008 900 5079 μέσῳ
939 5007 1114 5079 τομὴν
1174 5007 1208 5079 ἦ
1258 5009 1530 5079 διαίρεσιν
1587 5008 1946 5079 ἐπινοηθῆναι

353 5114 524 5152 ποτε·
561 5116 580 5149 ι
615 5099 709 5151 καὶ
742 5098 906 5153 πάλιν
940 5098 1077 5169 (33),
1130 5117 1149 5151 ι
1174 5100 1501 5170 Ἀμέριστος
1541 5103 1599 5154 ἐν
1643 5102 1943 5170 μεριστοῖς,

353 5191 407 5243 εί
442 5190 531 5242 δεῖ
560 5190 845 5260 συντόμως
881 5191 1081 5259 εἰπεῖν,
1114 5192 1149 5262 ἠ
1170 5190 1383 5264 θεότης,
1420 5192 1516 5246 καὶ
1543 5186 1657 5247 οἷον
1688 5194 1745 5247 ὲν
1773 5190 1946 5263 ήλίοις

434 5365 488 5397 ³⁵
516 5361 672 5417 Joan.
700 5380 775 5429 tv,
806 5363 899 5420 Ἡ.

402 5552 559 5621 ,(εη)
593 5551 710 5621 Lib.
742 5568 781 5617 ι,
816 5568 865 5606 c.
900 5554 986 5607 ιδ.

438 5620 560 5688 (⁷50)
587 5620 737 5676 Orat.
772 5622 861 5676 37.

440 5692 558 5761 (3|)
592 5690 742 5746 Orat.
784 5692 872 5746 45.

2045 4551 2128 4604 Ius
2161 4545 2418 4617 splendor
2443 4558 2508 4597 ac
2536 4538 2767 4608 radius)
2804 4547 2858 4593 et
2882 4536 2949 4591 ad
2982 4551 3081 4589 nos
3109 4547 3284 4602 usque
3311 4530 3621 4585 ministrant

2042 4640 2288 4697 veritatis
2337 4638 2544 4700 lumen,
2592 4631 2869 4697 iidemque
2920 4626 3070 4682 Patri
3108 4623 3244 4678 uniti
3290 4630 3439 4677 sunt.
3472 4639 3492 4673 ι
3544 4623 3623 4675 Ac

2044 4745 2282 4787 rursus:
2326 4747 2343 4781 ι
2374 4720 2848 4792 Quemadmodum
2899 4718 3045 4772 enim
3090 4716 3205 4769 ﬁeri
3262 4727 3369 4768 non
3426 4719 3623 4780 potest,

2054 4832 2114 4876 ut
2149 4821 2291 4881 inter
2316 4824 2550 4873 mentem
2587 4823 2642 4868 et
2672 4809 3056 4881 cogitationem
3104 4805 3458 4873 animumque
3488 4803 3629 4857 divi-

2054 4913 2138 4966 sio
2165 4909 2275 4963 ulla
2303 4922 2367 4961 ac
2397 4904 2652 4960 dissectio
2705 4899 3059 4968 intelligatur,
3131 4897 3212 4951 sic
3262 4909 3440 4959 neque
3494 4893 3619 4961 Spi—

2054 5000 2192 5054 ritus
2250 4995 2425 5052 sancti
2479 5008 2544 5048 ac
2595 4990 2893 5045 Salvatoris
2940 4987 3226 5057 Patrisque
3281 4985 3454 5041 media
3514 4985 3621 5039 ulla

2056 5104 2297 5161 unquam
2326 5086 2582 5143 dissectio
2607 5099 2670 5139 ac
2698 5082 2900 5137 divisio
2930 5081 3305 5137 intercessisse
3335 5075 3622 5148 cogitanda

2056 5158 2166 5242 est.
2191 5202 2211 5236 ι
2248 5186 2323 5237 Ac
2364 5193 2599 5236 rursus:
2635 5196 2653 5230 ι
2696 5175 2980 5232 individua
3015 5176 3068 5229 in
3107 5174 3343 5231 dividuis
3370 5173 3388 5242 (
3418 5182 3475 5224 ut
3511 5180 3623 5222 uno
3722 5158 3725 5163 ’

2133 5547 2246 5615 (52)
2266 5546 2431 5602 ’Orat.
2461 5546 2550 5598 45.

2132 5618 2243 5686 (55)
2275 5620 2423 5671 Orat.
2451 5616 2517 5670 57
2533 5655 2545 5667 .
