4036 6262
390 352 395 361 .
479 295 578 360 531

1742 311 2140 374 MANUELIS
2171 313 2478 376 CALECIE

3639 310 3739 374 532‘

482 409 644 466 verbo
690 410 917 483 dicam)
967 414 1193 483 Deitas;
1247 432 1314 473 ac
1358 419 1508 474 velut
1550 419 1605 474 in
1644 421 1816 477 tribus
1853 424 2040 478 solibu:

2160 428 2340 497 τρισὶν
2367 428 2614 498 ἀλλήλων
2650 427 2952 499 ἐχομίνοις,
3004 428 3104 495 μία
3137 426 3231 479 τοῦ
3265 427 3444 495 φωτὸς
3496 423 3726 497 σύγκρα-

478 500 621 556 inter
651 517 709 559 se
740 505 1169 572 cohaerentibus,
1201 523 1313 565 una
1331 509 1472 565 lueis
1502 512 1813 568 commistio
1838 523 1896 568 et
1916 530 2054 570 con-

478 597 822 663 temperatio.
855 618 875 652 ο

549 686 830 759 Nyssenus
863 706 1087 761 quoque
1133 696 1183 749 lu
1224 694 1491 752 Oratione
1516 698 1587 753 de
1614 697 1818 768 Spiritu
1864 710 2056 755 sancto

474 778 738 838 adversus
782 783 1207 843 Macedoniauos
1266 790 1382 844 ait:
1431 790 1538 845 «in
1585 792 1787 860 quibus
1822 807 1884 848 ea
1928 806 2055 861 quae

474 871 543 926 ad
579 874 781 928 bonum
830 887 1062 945 spectat,
1102 882 1384 949 operatio,
1438 879 1575 939 nihil
1620 884 1805 940 minus
1848 894 1944 939 aut
1968 885 2055 942 dic

474 980 695 1021 versum
734 967 917 1031 habet,
947 973 1223 1040 quomodo
1251 975 1454 1030 rationi
1474 987 1906 1033 consentaneum
1942 987 2050 1045 est,

478 1065 533 1108 ut
562 1056 652 1124 qui
681 1060 893 1113 numeri
930 1064 1144 1118 ratione
1193 1066 1330 1121 ordo
1354 1075 1461 1133 est,
1492 1067 1725 1124 minoris
1768 1071 2050 1138 cujusdam

475 1151 829 1219 perfectionis
855 1158 1097 1214 naturali
1124 1160 1469 1225 diversitate,
1506 1163 1738 1234 signum.
1760 1180 1882 1220 esse
1908 1166 1997 1219 exi
2018 1193 2043 1208 ο

471 1244 772 1300 stimetur?
804 1247 959 1302 Velut
991 1250 1038 1304 si
1070 1252 1194 1321 quis
1234 1253 1288 1307 in
1332 1253 1508 1308 tribus
1559 1254 1771 1311 facibus
1815 1255 2049 1311 divisam

476 1336 824 1401 conspiciens
867 1338 1169 1421 ﬂammam,
1198 1356 1306 1412 qua
1337 1342 1658 1399 diﬂ‘unditnr
1684 1361 1778 1415 per
1813 1346 2049 1401 medium

472 1429 843 1483 summitatem
869 1433 1279 1500 accendentcm,
1311 1435 1510 1492 deinde
1533 1446 1762 1503 asserat,
1789 1437 2048 1505 majorem

469 1519 523 1570 in
578 1520 761 1585 priore
810 1520 1025 1576 ﬂamma
1058 1539 1181 1579 esse
1227 1525 1489 1593 calorem,
1539 1530 1591 1582 in
1644 1529 1889 1598 sequenti
1922 1544 2050 1582 vero

467 1606 784 1665 inferiorem
812 1627 954 1679 esse,
990 1617 1297 1688 minorique
1321 1622 1633 1689 prestantia
1670 1622 2045 1677 diversitatem

470 1699 673 1756 habere
702 1721 717 1769 ;
750 1706 967 1759 tertiam
1001 1708 1256 1781 denique,
1288 1725 1389 1767 nec
1420 1712 1534 1781 ipsa
1555 1713 1669 1783 jam
1697 1712 1837 1782 ignis
1866 1712 2048 1783 appel-

2167 536 2271 583 σις.
2302 537 2324 571 ι

2235 700 2346 752 Καὶ
2374 700 2403 750 6
2428 699 2671 768 Νύσσης,
2703 700 2765 751 ἐν
2805 696 2886 767 τῷ
2929 695 3060 767 περὶ
3099 697 3194 750 τοῦ
3225 696 3385 765 ἀγίου
3410 696 3728 767 Πνεῦματος

2164 788 2304 841 κατά
2351 788 2777 843 Μακεδονιανῶν
2830 788 3020 855 φησιν,
3069 786 3229 857 ιἘφ“
3279 781 3356 843 ῶν
3403 791 3437 859 ἡ
3483 790 3625 843 κατά
3671 790 3729 844 τὸ

2162 880 2368 947 ἀγαθὸν
2394 881 2649 951 ἐνέργεια
2675 882 2938 950 οὐδεμίαν
2970 893 3274 940 ελαττωσιν
3304 883 3341 953 ἢ
3373 875 3744 952 παραλλαγὴν

2155 973 2295 1041 ἔχει,
2325 973 2441 1036 πῶς
2469 974 2617 1027 ἐστιν
2645 972 2868 1042 εῦλογον
2893 977 3001 1046 τὴν
3022 976 3165 1030 κατά
3197 975 3289 1028 τδν
3319 973 3553 1044 ἀριθμὸν
3580 974 3730 1039 τάξιν

2120 1059 2515 1130 ’ἐλαττώσεώς
2589 1084 2741 1130 τινος
2787 1068 2884 1136 τῆς
2943 1068 3083 1122 κατά
3142 1067 3304 1137 φύσιν
3374 1065 3731 1135 παραλλαγῆς

2160 1158 2367 1211 οἴεσθαι
2404 1158 2629 1227 σημεῖον
2673 1153 2814 1211 εἶναι
2841 1176 2855 1223 ;
2888 1159 3078 1229 ῶσπερ
3108 1160 3174 1213 ἂν
3204 1159 3258 1211 εί
3288 1175 3373 1220 τις
3402 1157 3553 1227 τρισὶ
3589 1157 3728 1224 λαμ·

2162 1251 2297 1303 πᾶσι
2322 1250 2661 1321 διῃρημένην
2696 1249 2911 1319 βλέπων
2954 1252 3056 1321 τὴν
3104 1251 3299 1318 φλόγα,
3345 1253 3408 1304 ἐκ
3441 1248 3731 1311 διαδόσεως

2159 1344 2249 1397 διὰ
2275 1342 2370 1396 τοῦ
2403 1344 2568 1413 μέσου
2624 1345 2686 1396 τὸ
2741 1345 2911 1413 ἀκρον
2964 1343 3263 1412 ἐξάψασαν,
3323 1342 3513 1395 ἔπειτα
3566 1358 3730 1394 κατα-

2161 1433 2416 1499 σκευάζει
2444 1434 2762 1497 πλεονάζειν
2785 1436 2849 1505 τῇ
2872 1433 3065 1505 πρώτῃ
3096 1434 3252 1504 φλογὶ
3278 1436 3378 1502 τὴν
3396 1432 3727 1502 θερμασίαν’

2156 1529 2223 1595 τῇ
2247 1526 2305 1579 δὲ
2343 1525 2541 1595 ἐφεξῆς
2581 1526 3005 1596 ὑποόεϐηκέναι,
3055 1527 3153 1579 καὶ
3214 1526 3353 1594 πρδς
3406 1523 3468 1576 τὸ
3513 1525 3729 1577 ἔλαττον

2156 1616 2300 1685 ἔχειν
2322 1617 2425 1687 τὴν
2456 1616 2841 1687 παραλλαγήν·
2883 1616 2983 1684 τὴν
3015 1616 3071 1672 δὲ
3102 1617 3297 1686 τρίτην
3337 1616 3472 1685 μηδέ
3503 1616 3614 1684 πῦρ
3649 1615 3728 1668 ἔτι

2154 1707 2434 1776 λέγεσθαι,
2484 1707 2588 1761 κᾶν
2623 1706 3024 1778 παραπλησίως
3074 1708 3229 1780 καίῃ,
3262 1706 3365 1779 καὶ
3414 1708 3603 1777 φαίνῃ.
3640 1706 3729 1761 καὶ

467 1791 670 1847 latione
728 1797 1007 1863 gaudere,
1066 1800 1166 1855 etsi
1213 1803 1439 1870 perinde
1480 1781 1670 1859 ardeat
1725 1781 2040 1873 lucemque,

2155 1799 2335 1859 πάντα
2367 1799 2437 1853 τὰ
2466 1799 2559 1853 τοῦ
2587 1800 2760 1870 πυρὸς
2788 1798 3115 1870 ἐργάζηται.
3158 1817 3178 1851 ι

471 1899 533 1937 ac
564 1902 684 1955 qua:
724 1899 852 1942 sunt
885 1889 1028 1959 ignis
1058 1892 1240 1947 omnia
1265 1892 1482 1948 eﬂiciat.
1514 1913 1534 1945 ι

539 1975 869 2035 Sanctorum
900 1995 1048 2036 vero
1095 1981 1189 2037 alii
1233 1983 1440 2039 fontem
1494 1993 1549 2042 et
1613 1984 1840 2041 ﬂuvium
1893 1986 2050 2055 palu-

465 2069 701 2140 demque
744 2070 955 2136 dixere,
1014 2071 1306 2145 ignemque
1347 2084 1403 2131 et
1437 2074 1708 2131 ﬂammam
1754 2086 1809 2131 et
1849 2076 2048 2133 lucem.

466 2158 697 2216 Divinos
730 2178 956 2231 quoque
996 2163 1256 2233 Cyrillus,
1307 2166 1544 2221 radicem
1594 2174 1651 2221 et
1685 2182 1896 2221 ramum
1932 2167 2049 2225 fru-

468 2261 732 2324 ctumque
762 2254 998 2323 accepit.
1035 2254 1361 2327 Rursusque
1392 2258 1445 2313 in
1481 2258 1875 2317 leesaurorum
1909 2259 2047 2315 libro

463 2347 547 2400 sic
586 2347 661 2400 ait
691 2364 706 2400 :
750 2364 771 2401 ι
799 2346 892 2400 Ait
938 2348 1193 2417 Christus
1223 2364 1348 2404 cum
1392 2348 1599 2405 Iudaeis
1629 2350 1955 2419 disputans:
1988 2350 2044 2407 Si

465 2446 647 2492 autem
678 2438 733 2495 in
774 2438 946 2507 digito
980 2438 1075 2495 Dei
1116 2440 1277 2508 ejicio
1300 2442 1592 2507 dir-monia,
1638 2440 1885 2511 profecto
1928 2459 2049 2512 per—

463 2529 615 2584 venit
644 2531 703 2584 in
733 2545 831 2585 vos
863 2546 1092 2602 regnum
1122 2532 1217 2587 Dei
1248 2534 1316 2588 ’δε
1353 2532 1591 2602 Digitum
1635 2534 1737 2588 hoc
1784 2533 1905 2588 loco
1932 2533 2047 2603 Spi-

464 2619 627 2675 ritum
658 2632 910 2679 sanctum
941 2632 1118 2689 vocat,
1150 2624 1244 2693 qui
1283 2640 1349 2679 ex
1381 2623 1577 2677 divina
1599 2623 1909 2678 substantia
1957 2639 2047 2677 ve—

462 2709 546 2765 lut
577 2720 889 2779 enascatur,
927 2727 1105 2783 exque
1129 2713 1220 2770 illa
1254 2723 1448 2769 natura
1489 2715 1751 2782 pendeat,
1785 2712 1926 2771 haud
1959 2729 2046 2768 se-

464 2817 562 2855 cus
600 2818 667 2859 ac
696 2804 901 2873 digitus
933 2821 1000 2859 ex
1035 2821 1197 2860 manu
1236 2806 1499 2861 humana.
1532 2806 1748 2861 Etenim
1786 2807 1877 2861 Dei
1912 2808 2041 2861 bra-

463 2894 645 2948 chium
679 2903 842 2964 atque
891 2898 1167 2951 dexteram
1209 2896 1406 2953 Filium
1442 2898 1859 2955 vocantdivinae
1890 2899 2039 2956 Scri-

465 2994 664 3051 ptum,
695 2987 1010 3051 cuiusmodi
1042 2997 1127 3043 est
1152 2989 1330 3045 illud:
1365 2988 1605 3046 Salvavit
1661 2986 1784 3046 eum
1819 2992 2039 3047 dextera

456 3074 598 3139 eius,
628 3084 684 3129 et
716 3074 998 3130 brachium
1031 3089 1279 3132 sanctum
1310 3081 1429 3149 ejus
1468 3082 1534 3134 ".
1575 3082 1635 3135 Et
1666 3098 1881 3149 rursus,
1938 3082 2042 3136 Do-
2070 3109 2111 3168 α

461 3164 632 3229 mine,
681 3165 961 3220 excelsum
997 3167 1286 3222 brachium
1338 3178 1515 3234 tuum,
1548 3183 1601 3225 et
1632 3185 1738 3225 non
1772 3185 2038 3241 cognove-

460 3257 613 3312 runt,
642 3261 1039 3321 cognoscentes
1071 3264 1254 3309 autem
1301 3252 1709 3310 confundentur
1733 3257 1800 3310 ’⁷.
1833 3257 2039 3323 Quem-

458 3342 753 3396 admodum
802 3343 968 3415 igitur
1021 3344 1310 3402 brachium
1377 3358 1576 3403 natura
1651 3351 1747 3405 toti
1821 3355 2037 3421 corpori

456 3442 776 3489 consertum
812 3440 918 3503 est,
967 3443 1163 3489 cuncta
1196 3451 1430 3505 operatus
1473 3454 1814 3510 quaecunque
1851 3444 2036 3498 animo

454 3522 696 3589 libuerit,
756 3527 1121 3597 perungitquc
1149 3542 1215 3581 ex
1264 3545 1416 3585 more
1445 3545 1565 3589 eam
1619 3531 1677 3587 in
1724 3548 1835 3587 rem
1879 3544 2038 3591 utens

453 3614 664 3683 digito:
702 3616 780 3670 sic
830 3617 923 3672 Dci
953 3620 1171 3687 quidem
1202 3618 1438 3676 Verbum
1469 3636 1535 3677 ex
1584 3623 1704 3692 ipso
1734 3633 1790 3680 et
1830 3626 1883 3680 in
1918 3628 2035 3696 ipso

455 3715 651 3765 natura
682 3716 955 3776 aptatum,
991 3719 1050 3763 ut
1088 3709 1170 3765 sic
1197 3710 1400 3777 dicam,
1441 3713 1805 3784 innatumque
1852 3717 2033 3772 consi-

451 3800 715 3853 deramus
740 3814 755 3864 ;
788 3800 856 3855 ad
886 3799 1088 3856 Filium
1125 3817 1254 3857 vero
1279 3811 1483 3863 natura
1512 3820 1575 3861 ac
1604 3807 1973 3863 essentialiter
2000 3823 2032 3863 a

450 3887 615 3942 Patre
666 3889 1065 3960 pertingentem
1122 3890 1414 3962 Spiritum,
1461 3908 1563 3965 per
1610 3911 1771 3964 quem
1821 3912 2032 3967 ungeus

451 3981 657 4045 omnia,
689 3983 981 4038 sanctitate
1008 3984 1227 4039 imbuit.
1270 3984 1387 4038 Non
1416 3999 1553 4055 ergo
1582 3995 1871 4043 extraneus
1902 3987 2033 4041 alic-

450 4060 667 4142 misque
700 4072 913 4127 videtur
947 4086 974 4125 θ
1023 4072 1221 4137 όίνίνειζ
1258 4074 1567 4130 substantia
1623 4077 1864 4148 Spiritus
1905 4093 2032 4133 san-

449 4179 591 4231 etus,
620 4164 714 4219 sed
739 4179 801 4218 ex
835 4165 947 4233 ipsa
982 4174 1037 4217 et
1080 4166 1135 4219 in
1164 4166 1279 4234 ipsa
1310 4167 1670 4224 naturaliter:
1698 4169 1845 4225 haud
1871 4186 2030 4226 secus

451 4272 515 4309 ac
544 4257 749 4325 digitus
780 4256 836 4311 in
880 4272 1045 4312 manu
1081 4258 1155 4312 illi
1206 4273 1520 4329 congeneus
1566 4271 1688 4328 est;
1727 4277 1791 4318 ac
1837 4280 2029 4321 rursus

450 4366 647 4405 manus
669 4351 724 4404 in
751 4364 1001 4420 corpore,
1028 4352 1167 4405 nihil
1249 4354 1521 4410 diversam
1554 4355 1622 4410 ab
1666 4372 1733 4412 eo
1770 4357 2027 4415 substan-

2226 1977 2412 2033 ’Δλλοι
2462 1977 2524 2033 δὲ
2574 1980 2684 2031 τῶν
2733 1977 2906 2046 ἁγίων
2953 1977 3142 2048 πηγὴν
3192 1978 3287 2031 καὶ
3334 1977 3583 2045 ποταμὸν
3628 1977 3723 2029 καὶ

2148 2070 2349 2142 λίμνην
2376 2071 2655 2140 εἰρήκασν
2704 2070 2801 2123 καὶ
2832 2069 2944 2139 πῦρ
2971 2072 3068 2125 καὶ
3090 2069 3274 2138 φλόγα
3315 2071 3410 2123 καὶ
3442 2069 3581 2137 φῶς.
3618 2070 3727 2121 Καὶ

2145 2164 2179 2215 6
2224 2162 2368 2226 θεῖος
2458 2161 2753 2232 Κύριλλος,
2792 2162 2948 2232 ῥίζαν
2995 2162 3089 2215 καὶ
3135 2161 3328 2215 κλάδον
3376 2162 3470 2215 καὶ
3512 2165 3727 2229 καρπὸν

2149 2255 2329 2311 ἔλαϐε.
2356 2254 2468 2308 Καὶ
2493 2256 2551 2308 ἐν
2574 2257 2637 2324 τῇ
2675 2254 2844 2325 βίϐλῳ
2880 2254 3044 2308 πάλιν
3077 2255 3189 2306 τῶν
3232 2254 3539 2324 Θησαυρῶν
3587 2254 3729 2307 οὕτω

2149 2345 2336 2413 λέγει·
2374 2362 2393 2395 ι
2431 2343 2567 2414 Φησί
2603 2360 2707 2396 που
2737 2344 2977 2410 Χριστὸς
3018 2343 3295 2406 Ἰουδαίοις
3318 2343 3725 2413 διαλεγόμενος,

2146 2437 2212 2493 Εἰ
2243 2435 2302 2489 δὲ
2332 2437 2392 2489 ἐν
2419 2434 2668 2504 δακτύλῳ
2700 2434 2836 2489 Θεοῦ
2885 2434 3135 2489 ἐκϐάλλω
3183 2436 3254 2487 τά
3296 2434 3580 2504 δαιμόνια,
3615 2433 3724 2503 ἄρα

2144 2526 2383 2594 ἔφθασεν
2415 2526 2503 2594 ἐφ’
2537 2525 2683 2596 ὑμᾶς
2734 2526 2768 2595 ἠ
2805 2524 3053 2595 βασιλεία
3089 2523 3185 2578 τοῦ
3236 2523 3403 2579 Θεοῦ.
3454 2524 3727 2579 Δάκτυλον

2144 2616 2333 2679 ἐνθάδε
2366 2616 2502 2686 φησι
2549 2615 2610 2669 τὸ
2652 2616 2883 2685 Πνεῦμα
2914 2615 2977 2669 τὸ
3000 2614 3179 2681 ἅγιον,
3220 2617 3424 2686 τρόπον
3456 2614 3582 2670 τινὰ
3628 2613 3726 2681 τῆς

2147 2708 2298 2773 θείας
2334 2709 2525 2770 οὐσίας
2577 2708 2931 2776 ἐκπεφυκὸς,
2988 2708 3083 2761 καὶ
3130 2707 3381 2777 φυσικῶς
3436 2706 3607 2775 αὐτῆς
3639 2707 3728 2759 ἐκ-

2143 2799 2520 2871 κρεμάμενον,
2552 2798 2743 2869 ὥσπερ
2769 2799 2864 2853 καὶ
2909 2799 2938 2852 6
2968 2799 3233 2864 δάκτυλος
3262 2800 3329 2853 ἐκ
3376 2799 3477 2869 τῆς
3515 2799 3730 2868 ἀνθρω-

2146 2893 2307 2962 πίνης
2355 2894 2558 2963 χειρός.
2611 2894 2880 2965 Βραχίονα
2929 2893 3033 2964 μὲν
3085 2894 3194 2964 γάρ
3250 2893 3346 2946 καὶ
3393 2891 3580 2959 δεξιὰν
3627 2891 3722 2944 τοῦ

2145 2984 2280 3037 Θεοῦ
2314 2984 2406 3037 τὸν
2439 2984 2568 3037 Υίὸν
2618 2983 2987 3041 ἀποκαλοῦσιν
3011 2985 3067 3041 ai
3110 2984 3252 3041 θεῖαι
3301 2983 3543 3055 Γραφαὶ,
3582 2983 3726 3036 κατά

2144 3076 2229 3140 τὸ,
2266 3076 2511 3129 Ἔσωσεν
2537 3075 2701 3130 αὐτὸν
2732 3078 2764 3145 ἠ
2808 3076 2961 3140 δεξιὰ
3003 3076 3193 3141 αὑτοῦ,
3225 3078 3321 3130 καὶ
3347 3077 3375 3129 6
3397 3074 3650 3144 βραχίων
3698 3073 3727 3123 6

2147 3168 2304 3233 ἅγιος
2331 3166 2522 3220 αὑτοῦ·
2557 3167 2651 3220 καλ⁵
2697 3168 2883 3234 πάλιν,
2924 3166 3123 3236 Κύριε,
3158 3166 3362 3237 ὐψηλός
3405 3182 3504 3220 σου
3533 3168 3563 3219 6
3588 3164 3727 3234 βρα-

2145 3259 2300 3329 χίων,
2326 3258 2422 3311 καὶ
2452 3258 2553 3311 οὐκ
2578 3258 2802 3329 ᾔδεισαν
2825 3274 2839 3288 ·
2889 3258 3112 3327 γνόντες
3147 3258 3203 3310 δέ
3237 3256 3723 3326 αἱσχυνθήσονται.

2147 3350 2356 3417 Ὠσπερ
2385 3332 2478 3401 οὖν
2505 3349 2534 3401 6
2566 3348 2806 3419 βραχίων
2851 3348 3100 3418 φυσικῶς
3126 3350 3464 3419 ἐνήρμοσται
3494 3346 3575 3416 τῷ
3619 3346 3727 3417 ὅλῳ

2145 3437 2379 3507 σώματι,
2416 3437 2597 3491 πάντα
2638 3438 2878 3508 ἐνεργῶν
2933 3438 3037 3492 ὅσα
3081 3438 3150 3492 ἂν
3201 3437 3330 3507 δόξῃ
3385 3438 3453 3506 τῇ
3488 3436 3722 3506 διανοίᾳ,

2144 3524 2432 3592 καταχρίει
2465 3524 2522 3577 δὲ
2560 3524 2807 3595 συνήθως
2852 3526 2929 3595 τῷ
2967 3524 3221 3595 δακτύλῳ
3268 3525 3405 3593 πρὸς
3440 3524 3605 3578 τοῦτο
3634 3542 3729 3578 κε-

2140 3615 2430 3686 χρημένος-
2461 3614 2603 3667 οὕτω
2654 3617 2744 3669 τὸν
2788 3616 2891 3685 μὲν
2937 3616 3031 3671 τοῦ
3061 3616 3200 3677 Θεοῦ
3244 3617 3417 3684 Λόγον
3459 3615 3521 3680 ἐξ
3556 3616 3728 3671 αὐτοῦ

2141 3710 2235 3762 καὶ
2266 3708 2325 3761 ἐν
2356 3707 2507 3778 αὐτῷ
2538 3708 2783 3776 φυσικῶς
2836 3709 3209 3779 ἡρμοσμένον,
3248 3707 3318 3761 ἵν’
3341 3707 3515 3771 οὕτως
3557 3707 3721 3773 εἴπω,

2140 3799 2237 3851 καὶ
2266 3799 2622 3867 ἐμπεφυκότα
2648 3798 3004 3869 λογιζόμεθα·
3038 3801 3096 3853 ἐν
3125 3800 3183 3853 δὲ
3219 3799 3298 3866 τῷ
3324 3799 3443 3867 Υἱῷ
3472 3798 3725 3866 φυσικῶς

2140 3890 2235 3944 καὶ
2273 3890 2544 3953 οὐσιωδῶς
2592 3890 2778 3960 διῆκον
2816 3891 2968 3963 παρά
3010 3892 3228 3960 Πατρὸς
3274 3893 3335 3943 τὸ
3369 3890 3616 3960 Πνεῦμα,
3654 3891 3726 3943 δι’

2139 3975 2199 4033 οῦ
2231 3980 2303 4033 τὰ
2342 3980 2525 4035 πάντα
2555 3982 2726 4052 χρίων
2756 3982 2998 4051 ἁγιάζει.
3031 3982 3244 4035 Οὐκοῦν
3291 3982 3392 4035 οὐκ
3432 3981 3716 4051 ἀλλότριον

2138 4070 2259 4124 οὐδὲ
2307 4070 2718 4141 ἀπεξενωμένον
2765 4074 2865 4142 τῆς
2913 4071 3065 4136 θείας
3122 4073 3315 4136 οὐσίας
3352 4074 3607 4140 φαίνεται
3650 4071 3712 4125 τὸ

2139 4159 2365 4229 Πνεῦμα
2390 4160 2451 4213 τὸ
2478 4162 2651 4228 ἅγιον,
2677 4161 2794 4215 ἀλλ’
2817 4165 2874 4217 ἐν
2903 4162 3043 4234 αὐτῇ
3099 4163 3197 4216 καὶ⁵
3246 4163 3305 4226 ἐξ
3347 4163 3520 4231 αὐτῆς
3551 4178 3711 4233 φυσιο

2140 4251 2273 4317 κῶς,
2303 4252 2492 4324 ῶσπερ
2520 4252 2616 4309 οὖν
2671 4254 2764 4308 καὶ
2790 4255 2817 4307 6
2848 4254 2940 4309 τοῦ
2977 4256 3229 4323 σώματος
3272 4255 3536 4319 δάκτυλος
3563 4257 3622 4307 ἐν
3650 4256 3715 4323 τῇ

2136 4342 2282 4411 χειρὶ
2319 4323 2567 4414 όμοφυὴς
2592 4341 2673 4397 ῶν
2700 4346 2864 4417 αὐτῇ·
2900 4345 3051 4415 καὶὴ
3091 4346 3216 4417 χεὶρ
3244 4344 3310 4398 αὖ
3341 4345 3504 4400 πάλιν
3544 4347 3602 4398 ἐν
3638 4344 3716 4414 τῷ

452 4442 585 4497 tiam
624 4440 851 4496 habens.
884 4461 903 4494 ι
943 4443 1062 4497 Alio
1090 4452 1273 4499 autem
1315 4445 1436 4501 loco
1464 4446 1605 4502 idem
1642 4447 1854 4503 Patrem
1910 4452 2027 4521 qni—

2145 4434 2373 4503 σώματι,
2400 4435 2497 4504 οὐχ
2528 4436 2870 4506 ἐτεροούσιος
2917 4438 3057 4507 πρὸς
3101 4437 3235 4491 αὐτὸ
3285 4438 3656 4508 τυγχάνουσα.
3687 4453 3706 4487 ι

447 4531 570 4583 dem
625 4545 807 4584 rosam
832 4532 1081 4602 stirpem,
1114 4534 1308 4589 Filium
1344 4551 1473 4592 vero
1498 4535 1711 4602 ﬂorem,
1766 4536 2030 4608 Spiritum

449 4631 703 4677 sanctqu
731 4624 955 4679 odorem
991 4628 1351 4696 nuncupavit.

520 4799 735 4857 Rursus
764 4804 940 4861 sancti
974 4817 1213 4861 mentem
1250 4815 1496 4864 nostram
1530 4825 1949 4882 Sermonemque
1979 4822 2028 4866 et

449 4889 701 4961 spiritum
731 4895 983 4965 exemplo
1007 4906 1323 4963 assumunt,
1349 4913 1456 4967 qua
1481 4900 1693 4954 ratione
1724 4900 1779 4955 in
1807 4902 2026 4956 homine

446 4990 578 5034 sunt
618 4984 707 5051 qui
742 4983 886 5040 inter
918 5000 1005 5041 res
1037 4995 1252 5043 creatas
1284 4988 1571 5045 nobilitate
1601 5000 1848 5060 praestat,
1881 5008 2021 5061 qua-

448 5080 607 5131 tenus
650 5076 715 5129 ad
756 5076 847 5131 Dei
882 5078 1174 5149 imaginem
1230 5079 1331 5135 fuit
1375 5083 1654 5139 conditus.
1688 5082 1885 5137 Verum
1922 5084 2024 5139 hoc

446 5182 665 5238 quoque
690 5170 853 5238 longe
874 5169 1059 5225 deficit
1090 5186 1120 5226 a
1148 5173 1397 5227 veritate.
1431 5173 1643 5229 Etenim
1695 5188 1879 5231 sermo
1928 5190 2025 5229 no-

443 5271 553 5316 ster
571 5276 634 5315 ex
655 5260 942 5330 disciplina
964 5264 1262 5327 accedit,ac
1276 5279 1411 5318 voce
1429 5265 1723 5331 profertur:
1747 5265 2025 5335 ferturque

441 5354 493 5407 in
526 5368 648 5407 aera
680 5392 696 5418 ,
723 5368 788 5408 ac
818 5369 913 5422 per
946 5368 1128 5410 aerem
1157 5353 1315 5409 fusus
1346 5355 1648 5424 dissipatur
1679 5371 1854 5426 neque
1882 5372 2009 5411 vere

2150 4526 2416 4595 Ἀλλαχοῦ
2442 4526 2502 4577 δὲ
2551 4529 2582 4580 6
2636 4527 2802 4590 αὐτὸς·
2830 4530 2924 4583 τὸν
2958 4530 3058 4598 μὲν
3092 4529 3318 4600 Πατέρα
3346 4528 3525 4599 ῥόδον,
3555 4527 3715 4591 ἄνθος

2136 4619 2191 4671 δὲ
2221 4617 2312 4668 τὸν
2341 4615 2493 4681 Υίὸν,
2524 4617 2619 4673 καὶ
2667 4618 2729 4671 τὸ
2764 4619 2990 4692 Πνεῦμα
3049 4618 3109 4675 τὸ
3153 4617 3310 4686 ἅγιον
3344 4618 3525 4691 ὀσμὴν
3574 4618 3713 4671 ἀπε-

2137 4708 2363 4763 κάλεσε.

2217 4801 2388 4858 Πάλιν
2419 4804 2468 4856 oi
2495 4802 2644 4872 ἅγιοι
2689 4802 2780 4858 τὸν
2827 4802 3096 4874 ἡμέτερον
3128 4802 3255 4858 νοῦν
3305 4803 3401 4858 καὶ
3431 4803 3592 4872 λόγον
3620 4804 3711 4856 καὶ

2138 4894 2357 4964 πνεῦμα
2383 4894 2753 4964 λαμϐάνουσι,
2790 4897 2979 4953 καθότι
3021 4892 3133 4953 ἀπδ
3160 4895 3255 4950 τοῦ
3290 4896 3451 4965 λόγου
3494 4884 3709 4964 ἀνθρώ·

2138 5002 2242 5037 που
2273 4985 2669 5055 λαμϐάνονται,
2702 4988 2763 5050 ὃς
2794 4990 2905 5045 τῶν
2934 4989 3111 5045 ἄλλων
3155 4990 3470 5061 κτισμάτων
3511 4984 3706 5056 τιμιώ-

2135 5081 2291 5148 τερός
2318 5082 2459 5147 ἐστι,
2481 5083 2713 5137 καθόσον
2749 5084 2869 5138 κατ’
2902 5086 3088 5139 εἰκόνα
3118 5086 3252 5140 Θεοῦ
3280 5085 3527 5154 ἐκτίσθη.
3560 5083 3699 5137 Πολὺ

2134 5171 2190 5224 δὲ
2222 5170 2318 5223 καὶ
2346 5172 2505 5225 τοῦτο
2528 5174 2652 5243 ’τῆς
2685 5175 2943 5246 ἀληθείας
2993 5176 3202 5229 ἀποδεῖ.
3258 5177 3368 5230 Καὶ
3407 5176 3516 5245 γὰρ
3543 5175 3572 5225 6
3604 5173 3703 5243 μὲν

2133 5261 2407 5331 ἡμέτερος
2454 5263 2613 5330 λόγος
2660 5267 2724 5318 ὲκ
2767 5266 3062 5337 μαθήσεως
3097 5267 3457 5335 προσγίνεται
3502 5265 3597 5319 καὶ
3618 5263 3702 5316 διὰ

2132 5355 2316 5424 φωνῆς
2346 5356 2705 5427 προφέρεται,
2755 5359 2851 5412 καὶ
2883 5357 2961 5427 τῷ
2991 5358 3117 5428 ἀέρι
3148 5360 3449 5429 ἐποχεῖται,
3485 5358 3577 5411 καὶ
3622 5356 3701 5417 είς

442 5449 680 5513 exsistit,
707 5463 769 5501 ac
801 5461 980 5517 neque
1004 5462 1219 5517 semper
1235 5456 1341 5513 est,
1364 5462 1544 5515 neque
1570 5448 1709 5503 idem
1730 5464 1795 5504 ac
1816 5450 2022 5504 mentis

2145 5445 2269 5514 ίιέρα
2307 5447 2685 5512 σκεδάννυται,
2721 5449 2817 5502 καὶ
2844 5449 3222 5512 ἀνυπόστατός
3262 5450 3404 5511 ἐστι,
3437 5450 3535 5500 καὶ
3579 5445 3699 5499 οὔτε

440 5542 743 5596 substantia
765 5551 869 5605 est,
915 5541 1010 5595 sed
1064 5540 1257 5593 exilem
1286 5541 1574 5609 quamdam
1627 5554 1693 5595 ac
1726 5539 2016 5615 obscupm

2145 5536 2215 5588 Ξιεί
2242 5539 2410 5605 ἐστιν,
2443 5538 2565 5593 οὔτε
2592 5542 2619 5593 6
2643 5540 2803 5603 αὑτός
2834 5541 2951 5595 ἐστι
2980 5543 3046 5612 τῇ
3076 5538 3173 5594 τοῦ
3209 5539 3302 5595 νοῦ
3332 5540 3493 5610 οὐσίᾳ
3514 5555 3530 5572 ο
3563 5538 3705 5608 ἀμυ-

515 5719 557 5748 ¹¹
616 5721 747 5776 Luc.
783 5736 857 5784 xl,
893 5723 983 5777 20.
1065 5725 1107 5755 ¹⁶
1164 5724 1499 5791 Psal.xcvn,
1562 5723 1609 5775 l.
1691 5724 1734 5755 ’⁷
1785 5722 1894 5777 lsa.
1958 5736 2110 5790 xxvr,
2162 5720 2250 5775 ll.
