4036 6262
325 303 431 366 533

1303 305 1404 364 DE
1447 303 1872 364 PRINCIPHS
1917 303 2132 364 FIDEI
2170 303 2647 366 CATHOLiC/E.

2635 148 2664 185 ο

3468 297 3571 362 534

320 416 452 486 δρὰν
479 414 542 466 δὲ
574 413 674 484 τὴν
722 412 1006 468 κοινωνίαν
1033 414 1148 484 ἔχει
1182 417 1318 487 πρδς
1366 419 1459 470 τὸν
1525 418 1671 484 νοῦν,
1705 418 1895 471 καθότι

2003 435 2131 475 cum
2158 426 2344 474 mente
2363 418 2808 475 communionem
2846 398 3036 478 habet,
3054 427 3117 468 ea
3137 412 3343 470 scilicet
3361 413 3570 467 ratione

320 508 381 560 τὸ
409 495 602 575 νοηθὲν
638 503 786 574 αὑτῷ
815 503 1156 572 ἐξαγγέλλει,
1188 509 1285 560 καὶ
1315 510 1395 570 είς
1418 509 1725 577 τούμφανὲς
1739 508 1886 576 ἄγει,

321 597 414 649 καὶ
462 594 716 663 σημαίνει
743 593 836 649 τὸν
865 594 1015 650 ἔνδον
1045 595 1212 663 λόγον
1250 597 1439 659 ὁποῖός
1483 598 1566 661 τίς
1612 599 1782 652 ἐστιν.
1833 599 1890 651 ’0

317 687 375 740 δὲ
403 685 498 740 τοῦ
527 685 661 738 Θεοῦ
689 685 864 752 Λόγος
887 686 1256 750 ὲνυπόστατός
1282 688 1424 750 ἐστι,
1458 689 1553 741 καὶ
1583 689 1678 742 ﬁsi.
1703 687 1850 741 εστιν
1873 705 1886 720 ·

320 777 378 828 οὐ
414 775 523 844 γὰρ
555 771 623 845 ἦν
653 791 782 828 ποτε
815 775 952 838 Θεὸς
993 776 1170 844 Λόγον
1206 778 1306 832 οὒκ
1339 779 1500 847 ἔχων·
1534 779 1629 832 καὶ
1668 781 1891 848 ὶνεργδς

325 865 419 916 καὶ
468 863 876 932 παντοδύναμος
930 865 1028 918 καὶ
1078 866 1307 931 τέλειος,
1343 868 1372 918 6
1423 868 1590 930 αὐτὸς
1626 869 1704 922 ὢν
1748 873 1889 922 κατὰ

322 953 498 1005 πάντα
551 951 632 1023 τῷ
678 953 740 1016 ἐξ
772 947 835 1007 οὗ
873 955 990 1006 ἐστι
1035 956 1310 1019 συναϊδιος
1349 957 1444 1010 καὶ
1466 957 1756 1026 όμοούσιος
1796 960 1890 1013 καὶ

318 1047 644 1115 ἀχώριστος,
681 1046 774 1104 καὶ
807 1048 1202 1114 ἀνεκφοίτητος
1229 1047 1420 1102 αὐτοῦ’
1447 1053 1507 1103 οὐ
1537 1051 1680 1105 κατά
1706 1069 1761 1104 τι
1795 1053 1892 1122 μὲν

319 1133 538 1198 ἐοικὼς,
599 1135 740 1187 κατά
800 1151 855 1187 τι
908 1137 964 1188 δὲ
1011 1136 1308 1200 ἁπιοικὼς.
1377 1138 1651 1205 Ὡσαύτως
1701 1141 1896 1195 καὶτὸ
1939 1166 1942 1170 ’

321 1223 568 1292 Πνεῦμα·
601 1225 662 1276 τὸ
695 1225 794 1292 μὲν
825 1225 1095 1295 ἡμέτερόν
1145 1229 1263 1281 ἐστι
1301 1231 1440 1300 πνοὴ
1489 1232 1890 1297 ἀνυπόστατος,

322 1315 519 1376 ἔξωθεν
549 1315 767 1368 ἀπὸτοῦ
789 1316 954 1384 ἀέρος
983 1318 1274 1389 ἑλκομένη,
1299 1322 1393 1374 καὶ
1423 1321 1701 1386 ἀπεοικὼς
1729 1323 1904 1393 ἄλλης.

322 1404 380 1456 ὃν
427 1403 618 1467 οὐσίας
652 1405 804 1474 παρὰ
835 1407 932 1476 τὴν
962 1405 1058 1459 τοῦ
1089 1409 1361 1479 ἡμετέρου
1413 1410 1504 1464 νοῦ
1534 1427 1547 1442 ο
1587 1411 1646 1463 τὸ
1694 1412 1750 1464 δὲ
1800 1412 1893 1464 τοῦ

320 1493 458 1546 Θεοῦ
503 1494 662 1562 ἅγιον
697 1494 924 1564 Πνεῦμα
976 1497 1228 1564 ὑφεστὼς
1274 1500 1365 1552 καὶ
1398 1500 1765 1557 ἐνυπόστατον
1802 1504 1895 1556 καὶ

321 1585 434 1652 ζῶν
471 1585 562 1638 καὶ
595 1585 820 1650 τέλειον,
846 1584 1036 1656 ὥσπερ
1064 1589 1158 1640 καὶ
1209 1591 1239 1641 6
1268 1589 1418 1654 Υἱὸς,
1454 1592 1701 1660 ἐνεργὸν,
1733 1594 1896 1646 αὐτο-

323 1675 563 1745 κίνητον,
590 1676 940 1746 δημιουργὸν,
976 1678 1271 1750 σύνδρομον
1297 1680 1422 1750 ἔχον
1451 1684 1518 1751 τῇ
1547 1681 1766 1752 θελήσει
1797 1683 1895 1756 τὴν

321 1773 555 1842 δύναμιν
580 1789 596 1804 ο
645 1775 694 1826 εἰ
730 1774 827 1826 καὶ
866 1774 1002 1844 πρὸς
1037 1777 1156 1845 τὴν·
1184 1776 1410 1846 πρώτην
1451 1778 1654 1843 αἰτίαν,
1707 1778 1897 1848 ὥσπερ

321 1864 393 1918 τὰ
423 1864 516 1917 τοῦ
551 1864 892 1932 Μονογενοῦς
930 1866 1168 1929 ἅπαντα,
1229 1866 1376 1920 οὕτω
1433 1868 1498 1938 δὴ
1539 1869 1632 1923 καὶ
1687 1869 1756 1924 τὰ
1803 1869 1898 1925 τοῦ

322 1953 641 2024 Πνεῦματος
670 1955 1083 2025 ἀναπέμπεται,
1112 1958 1252 2011 κατὰ
1274 1957 1367 2011 τὸν
1400 1958 1662 2027 Θεολόγον
1691 1959 1902 2029 Γρηγό-

322 2063 463 2114 ριον.
492 2045 609 2099 Μία
642 2046 751 2116 γὰρ
777 2044 960 2112 οὐσία,
993 2048 1088 2100 καὶ
1114 2048 1211 2116 μία
1239 2048 1474 2118 δύναμις
1494 2051 1734 2121 Πατρὸς,
1760 2052 1894 2105 Υίοῦ

317 2139 420 2196 καὶ
459 2139 615 2207 ἁγίου
642 2138 979 2206 Πνεῦματος,
1015 2140 1155 2210 μήτε
1187 2140 1516 2210 ἀρξάμενον,
1572 2143 1716 2212 μήτε
1756 2161 1900 2198 παν-

319 2231 577 2299 σόμενον,
613 2233 676 2283 ἐκ
728 2228 824 2282 τοῦ
870 2229 1007 2282 Θεοῦ
1068 2230 1176 2283 τῶν
1226 2231 1364 2285 ὅλων
1394 2233 1493 2302 τὴν
1529 2235 1711 2287 αἰτίαν
1735 2235 1858 2305 ἔχον
1884 2252 1899 2267 ·

301 2315 717 2391 ,ἀνεκφοίτητον
751 2323 963 2394 Πατρὸς
994 2325 1089 2376 καὶ
1120 2324 1272 2379 Υἱοῦ.
1307 2325 1382 2378 Οὺ
1412 2327 1520 2395 γὰρ
1569 2326 1783 2380 ἐνέλιπε
1822 2327 1901 2398 τῷ

321 2413 501 2484 Harp!
533 2415 724 2481 Λόγος,
756 2413 880 2468 οὔτε
910 2415 985 2484 τῷ
1013 2416 1171 2486 Λόγῳ
1197 2417 1444 2487 Πνεῦμα,
1483 2419 1626 2470 κατὰ.
1654 2418 1755 2486 τὴν
1790 2419 1900 2471 τῶν

320 2505 497 2572 ἁγίων
531 2505 883 2558 διδασκαλίαν
917 2524 930 2538 ο
968 2511 1096 2575 περὶ
1127 2504 1200 2562 ὧν
1233 2509 1262 2560 6
1299 2508 1439 2572 Gaio;
1464 2510 1628 2565 Δαϐὶδ
1657 2511 1896 2581 ψάλλων,

327 2614 348 2645 s
369 2595 428 2647 Ὀ
456 2595 631 2660 Λόγος
691 2611 805 2662 σου,
836 2595 1033 2667 Κύριε,
1069 2599 1148 2660 εις
1172 2599 1264 2652 τὸν
1293 2600 1466 2653 αἰῶνα
1497 2596 1669 2670 μένει.
1704 2621 1724 2654 ›
1761 2604 1896 2666 Καὶ,

325 2701 345 2737 ι
383 2685 480 2755 Τῷ
516 2685 674 2754 Λόγῳ
712 2687 921 2755 Κυρίου
964 2688 1016 2740 οἱ
1056 2689 1276 2758 οὐρανοὶ
1321 2690 1759 2763 ἐστερεώθησαν,
1805 2695 1900 2748 καὶ

319 2776 400 2847 τῷ
442 2779 729 2848 Πνεῦματιι
777 2779 874 2832 τοῦ
917 2781 1184 2850 στόματος
1217 2782 1386 2835 αὐτοῦ
1427 2786 1576 2838 πᾶσα
1607 2787 1638 2855 ἡ
1670 2787 1901 2856 δύναμις

315 2869 525 2924 αὐτῶν.
565 2887 582 2920 s
617 2869 749 2934 Καὶ,
778 2888 798 2922 ι
824 2869 1241 2936 Ἐξαποστελείς
1285 2875 1346 2926 τὸ
1397 2874 1619 2944 Πνεῦμα
1657 2893 1774 2942 σου,
1807 2878 1900 2930 καὶ

1989 514 2135 582 quod
2181 509 2383 565 mentis
2427 508 2756 577 cenceptum
2798 505 3071 571 enuntiat,
3115 504 3480 575 producitque
3512 504 3566 557 in

1991 605 2268 674 publicum
2303 644 2317 668 ,
2352 617 2414 656 ac
2459 601 2642 672 qualis
2689 601 2761 656 sit
2808 600 3037 655 interior
3077 598 3356 668 animique
3391 612 3572 671 sermo

1993 695 2282 765 significat.
2314 693 2382 748 At
2413 691 2505 748 Dei
2539 693 2734 747 Sermo
2762 707 2890 746 vere
2919 692 3035 761 ipse
3066 690 3297 756 exsistit,
3326 705 3392 745 ac
3425 705 3572 744 scm-

1993 799 2089 853 per
2112 793 2213 839 est.
2257 783 2375 836 Non
2407 781 2554 836 enim
2603 781 2707 836 fuit
2741 796 3000 850 unquam,
3050 796 3176 835 cum
3227 780 3338 834 Deo
3374 779 3572 834 Sermo

1993 875 2207 928 deesset
2234 889 2248 925 :
2275 871 2572 941 eiiicaxque
2600 879 2654 924 et
2682 869 3032 941 omnipotens
3063 876 3117 923 et
3157 867 3436 939 perfectus
3461 876 3571 932 est,

1993 964 2243 1032 idemque
2269 962 2493 1018 omnino
2522 975 2647 1015 eum
2679 976 2743 1015 eo
2793 976 2856 1014 ex
2882 975 2990 1028 quo
3017 969 3122 1023 est,
3168 959 3246 1013 illi
3269 969 3576 1014 coaeternus

1993 1064 2048 1112 et
2098 1055 2604 1118 consubstantialis,
2656 1069 2685 1107 a
2733 1069 2842 1124 quo
2901 1055 3116 1123 scjungi
3173 1062 3339 1123 atque
3387 1052 3574 1107 divelli

1993 1150 2139 1203 nulla
2185 1148 2396 1203 ratione
2433 1155 2649 1217 potest;
2689 1163 2797 1201 non
2853 1148 3050 1216 partim
3085 1147 3306 1216 quidem
3350 1146 3574 1211 similis,

1995 1239 2190 1308 partim
2219 1253 2348 1293 vero
2377 1254 2406 1293 a
2435 1239 2794 1293 similitudine
2825 1239 3146 1316 abhorrens.
3189 1236 3421 1293 Perinde
3446 1253 3580 1307 quo-

1995 1346 2102 1399 que
2145 1330 2420 1399 Spiritus:
2473 1341 2662 1385 noster
2707 1329 2925 1400 quidem
2952 1330 3114 1384 ﬂatus
3165 1338 3250 1384 est
3293 1345 3406 1384 non
3448 1343 3580 1384 vere

1995 1423 2288 1486 exsistens,
2313 1437 2475 1490 quem
2504 1421 2572 1475 ab
2597 1436 2722 1476 aere
2743 1422 2984 1477 exterius
3001 1421 3294 1487 trahimus,
3313 1421 3568 1475 diversa:-

1997 1527 2102 1581 qne
2131 1527 2360 1582 prorsus
2381 1527 2411 1565 a
2439 1522 2627 1567 mente
2654 1522 2844 1568 nostra
2872 1513 3192 1569 substantia:
3217 1525 3322 1567 est.
3352 1517 3422 1566 At
3450 1511 3582 1582 Spi-

1999 1606 2134 1659 ritus
2183 1604 2277 1658 Dei
2325 1613 2551 1658 sanctus
2574 1645 2589 1668 ,
2623 1620 2754 1660 vere
2797 1605 2912 1674 ipse
2945 1619 3008 1660 ac
3042 1620 3142 1674 per
3192 1619 3250 1658 se
3279 1604 3577 1667 exsistens,

1998 1703 2052 1748 et
2101 1695 2285 1749 vivens
2319 1705 2376 1748 et
2409 1694 2691 1764 perfectus
2739 1705 2845 1758 est,
2882 1696 3024 1749 haud
3081 1711 3242 1751 secus
3271 1710 3335 1748 ac
3380 1693 3579 1758 Filius,

1999 1784 2211 1846 el'ﬂcax,
2240 1801 2271 1838 a
2304 1799 2364 1840 se
2387 1785 2626 1849 mobilis,
2660 1796 2896 1851 creator,
2920 1786 3076 1856 cujus
3100 1785 3374 1839 voluntati
3398 1799 3584 1858 comes

2005 1884 2249 1945 potestas
2294 1876 2366 1931 sit
2394 1876 2654 1944 (tametsi
2698 1875 2764 1928 ad
2801 1875 3038 1944 primum
3089 1885 3397 1942 auctorem,
3431 1876 3584 1930 velut

2001 1967 2165 2021 etiam
2200 1963 2477 2036 Unigeniti
2511 1965 2720 2031 omnia,
2758 1981 2878 2033 quae
2909 1974 3041 2020 sunt
3073 1965 3311 2034 Spiritus
3341 1964 3584 2021 referan-

2001 2066 2111 2120 tur,
2153 2067 2212 2110 ut
2239 2064 2432 2110 auctor
2463 2064 2548 2110 est
2578 2053 2880 2124 Gregorius
2910 2053 3250 2123 Tlteoiogns.
3286 2053 3401 2108 Una
3435 2053 3581 2108 enim

2001 2147 2262 2214 essentia,
2291 2158 2508 2216 unaque
2535 2152 2776 2213 potestas
2809 2144 2988 2198 Patris
3016 2153 3070 2198 et
3098 2141 3238 2226 Fliii‘
3257 2152 3313 2200 et
3341 2143 3584 2213 Spiritus

2003 2239 2175 2292 sancti
2198 2239 2238 2305 ),
2275 2237 2368 2307 qui
2398 2250 2575 2304 neque
2608 2235 2869 2304 cmperit,‘
2903 2250 3004 2290 nec
3056 2236 3128 2290 sit
3166 2236 3444 2290 desiturus
3482 2249 3586 2290 un-

2001 2345 2163 2400 quam
2208 2343 2276 2384 ex
2313 2328 2696 2383 universorum
2728 2328 2836 2381 Deo
2887 2335 2946 2380 ut
2977 2336 3200 2380 auctore
3239 2326 3447 2380 habens
3476 2325 3588 2380 ori—

2001 2422 2180 2492 ginem
2209 2437 2223 2474 :
2255 2420 2348 2490 qui
2373 2434 2403 2474 a
2428 2419 2589 2474 Patre
2614 2427 2668 2474 et
2694 2418 2832 2472 Filio
2855 2417 3118 2473 excedere
3149 2425 3420 2487 nequeat;
3445 2431 3588 2471 nun-

1999 2525 2161 2578 quam
2201 2510 2344 2563 enim
2391 2509 2585 2562 Sermo
2621 2507 2821 2562 defecit
2869 2506 3084 2561 Patrem
3111 2547 3126 2572 ,
3166 2521 3341 2575 neque
3387 2505 3584 2560 Filium

1999 2601 2268 2669 Spiritus,
2317 2601 2392 2654 uti
2447 2607 2762 2653 sanctorum
2819 2597 3069 2661 doctrina
3120 2606 3244 2660 est;
3300 2597 3366 2652 de
3387 2596 3588 2668 quibus
3632 2603 3634 2606 '

1999 2693 2184 2762 psallit
2233 2693 2426 2746 beatus
2459 2688 2626 2744 David
2655 2707 2668 2743 :
2699 2708 2718 2740 ι
2746 2687 2986 2742 Verbum
3029 2697 3210 2754 tuum,
3246 2687 3494 2754 Domine,
3523 2685 3580 2742 in

1999 2795 2261 2836 mter-num
2299 2787 2582 2849 permanet
2619 2777 2688 2830 ⁸⁸.
2722 2795 2741 2828 ι
2795 2776 2882 2839 Et,
2922 2794 2941 2828 ι
2977 2775 3154 2831 Verbo
3196 2773 3412 2828 Domini
3457 2769 3584 2828 caeli

2005 2872 2200 2926 ﬁrmati
2239 2879 2389 2935 sunt,
2430 2877 2483 2924 et
2521 2868 2725 2939 Spiritu
2757 2867 2870 2922 oris
2903 2867 3022 2935 ejus
3060 2863 3242 2919 omnis
3280 2864 3456 2919 virtus
3472 2872 3585 2918 eo-

317 2961 735 3029 κτισοὴσονται.
774 2979 794 3014 ›
856 2964 968 3016 Καὶ
1021 2964 1048 3015 6
1112 2963 1256 3028 Ἰὼϐ,
1308 2982 1329 3016 ι
1367 2966 1592 3034 Πνεῦμα
1645 2967 1789 3021 Θεῑον
1839 2969 1899 3022 τὸ

2003 2963 2208 3019 rum“.
2234 2982 2252 3015 ι
2288 2964 2378 3026 Ει,
2411 2981 2430 3013 ι
2463 2961 2659 3015 Emitte
2708 2959 2971 3028 Spiritum
3024 2965 3183 3011 suum
3233 2965 3288 3010 et
3315 2954 3589 3010 creaban-

318 3053 566 3124 ποιῆσάν
594 3071 664 3124 με
695 3068 710 3084 ⁸
771 3056 910 3128 πνοὴ
940 3056 999 3109 δὲ
1037 3056 1488 3130 Παντοκράτορος
1519 3061 1900 3130 ήδιδάσκουσά

317 3164 411 3218 με.
467 3164 490 3200 s

387 3241 568 3294 οὐδὲν
621 3235 715 3296 οῦν
766 3241 965 3294 οἰκεῖον
1017 3238 1096 3309 τῷ
1149 3242 1292 3314 λόγῳ
1350 3246 1446 3298 καὶ
1497 3244 1576 3316 τῷ
1627 3245 1901 3314 πνεύματι

317 3333 512 3403 ἡμῶν,
545 3332 639 3385 καὶ
669 3321 940 3404 τῷ’Λόγῳ
967 3335 1062 3388 καὶ
1088 3334 1366 3404 Πνεῦματι
1395 3335 1490 3388 τοῦ
1521 3337 1680 3391 Θεοῦ.
1731 3336 1904 3406 Ἀμυ-

310 3423 450 3496 δρὰν
512 3423 571 3476 δέ
615 3440 739 3477 τινα
786 3423 881 3477 καὶ
933 3424 1274 3495 λεπτοτάτην
1327 3427 1576 3480 εἰκασίαν
1628 3426 1740 3481 ἀπὸ
1793 3429 1904 3480 τῶν

313 3515 591 3570 τοιούτων
642 3516 735 3569 ἐπὶ
789 3513 883 3568 τοῦ
932 3516 1070 3570 Θεοῦ
1119 3517 1219 3586 τῆς
1259 3517 1489 3588 Τριάδος
1524 3517 1902 3588 λαμϐάνομεν,

309 3607 638 3672 δεικνύντες
667 3608 750 3662 ὃτι
782 3609 874 3662 καὶ
922 3610 1018 3661 ἐπὶ
1047 3609 1156 3662 τῶν
1208 3610 1331 3663 καθ’
1366 3610 1516 3679 ἡμᾶς
1555 3609 1904 3678 εὑρίσκονταί

313 3716 444 3754 τινα
469 3702 532 3752 ἐν
559 3699 776 3770 ἑκάστῳ
808 3699 1016 3754 ³τούτων
1043 3701 1176 3771 τρία
1207 3699 1562 3770 θεωρούμενα
1601 3699 1901 3771 ἀχώριστα,

234 3824 237 3825 ν
313 3791 413 3843 καὶ
441 3790 552 3843 οὐκ
601 3790 1028 3861 ἀποτετμημένα
1059 3791 1328 3861 ἀλλήλων,
1366 3791 1429 3844 ἓν
1461 3791 1594 3846 ὄντα
1639 3791 1782 3846 κατὰ
1807 3791 1908 3860 τὴν

287 3881 542 3946 ,οὐσίαν,
574 3880 670 3934 καὶ
696 3881 772 3944 ὡς
797 3882 917 3935 ὅλον
947 3899 1000 3935 τι
1031 3882 1162 3935 ὄντα
1188 3897 1205 3916 ο
1255 3882 1541 3953 διαφοραῖς
1571 3881 1628 3934 δέ
1663 3899 1773 3945 τισι
1809 3880 1909 3949 μό-

315 3990 444 4036 ναις
472 3972 728 4042 ἀλλήλων
761 3972 1172 4043 διακρινόμενα⁶
1206 3973 1314 4026 τῶν
1341 3972 1513 4044 τριῶν
1543 3972 1777 4027 ἕκαστον
1809 3973 1908 4024 οὐκ

310 4062 376 4118 ὃν
408 4065 561 4117 κατὰ
591 4064 692 4133 τὴν
722 4064 960 4135 ἰδιότητα
982 4057 1044 4117 τὸ
1075 4065 1208 4118 αὐτὸ
1237 4065 1347 4118 τῶν
1378 4064 1585 4118 λοιπῶν
1615 4065 1866 4135 ἐκατέρῳ
1891 4079 1908 4094 ο

307 4157 521 4228 ὥσπερ
556 4156 584 4208 6
607 4155 713 4224 τῆς
755 4158 942 4226 πηγῆς
970 4149 1252 4226 ὀφθαλμὸς
1280 4156 1380 4210 οὐκ
1413 4155 1532 4210 ἔστι
1566 4158 1740 4227 πηγὴ,
1783 4154 1908 4208 οὔτε

2003 3063 2090 3107 tur
2111 3053 2178 3106 ".
2221 3071 2239 3103 ι
2277 3049 2379 3107 Job
2405 3066 2646 3122 quoque,
2679 3068 2698 3101 ι
2729 3047 2970 3118 Spiritus
2999 3045 3222 3101 divinus
3249 3045 3346 3113 qui
3386 3043 3590 3099 creavit

2001 3160 2127 3212 me;
2159 3143 2323 3199 ﬂatus
2349 3158 2482 3198 vero
2512 3139 2914 3211 Omnipotentis
2943 3139 3036 3207 qui
3066 3137 3223 3192 docet
3247 3149 3337 3190 me
3360 3135 3424 3189 ".
3457 3153 3477 3186 ι

2073 3235 2216 3290 Nihil
2255 3235 2441 3304 itaque
2474 3235 2642 3288 verbo
2671 3241 2862 3287 nostro
2893 3231 3028 3301 (seu
3057 3227 3299 3284 sermoni
3329 3229 3348 3288 l
3381 3241 3449 3281 ac
3477 3229 3590 3296 3ρί-

2003 3326 2132 3382 ritui
2161 3327 2440 3395 proprium
2473 3340 2598 3380 cum
2659 3324 2750 3378 Dei
2779 3322 2962 3377 Verbo
2986 3335 3054 3375 ac
3079 3321 3329 3390 Spiritu:
3359 3318 3454 3373 sed
3487 3319 3592 3372 ob-

2004 3433 2222 3474 scuram
2251 3417 2531 3486 quandam
2563 3430 2627 3468 ac
2657 3411 3036 3468 tenuissimam
3063 3424 3130 3464 ex
3157 3408 3428 3478 ejusmodi
3458 3423 3587 3462 con-

2002 3509 2269 3579 iet-turam
2321 3508 2373 3561 in
2407 3508 2537 3572 Deo,
2573 3507 2666 3575 qui
2695 3497 2938 3558 Trinitas
2966 3511 3072 3567 est,
3103 3500 3441 3556 assumimus
3469 3517 3484 3566 ;
3525 3514 3594 3554 ae

2009 3599 2346 3654 ostendimus
2375 3597 2538 3652 etiam
2575 3597 2628 3648 in
2661 3594 2919 3649 humanis
2953 3608 3017 3647 ac
3047 3593 3212 3647 rebus
3247 3592 3452 3647 creatis
3491 3607 3590 3646 ex-

2008 3698 2154 3744 stare
2179 3687 2452 3755 quardam,
2477 3685 2530 3738 in
2562 3684 2762 3753 quibus
2804 3684 3037 3753 singulis
3067 3683 3172 3738 tria
3207 3685 3590 3754 inseparabilis

2008 3762 2444 3838 cousiderentur.
2479 3791 2579 3830 nec
2611 3775 2682 3830 ab
2711 3774 2944 3834 invicem
2976 3775 3180 3840 divisa,
3211 3791 3336 3844 quae
3362 3776 3472 3843 (ad
3503 3790 3590 3830 es-

2009 3869 2238 3924 sentiam
2263 3867 2408 3936 quod
2439 3867 2667 3936 spectat)
2697 3881 2867 3921 unum
2899 3867 3169 3921 exsistant
3197 3882 3263 3922 ac
3295 3867 3461 3921 totius
3489 3881 3590 3921 eu-
3701 3934 3714 3941 κ

2004 3957 2222 4027 jusdam
2274 3956 2539 4011 rationem
2591 3956 2863 4022 habeant;
2922 3956 3213 4026 solumque
3267 3956 3591 4023 diﬂ‘erentjis

2011 4047 2335 4119 quibusdam
2372 4046 2513 4101 inter
2558 4063 2617 4101 se
2659 4046 2902 4102 discreta
2925 4047 3266 4113 consistant;
3317 4063 3444 4102 cum
3477 4047 3594 4102 sin-

2011 4145 2135 4211 gula
2169 4154 2398 4209 quasque
2438 4139 2831 4207 proprietatum
2879 4141 3112 4203 ratione,
3155 4154 3266 4193 non
3307 4141 3412 4194 hoc
3445 4139 3590 4210 quod

313 4227 600 4320 ποταμός
635 4245 762 4300 οὔτε
793 4248 827 4317 ἡ
862 4249 1017 4319 πηγὴ
1048 4248 1330 4318 ὀφθαλμὸς
1359 4247 1392 4318 ἢ
1427 4248 1708 4317 ποταμός*
1740 4246 1899 4302 060’6

2011 4230 2281 4300 reliquum
2333 4228 2620 4283 exsistant.
2665 4227 2829 4283 Velut
2859 4229 3026 4282 fontis
3076 4229 3294 4294 oculus,
3350 4243 3463 4285 non
3508 4238 3597 4284 est

311 4295 580 4407 stoutsz
608 4295 885 4409 ὀφθαλμὸς
915 4295 1162 4411 {amnti}.
1194 4295 1328 4394 Κῗιλ.ν
1347 4295 1512 4393 τέάλιν
1542 4295 1634 4394 6;!
1649 4295 1770 4409 ,τῆς
1802 4354 1899 4406 πη-

2013 4324 2156 4386 ions,
2192 4335 2366 4390 neque
2410 4319 2606 4376 ﬂuvius
2635 4337 2648 4372 :
2685 4334 2866 4390 neque
2904 4319 3028 4374 fons
3068 4320 3268 4375 oculus
3296 4330 3396 4382 est.
3429 4330 3594 4377 atttve

312 4433 450 4503 γῆς,
481 4431 703 4487 καὶτοῦ
735 4409 984 4500 ποταμοῦ
1019 4409 1243 4498 ιιαὶίτῆς
1277 4430 1493 4503 λίμνης·
1526 4427 1640 4482 οὔθ’
1684 4429 1717 4497 ἡ
1754 4428 1899 4496 πηγὴ

2014 4412 2254 4477 ﬂuvius;
2307 4426 2482 4480 neque
2515 4409 2712 4464 ﬂuvius
2738 4411 3042 4465 OCUiUS‘CSl
3073 4421 3167 4463 aut
3191 4411 3335 4467 fons.
3368 4413 3446 4465 Ac
3473 4427 3594 4466 rur—

316 4502 587 4592 ποταμός
635 4526 782 4576 ἐστιν
815 4520 848 4593 ἢ
902 4521 1116 4591 λίμνης,
1145 4519 1258 4574 060’
1295 4502 1344 4574 67
1375 4518 1617 4588 ποταμὸς
1661 4518 1813 4588 πηγὴ
1877 4517 1899 4588 ἦ

2013 4520 2108 4560 sus
2135 4505 2189 4559 in
2219 4503 2370 4559 fonte
2403 4512 2459 4558 et
2491 4503 2605 4558 rivo
2637 4511 2690 4557 et
2722 4502 2866 4566 lacu,
2924 4517 3098 4569 neque
3129 4503 3254 4558 fons
3308 4502 3460 4558 rivus
3487 4511 3590 4568 est,

314 4617 521 4688 λίμνηο
578 4613 700 4667 οῦθ⁹-
727 4615 760 4683 ἡ
786 4591 948 4684 λίμνη
979 4611 1127 4683 πηγὴ
1163 4612 1196 4684 ἢ
1243 4612 1509 4682 ποταμός·
1547 4610 1725 4664 καίτοι
1767 4610 1899 4663 κατᾶ

2015 4608 2110 4652 aut
2139 4598 2292 4652 lacus
2318 4638 2332 4660 ,
2369 4610 2543 4666 neque
2574 4594 2722 4647 rivus
2756 4591 2878 4648 fons
2913 4603 3016 4656 est,
3057 4601 3150 4646 aut
3185 4593 3362 4656 lacus,
3417 4607 3593 4662 neque

309 4685 417 4779 τῆν
450 4685 518 4763 οῦ
531 4707 655 4760 σίαν
685 4705 744 4758 ἓν
772 4705 942 4759 ὄντων
966 4721 980 4736 ·
1017 4704 1162 4776 ὕδωρ
1215 4704 1322 4772 γάρ
1352 4705 1482 4760 εἰσι.
1529 4703 1640 4757 Καὶ
1691 4701 1852 4756 πάλιν
1883 4703 1899 4755 ἑ

2012 4693 2186 4757 lacus,
2236 4690 2360 4745 fons
2399 4698 2496 4744 aut
2543 4689 2726 4754 rivus;
2785 4685 3001 4741 tametsi
3052 4700 3220 4739 unum
3261 4685 3372 4738 sint
3399 4700 3596 4742 secun-

317 4776 454 4863 νοῦς
485 4798 620 4852 οὔτε
651 4797 808 4864 λόγος
837 4797 989 4850 ἐστὶν
1022 4795 1056 4866 ἢ
1091 4793 1336 4864 πνεῦμα·
1384 4793 1508 4848 οὔτε
1534 4795 1562 4846 6
1591 4795 1748 4862 λόγος
1782 4794 1899 4857 νοῦς

2017 4784 2146 4839 dum
2200 4780 2522 4846 essentiam,
2581 4778 2803 4848 quippe.
2832 4791 2956 4846 qua
2985 4791 3128 4846 aqua
3179 4776 3468 4833 exsistant.
3515 4779 3594 4835 Ac

320 4892 355 4964 ἢ
389 4893 658 4962 πνεῦμα·
690 4891 816 4945 οῦτε
871 4891 934 4944 τὸ
983 4890 1203 4958 πνεῦμα
1251 4889 1410 4955 λόγος
1461 4887 1494 4959 ἢ
1536 4888 1695 4952 νοῦς·
1731 4888 1899 4941 καίτοι

2018 4889 2210 4934 rursus
2251 4887 2430 4934 mens,
2463 4885 2638 4939 neque
2681 4883 2861 4923 sermo
2891 4875 2974 4921 est
3001 4882 3178 4931 neque
3209 4868 3454 4936 spiritus.
3491 4884 3596 4926 nec

318 4983 550 5037 τούτων
581 4984 654 5046 ὡς
684 4983 804 5036 ὅλον
841 4999 896 5036 τι
932 4976 1074 5035 εἶναι
1109 4979 1412 5036 δοκούντων
1458 4981 1553 5033 καὶ
1588 4981 1899 5049 ἀχωρίστων

2018 4981 2223 5029 sermo,
2245 4980 2401 5019 mens
2429 4970 2526 5018 aut
2552 4962 2777 5033 spiritus
2795 4971 2911 5028 est;
2944 4976 3120 5031 neque
3144 4962 3390 5031 spiritus,
3411 4978 3594 5020 sermo

318 5071 612 5141 ἀλλήλων,
645 5070 678 5140 ἢ
712 5069 806 5122 καὶ
856 5066 1170 5139 διαφέρουσι
1205 5070 1273 5138 τῇ
1322 5066 1482 5137 οὐσίᾳ
1507 5083 1521 5096 ο
1552 5065 1626 5129 ὡς
1685 5066 1797 5136 ἔχει
1851 5066 1899 5119 τὶ

2020 5064 2113 5110 aut
2163 5070 2352 5110 mens:
2391 5069 2704 5126 quanquam
2757 5053 2872 5110 haec
2902 5052 3050 5108 velut
3096 5061 3269 5109 totum
3318 5055 3592 5124 quoddam

316 5165 420 5218 τοῦ
459 5161 627 5234 ἡλίου
657 5160 753 5214 καὶ
785 5158 894 5212 τῶν
923 5157 1158 5212 ἀκτίνων
1210 5158 1306 5210 καὶ
1356 5157 1449 5211 τοῦ
1487 5157 1686 5228 φωτὸς,
1729 5157 1912 5210 ὡσαύ-

316 5273 434 5321 τως
470 5255 581 5310 καὶ
606 5253 700 5309 ἐπὶ
729 5251 838 5306 τῶν
863 5250 1041 5305 ἄλλων
1067 5250 1556 5322 παραδειγμάτων.
1665 5280 1669 5286 -

2023 5238 2238 5293 tametsi
2293 5237 2528 5293 essentia
2573 5236 3003 5308 distinguantur,
3062 5238 3140 5292 uti
3191 5253 3254 5294 se
3299 5252 3386 5292 res
3427 5238 3589 5292 etiam

2022 5329 2185 5386 habet
2207 5329 2258 5382 in
2283 5327 2396 5385 sole
2415 5335 2470 5384 et
2497 5328 2668 5386 radiis
2696 5336 2753 5385 et
2775 5330 2928 5385 luce:
2963 5345 3026 5385 ac
3053 5327 3306 5386 similiter
3329 5325 3494 5383 etiam
3531 5328 3588 5386 in

2022 5418 2250 5488 reliquis
2275 5418 2560 5489 exemplis.

409 5507 589 5568 Ἀλλὰ
623 5512 814 5578 ταῦτα,
847 5513 1096 5582 καθάπερ
1124 5512 1374 5582 εἴπομεν,
1411 5515 1461 5568 οἱ
1512 5512 1659 5583 ἆγιοι
1694 5510 1899 5581 λαμϐά-

2093 5510 2218 5566 time
2250 5512 2550 5578 enimvero,
2575 5510 3031 5581 uti'dieebamus,
3068 5509 3242 5567 sancti
3273 5518 3592 5572 assumunt,

395 5692 453 5724 ἰ
479 5685 640 5766 i’sal.
674 5701 865 5754 cum,
893 5685 979 5742 89.
1057 5687 1101 5719 "
1125 5685 1269 5742 Psal.
1300 5701 1472 5755 um,
1503 5685 1556 5742 6.
1634 5687 1678 5720 '°
1728 5683 1875 5740 Psal.
1929 5697 2045 5752 cm,
2081 5683 2171 5739 '50.
2253 5683 2294 5717 ³⁸
2328 5682 2452 5739 Job.
2492 5698 2692 5748 sunt,
2725 5683 2779 5737 4.

2022 5163 2144 5204 esse
2175 5147 2490 5214 videantur,
2532 5155 2589 5201 ct
2633 5145 2700 5199 ab
2749 5144 2984 5202 invicem
3033 5144 3421 5215 inseparabilis
3461 5147 3592 5210 sint,
3696 5204 3698 5207 ,
