4036 6262
422 280 601 343 ’535

1757 294 2153 355 MANUELIS
2194 294 2503 357 CALECIE

3634 302 3730 364 536

497 407 554 450 ut
583 412 680 452 nos
731 411 948 467 quoque
1000 402 1265 472 tantisper
1318 403 1443 459 inde
1474 419 1539 461 eo
1583 409 1972 477 provehantur,
2009 418 2069 462 ut

2180 424 2378 474 νουσιν,
2398 409 2485 462 ἵνα
2513 408 2609 463 καὶ
2636 406 2799 477 ἡμεῖς
2829 405 3068 477 μετρίως
3089 405 3155 460 ὲκ
3184 406 3397 463 τούτων
3428 412 3505 475 είς
3534 413 3729 471 ἔννοιαν

456 512 464 520 ·
498 502 758 556 personas
784 488 838 541 in
866 488 977 544 Deo
1008 491 1155 559 ipsas
1179 494 1399 563 proprie
1431 510 1496 551 ac
1526 510 1622 566 per
1653 512 1711 553 se
1741 498 2063 563 subsistere,

495 581 921 650 proprietatibus
954 582 1530 651 iucommunicabiles,
1583 603 1648 642 ac
1696 588 1839 642 inter
1879 605 1939 644 se
1978 591 2066 643 in-

495 670 846 737 separabiles,
884 670 1297 740 intelligamus;
1327 682 1494 743 utque
1535 676 1665 730 item
1710 692 1835 732 cum
1869 677 2065 734 infide-

493 761 626 815 lium
658 763 924 831 qulspiam
972 767 1335 831 accusaverit,
1365 766 1477 823 Cur
1522 785 1691 824 unum
1743 770 1910 826 Deum
1964 772 2067 826 tria

494 854 744 908 dicamus
774 869 837 908 ac
862 855 962 909 tria
990 872 1183 923 unum,
1217 860 1491 923 possimus
1518 864 1681 917 etiam
1707 866 1973 935 exemplis
1999 881 2067 920 ex

494 946 735 999 humano
770 962 873 1000 usu
900 946 1082 1015 petitis
1113 949 1244 1003 huic
1293 951 1383 1004 tali
1422 966 1485 1006 os
1515 954 1826 1019 occludere,
1877 966 2066 1012 osten-

491 1036 681 1089 dt-ntes
707 1051 773 1090 ne
800 1036 854 1089 in
890 1038 1051 1093 rebus
1092 1040 1226 1108 ipsis
1256 1040 1397 1096 istud
1428 1042 1642 1109 deesse,
1669 1046 1917 1113 quamvis
1946 1062 2067 1101 om-

492 1128 626 1182 nino
652 1128 908 1182 deticiant
947 1142 1009 1184 ac
1036 1145 1197 1199 quam
1234 1132 1551 1203 longissime
1581 1134 1764 1190 absint
1797 1137 1864 1192 ab
1894 1152 1982 1199 eo,
2010 1146 2070 1193 ut

493 1232 603 1274 tum
638 1220 893 1275 unionem
933 1230 1047 1276 tum
1075 1223 1507 1291 distinctionem,
1545 1240 1669 1294 qua:
1710 1237 1795 1282 est
1828 1227 1880 1281 in
1927 1227 2071 1282 divi-

490 1312 597 1377 nis,
628 1314 760 1368 satis
790 1313 1108 1369 exhibeant.
1140 1314 1426 1381 Quomodo
1460 1319 1603 1371 enim
1634 1333 1758 1387 quae
1780 1320 2072 1395 servajsint

492 1411 656 1473 atque
690 1406 944 1471 subdita,
985 1405 1216 1463 Domino
1264 1424 1327 1464 ac
1392 1421 1657 1466 creaturae
1685 1410 1954 1476 Creatori,
1993 1414 2072 1467 vi-

488 1496 605 1550 deri
640 1499 852 1564 possint
884 1496 1309 1567 perfectionibus
1332 1501 1531 1571 paria?
1578 1501 1781 1557 Idcirco
1818 1519 1927 1558 non
1955 1519 2073 1559 om-

492 1604 587 1643 nes
627 1590 987 1658 proprietates
1011 1607 1200 1646 earum
1229 1608 1438 1657 rerum,
1477 1609 1612 1663 quas
1641 1597 1892 1665 exempla
1930 1612 2067 1651 enuo

487 1683 753 1735 merando
786 1682 1094 1751 attulimus,
1124 1685 1178 1738 in
1208 1684 1319 1740 Deo
1364 1687 1737 1753 assumimus;
1769 1689 1863 1743 sed
1895 1704 2070 1758 quan-

489 1780 602 1826 tum
632 1771 685 1825 in
711 1771 792 1826 eis
817 1782 921 1838 est,
949 1774 1095 1844 quod
1120 1775 1576 1831 necessitudinem
1603 1792 1727 1832 cum
1751 1782 1819 1833 eo
1848 1779 2065 1846 habeat,

493 1864 640 1933 quod
664 1865 742 1921 sic
766 1866 911 1920 velut
937 1865 1234 1921 simulacro
1254 1882 1319 1922 ac
1342 1866 1583 1937 imagine
1607 1879 2067 1939 repraesentatur:

493 1955 574 2012 sic
606 1957 890 2019 nimirum.
925 1966 984 2011 ut
1022 1972 1085 2012 ex
1121 1958 1231 2014 alio
1268 1959 1414 2029 quod
1438 1958 1605 2023 Pater
1632 1970 1686 2017 et
1716 1961 1886 2019 Filius
1923 1963 2071 2019 inse-

493 2050 763 2121 parabiles
797 2050 945 2115 sint;
981 2065 1050 2105 ex
1077 2050 1210 2116 alio,
1253 2051 1398 2121 quod
1434 2052 1633 2107 divinae
1662 2069 1908 2123 persona1
1940 2070 2071 2112 con-
2106 2046 2137 2067 ’λ

492 2142 882 2198 substantiales
914 2150 1078 2212 atque
1107 2143 1435 2213 coniunctae,
1468 2145 1814 2215 habeantque
1835 2148 1983 2202 inter
2012 2164 2071 2204 se

490 2234 761 2298 ordinem,
811 2248 875 2289 ac
907 2248 1017 2288 una
1055 2249 1244 2289 earum
1296 2234 1536 2304 potentia
1580 2237 1649 2290 sit
1693 2244 1747 2291 et
1792 2238 2068 2306 operatio:

494 2326 752 2396 aliudque
783 2341 848 2379 ex
877 2325 985 2380 alio
1020 2325 1322 2380 habeamus
1349 2343 1364 2392 ;
1406 2326 1692 2381 intervalla
1722 2342 1853 2382 vero
1884 2339 1939 2384 et
1974 2330 2071 2384 de-

493 2418 760 2472 fluxiones
789 2431 852 2471 ac
880 2417 1312 2486 compositiones
1354 2418 1751 2488 transitusque,
1786 2435 1850 2475 ac
1888 2420 1933 2476 si
1965 2436 2075 2491 qua

493 2509 703 2578 reliqua
748 2516 947 2561 nostrae
981 2507 1298 2577 indigentiae
1342 2516 1499 2574 sunt,
1542 2509 1610 2564 iis
1646 2510 1865 2565 demum
1910 2513 2074 2567 rebus

493 2614 617 2669 qua!
650 2600 908 2653 oriuntur
937 2608 991 2654 et
1028 2599 1303 2654 intereunt
1352 2601 1746 2672 projiciamus;
1799 2605 1876 2658 uti
1908 2604 2073 2659 etiam

498 2693 576 2749 ait
617 2691 916 2762 Gregorius
948 2693 1297 2763 Theologus:
1330 2714 1348 2745 ι
1373 2692 1518 2749 Nihil
1554 2703 1637 2750 est
1681 2696 1733 2750 in
1764 2713 1871 2766 quo
1917 2713 2075 2753 mens

494 2804 615 2842 utea
646 2788 873 2859 gradum
906 2789 1071 2857 figere
1110 2797 1293 2857 queat,
1326 2788 1479 2855 dum,
1514 2790 1662 2859 quod
1691 2790 1985 2861 imaginor,
2019 2792 2074 2847 in

496 2881 761 2951 exemplis
778 2882 1067 2938 considero
1092 2900 1106 2937 :
1126 2882 1232 2939 nisi
1258 2883 1399 2939 forte
1415 2884 1541 2954 quis
1559 2900 1621 2939 ea
1639 2886 1804 2940 animi
1827 2888 2078 2957 aequitate

496 2975 591 3038 sit,
610 2981 672 3029 ut
694 2990 817 3029 cum
840 2989 1008 3028 unum
1038 2974 1167 3043 quid
1195 2990 1260 3029 ex
1282 2978 1559 3045 proposita
1591 2977 1828 3047 imagine
1854 2994 2080 3049 accepe-

2171 501 2419 571 ἔλθωμεν
2448 500 2543 554 τοῦ
2587 499 2972 579 ίδιοῦπόστατα
3006 494 3152 553 εἶναι
3199 499 3269 553 τὰ
3315 498 3379 553 ὲν
3432 505 3495 573 τῇ
3550 506 3730 576 Τριάδι

2146 593 2290 647 ,θεῖα
2322 591 2615 662 πρόσωπα,
2644 593 2769 654 ταῖς
2799 591 3062 661 ίδιότησιν
3095 591 3445 661 ἀκοινώνητα
3479 597 3569 649 καὶ
3596 600 3731 668 ἀχώ.

2173 701 2333 754 ριστα
2361 683 2636 754 ἀλλήλωνο
2672 684 2767 736 καὶ
2794 683 2880 736 ἵνα
2913 683 3045 736 ὅταν
3076 699 3164 746 τις
3210 683 3320 735 τῶν
3347 686 3585 740 ἀπίστων
3607 690 3732 759 ἡμῖν

2171 776 2405 847 ἐγκαλῇ,
2443 777 2560 838 πῶς
2588 776 2681 830 τὸν
2714 776 2813 829 ἕνα
2842 775 2975 829 Θεὸν
2999 773 3127 844 τρία
3152 773 3385 844 λέγομεν
3409 775 3500 827 καὶ
3521 776 3587 829 τὰ
3613 779 3734 849 τρία

2171 872 2251 933 ἓν,
2279 870 2496 940 ἔχωμεν
2530 866 2625 921 καὶ
2680 866 2790 922 ἀπὸ
2836 866 2947 919 τῶν
3002 865 3127 919 καθ’
3158 866 3307 934 ἡμᾶς
3356 864 3447 917 τὸν
3505 866 3735 923 τοιοῦτον

2173 960 2574 1029 ἐπιστομίζειν,
2599 957 2906 1021 δεικνύντες
2928 957 3012 1011 ὅτι
3028 957 3148 1010 οὐδὲ
3170 957 3227 1008 ὲν
3249 958 3359 1019 τοῖς
3374 956 3521 1009 οὖσιν
3552 958 3738 1013 ἄπεστι

2171 1057 2349 1122 τοῦτο,
2393 1055 2441 1107 εί
2487 1054 2582 1106 καὶ
2612 1053 2967 1105 παντάπασιν
3016 1050 3315 1103 ἀποδέουσι
3342 1049 3440 1101 καὶ
3467 1048 3738 1103 λείπονται

2172 1147 2312 1218 πρὸς
2336 1147 2396 1200 τὸ
2423 1146 2597 1211 δεῖξαι
2634 1145 2734 1214 τὴν
2780 1145 2877 1198 ἐπὶ
2923 1143 3059 1196 Θεοῦ
3089 1141 3288 1195 ἕνωσίν
3318 1158 3379 1193 τε
3416 1140 3511 1193 καὶ
3538 1142 3741 1211 διάκρι-

2176 1257 2280 1293 σιν.
2306 1240 2433 1297 Πῶς
2463 1239 2570 1309 γὰρ
2602 1236 2671 1289 τὰ
2700 1233 2864 1287 δοῦλα
2900 1234 2996 1287 καὶ
3041 1231 3334 1301 ὑποχείρια
3373 1229 3452 1299 τῷ
3482 1231 3742 1302 Δεσπὸτῃ,

2173 1335 2270 1382 καὶ
2316 1328 2395 1398 τῷ
2425 1325 2747 1397 δημιουργῷ
2797 1324 2866 1377 τὰ
2902 1314 3376 1393 δημιουργήματα
3424 1320 3744 1390 φανήσονται

2172 1422 2294 1482 ταῖς
2319 1418 2655 1486 τελειότησιν
2708 1415 2798 1467 ίσα
2823 1430 2837 1479 ;
2874 1413 2973 1465 Διά
3004 1412 3164 1465 τοῦτο
3192 1412 3255 1464 οὐ
3298 1411 3476 1465 πάντα
3506 1410 3575 1464 τὰ
3606 1411 3743 1465 ίδιῶ-

2175 1528 2323 1577 ματα
2375 1510 2485 1563 τῶν
2530 1507 2910 1578 προτεθέντων
2944 1504 3299 1573 λαμϐάνομεν
3339 1503 3434 1557 ἐπὶ
3469 1502 3562 1555 τοῦ
3592 1502 3743 1568 Θεοῦ,

2174 1602 2291 1656 ἀλλ’
2322 1604 2447 1656 ὅσον
2483 1602 2581 1671 μὲν
2624 1600 2772 1653 ἔστιν
2803 1600 2862 1653 ὲν
2906 1587 3117 1659 τούτοις
3172 1594 3489 1662 οἰκειότητα
3533 1592 3665 1663 πρὸς
3691 1593 3749 1646 τὸ

2109 1737 2148 1792 Β
2174 1693 2578 1762 είκονιζόμενον
2625 1691 2773 1761 ἔχον,
2806 1688 3184 1792 λαμὸάνομεν·
3203 1685 3324 1792 ἀπ’
3353 1683 3531 1792 ἄλλου.
3550 1684 3646 1791 μὲν

2174 1786 2481 1857 ἀχώριστον
2510 1784 2722 1854 Πατρδς
2760 1784 2855 1837 καὶ
2884 1780 3039 1842 Υίοῦ,
3072 1778 3170 1833 ἀπ’
3196 1778 3365 1833 ἄλλου
3400 1776 3457 1829 δὲ
3482 1776 3543 1828 τὸ
3567 1775 3749 1845 ὀμοού-

2179 1896 2295 1933 σιον
2340 1878 2435 1933 καὶ
2482 1877 2544 1931 τὸ
2575 1874 2951 1947 συνημμένον,
3007 1873 3101 1927 καὶ
3136 1872 3199 1926 τὸ
3242 1872 3346 1941 τῆς
3378 1871 3517 1939 πρὸς
3554 1869 3747 1938 ἄλληλα

2176 1971 2385 2035 τάξεως
2406 1968 2516 2021 τῶν
2544 1966 2708 2021 θείων
2741 1963 3076 2036 προσώπων.
3106 1963 3201 2015 καὶ
3228 1961 3333 2030 τὴν
3371 1959 3501 2029 μίαν
3532 1958 3750 2026 δύναμιν

2178 2063 2276 2117 καὶ
2311 2061 2595 2131 ἐνέργειαν
2617 2073 2632 2088 ⁶
2666 2058 2759 2111 καὶ
2803 2055 2933 2110 ἄλλο
2978 2055 3039 2121 ἐξ
3070 2053 3232 2107 ἄλλου
3260 2070 3275 2085 ο
3330 2052 3679 2120 διαστήματα
3698 2049 3757 2102 δὲ

2178 2155 2276 2208 καὶ
2331 2151 2545 2224 ρεύσεις
2602 2151 2700 2204 καὶ
2758 2148 3039 2210 συνθέσεις
3087 2146 3183 2200 καὶ
3242 2142 3619 2216 μεταδάσεις,
3674 2141 3762 2195 καὶ

2177 2246 2346 2301 τᾶλλα
2372 2246 2471 2299 ὅσα
2497 2244 2598 2312 τῆς
2625 2240 2748 2295 καθ’
2776 2242 2926 2312 ἡμᾶς
2951 2240 3161 2302 ἐνδείας
3188 2240 3327 2302 sict,
3358 2237 3490 2300 τοῖς
3521 2236 3579 2289 ἑν
3621 2234 3761 2302 γενέ-

2182 2361 2263 2397 σει
2297 2343 2392 2396 καὶ
2429 2341 2608 2412 φθορᾷ
2638 2338 3078 2411 ἀπορῤίπτομεν,
3110 2334 3255 2389 καθά
3282 2352 3356 2405 φη
3381 2350 3435 2386 σι
3466 2334 3559 2387 καὶ
3585 2331 3612 2383 ὁ
3635 2330 3759 2384 Θεο-

2179 2437 2336 2505 λόγος
2389 2435 2693 2505 Γρηγὸριος
2725 2431 2863 2501 (54),
2902 2450 2920 2483 ι
2954 2431 3080 2484 Ὅτι
3116 2428 3271 2483 οὐδέν
3305 2429 3470 2481 ἐστιν
3496 2427 3525 2480 ὅ
3554 2442 3640 2495 μοι
3668 2423 3759 2492 τὴν

2179 2528 2422 2583 διάνοιαν
2485 2527 2701 2596 ἵστησιν
2732 2525 2824 2578 ἐπὶ
2855 2523 3436 2592 τῶν“⁷ύποδειγμάτων
3474 2517 3748 2589 θεωροῦντι

2180 2622 2242 2676 τὸ
2269 2618 2702 2690 φανταζόμενοψ
2732 2616 2873 2685 πλὴν
2898 2616 2949 2669 εῐ
2969 2632 3053 2678 τις
3079 2614 3138 2668 ἓν
3164 2611 3433 2667 τιλαόὼν
3459 2612 3552 2665 ὑπ’
3574 2611 3762 2677 εὐγνω-

2188 2712 2449 2782 μοσύνης,
2480 2711 2550 2763 τὰ
2576 2707 2741 2763 λοιπὰ
2771 2705 3002 2777 ῥίψειεν.
3043 2723 3061 2756 ι
3096 2706 3208 2759 Καὶ
3239 2703 3350 2774 γὰρ
3388 2702 3485 2757 καὶ
3510 2701 3567 2755 τὸ
3597 2696 3761 2797 «apd:

2182 2805 2384 2874 δειγμα
2441 2797 2719 2870 πανταχοῦ
2752 2796 2900 2851 κατά
2950 2814 3003 2851 τι
3059 2796 3158 2865 μὲν
3210 2793 3481 2863 ἀνόμοιόν
3536 2793 3645 2843 ἐστι
3689 2793 3760 2855 τῷ

2186 2893 2598 2963 είκονιζομένῳ,
2632 2890 2775 2944 κατά
2806 2908 2861 2943 τι
2902 2889 2960 2942 δὲ
3007 2888 3218 2958 ὅμοιον.
3253 2886 3317 2938 Εἰ
3359 2885 3465 2955 μὲν
3493 2883 3600 2952 γὰρ
3630 2878 3761 2963 κατα

2187 2988 2368 3043 πάντα
2390 2959 2697 3059 ὁμοιοῦται,
2724 2982 2827 3035 οὐκ
2873 2981 2990 3034 ἐστι
3037 2978 3407 3047 παράδειγμα
3445 2974 3669 3035 ἐκείνου,
3705 2959 3762 3022 οῦ

496 3066 591 3130 rit,
638 3065 843 3134 reliqua
876 3064 1151 3135 projiciat.
1183 3083 1202 3116 ι
1234 3064 1371 3119 Nam
1421 3077 1475 3122 et
1521 3070 1832 3138 exemplum
1881 3071 2078 3140 ubique

2190 3082 2376 3151 ἄκρως
2405 3076 2713 3148 ὁμοιοῦται,
2742 3075 2838 3129 καὶ
2857 3071 3054 3127 ταυτόν
3079 3072 3195 3123 ἐστι
3224 3067 3436 3137 πάντη·
3464 3068 3513 3118 εἰ
3536 3064 3591 3117 δὲ
3614 3061 3764 3117 πάλιν

497 3154 998 3225 partim'dissimile
1030 3165 1113 3209 est
1157 3156 1234 3210 rei
1268 3172 1431 3226 quam
1480 3169 1859 3228 repraesentat,
1885 3162 2079 3231 partim

501 3245 580 3300 illi
614 3245 812 3300 simile.
842 3244 900 3299 Si
930 3245 1077 3301 enim
1121 3246 1177 3301 in
1221 3247 1477 3304 omnibus
1514 3250 1694 3305 simile
1715 3260 1818 3318 est,
1845 3268 1948 3307 non
1971 3254 2081 3324 jam

498 3336 808 3408 exetnplum
866 3348 951 3395 est.
1007 3338 1128 3409 ejus
1177 3340 1280 3407 rei,
1344 3340 1506 3409 cujus
1542 3357 1813 3397 summam
1864 3346 2085 3414 praefert

498 3431 933 3496 similitudinem,
955 3433 1049 3489 sed
1094 3433 1235 3487 idem
1256 3449 1482 3503 prorsus
1517 3449 1583 3489 ac
1602 3435 1693 3489 illa
1712 3445 1817 3491 est.
1842 3436 1938 3491 Sin
1956 3453 2085 3493 vero

500 3537 696 3578 rursus
720 3523 776 3578 in
804 3524 955 3579 nullo
993 3523 1153 3579 habet
1181 3524 1621 3592 similitudinem,
1654 3543 1723 3583 ne
1752 3528 1833 3583 sic
1864 3530 2085 3598 quidem

499 3616 810 3686 exemplum
851 3632 914 3673 ac
961 3617 1141 3689 imago
1181 3616 1422 3672 futurum
1470 3629 1575 3674 est.
1625 3618 1741 3676 Usu
1781 3622 1928 3675 enim
1982 3623 2086 3675 hu-

501 3721 688 3771 mano,
721 3708 1030 3779 exemplum
1082 3708 1504 3765 similitudinem
1557 3711 1872 3779 quamdam,
1925 3711 2089 3781 idque

504 3813 570 3850 ex
601 3807 779 3867 parte,
806 3814 931 3853 cum
963 3814 1031 3855 eo
1054 3800 1203 3870 quod
1234 3800 1476 3871 imagine
1504 3811 1954 3870 repraesentatur,
1988 3803 2087 3857 ha—

2185 3172 2246 3226 ὲν
2270 3171 2450 3225 οὐδενὶ
2482 3169 2581 3240 τὴν
2611 3166 2908 3239 ὁμοιότητα
2939 3162 3075 3234 ἔχει,
3102 3160 3211 3215 οὐδ’
3241 3158 3396 3212 οὕτω
3429 3156 3764 3226 παράδειγμα

2190 3262 2288 3315 καὶ
2321 3259 2489 3315 εἰκὼν
2522 3259 2701 3313 ἔσται.
2749 3256 2824 3310 Τὸ
2855 3255 2963 3325 γὰρ
3013 3252 3379 3323 παράδειγμα
3413 3249 3507 3301 καὶ
3552 3246 3585 3314 ἡ
3613 3242 3765 3297 εἰκὼν

2188 3352 2284 3404 ἐπὶ
2326 3351 2438 3403 τῶν
2464 3349 2589 3404 καθ’
2614 3348 2766 3420 ἡμᾶς
2795 3344 3063 3416 ὁμοίωσιν
3086 3360 3218 3407 τινα
3243 3341 3394 3394 κατά
3430 3357 3485 3393 τι
3514 3336 3610 3391 τοῦ
3636 3336 3767 3389 stato-

2184 3442 2474 3511 νιζομένου
2533 3441 2783 3511 βούλεται
2814 3437 2987 3509 ἔχειν.
3030 3436 3150 3504 Ἐφ’
3178 3434 3343 3507 ἡμῶν
3379 3434 3563 3504 μέντοι
3586 3426 3764 3487 οὕτως·

2186 3535 2281 3586 ἐπὶ
2302 3534 2360 3587 δὲ
2385 3534 2498 3587 τῶν
2523 3533 2686 3586 θείων
2715 3530 3033 3601 προσώπων
3063 3530 3091 3582 ὀ
3120 3527 3249 3589 Υἱὸς
3272 3524 3445 3579 εἰκὼν
3466 3522 3558 3576 τοῦ
3574 3514 3769 3587 Πατρὶς

2187 3624 2486 3695 λεγόμενος
2515 3624 2658 3678 κατὰ
2686 3624 2870 3677 πάντα
2894 3624 2922 3674 ὁ
2952 3620 3118 3682 αὐτός
3145 3620 3296 3673 ἐστιν
3327 3615 3506 3685 αὐτῷ,
3528 3612 3586 3680 ἐξ
3614 3607 3767 3664 αὑτοῦ

2186 3715 2263 3769 ὣν
2300 3715 2580 3778 οὐσιωδῶς
2640 3715 2740 3769 καὶ
2771 3712 3184 3776 ὲνυποστάτως,
3218 3708 3316 3762 καὶ
3352 3708 3550 3779 πόρρω
3578 3700 3769 3763 παντὸς

2191 3825 2257 3861 συ
2265 3807 2634 3879 μδεσηκότος,

500 3889 614 3942 bet.
655 3887 747 3943 Sic
799 3899 979 3944 tamen
1026 3890 1082 3943 in
1130 3890 1291 3946 nobis
1325 3905 1389 3947 ac
1418 3905 1517 3961 pro
1553 3892 1792 3948 humano
1821 3908 1966 3959 usu;
2017 3894 2070 3947 in
2112 3895 2312 3953 divinis
2365 3909 2547 3953 autem
2599 3897 2873 3969 personis,
2929 3894 3128 3962 Filius,
3184 3894 3280 3965 qui
3362 3893 3543 3967 Patris
3604 3888 3770 3954 imago

508 3982 750 4048 dicatur,
783 3999 880 4053 per
936 3983 1123 4038 omnia
1174 3983 1250 4037 illi
1288 3984 1487 4040 similis
1539 3994 1643 4054 est,
1685 3986 1779 4056 qui
1839 4001 1906 4042 ex
1963 3986 2056 4043 illo
2093 3989 2543 4059 substantialiter,
2593 4004 2829 4062 veraque
2880 4003 2947 4045 ac
2993 4003 3091 4059 per
3138 4002 3199 4044 se
3238 3985 3591 4054 exsistentia.
3633 3974 3771 4035 omni

505 4081 698 4148 procul
724 4090 934 4134 semoto
961 4066 1263 4144 accidente,
1297 4080 1391 4136 sit.

580 4174 818 4229 Sanctus
847 4179 1030 4225 autem
1059 4170 1420 4242 Augustinus,
1462 4188 1623 4243 quem
1647 4183 1704 4230 et
1735 4185 1929 4244 quarta
1978 4185 2078 4231 ter-

2270 4176 2335 4230 Ὀ
2366 4175 2424 4229 δὲ
2462 4175 2617 4244 ἅγιος
2643 4173 3029 4242 Αὐγουστῖνος,
3056 4170 3116 4225 ὃν
3159 4170 3194 4240 ἡ
3218 4169 3263 4224 δ’
3304 4166 3404 4241 [γ’]
3431 4165 3645 4225 σύνοδος
3674 4158 3764 4212 καὶ

507 4268 583 4321 tia
609 4267 850 4337 synodus
885 4265 1446 4335 prazcellentissimum
1481 4266 1740 4323 Ecclesia:
1764 4270 2078 4340 magistrum

2189 4269 2510 4325 διδάσκαλον
2544 4267 2882 4339 ὲξοχὼτατον
2928 4266 3030 4335 τῆς
3075 4262 3411 4333 Ἐκκλησίας
3451 4255 3767 4329 προσεῖπεν,

509 4356 823 4427 appellavit,
878 4371 988 4410 non
1018 4370 1326 4411 sermonem
1354 4356 1448 4427 qui
1469 4371 1565 4411 ore
1586 4358 1886 4428 profertur,
1913 4361 1967 4414 in
1997 4360 2078 4414 di-

2189 4366 2249 4417 οὐ
2280 4364 2373 4416 τὸν
2406 4361 2746 4435 προφορικδν
2769 4359 2929 4428 λόγον
2959 4361 3040 4423 εἰς
3065 4356 3252 4410 εἰκόνα
3284 4355 3380 4408 τοῦ
3415 4353 3566 4406 θείου
3603 4345 3771 4435 Δόγοξι

506 4451 621 4505 vini
650 4450 815 4504 Verbi
852 4448 1144 4518 imaginem
1182 4450 1435 4513 assumit,
1466 4452 1561 4505 sed
1592 4451 1686 4521 qui
1721 4453 1867 4506 intus
1897 4454 2078 4508 animo

2180 4431 2483 4524 λαμϐάνει,
2529 4451 2668 4506 ἀλλά
2730 4450 2822 4504 τὸν
2886 4452 2944 4503 ὲν
2995 4450 3063 4519 τῇ
3118 4446 3265 4517 ψυχῇ
3315 4440 3643 4498 ἑνδιάθετον“
3676 4431 3765 4487 καὶ

672 4497 815 4504 .----
854 4497 1143 4518 ---ηοηηπ
1183 4497 1435 4513 _-_-----.-,
1467 4497 1560 4505 η-
1597 4497 1686 4521 ν.
1897 4497 2078 4508 -......ν

509 4544 781 4615 repositus
806 4550 929 4608 est;
961 4542 1196 4611 hincque
1222 4542 1359 4598 adeo
1390 4543 1653 4613 Spiritum
1686 4555 1964 4611 sanctum,
1997 4548 2078 4602 di-

2192 4497 2504 4607 ;;:):oiiiitb’;
2530 4497 2848 4611 :b'ilveﬁpa
2872 4540 2933 4593 τὸ
2954 4497 3112 4607 ἂίίον
3131 4497 3370 4605 Idan-ch
3400 4531 3562 4585 καλεῖ
3586 4544 3603 4559 ⁸
3657 4525 3772 4615 ἥτις

509 4637 799 4691 lectionem
827 4644 1022 4700 vocat;
1047 4649 1186 4704 quae,
1213 4634 1325 4689 sive
1347 4635 1589 4699 dilectio,
1614 4636 1730 4691 sive
1753 4652 1927 4704 amor,
1960 4654 2087 4707 pro-

510 4728 713 4795 prietas
742 4735 824 4780 est
855 4737 1063 4778 naturae
1091 4723 1293 4779 utentis
1316 4725 1545 4779 ratione.
1567 4726 1725 4780 Omni
1745 4726 1890 4782 enim
1919 4729 2087 4784 menti

510 4829 707 4873 natura
737 4817 1000 4887 competit
1035 4817 1335 4872 voluntatis
1361 4817 1462 4882 vis,
1499 4826 1553 4872 et
1580 4827 1639 4872 ut
1670 4818 1818 4874 velit.
1849 4817 2087 4875 Inclina-

512 4910 586 4965 tio
607 4909 751 4964 enim
788 4924 852 4963 ac
881 4909 1096 4978 pondus
1121 4909 1172 4962 in
1207 4907 1258 4962 id
1289 4909 1431 4978 quod
1461 4910 1743 4978 proprium
1775 4919 1861 4966 est
1890 4927 2088 4966 secun-

510 5002 641 5054 dum
677 5010 953 5067 naturam,
993 5000 1252 5054 omnibus
1301 5000 1464 5055 rebus
1496 5000 1679 5057 inest:
1714 5017 1904 5057 verum
1931 5003 1985 5056 in
2021 5003 2088 5058 iis

510 5108 633 5162 qua:
662 5108 829 5148 sensu
859 5102 1067 5159 carent,
1097 5091 1227 5146 illud
1262 5092 1437 5161 ipsum
1468 5092 1774 5147 secundum
1807 5104 2086 5159 naturam,

510 5185 793 5239 inclinatio
829 5193 1063 5237 vocatur
1091 5197 1155 5236 ac
1204 5183 1463 5251 pondus;
1498 5182 1806 5251 cujusmodi
1843 5183 1894 5236 in
1947 5193 2090 5237 terra

508 5288 613 5342 est,
664 5277 811 5347 quod
862 5275 918 5328 in
968 5274 1203 5328 medium
1257 5275 1630 5343 prOpcndcat:
1681 5273 1735 5326 in
1770 5274 1896 5343 igne
1942 5289 2091 5342 vero,

514 5386 737 5426 sursum
766 5370 968 5423 tendat.
996 5367 1054 5420 ln
1087 5367 1155 5422 iis
1190 5381 1323 5421 vero
1344 5381 1466 5435 quae
1496 5381 1661 5419 sensu
1694 5365 1916 5434 praedita
1941 5376 2089 5430 sunt,

512 5465 635 5532 ejus
676 5462 935 5533 appetitio
964 5459 1108 5530 quod
1149 5467 1233 5512 est
1261 5457 1542 5526 pr0prium
1576 5466 1629 5509 et
1662 5471 1729 5510 ex
1761 5465 1979 5511 natura.
2032 5457 2089 5512 In

2194 4639 2228 4710 ἢ
2265 4638 2457 4707 ἀγάπη
2481 4637 2513 4707 ἢ
2548 4637 2577 4689 ὁ
2600 4636 2743 4707 ἔρως
2766 4635 2866 4706 τῆς
2895 4631 3124 4700 λογικῆς
3154 4627 3372 4697 φύσεως
3414 4622 3619 4692 ἰδιότης
3644 4611 3772 4710 sed:

2197 4698 2369 4782 I'Iav'tl.
2551 4698 2643 4797 νῷ.
2665 4698 2835 4795 φύσει.
2856 4698 3118 4793 πρόσεστι
3149 4718 3247 4771 καὶ⁵
3276 4719 3310 4786 ἡ
3336 4713 3563 4783 θέλησις
3600 4698 3777 4797 καὶᾼτδ

2201 4795 2497 4872 θέλεινξἭ
2523 4795 2630 4885 γὰρ
2658 4816 2752 4869 ἐπὶ
2786 4818 2844 4867 τὸ
2879 4814 3080 4866 οἰκεῖον
3107 4809 3250 4863 κατὰ
3282 4806 3448 4876 φύσιν
3477 4799 3623 4873 ῥοπὴ
3647 4795 3772 4849 πᾶσι

2200 4910 2513 4979 πρόσεστιν
2552 4906 2670 4961 ἀλλ’
2700 4909 2757 4959 ἐν
2798 4906 2897 4974 μὲν
2926 4905 3042 4966 τοῖς
3068 4899 3424 4969 ἀναισθήτοις
3466 4890 3599 4947 αὐτὸ
3626 4886 3774 4979 τοῦτο

2200 4974 2343 5054 κατὰ
2371 5001 2534 5070 φύσιν
2563 5000 2814 5053 καλεῖται
2859 4997 3025 5067 ῥοπὴ,
3058 4988 3170 5047 οἷον
3197 4993 3301 5061 γῆς
3344 4989 3445 5059 μὲν
3479 4985 3576 5038 ἐπὶ
3598 4981 3657 5033 τὸ
3685 4974 3776 5070 μέ·

2203 5110 2317 5158 σον,
2358 5067 2533 5162 πυρὸς
2561 5091 2617 5143 δὲ
2660 5090 2752 5143 ἐπὶ
2776 5088 2837 5141 τὸ
2868 5087 3003 5141 ἄνωσ
3033 5086 3093 5138 ἐν
3117 5083 3175 5136 δὲ
3199 5086 3315 5143 τοῖς
3346 5067 3776 5172 ἔχουσινλαῖὠηῖ

2202 5201 2287 5237 σιν
2321 5184 2499 5254 ὄρεξις
2541 5183 2635 5236 τοῦ
2684 5181 2888 5234 οίκείου
2930 5175 3198 5231 καὶκατὰ
3243 5172 3430 5242 φύσιν·
3473 5170 3533 5220 ἐν
3567 5163 3626 5255 δε
3672 5163 3779 5255 τοῖς

2201 5253 2406 5346 νοεροίς
2439 5277 2534 5329 καὶ
2551 5274 2791 5343 λογικοῖς
2820 5272 3041 5340 θέλησις
3072 5268 3105 5338 ἢ
3145 5265 3360 5333 ἀγάπην
3406 5256 3548 5329 μετὰ
3572 5253 3668 5322 τὴν

2200 5335 2362 5435 λόγου
2387 5335 2580 5438 ⁷κρίσιν
2689 5335 3001 5435 στέργουσα
3050 5335 3148 5411 καὶ
3173 5353 3451 5424 ἀγαπῶσα
3504 5346 3569 5400 τὸ
3600 5335 3775 5410 κριθὲν

2201 5460 2431 5528 ἀγαθὸν,
2466 5459 2499 5529 ἢ
2530 5456 2847 5511 τούναντίον
2883 5452 3184 5521 φεύγουσα.

512 5520 582 5612 iis
614 5520 795 5612 autem
821 5571 941 5626 quae
965 5520 1274 5621 intelligunt
1303 5566 1367 5604 ac
1390 5547 1599 5602 ratione
1620 5557 1868 5620 utuntur,
1937 5550 2078 5605 νοΙιιι

2180 5568 2194 5608 5
2252 5520 2361 5607 'seu
2409 5520 2666 5615 dilectio;
2701 5564 2823 5618 quze
2896 5520 3022 5615 post
3080 5538 3309 5597 rationis
3350 5532 3645 5609 judiCium:
3694 5520 3776 5575 νει

512 5652 873 5719 amplmlatnr
900 5667 963 5705 ac
986 5650 1194 5715 diligat,
1235 5646 1378 5716 quod
1403 5645 1608 5716 judicio
1651 5646 1855 5701 bonum
1882 5646 2170 5715 probatum
2199 5655 2308 5711 est,
2348 5647 2428 5702 vel
2458 5646 2797 5702 contrarium
2833 5644 3075 5709 respuat.

546 5826 549 5829 _
591 5762 700 5838 (5'5)
739 5766 889 5823 O.at.
919 5768 1009 5820 57.
