4036 6262
406 296 511 359 537

1390 309 1487 367 DE
1526 307 1954 370 PRINCIPIIS
1994 308 2207 368 FlDEl
2246 312 2706 376 CATHOLICIB.

3533 320 3639 383 538

470 407 686 476 Ταύτην
731 407 911 461 τοίνυν
960 410 1060 480 τὴν
1111 410 1333 484 ἀγάπην
1356 453 1371 479 ,
1422 416 1524 485 τὴν
1575 418 1686 470 τῶν
1735 415 1977 484 λογικῶν

2150 426 2302 477 Hanc
2337 423 2523 492 itaque
2564 422 2934 489 dilectionem,
2965 437 3087 493 quae
3115 424 3382 478 utentium
3432 426 3639 479 ratiom:

407 499 665 570 ἰδιότητα,
695 499 865 569 φησὶν
891 496 1033 554 εῖναι
1090 504 1185 555 καὶ⁴
1233 506 1291 558 ὲν
1347 505 1426 576 τῷ
1476 505 1604 576 θείῳ
1647 507 1764 577 Νῷ.
1798 507 1970 560 Πόθεν

404 592 514 662 γάρ
548 590 777 644 ἄλλοθεν
805 585 875 658 ἦν
908 590 977 647 ἀν
1004 593 1064 645 ὲν
1095 594 1228 663 ἡμῖν
1250 596 1311 647 τὸ
1343 594 1552 663 ἀγαθὸν
1581 598 1675 650 καὶ
1700 598 1733 665 ἠ
1767 597 1973 649 τελειό-

403 683 635 759 τηςημὴ
674 683 886 737 ὶκεὶθεν
917 685 1123 754 ἥκοντα
1158 687 1317 755 ἡμῖν,
1351 687 1409 739 ἐν
1433 680 1476 754 ᾧ
1501 689 1651 742 πᾶσα
1692 688 1973 758 τελειότης

407 774 593 836 ἁπλῶς
622 774 1028 846 ὑπεριδρυμένη
1065 779 1305 844 νοεῖταις
1360 780 1521 833 Κατά
1541 764 1656 851 ’γὰρ
1684 781 1776 834 τὸν
1827 780 1974 834 θεῖον

408 867 683 924 Διονύσιον
739 871 878 940 (35),
936 872 992 924 αί
1049 873 1108 925 ὲν
1157 875 1270 935 τοῖς
1322 874 1588 937 αίτιατοτς
1635 876 1975 946 τελειότητες

406 959 588 1028 πολλῷ
617 960 887 1031 πρότερόν
921 963 1060 1015 εἰσιν
1083 964 1143 1017 έν
1175 966 1289 1028 τοῖς
1320 966 1539 1029 αἰτίοις.
1576 967 1698 1019 Τῶν
1733 968 1834 1035 μὲν
1865 969 1975 1039 γὰρ

408 1050 466 1102 ὲν
495 1050 627 1119 ἡμῖν
656 1053 844 1104 κακῶν
886 1052 1309 1123 (ἐλαττωμάτων
1338 1054 1486 1121 λέγω
1519 1056 1616 1108 καὶ
1660 1054 1974 1127 ἐλλείψεων)

408 1140 634 1211 οὐδεμία
660 1140 812 1212 χώρα
841 1143 920 1213 τῷ
941 1143 1083 1214 Θεῷ,
1116 1145 1226 1199 τῶν
1274 1145 1330 1199 δὲ
1360 1148 1419 1199 ὲν
1451 1148 1587 1217 ἡμῖν
1618 1147 1977 1217 τελειοτήτων

411 1234 505 1286 καὶ
540 1234 703 1288 πάνυ.
732 1235 939 1289 Αὐτίκα
971 1237 1000 1289 6
1046 1240 1146 1307 τῆς
1202 1240 1397 1306 σοφίας
1423 1240 1656 1309 ὁρισμὸς
1712 1257 1733 1291 ι
1772 1239 1978 1307 γνῶσις

412 1326 569 1383 θείων
605 1330 700 1381 καὶ
727 1327 1091 1398 ἀνθρωπίνων
1128 1331 1470 1401 πραγμάτων
1492 1332 1694 1387 ἐστίν.»
1738 1333 1978 1402 Ἐνήμῖν

413 1420 514 1495 μέν
540 1438 624 1474 τοι
648 1421 852 1483 ἀτελῶς
884 1424 981 1476 καλ⁸
1009 1424 1394 1491 μεταϐατικῶς
1425 1427 1459 1494 ἡ
1494 1425 1656 1493 σοφία
1688 1426 1978 1498 θεωρεῖται

413 1512 553 1567 κατά
581 1515 679 1584 τὴν
710 1515 941 1584 δύναμιν
967 1514 1062 1568 τοῦ
1092 1517 1362 1585 ἡμετέρου
1396 1517 1514 1569 νοῦ’
1543 1517 1653 1570 ἀπὸ
1681 1517 1792 1588 γάρ
1822 1516 1978 1571 τοῦδε

414 1606 507 1660 ἐπὶ
529 1605 649 1658 τόδε
680 1606 877 1676 χωρῶν
926 1607 1331 1675 μεταϐατικῶς,
1359 1609 1456 1662 καὶ
1485 1609 1586 1662 οὐκ
1631 1609 1849 1679 ἀθρόον,
1891 1609 1982 1662 διὰ

412 1693 518 1747 τῶν
564 1694 886 1765 προτάσεων
904 1683 1016 1748 ἰπὶ
1061 1696 1121 1748 τὸ
1158 1698 1533 1767 συμπέρασμα
1567 1699 1814 1770 καταντᾷ
1841 1715 1855 1730 ·
1906 1699 1982 1769 τῷ

411 1786 469 1840 δὲ
494 1787 614 1857 Θεῷ
647 1788 710 1841 τὸ
745 1789 846 1858 μὲν
872 1788 1076 1855 γνῶσιν
1116 1786 1261 1845 εἶναι
1293 1791 1454 1845 θείων
1482 1793 1579 1845 καὶ
1624 1790 1984 1863 ἀνθρωπίνων

418 1880 761 1949 πραγμάτων
811 1881 969 1935 τοῦτο
1011 1883 1109 1949 τῆς
1157 1881 1351 1949 σοφίας
1405 1882 1758 1951 ἀνατίθεμεν,
1796 1882 1987 1951 πολλῷ

422 1968 606 2037 μεῖζον
655 1970 753 2024 καὶ
784 1971 1257 2041 ὑπεροχικὼτερον
1287 1974 1382 2025 καὶ
1423 1973 1751 2044 τελεώτερον
1780 1988 1796 2004 ν
1829 1974 1900 2027 τά
1928 1974 1985 2026 δὲ

356 2130 359 2131 ν
421 2059 478 2111 ὲν
503 2060 638 2129 ἡμῖν
663 2063 730 2130 τῇ
758 2061 922 2131 σοφίᾳ
955 2061 1320 2132 συμῦαίνοντα
1348 2064 1794 2135 ἀποῤῥίπτομεν.

489 2320 706 2391 Ὠσπερ
735 2316 830 2373 οὖν
863 2317 1021 2385 αὖθις
1069 2324 1096 2375 6
1141 2322 1276 2387 Θεὸς
1305 2324 1465 2377 οὐσία
1496 2326 1591 2378 καὶ
1620 2324 1739 2379 ἔστι
1774 2327 1871 2380 καὶ
1901 2326 1989 2380 λέ-

421 2429 578 2482 γεται
597 2427 616 2446 ο
646 2413 872 2482 λέγεται
906 2412 964 2467 δὲ
994 2415 1087 2467 καὶ
1112 2415 1142 2468 6
1168 2414 1477 2486 ἄνθρωπος,
1500 2420 1597 2473 καὶ
1626 2418 1859 2473 ἕκαστον
1881 2419 1989 2471 τῶν

422 2505 543 2558 καθ’
589 2503 757 2558 ἑαυτὸ
797 2503 1157 2574 ὑφεστώτωνο
1201 2506 1299 2558 καὶ
1340 2506 1476 2578 ὅπερ
1514 2508 1614 2577 μὲν
1663 2510 1764 2579 τῆς
1797 2510 1993 2573 οὐσίας

423 2594 515 2648 καί
542 2593 637 2647 τοῦ
662 2594 787 2648 καθ’
820 2596 985 2649 ἑαυτὸ
1010 2596 1347 2667 τελειότητος
1364 2598 1545 2668 ἔχεται
1565 2600 1744 2670 (τοῦτο
1760 2601 1817 2655 δέ
1842 2602 1993 2655 ὲστιν

422 2686 451 2738 6
480 2687 606 2756 ὅρος
632 2686 828 2755 αὐτῆς,
859 2687 917 2750 ὃς
953 2688 1069 2756 ἐστι
1117 2689 1354 2759 πρᾶγμα
1397 2690 1787 2762 αὑθύπαρκτον
1825 2692 1994 2762 μηδε-

428 2777 514 2839 νὸς
544 2776 735 2847 ἐτέρου
770 2777 909 2846 πρὸς
969 2777 1231 2831 σύστασιν
1283 2780 1559 2850 δεόμενον)
1614 2782 1771 2835 τοῦτο
1807 2783 1991 2836 τοίνυν

424 2868 755 2938 ἀνατίθεμεν
793 2869 868 2939 τῷ
899 2868 1071 2933 ὅντως
1109 2870 1224 2924 ὄντι
1252 2870 1408 2943 Θεῷ·
1456 2871 1517 2924 τὸ
1549 2872 1607 2926 δὲ
1651 2874 1755 2926 ὑπὸ
1799 2875 1992 2944 χρόνον

424 2955 565 3015 εἶναι
591 2961 683 3015 καὶ
711 2962 996 3036 ἀλλοίωσιν
1024 2964 1118 3016 καὶ
1144 2963 1374 3035 φθορὰν,
1398 2964 1543 3034 ἆπερ
1571 2965 1675 3033 τῆς
1701 2966 1759 3018 ἐν
1782 2967 1991 3033 γενέσει

2072 516 2376 585 proprietas
2407 516 2644 580 exsistit,
2661 514 2715 569 in
2735 514 2916 569 divina
2934 530 3153 585 quoque
3179 514 3356 569 Mente
3372 515 3636 570 exsistere

2073 608 2225 662 dicit.
2259 606 2411 662 Unde
2445 607 2587 661 enim
2623 606 2843 661 aliunde
2875 616 3019 662 esset
3056 607 3112 660 in
3144 607 3302 662 nobis
3336 607 3536 661 bouum
3572 621 3635 659 ac

2076 696 2357 767 perfectio,
2388 697 2494 753 nisi
2534 697 2602 751 ad
2636 711 2739 751 nos
2760 712 2825 751 ex
2854 696 2946 751 iilo
2971 696 3203 761 veniret,
3234 697 3287 751 in
3319 711 3429 767 quo
3453 699 3634 751 omnis

2073 786 2335 857 perfectio
2358 787 2683 857 simpliciter
2699 787 3006 857 eximieque
3026 786 3346 856 intelligitur
3364 787 3638 841 residere?

2076 877 2148 931 Ut
2186 877 2327 931 enim
2361 887 2553 932 auctor
2594 886 2679 932 est
2714 877 2931 934 divinus
2972 877 3284 948 Dionysius,
3314 892 3435 945 quze
3461 877 3515 930 in
3552 876 3635 931 ef-

2077 965 2235 1023 fectis
2283 967 2643 1036 perfectiones
2678 980 2823 1033 sunt,
2852 970 3011 1039 longe
3061 969 3214 1037 prius
3263 966 3533 1023 exsistunt
3578 967 3633 1020 in

2075 1057 2279 1111 causis.
2308 1055 2573 1113 Malorum
2619 1060 2835 1128 quidem
2865 1075 2984 1128 qua:
3014 1069 3138 1113 sunt
3177 1059 3230 1111 in
3267 1058 3423 1112 nobis
3448 1058 3467 1128 (
3491 1056 3641 1110 defe-

2078 1160 2262 1205 ctuum
2293 1150 2501 1205 scilicet
2529 1166 2592 1205 ac
2612 1151 2887 1219 vitiorum)
2911 1151 2963 1204 in
2996 1150 3105 1204 Deo
3135 1150 3315 1204 nullus
3338 1157 3421 1203 est
3446 1148 3598 1202 locus
3624 1166 3637 1200 :

2077 1242 2472 1313 perfectionum
2525 1258 2654 1297 vero
2704 1244 2751 1319 si
2799 1258 2923 1311 quae
2973 1242 3134 1295 nobis
3182 1247 3523 1309 competunt,
3558 1238 3641 1292 vcl

2080 1334 2335 1390 maxime.
2362 1332 2627 1389 Nimirum
2651 1334 2939 1403 Sapientiae
2966 1332 3215 1388 definitio
3235 1339 3339 1393 cst,
3376 1350 3394 1383 ι
3426 1329 3645 1384 Divina-

2081 1442 2202 1479 rum
2241 1428 2708 1493 humanarumque
2745 1440 2923 1479 rerum
2945 1424 3236 1492 cognitio.»
3255 1420 3379 1497 Haec
3400 1436 3562 1492 porro
3589 1423 3643 1475 in

2082 1515 2240 1570 nobis
2260 1514 2572 1584 imperfecte
2592 1522 2647 1569 et
2669 1529 2792 1568 cum
2810 1515 3058 1568 discursu
3083 1522 3341 1581 motuque
3367 1528 3431 1566 ex
3454 1527 3565 1566 uno
3587 1512 3642 1566 in

2083 1607 2250 1671 aliud,
2283 1620 2380 1675 pro
2411 1605 2612 1661 mentis
2636 1615 2841 1660 nostrae
2870 1605 3145 1668 facultate,
3174 1603 3527 1673 conspicitur.
3561 1602 3644 1655 Ab

2087 1698 2190 1753 hoc
2208 1698 2352 1753 enim
2388 1697 2453 1752 ad
2487 1697 2616 1751 illud
2642 1696 2882 1766 procedit
2903 1710 2967 1750 ac
2989 1696 3208 1758 transit,
3233 1710 3336 1750 nec
3362 1694 3643 1749 confestim

2086 1805 2182 1860 per
2209 1790 2518 1859 praemissas
2539 1791 2605 1843 ad
2628 1787 3028 1843 conclusionem
3052 1787 3286 1841 devenit.
3314 1785 3421 1840 Deo
3443 1796 3648 1850 autem,

2088 1882 2151 1934 ad
2178 1880 2497 1949 sapientiam
2524 1880 2667 1948 quod
2695 1879 2908 1943 attinet,
2941 1894 3110 1932 unum
3152 1878 3256 1932 hcc
3296 1878 3646 1941 ascribimus,

2086 1971 2230 2039 quod
2247 1983 2329 2027 est
2351 1972 2660 2027 divinarum
2685 1972 3158 2040 humanarumque
3183 1985 3362 2023 rerum
3390 1969 3649 2039 cognitio,

2086 2065 2248 2134 longe
2301 2079 2436 2119 sane
2493 2063 2665 2133 magis
2715 2062 3179 2131 excellentiusque
3229 2076 3289 2115 ac
3317 2059 3652 2130 perfectius;

2088 2170 2209 2223 qua:
2228 2168 2359 2209 vero
2390 2154 2441 2207 in
2494 2153 2653 2208 nobis
2693 2152 2974 2222 sapientia:
3002 2150 3278 2215 accidunt,
3318 2151 3432 2205 haec
3486 2152 3653 2221 proji-

2087 2247 2282 2301 cimus.

2157 2337 2623 2405 Quemadmodum
2648 2336 2810 2407 igitur
2833 2352 3025 2393 rursus
3050 2337 3191 2392 Deus
3215 2345 3268 2392 et
3297 2345 3377 2391 est
3401 2335 3655 2391 substan-

2093 2432 2168 2485 tia
2204 2436 2663 2498 etnuncupatur;
2702 2435 3048 2496 nuncupatur
3091 2442 3219 2507 vero
3272 2426 3431 2482 etiam
3467 2427 3655 2491 homo,

2089 2535 2153 2576 ac
2181 2519 2445 2591 quidquid
2475 2520 2527 2573 in
2560 2518 2719 2575 rebus
2746 2533 2839 2588 per
2871 2532 2930 2573 se
2958 2517 3230 2573 exsistens
3258 2527 3361 2572 est.
3384 2515 3656 2587 Quidquid

2088 2627 2223 2666 vero
2258 2609 2601 2675 substantia,
2630 2622 2694 2661 ac
2722 2608 2842 2676 ejus
2871 2609 3014 2674 quod
3050 2616 3136 2662 est
3167 2620 3261 2675 per
3278 2621 3338 2661 se
3376 2621 3659 2675 esse,per-

2092 2701 2343 2757 fectionis
2374 2707 2458 2754 est
2492 2698 2635 2767 (qua:
2668 2697 2930 2751 nimirum
2968 2697 3081 2764 ipsa
3125 2696 3245 2763 ejus
3276 2696 3525 2749 definitio
3553 2705 3657 2760 est,

2093 2810 2180 2850 rcs
2204 2792 2414 2848 scilicet
2437 2806 2532 2861 per
2554 2804 2614 2844 se
2633 2788 2926 2852 exsistens,
2950 2804 3071 2856 quae
3101 2797 3159 2841 ut
3191 2788 3478 2852 consistat,
3510 2786 3661 2840 nullo

2093 2892 2353 2957 praeterea
2398 2882 2596 2953 egeat),
2631 2879 2735 2934 hoc
2775 2879 2963 2947 utique
2994 2881 3068 2943 ei,
3111 2878 3204 2947 qui
3234 2893 3360 2932 vere
3412 2886 3515 2941 est,
3552 2878 3661 2932 Deo

2091 2979 2409 3037 tribuimus.
2434 2977 2589 3043 Quod
2615 2986 2701 3031 est
2726 2989 2856 3029 vero
2882 2974 3177 3028 obnoxium
3204 2988 3323 3028 esse
3353 2972 3582 3042 tempori
3608 2984 3664 3027 et

429 3055 525 3107 καὶ
559 3055 738 3125 φθορᾷ
785 3053 917 3126 ὕλης
952 3054 1289 3109 καθεστᾶσιν
1348 3055 1481 3120 ῐδια,
1524 3058 1804 3121 παντελῶς
1855 3057 1990 3110 Θεοῦ

2098 3070 2386 3127 mutationi
2420 3078 2475 3125 et
2503 3065 2863 3136 corruptioni,
2915 3080 3038 3135 quae
3071 3074 3197 3120 sunt
3244 3064 3463 3134 propria
3493 3068 3664 3119 mate-

428 3148 773 3219 ἀφαιροῦμεν
793 3163 808 3179 ·
840 3148 1104 3210 ὡσαύτως
1137 3150 1232 3201 καὶ
1262 3149 1354 3202 ἐπὶ
1388 3149 1725 3220 ἀγαθότητος
1752 3149 1866 3221 ἔχει
1898 3148 1993 3205 καὶ

431 3240 804 3308 δικαιοσύνης,
830 3240 925 3292 καὶ
957 3240 1069 3292 τῶν
1106 3240 1305 3296 ἄλλων.

506 3416 570 3470 Et
592 3417 650 3470 δὲ
681 3416 838 3470 τοῦτο
865 3416 1011 3485 λέγει
1039 3436 1125 3483 τις
1152 3420 1252 3473 οὐκ
1280 3419 1455 3491 ὀρθῶς
1486 3421 1656 3493 ἔχειν,
1686 3423 1871 3478 λοιπὸν
1893 3427 1993 3496 ἀρ-

434 3508 651 3574 μόσειεν
682 3508 749 3563 ἂν
799 3510 942 3563 κατά
979 3509 1072 3563 τὸν
1133 3511 1345 3565 ἐκείνου
1382 3512 1541 3580 λόγον
1594 3514 1735 3586 μήτε
1783 3516 1994 3584 οὐσίαν,

434 3603 570 3671 μήτε
607 3601 793 3671 σοφὸν,
826 3601 967 3672 μήτε
992 3604 1193 3671 ἀγαθὸν
1220 3602 1402 3672 λέγειν
1429 3601 1571 3660 εἶναι
1600 3606 1692 3660 τὸν
1716 3607 1871 3672 Θεὸν,
1907 3607 1995 3660 ἵνα

437 3694 511 3764 μὴ
543 3692 786 3763 δόξωμεν
831 3696 954 3757 ταῖς
1009 3696 1382 3767 ἀνθρωπίναις
1418 3698 1511 3749 τὸν
1546 3697 1681 3750 Θεὸν
1717 3715 1996 3769 προσηγο-

436 3784 578 3853 ρίαις
609 3786 809 3856 τιμᾷνο
839 3786 977 3856 ὅπερ
1005 3785 1230 3840 ἄτοπον.
1256 3788 1449 3843 Καίτοι
1475 3787 1675 3858 ἀληθὲς
1697 3792 1895 3855 εἰπεῖν,
1921 3790 1999 3853 ὡς

432 3878 716 3948 ἐλέγομεν,
747 3879 831 3931 ὅτι
859 3879 888 3931 6
920 3878 1051 3941 Θεὸς
1095 3876 1219 3933 οὔτε
1270 3878 1390 3947 φῶς
1443 3880 1589 3932 ἐστιν
1635 3877 1760 3932 οὔτε
1803 3879 1999 3943 σκότος

434 3971 568 4041 ('56),
603 3971 729 4025 οὔτε
758 3972 855 4038 νὺξ
884 3970 1011 4025 οὔτε
1064 3973 1267 4043 ἡμέρα,
1302 3954 1427 4026 οὗτε
1458 3972 1577 4026 τόδε
1607 3973 1640 4044 ἢ
1675 3974 1831 4027 τόδε⁹
1881 3974 2002 4029 ἀλλ’

433 4064 530 4132 οὐχ
558 4061 634 4126 ὡς
657 4062 719 4117 τὸ
754 4063 985 4135 μηδαμῆ
1021 4064 1288 4134 μηδαμῶς
1321 4062 1403 4128 ὃν,
1435 4063 1552 4116 ἀλλ’
1598 4065 1681 4119 ὅτι
1732 4066 1834 4120 οὐκ
1880 4067 1999 4120 ἔστι

330 4167 346 4177 ’
437 4153 682 4207 τοιοῦτον
709 4148 823 4209 οἷον
857 4155 1021 4223 ἡμεῖς
1072 4154 1216 4208 κατὰ
1260 4154 1552 4224 διαφόρους
1599 4156 1846 4221 ἐπινοίας
1892 4159 2003 4213 ἀπὸ

435 4247 801 4317 διαφερόντων
816 4246 1095 4316 ὀνομάτων
1120 4246 1477 4318 ὑπονοοῦμεν,
1493 4246 1763 4320 ἀλλ’ὑπὲρ
1784 4251 2002 4306 ἅπαντα

436 4335 506 4389 τά
537 4335 665 4390 ὄντα
695 4335 1040 4406 ἀσυγκρίτως
1070 4334 1151 4391 όν.

506 4602 665 4660 Κατά
692 4602 786 4658 τὸν
814 4603 983 4658 αὐτὸν
1013 4602 1196 4657 τοίνυν
1224 4605 1446 4676 τρόπον,
1482 4609 1514 4677 ἡ
1559 4606 1749 4678 ἀγάπη
1785 4608 2007 4677 λέγεται

438 4699 540 4769 μὶν
573 4699 666 4752 ἐπὶ
693 4697 852 4761 Θεοῦ,
888 4697 1109 4766 λέγεται
1141 4699 1199 4752 δὲ
1237 4701 1333 4753 καὶ
1360 4701 1444 4768 ἐφ’
1480 4701 1639 4769 ἡμῶν
1667 4701 1788 4755 κατ’
1823 4702 2011 4756 εἰκόνα

435 4790 671 4845 ἐκείνου.
718 4789 860 4843 Ἀλλ’
882 4790 1042 4861 ήμῶν
1075 4789 1175 4860 μὲν
1201 4791 1397 4844 ἄπεστι
1428 4791 1693 4854 πολλάκις
1722 4793 1922 4858 έκεῖνο,
1943 4784 2004 4846 οὗ

435 4880 502 4934 ἂν
532 4881 905 4952 ὲρασθείημεν
931 4896 946 4911 °
1000 4882 1266 4945 πολλάκις
1297 4883 1352 4935 δὲ
1394 4885 1488 4937 καὶ
1522 4884 1726 4950 φαῦλος
1755 4883 1897 4954 ἔρως
1946 4885 2005 4937 ὲν

436 4970 570 5038 ἡμῖν
605 4970 841 5037 γίνεται,
877 4971 1067 5041 φαύλῳ
1101 4972 1479 5041 προαγόμενος
1504 4972 1647 5042 λόγῳ
1667 4987 1682 5003 θ
1707 4972 1786 5042 τῷ
1810 4973 1867 5026 δὲ
1889 4972 2008 5043 Θεῷ

368 5098 379 5109 .
432 5059 589 5115 οὐδὲν
617 5062 824 5129 ἀγαθὸν
858 5063 1115 5127 ἄπεστιν,
1139 5055 1200 5115 οὗ
1233 5062 1299 5115 ἂν
1327 5064 1587 5135 ἐρασθείη
1621 5081 1635 5095 ⁶
1674 5065 1863 5135 διόπερ
1900 5065 2009 5118 οὐδ’

340 5146 343 5147 ν
433 5153 622 5220 ἔφεσις
660 5152 747 5203 ἐπ’
772 5153 920 5220 αὐτῷ
948 5154 1173 5222 λέγεται
1198 5169 1213 5184 ’
1264 5155 1378 5208 ἀλλ’
1410 5154 1601 5227 ὥσπερ
1630 5157 1792 5219 αὐτὸς
1823 5158 2004 5228 ἑαυτῷ

435 5243 552 5296 ἐστι
580 5244 789 5314 νοητὸν,
815 5244 933 5308 ὡςό
961 5246 1321 5314 Δαμασκηνὸς
1346 5247 1531 5316 φησὶν,
1568 5262 1587 5297 t
1639 5244 1697 5299 '0
1732 5246 1864 5311 Θεὸς
1888 5250 2003 5300 νοεῖ

434 5335 626 5389 ἑαυτὸν
659 5336 723 5387 ἐκ
740 5336 841 5402 τῆς
877 5337 1152 5406 μακαρίας
1177 5337 1365 5400 οὐσίας
1405 5337 1593 5390 αὐτοῦ’
1644 5357 1663 5390 t
1697 5339 1763 5410 ἢν
1788 5339 1853 5407 δὴ
1880 5342 2006 5409 νόη-

438 5443 520 5480 σιν
552 5426 647 5479 καὶ
683 5426 711 5478 6
736 5426 997 5495 Θεολόγος
1053 5427 1354 5497 Γρηγόριος
1395 5417 1802 5499 αἰνιττόμενος,
1837 5448 1855 5481 t
1902 5432 2004 5485 Kt-

440 5517 649 5571 νεῖσθαι
695 5535 715 5568 ι
750 5517 899 5587 λέγει
930 5538 949 5570 ι
988 5519 1179 5574 ἑαυτὸν
1207 5523 1272 5591 τῇ
1307 5521 1502 5575 ἑαυτοῦ
1534 5522 1759 5594 θεωρίᾳ·
1796 5540 1815 5574 t
1852 5523 1945 5575 καὶ
1970 5524 2001 5577 6

448 5715 469 5737 ε
518 5698 631 5767 (55)
660 5697 733 5753 De
763 5700 920 5758 divin.
949 5720 1088 5759 nom.
1124 5719 1171 5761 (τ-
1205 5702 1258 5758 9.
1289 5704 1316 5774 §
1348 5705 1401 5759 6.

2103 3164 2218 3227 riae.
2246 3178 2366 3232 quae
2402 3162 2517 3231 ipsa
2551 3168 2705 3214 ortus
2739 3173 2804 3213 ac
2836 3157 3088 3212 interitus
3115 3156 3545 3211 vicissitudinem
3583 3156 3666 3211 ai-

2103 3255 2263 3319 ferat,
2291 3253 2516 3309 omnino
2547 3266 2575 3304 a
2616 3250 2725 3305 Deo
2758 3246 3474 3317 removetnus.Eodemque
3503 3250 3666 3305 modo

2103 3364 2164 3405 se
2181 3363 2268 3403 res
2290 3347 2344 3401 iu
2367 3344 2607 3400 bonitate
2637 3354 2689 3397 et
2708 3342 2916 3411 iustitia
2935 3354 2998 3395 ac
3023 3340 3248 3409 reliquis
3279 3341 3463 3395 habet.

2181 3436 2278 3490 Sin
2310 3449 2438 3488 vero
2475 3432 2598 3501 quis
2632 3430 2685 3483 id
2719 3430 2865 3499 quod
2905 3430 3141 3486 dicimus
3193 3429 3485 3497 improbet,
3518 3445 3582 3484 ac
3611 3446 3672 3486 se

2107 3523 2255 3579 recte
2282 3521 2483 3575 habere
2527 3527 2705 3586 neget,
2745 3517 2902 3585 plane
2934 3532 2999 3570 ex
3045 3516 3166 3585 ejus
3215 3517 3485 3571 sententia
3536 3532 3673 3572 con-

2106 3617 2284 3679 gruat,
2314 3614 2373 3660 ut
2396 3605 2646 3659 dicamus
2671 3603 2842 3657 Deum
2872 3617 3048 3671 neque
3075 3604 3466 3670 substantiam,
3499 3621 3675 3676 neque

2107 3698 2430 3767 sapientem,
2456 3709 2632 3764 neque
2665 3694 2867 3747 bonum
2897 3708 3020 3748 esse
3046 3709 3060 3758 ;
3092 3708 3159 3748 ne
3180 3694 3392 3750 scilicet
3419 3696 3675 3753 humanis

2108 3785 2564 3857 appellationibus
2609 3783 2892 3838 videamur
2931 3784 3110 3853 ipsum
3167 3783 3483 3848 honorare;
3525 3785 3672 3855 quod

2106 3878 2407 3937 absurdum
2467 3886 2570 3933 est.
2602 3874 2923 3946 Quanquam
2982 3874 3129 3931 istud
3180 3889 3365 3930 verum
3397 3874 3549 3930 dictu
3588 3887 3676 3932 est

2083 3970 2277 4043 ~(quod
2301 3982 2494 4039 nempe
2524 3963 2862 4037 dicebamus)
2896 3968 3064 4022 Deum
3090 3980 3263 4035 neque
3282 3966 3461 4023 lucem
3493 3982 3674 4038 neque

2109 4063 2360 4118 tenebras
2389 4075 2552 4127 esse;
2591 4074 2692 4117 nec
2731 4068 2946 4115 noctem
2998 4073 3099 4115 nec
3133 4058 3301 4123 diem,
3351 4062 3531 4129 neque
3569 4060 3677 4115 hoc

2110 4151 2333 4217 iiludve,
2379 4165 2491 4206 non
2531 4150 2677 4206 velut
2705 4150 2759 4205 id
2805 4148 2950 4220 quod
2978 4163 3258 4219 nusquam
3314 4165 3541 4220 prorsus
3569 4157 3676 4215 est,

2112 4240 2207 4299 sed
2235 4242 2365 4314 quia
2393 4257 2502 4297 non
2532 4240 2804 4310 ejusmodi
2832 4248 2939 4307 est,
2972 4240 3130 4311 quale
3165 4254 3263 4295 nos
3290 4255 3386 4310 per
3434 4240 3677 4296 diversos

2111 4342 2411 4401 conceptus
2444 4347 2515 4386 ex
2547 4332 2803 4397 diversis
2828 4332 3145 4387 nominibus
3192 4340 3376 4387 mente
3414 4331 3676 4387 informa-

2113 4437 2235 4477 mus
2265 4436 2328 4477 ac
2356 4420 2738 4492 intelligimus;
2768 4421 2863 4476 sed
2913 4436 3078 4492 supra
3105 4436 3267 4478 omne
3302 4421 3566 4493 quidquid
3596 4430 3679 4477 est

2104 4516 2244 4573 citra
2265 4529 2483 4571 omnem
2507 4514 2967 4585 comparationem
3002 4514 3225 4570 eminet.

2174 4606 2379 4662 Eodem
2420 4607 2603 4677 itaque
2654 4605 2817 4661 modo
2878 4605 3079 4661 dicitur
3108 4606 3327 4675 quidem
3373 4608 3425 4662 in
3460 4606 3574 4665 Deo
3598 4607 3682 4662 di-

2106 4698 2288 4764 lectio,
2324 4697 2527 4753 dicitur
2553 4712 2683 4753 vero
2709 4708 2764 4752 et
2796 4696 2853 4753 in
2899 4697 3058 4752 nobis
3093 4698 3159 4752 ad
3207 4698 3326 4767 ejus
3364 4699 3678 4769 imaginem.

2105 4791 2307 4846 Verum
2351 4790 2506 4845 abest
2550 4789 2872 4859 plerumque
2903 4802 2933 4841 a
2960 4786 3120 4842 nobis
3162 4788 3238 4852 id,
3297 4788 3456 4858 cujus
3492 4804 3680 4845 amore

2103 4881 2403 4948 aﬂicimur;
2462 4895 2564 4935 nec
2596 4895 2724 4934 raro
2762 4879 2925 4935 etiam
2959 4878 3014 4932 in
3047 4879 3202 4933 nobis
3244 4872 3460 4948 pravus
3495 4895 3676 4945 amor,
3708 4942 3715 4948 _

2104 4988 2273 5044 prava
2326 4972 2494 5025 animi
2558 4971 2771 5025 ratione
2823 4978 3066 5039 parente,
3114 4969 3308 5023 oritur.
3350 4970 3455 5025 Deo
3497 4982 3682 5026 autem

2069 5072 2079 5082 ‘
2107 5066 2320 5121 nullum
2351 5064 2507 5119 abest
2556 5063 2785 5128 bonum,
2809 5063 3176 5133 quodcunque
3195 5064 3502 5133 amaverit;
3539 5065 3685 5119 unde

2114 5174 2217 5214 nec
2237 5158 2531 5228 cupiditas,
2578 5171 2675 5211 seu
2709 5155 3063 5222 desiderium,
3092 5156 3159 5211 de
3188 5156 3281 5211 illo
3314 5156 3551 5222 dicitur;
3583 5156 3680 5211 sed
3759 5212 3762 5215 Α

2114 5250 2256 5306 sicut
2284 5251 2399 5318 ipse
2427 5248 2529 5304 sibi
2553 5257 2639 5303 est
2668 5248 2815 5318 quod
2846 5247 3185 5318 intelligitur,
3212 5255 3271 5301 ut
3292 5247 3368 5302 ait
3395 5248 3681 5301 Damasce-

2114 5357 2253 5395 nus:
2299 5339 2474 5392 «Deus
2504 5339 2619 5407 ipse
2646 5338 2880 5407 seipsutn
2916 5355 2983 5394 ex
3006 5339 3163 5392 beata
3204 5336 3441 5392 essentia
3467 5350 3565 5389 sua
3596 5334 3681 5388 in-

2113 5434 2303 5501 telligit
2331 5450 2344 5496 ;
2381 5449 2399 5482 ι
2430 5445 2593 5500 quam
2625 5430 2794 5498 ipsam
2828 5430 3252 5485 intellectionem
3276 5428 3523 5482 'innuens
3554 5425 3682 5481 Gre-

2109 5525 2298 5596 gorius
2318 5522 2630 5591 Theologus
2656 5560 2671 5588 ,
2707 5521 2941 5577 «Moveri
2970 5536 3094 5578 eum
3119 5521 3197 5574 ait
3237 5521 3290 5573 in
3320 5517 3525 5587 seipse,
3551 5533 3685 5575 con-

2175 5702 2285 5775 (56)
2316 5703 2561 5774 Demyst.
2598 5697 2773 5754 Τήιοι.
2800 5713 2829 5754 c
2888 5700 2935 5752 1.
