4096 6292
406 397 514 463 545

1377 396 1474 455 DE
1509 395 1935 457 PRINCIPIIS
1962 396 2175 455 FIDEI
2207 398 2681 463 CATHOLIC/E.

3537 402 3643 463 546

402 504 567 575 euq.
594 502 743 571 αὐτῷ
780 500 934 565 εἴδει,
964 502 1060 555 καὶ
1109 502 1167 555 έν
1193 502 1262 571 τῇ
1291 501 1429 574 αὐτῇ
1460 506 1664 574 μορφῇ,
1695 507 1723 558 ὃ
1747 505 1801 558 τί
1832 504 1963 557 ποτέ

2094 521 2186 556 ur:
2228 505 2324 559 sed
2351 506 2466 562 haec
2489 524 2705 577 quoque
2730 510 2963 565 essentia
3016 526 3117 567 seu
3156 511 3484 575 substantia,
3511 526 3649 565 una-

403 600 553 651 ἐστιν
586 593 727 657 εἶδος
757 595 874 646 ἐκεῖ
906 595 999 646 καὶ
1029 594 1234 663 μορφή.
1296 591 1391 646 Ἐκ
1444 593 1552 665 γὰρ
1603 595 1792 659 οὐσίας
1820 596 1978 649 οὐσία

404 686 547 741 κατὰ
581 688 743 755 φύσιν
772 685 1092 752 προάγεται,
1126 684 1252 736 ὅταν
1280 684 1341 736 τδ
1372 684 1571 753 ἑαυτῆς
1602 684 1753 748 τέλος
1777 687 1974 755 ἐνεργῇ

404 778 547 830 κατά
573 776 670 845 τὴν
703 777 909 828 οἰκείαν
944 774 1127 842 φύσιν,
1154 776 1249 828 καὶ
1279 776 1337 827 τὸ
1367 775 1520 842 αὐτὸ,
1550 776 1786 848 ἐπείπερ
1810 776 1865 828 ἓν
1890 777 1978 830 ἀεὶ

401 870 465 918 τὸ
489 867 688 919 οίκεῖον
718 865 870 924 τέλος
900 865 1138 934 ἑκάστῳ.

2076 610 2183 663 que
2204 597 2315 665 ipsa
2351 612 2414 651 ac
2456 601 2641 653 eadem
2674 615 2796 653 cum
2846 600 2940 654 Dei
2977 617 3039 655 ac
3084 602 3260 656 Patris
3291 601 3552 664 essentia,
3588 601 3643 653 in

2075 688 2264 741 eadem
2324 690 2504 757 specie
2553 692 2850 759 eademque
2900 691 3070 745 forma
3109 694 3393 761 (quidquid
3428 693 3644 746 tandem

2080 778 2132 830 in
2158 778 2265 832 Deo
2294 779 2502 847 species
2533 780 2605 835 sit
2631 795 2695 835 ac
2726 782 2920 850 forma)
2968 797 3089 836 esse
3129 783 3489 837 existimetur.
3566 782 3644 835 Es

2080 868 2383 924 substantia
2416 871 2563 925 enim
2588 886 2684 927 seu
2716 872 2978 934 essentia,
3027 874 3325 927 substantia
3360 889 3423 927 ac
3456 887 3647 928 essen-

412 962 486 1014 tia
529 960 855 1014 naturaliter
874 958 1146 1028 procedit,
1183 974 1307 1014 cum
1334 958 1424 1013 illa
1471 973 1572 1029 pro
1600 974 1665 1014 eo
1696 973 1761 1014 ac
1787 958 1861 1013 illi
1897 968 2097 1015 natura
2167 972 2545 1032 comparatum
2586 973 2691 1028 est,
2738 979 2897 1019 suum
2956 964 3115 1019 finem
3166 965 3312 1034 agit:
3371 964 3647 1032 idemque,

404 1053 673 1123 siquidem
700 1069 843 1109 unus
876 1068 1093 1121 semper
1121 1053 1319 1123 cuique
1358 1053 1482 1108 linis
1524 1054 1778 1124 proprius
1821 1055 2063 1111 essistit.

490 1147 652 1199 ’Λλλά
686 1148 792 1217 μὴν
838 1148 873 1217 ἡ
925 1149 981 1201 ὲν
1024 1148 1156 1219 ἡμῖν
1191 1147 1378 1218 ἀγάπη
1409 1146 1505 1201 καὶ
1533 1149 1561 1199 6
1591 1145 1729 1215 ipso;
1758 1145 1976 1210 διπλοῦς

404 1238 521 1290 ἔστι
543 1237 631 1290 διά
663 1238 763 1306 τὴν
786 1238 897 1290 τῶν
922 1237 1167 1308 ὲραστῶν
1198 1238 1464 1307 διαφορὰν
1487 1239 1581 1290 καὶ
1611 1238 1973 1309 ἀκαθαρσίαν.

408 1327 574 1381 Ὅθεν
611 1330 705 1381 καὶ
735 1328 914 1398 φαύλη
948 1330 1032 1396 ἐφ’
1064 1327 1222 1397 ἡμῶν
1246 1328 1456 1396 γίνεται
1476 1328 1687 1400 ἀγάπη,
1717 1330 1847 1382 ὅταν
1876 1346 1978 1382 πα-

410 1424 571 1490 ρόντα
598 1422 908 1488 ἀγαπῶμεν
931 1420 1001 1471 τά
1035 1420 1217 1488 φαῦλα
1241 1435 1255 1451 ⁸
1309 1420 1405 1473 καὶ
1456 1419 1769 1489 ἀκάθαρτος
1812 1420 1976 1492 ἔρως,

405 1514 495 1563 ὅτε
522 1513 617 1563 καὶ
644 1512 672 1563 6
700 1509 859 1579 λόγος
884 1510 1043 1579 ἡμῶν
1067 1509 1269 1578 φαῦλος
1296 1508 1354 1573 ἐξ
1382 1509 1627 1579 ἀνάγκης
1656 1509 1826 1562 ἐστίν.
1853 1508 1979 1563 Ἐπὶ

404 1602 463 1655 δὲ
494 1601 572 1671 τῷ
600 1600 718 1670 Θεῷ
750 1601 809 1654 ἓν
835 1602 983 1652 ἐστιν
1021 1601 1273 1671 ὲραστὸν,
1311 1600 1475 1663 αὐτὸς
1504 1598 1704 1670 ἑαυτῷ,
1738 1601 1833 1653 καὶ
1861 1601 1981 1666 ἀγι-

407 1694 636 1758 ὡτατον,
671 1691 889 1746 πάντων
920 1691 1089 1745 ὄντων
1137 1691 1487 1760 ἀσυγκρίτως
1525 1688 1979 1759 ὐπερανῳκισμέο

407 1800 517 1839 νον.
550 1784 661 1837 Καὶ
689 1786 722 1853 ἡ
762 1784 855 1836 τοῦ
888 1782 1023 1835 Θεοῦ
1053 1783 1244 1849 ἀγάπη
1274 1781 1408 1848 ἀγία
1439 1781 1559 1833 ἐστὶ
1590 1781 1686 1832 καὶ
1720 1779 1836 1847 μία.
1870 1777 1980 1830 Καὶ

2146 1148 2461 1217 Enimvero,
2481 1166 2603 1221 qua:
2624 1152 2679 1207 in
2704 1152 2861 1208 nobis
2884 1149 3106 1207 dileciio
3128 1159 3212 1205 est
3238 1166 3333 1207 seu
3361 1165 3515 1205 amor
3546 1151 3651 1207 du-

2075 1240 2199 1309 plex
2228 1248 2331 1304 est,
2367 1239 2438 1295 ob
2478 1254 2665 1296 eorum
2689 1254 2809 1309 qua:
2836 1242 3009 1295 amori
3041 1241 3310 1294 habentur
3342 1240 3640 1296 discrimen

2075 1345 2140 1385 ac
2169 1331 2560 1399 impuritatem.
2607 1332 2761 1390 Unde
2796 1333 2959 1387 etiam
2999 1346 3165 1401 prava
3213 1332 3267 1385 in
3314 1332 3473 1388 nobis
3504 1332 3653 1387 essi-

2042 1430 2045 1435 '
2078 1423 2176 1477 stit
2198 1422 2439 1488 dilectio,
2466 1438 2590 1478 cum
2652 1439 2740 1479 res
2776 1424 2901 1479 vita
2932 1423 3117 1493 hujus,
3146 1437 3267 1491 quae
3296 1432 3427 1477 sunt
3450 1437 3650 1491 prave.

2080 1511 2361 1582 diligimus
2387 1530 2403 1567 :
2437 1523 2599 1583 atque
2649 1529 2802 1568 amor
2828 1514 3097 1584 impurus,
3129 1512 3351 1577 quando
3378 1524 3431 1566 et
3462 1523 3651 1568 nostra

2078 1605 2219 1659 ratio
2271 1607 2581 1660 necessario
2639 1620 2807 1675 prava
2861 1616 2964 1662 est.
3003 1605 3061 1658 ln
3090 1603 3200 1658 Deo
3229 1613 3410 1658 autem
3440 1604 3651 1658 amoris

2081 1696 2352 1765 objectum
2407 1711 2575 1750 unum
2633 1706 2719 1751 est
2772 1696 2910 1766 (ipse
2956 1697 3215 1749 nimirum
3270 1694 3371 1747 sibi
3426 1694 3554 1771 ipsi)
3591 1709 3655 1748 ac

2080 1786 2526 1849 sanctissimum,
2585 1787 2783 1856 quippe
2834 1801 2995 1855 supra
3050 1800 3138 1840 res
3186 1798 3374 1837 omnes
3444 1784 3657 1839 incom-

410 1872 534 1926 επεὶ
566 1874 636 1926 τὰ
670 1873 926 1941 ’κρυφίαν
978 1870 1169 1940 ἔχοντα
1208 1868 1306 1939 τὴν
1346 1870 1482 1922 ἰδίαν
1521 1866 1731 1921 ἑαυτῶν
1764 1866 1862 1935 τῆς
1894 1884 1978 1918 κι-

2089 1876 2319 1947 parabili
2368 1890 2591 1932 excessu
2640 1876 2884 1931 eminens
2932 1892 2994 1931 ac
3028 1875 3253 1930 elatum.
3294 1875 3483 1928 Divina
3514 1888 3653 1943 quo-

415 1964 617 2035 νήσεως
642 1964 818 2033 ἀρχὴν
847 1963 923 2032 τῷ
945 1962 1037 2015 τοῦ
1071 1960 1383 2030 πνεύματος
1410 1958 1636 2027 ὀνόματι
1668 1956 1939 2026 καλοῦμεν
1962 1973 1978 1990 ο

410 2056 550 2110 οὕτω
586 2057 695 2123 γάρ
733 2056 826 2107 καὶ
855 2055 980 2114 τοὺς
1028 2052 1267 2122 ἀνέμους
1298 2051 1590 2120 πνεύματα
1632 2050 1865 2118 λέγομεν
1893 2048 1982 2103 sta:

410 2146 509 2210 τὴν
537 2147 761 2215 ἀδηλίαν
789 2147 890 2215 τὴν
922 2146 1014 2198 τοῦ
1045 2146 1167 2199 ὅθεν
1199 2145 1422 2215 προΐασι
1446 2159 1459 2173 ·
1487 2142 1583 2195 καὶ
1613 2143 1646 2211 ἡ
1685 2141 1804 2195 θεία
1834 2139 1981 2210 αῦτη

414 2236 725 2304 ἀγαπητοῦ
777 2236 913 2289 Θεοῦ
964 2236 1190 2305 Πνεῦμα
1236 2235 1391 2302 ἀγιον
1436 2233 1699 2287 καλεῖται.
1751 2230 1815 2284 Εί
1874 2230 1981 2300 γὰρ

411 2329 505 2381 καὶ
536 2331 568 2397 ἡ
599 2329 721 2381 Θεία
757 2330 1012 2399 γέννησις
1041 2329 1237 2397 ἐπίσης
1268 2329 1419 2380 ἐστὶν
1450 2325 1643 2395 ἄδηλος
1673 2324 1767 2377 καὶ
1798 2323 1979 2390 ἀγνωο

410 2434 532 2479 στος
558 2418 708 2489 πάσῃ
747 2420 977 2488 γεννητῇ
1011 2418 1171 2485 φύσει
1196 2434 1210 2448 ·
1234 2415 1351 2470 ἀλλ’
1374 2412 1471 2469 οὖν
1502 2413 1697 2468 καθότι
1723 2413 1980 2480 γέννησις

407 2510 648 2576 λέγεται,
691 2509 1063 2579 συνηθεστέρᾳ
1096 2510 1246 2578 φωνῇ
1303 2506 1704 2577 γνωριμωτέρα
1740 2502 1834 2556 καὶ
1870 2496 1981 2556 οἷον

404 2599 711 2670 οίκειοτέρα
753 2604 820 2671 τῇ
862 2599 1183 2672 ἀνθρωπίνῃ
1215 2599 1377 2667 φύσει
1426 2598 1573 2650 δοκεῖ
1605 2596 1751 2667 ἥπερ
1800 2596 1834 2665 ἠ
1886 2594 1977 2647 τοῦ

410 2690 567 2758 ἁγίου
598 2691 917 2759 Πνεύματος
954 2689 1201 2758 πρόοδος.
1230 2688 1342 2757 Τῆς
1374 2688 1484 2757 γάρ
1517 2686 1747 2757 προόδου
1778 2685 1981 2748 ταύτης

409 2783 655 2834 είκασίαν
684 2782 808 2835 τινὰ
852 2782 948 2834 καὶ
981 2782 1291 2849 οἰκειότητα
1319 2779 1515 2849 ῥᾳδίως
1547 2780 1604 2831 ἐν
1632 2780 1743 2840 τοῖς
1772 2776 1867 2829 ἀνθ
1878 2792 1980 2843 ρω-

410 2876 586 2937 πίνοις
612 2874 793 2945 εὑρεῖν
824 2875 926 2926 οὐκ
969 2873 1137 2926 ἔστιν.
1186 2874 1387 2943 Ἡμεῖς,
1412 2870 1471 2924 δὲ
1501 2870 1610 2925 ἀπὸ
1638 2869 1744 2921 τῶν
1775 2868 1833 2918 ἐν
1865 2867 1979 2927 τοῖς

409 2967 684 3035 αἰσθητοῖς
711 2967 791 3027 είς
818 2964 1025 3018 έννοιάν
1053 2980 1174 3016 τινα
1203 2964 1310 3017 τῶν
1337 2962 1517 3016 ἀΰλων
1544 2958 1839 3029 ἐρχόμεθα.

2088 1982 2196 2037 que
2233 1966 2451 2022 dilectio
2477 1980 2541 2021 ac
2594 1967 2831 2020 charitas
2876 1976 3063 2021 sancta
3118 1974 3200 2021 est
3245 1974 3299 2019 et
3336 1980 3466 2019 una.
3516 1962 3655 2027 Quia

2090 2073 2219 2113 vero
2254 2073 2316 2113 ea
2342 2074 2465 2129 qua:
2491 2058 2761 2113 occultam
2798 2059 3000 2114 habent
3030 2065 3210 2113 motus
3254 2058 3339 2112 sui
3368 2056 3654 2123 originem,

2082 2151 2309 2220 spiritus
2353 2150 2575 2206 nomine
2620 2163 2918 2204 voramus:
2969 2150 3050 2205 sic
3076 2149 3221 2203 enim
3272 2146 3433 2201 etiam
3469 2154 3659 2199 ventos

2090 2241 2427 2309 appellamus
2467 2240 2713 2310 spiritus,
2750 2239 2894 2310 quod
2922 2240 3187 2294 incertum
3221 2237 3381 2292 nobis
3409 2236 3482 2291 sit
3513 2235 3658 2290 unde

2086 2330 2163 2384 illi
2196 2330 2490 2400 procedant
2535 2348 2548 2383 :
2580 2330 2785 2385 idcirco
2815 2329 2998 2384 divina
3030 2328 3144 2383 haec
3173 2327 3396 2381 dilectio
3424 2340 3489 2379 ac
3518 2325 3658 2379 cha-

2081 2422 2241 2485 ritas,
2279 2420 2519 2490 Spiritus
2571 2419 2666 2475 Dei
2695 2430 2917 2475 sanctus
2946 2420 3272 2489 appellatur.
3329 2415 3655 2483 Quanquam

2078 2510 2243 2563 etiam
2284 2509 2468 2563 divina
2517 2511 2795 2579 generatio
2836 2510 3059 2580 perinde
3097 2508 3317 2563 occulta
3358 2521 3425 2561 ac
3471 2506 3658 2575 ignota

2076 2600 2267 2670 genita:
2295 2603 2441 2655 omni
2470 2610 2676 2656 natura:
2709 2611 2791 2656 est
2823 2620 2837 2656 :
2874 2610 3250 2655 verumtamen
3281 2600 3335 2654 in
3375 2606 3644 2669 quantum

2086 2693 2365 2759 generatio
2418 2703 2644 2747 vocatur
2695 2691 2978 2746 usitatiore
3031 2676 3322 2757 vocabulo,
3377 2690 3557 2744 notior
3596 2702 3663 2743 ac

2086 2781 2239 2834 velut
2263 2781 2591 2836 familiarior
2642 2781 2893 2836 humana:
2951 2790 3161 2835 natura:
3217 2782 3467 2843 videtur,
3498 2793 3660 2847 quam

2088 2868 2326 2939 Spiritus
2358 2873 2531 2927 sancti
2563 2873 2863 2941 processio.
2893 2871 3063 2939 ilujus
3095 2872 3240 2926 enim
3288 2870 3658 2942 processionis

2090 2960 2182 3015 vix
2210 2963 2377 3017 ullam
2439 2964 2813 3031 conjecturam
2846 2978 2910 3017 ac
2947 2965 3380 3017 convenientiam
3410 2964 3460 3016 iti
3502 2962 3664 3016 rebus

414 3062 667 3117 immanis
716 3061 963 3115 invenire
1010 3074 1303 3128 possumus
1356 3072 1530 3113 :cum
1587 3070 1654 3110 es
1700 3054 1766 3109 iis
1794 3067 1914 3123 qua:
1943 3053 2000 3108 in
2038 3068 2262 3114 sensum
2311 3060 2535 3125 cadunt,
2592 3059 2661 3115 ad
2706 3058 3035 3127 spiritalium
3108 3058 3358 3112 notitiam
3425 3056 3662 3127 aliquam

412 3168 478 3209 ac
508 3156 801 3223 cogitatum
837 3156 1147 3206 veniamus.

484 3246 615 3307 Θεὸς
641 3245 750 3315 ἄρα
782 3245 930 3296 ἐστὶν
961 3243 989 3294 6
1022 3241 1116 3295 τοῦ
1152 3242 1287 3295 Θεοῦ
1316 3242 1489 3310 Λόγος
1514 3258 1527 3271 '
1556 3240 1687 3304 Θεδς
1712 3241 1769 3293 δὲ
1805 3242 1838 3312 ὴ
1874 3240 1990 3296 θεία

2166 3239 2309 3295 Deus
2337 3254 2465 3309 ergo
2520 3247 2605 3294 est
2655 3237 2748 3293 Dei
2794 3236 3070 3293 Verbum:
3125 3236 3268 3291 Deus
3318 3252 3446 3291 vero
3477 3236 3661 3292 divina

425 3338 661 3406 ’Λγάπη,
713 3335 809 3387 καὶ
858 3335 886 3387 6
934 3334 1095 3395 αὐτὸς
1133 3332 1263 3396 Θεὸς
1326 3334 1501 3403 Ilath
1527 3334 1620 3385 καὶ
1647 3332 1761 3402 Υἱῷ
1783 3348 1798 3364 ο
1830 3334 1923 3386 καὶ
1953 3334 1988 3405 ἡ

2089 3332 2307 3388 dilectio
2343 3347 2407 3386 ac
2444 3331 2705 3394 charitas,
2738 3329 2990 3398 idemque
3020 3343 3144 3382 cum
3182 3327 3347 3382 Patre
3382 3338 3546 3397 atque
3575 3325 3666 3380 Fi—

410 3429 603 3483 τούτου
639 3428 865 3497 πρόοδος
910 3428 1161 3497 ’Λγάπης
1212 3427 1331 3479 ἐστὶ
1364 3427 1613 3497 πρόοδος.
1647 3427 1758 3481 Καὶ
1785 3428 1907 3480 ἐπεὶ
1932 3429 1990 3481 ἑν

2089 3422 2159 3477 lio
2194 3424 2356 3483 Deus,
2416 3422 2642 3490 ejusque
2690 3420 2995 3489 processio,
3039 3418 3351 3472 dilectionis
3383 3431 3446 3469 ac
3481 3416 3667 3469 citari—

413 3521 482 3589 τῇ
508 3519 701 3588 λογικῇ
749 3518 842 3571 καὶ
886 3517 1052 3587 νοερᾷ
1097 3517 1260 3584 φύσει
1299 3516 1392 3569 δύο
1427 3519 1587 3585 μόνον
1614 3516 1707 3568 ἐπὶ
1736 3516 1804 3569 τά
1840 3516 1988 3569 ἔνδον

2090 3514 2215 3567 tatis
2236 3511 2517 3580 processio
2547 3520 2653 3564 est.
2690 3508 2960 3576 Quodque
2988 3508 3043 3561 in
3073 3515 3270 3561 natura
3300 3503 3573 3560 sermonis
3610 3504 3663 3557 vi

414 3610 663 3664 νοοῦνται
690 3609 932 3677 πρόοδοι,
961 3610 1057 3677 μία
1084 3608 1181 3675 μὲν
1205 3608 1238 3675 ἠ
1263 3606 1358 3658 τοῦ
1386 3606 1562 3672 Λόγου
1596 3604 1845 3674 πρόοδος,
1867 3604 1990 3658 καθ’

2089 3618 2184 3657 seu
2218 3601 2467 3663 rationis,
2501 3615 2564 3653 ac
2608 3596 2944 3668 intelligendi
2977 3594 3239 3650 facultate
3269 3594 3519 3663 praedita,
3543 3594 3665 3647 dua!

412 3701 484 3773 ἢν
512 3702 623 3753 νοεῖ
670 3700 733 3752 τὸ
773 3698 962 3769 νοητόν
984 3713 996 3725 ·
1048 3696 1182 3767 ἄλλη
1212 3698 1269 3749 δὲ
1304 3698 1336 3766 ή
1370 3697 1467 3765 τῆς
1502 3697 1725 3764 ἀγάπης
1762 3695 1794 3765 ἢ
1830 3695 1990 3761 θελή-

2091 3702 2298 3748 tantum
2359 3692 2592 3745 interius
2647 3688 3024 3753 intelliguntur
3090 3688 3471 3753 processinnes
3510 3696 3525 3735 :
3558 3695 3665 3736 una

417 3772 579 3857 σεως,
608 3790 731 3844 καθ’
759 3791 826 3861 ἢν
866 3788 1078 3858 ἐφίεται
1110 3787 1204 3840 τοῦ
1244 3787 1528 3858 νοηθέντος
1576 3786 1805 3853 ἀγαθοῦ,
1835 3787 1884 3838 εί
1918 3786 1990 3856 μὴ

2102 3784 2323 3854 quidem
2378 3780 2611 3835 rationis
2663 3776 3048 3845 sermonisque
3079 3782 3134 3829 et
3166 3773 3319 3827 verbi
3352 3772 3664 3842 processio,

418 3882 646 3953 παρείη,
676 3881 710 3952 ἢ
767 3881 961 3951 ἀγαπᾷ
990 3879 1153 3933 τοῦτο
1202 3879 1379 3947 παρόν
1407 3893 1421 3911 ο
1450 3879 1751 3946 ἀναγκαῖον
1802 3876 1858 3930 δὲ
1899 3878 1990 3930 καὶ

2100 3887 2207 3943 qua
2238 3870 2506 3938 objectum
2557 3869 2613 3923 in
2651 3866 2904 3922 notitiam
2937 3865 3139 3920 cadens
3165 3864 3449 3933 intelligit:
3475 3862 3669 3916 altera-

416 3951 516 4037 τὰς
542 3951 634 4026 δύο
679 3951 933 4042 παρεῖναι
962 3969 1039 4040 τῷ
1069 3968 1197 4039 θείῳ
1222 3968 1317 4037 Νῷ
1371 3968 1551 4032 καθὼς
1582 3968 1873 4022 δέδεικται·
1900 3968 1990 4023 καὶ

2100 3979 2205 4032 que
2232 3962 2537 4017 dilectionis
2572 3975 2669 4016 seu
2721 3956 3042 4022 voluntatis,
3080 3971 3187 4026 qua
3217 3955 3420 4009 bonum
3455 3951 3667 4007 intelle-

418 4066 569 4119 ἐστιν
592 4067 626 4136 ή
655 4065 753 4133 τῆς
782 4067 1019 4134 νοήσεως
1049 4061 1280 4132 πρόοδος
1308 4062 1341 4132 ἢ
1378 4062 1635 4131 ἐνέργεια
1684 4060 1858 4129 Λόγου
1903 4061 1990 4112 καὶ

2094 4066 2188 4111 ctu
2221 4053 2520 4125 cognitum,
2563 4054 2669 4107 nisi
2701 4065 2945 4122 praesens
3003 4049 3096 4115 sit,
3127 4045 3491 4117 concupiscit,
3520 4059 3658 4114 prte-

422 4158 556 4211 Υίοῦ
582 4174 594 4186 ·
627 4157 873 4209 λείπεται
902 4156 1002 4224 τὴν
1042 4154 1254 4220 ἑτέραν,
1289 4155 1460 4223 ῆ,ὀυν
1484 4152 1581 4223 τὴν
1612 4153 1832 4220 ἀγάπης
1855 4146 1990 4204 εῖναι

2094 4163 2223 4203 sens
2289 4155 2469 4201 autem
2535 4145 2735 4215 diligit.
2786 4142 3036 4213 Cumque
3093 4142 3228 4197 adeo
3273 4153 3500 4195 necesse
3556 4136 3660 4199 sit,

421 4251 516 4303 τοῦ
550 4250 705 4318 ἀγίου
738 4247 1075 4318 Ιινεύματος,
1103 4246 1196 4298 καὶ
1225 4246 1285 4297 τὸ
1322 4243 1547 4312 Πνεῦμα
1573 4244 1632 4295 τὸ
1666 4244 1821 4311 ἅγιον
1851 4239 1990 4294 εἶναι

2092 4250 2377 4307 utramque
2426 4237 2624 4291 divina:
2659 4234 2828 4290 menti
2870 4232 3084 4301 adesse,
3116 4234 3195 4288 uti
3224 4230 3514 4302 probatum
3540 4236 3661 4283 est:
3713 4263 3719 4268 -

422 4344 522 4411 τὴν
564 4316 712 4396 θείαν
764 4316 1032 4408 ’Λγάπην,
1145 4340 1172 4390 6
1206 4337 1336 4399 Θεὸς
1368 4336 1560 4390 ἑαυτὸν
1588 4335 1796 4405 ἀγαπᾷ.

2091 4333 2268 4400 sitque
2301 4328 2690 4383 intellectionis
2734 4324 3041 4396 processio,
3076 4324 3345 4381 sermonis
3379 4337 3474 4377 seu
3500 4316 3661 4374 Verbi

425 4433 654 4502 Filiique
716 4434 983 4503 operatio,
1043 4438 1290 4500 superest
1361 4430 1585 4483 alteram
1657 4427 1991 4498 (dilectionis
2023 4425 2233 4480 scilicet
2280 4439 2345 4479 ac
2395 4423 2701 4488 citaritatis)
2729 4437 2851 4476 esse
2876 4420 3116 4491 Spiritus
3177 4415 3377 4481 sancti,
3440 4421 3667 4479 esseque

428 4530 692 4602 Spiritum
723 4538 970 4584 sanctum
1004 4528 1246 4582 divinam
1285 4526 1628 4579 dilectionem
1665 4538 1727 4577 ac
1751 4524 2094 4587 cbaritatem,
2118 4536 2226 4591 qua
2252 4520 2392 4573 Deus
2411 4519 2647 4587 seipsum
2683 4516 2876 4585 diligit.

495 4623 751 4676 Τοιοῦτον
779 4621 956 4674 τοίνυν
982 4622 1072 4673 καὶ
1105 4620 1197 4671 ἐπὶ
1234 4617 1332 4686 τῆς
1360 4617 1519 4685 ἁγίας
1547 4615 1765 4685 τριάδος
1802 4615 1862 4666 τὸ
1897 4614 1989 4667 τοῦ

2166 4612 2296 4665 Tale
2346 4611 2511 4681 igitur
2539 4609 2704 4664 etiam
2770 4608 2821 4661 in
2865 4614 3051 4661 sancta
3095 4601 3358 4656 Trinitatc
3386 4598 3670 4669 Augustini

427 4714 906 4785 Λῦγουστίνουμι)
966 4710 1319 4782 παράδειγμα
1353 4709 1448 4761 καὶ
1500 4705 1609 4761 τῶν
1670 4705 1791 4759 κατ’
1848 4708 2009 4758 αὑτὸν

431 4809 769 4864 διδασκάλων
797 4825 809 4839 ο
841 4806 937 4863 καὶ
970 4806 1086 4858 ἔστι
1114 4805 1223 4857 τῶν
1244 4802 1420 4857 ἀλλων
1451 4800 1891 4869 προσφυέστερον
1914 4797 2009 4851 καὶ

429 4901 779 4969 οἰκειότερον.
816 4897 939 4950 Τῶν
983 4884 1091 4967 γάρ
1150 4894 1418 4961 θεολόγων
1483 4892 1740 4946 ἀπάντων
1796 4890 1871 4959 νῷ
1916 4888 2009 4941 καὶ

430 4993 573 5061 λόγῳ
602 4990 858 5061 φαμένων
912 4988 1173 5055 ἀνάλογον
1202 4986 1345 5055 ἔχειν
1396 4983 1531 5053 πρὸς
1595 4982 1862 5052 ἀλλήλους
1917 4980 2007 5033 τὸν

436 5083 651 5150 Πατέρα
679 5082 771 5133 καὶ
810 5081 900 5133 τὸν
932 5079 1082 5140 Υἱὸν,
1118 5078 1167 5130 οἱ
1196 5076 1291 5144 μὲν
1346 5075 1497 5127 ἄλλοι
1560 5073 1761 5135 πάντες
1795 5072 2001 5141 σχεδὸν,

431 5174 521 5225 τὸν
545 5172 637 5225 τοῦ
655 5171 788 5225 Θεοῦ
821 5171 995 5237 Λόγον
1023 5168 1100 5237 τῷ
1127 5166 1260 5236 παρ’
1296 5168 1430 5235 ἡμῖν
1464 5161 1786 5233 προφορικῴ
1816 5178 2008 5231 παρει-

435 5266 659 5326 κάζουσι
699 5262 841 5331 λόγῳ
868 5277 884 5293 ’
917 5263 945 5313 6
977 5261 1034 5313 δὲ
1065 5262 1155 5312 ἐπὶ
1192 5260 1284 5311 τὸν
1310 5258 1457 5310 ἔνδον
1492 5257 1652 5323 λόγον
1682 5256 1775 5307 τὸν
1834 5253 2007 5307 ἐνδιά-

433 5358 586 5410 θετον
615 5356 888 5425 λαμσάνει
922 5353 1021 5424 τὴν
1052 5351 1368 5420 ὁμοιότητα.
1408 5347 1559 5401 Ἐκεῖ
1611 5347 1743 5415 γὰρ,
1801 5345 1894 5397 καὶ
1948 5343 2006 5396 τὸ

435 5449 556 5501 κατ’
587 5448 795 5511 εἰκόνα,
824 5448 916 5500 καὶ
944 5449 972 5499 6
995 5443 1212 5513 πρῶτος
1245 5441 1402 5509 λόγος
1428 5437 1552 5491 καθ’
1576 5437 1635 5490 ὃν
1665 5434 1879 5503 λογικοί
1912 5436 2004 5487 ἐσ-

436 5541 538 5607 μὲν
568 5542 663 5593 καὶ
684 5536 1026 5607 καλούμεθα,
1067 5534 1177 5586 εἴτε
1211 5532 1350 5601 μετά
1394 5528 1646 5599 σώματός
1674 5529 1861 5593 ἐσμεν,
1892 5526 2003 5579 εἴτε

436 5634 529 5686 καὶ
562 5634 658 5702 μή.
703 5631 760 5683 ’0
789 5630 844 5683 δὲ
879 5629 970 5683 ἐπὶ
1003 5628 1071 5681 τὰ
1132 5626 1243 5692 ἔξω
1281 5625 1422 5697 ῥέων
1485 5614 1643 5683 οὗτος
1699 5618 1857 5685 λόγος
1912 5618 2002 5671 τοῦ

511 5812 621 5873 tu)
644 5811 763 5865 Lib.
789 5825 838 5863 ν.

2108 4720 2172 4759 ac
2206 4705 2517 4773 sequacium
2551 4700 2834 4754 doctorum
2859 4695 3197 4763 exemplum;
3228 4702 3419 4760 estque
3456 4690 3678 4759 reliquis

2108 4794 2520 4851 connaturalius
2595 4805 2660 4843 ac
2713 4788 2888 4857 magis
2958 4784 3291 4854 appositum.
3355 4780 3491 4834 Nam
3550 4796 3675 4835 rutn

2106 4901 2296 4939 omnes
2360 4882 2593 4949 tlteolngi
2648 4880 2863 4934 Patrem
2915 4876 3100 4929 dicant
3139 4888 3202 4926 ac
3258 4871 3454 4926 Filium
3516 4874 3594 4927 sic
3619 4888 3679 4927 se

2107 4977 2247 5029 inter
2296 4988 2355 5028 se
2388 4971 2621 5041 quadatn
2650 4970 3000 5038 proportione
3046 4965 3263 5027 habere,
3291 4979 3355 5018 ac
3378 4978 3436 5019 se
3472 4964 3672 5019 habent

2110 5081 2265 5122 mens
2319 5078 2382 5118 ac
2436 5062 2691 5124 verbum;
2746 5059 2838 5111 alii
2890 5056 3109 5127 quidem
3152 5054 3262 5109 fere
3288 5070 3480 5110 omnes
3508 5056 3679 5110 Deum

2113 5157 2349 5212 Verbum
2383 5163 2703 5224 comparant
2734 5168 2858 5208 cum
2890 5152 3080 5218 verbo,
3115 5151 3258 5219 quod
3287 5151 3428 5220 apud
3463 5167 3561 5204 nos
3584 5164 3680 5202 ore

2111 5249 2413 5320 profertur;
2440 5256 2493 5300 at
2515 5248 2875 5315 Augustinus.
2897 5245 2950 5297 itt
2988 5242 3232 5297 interiori
3257 5242 3424 5295 verbo
3446 5255 3507 5293 ac
3529 5238 3675 5306 qund

2112 5342 2166 5396 in
2219 5342 2404 5395 animo
2464 5339 2686 5403 residet,
2768 5336 2999 5393 assumit
3072 5331 3507 5389 similitudinem.
3567 5328 3681 5382 Illic

2112 5434 2256 5489 enim
2312 5443 2427 5488 tum
2483 5447 2603 5487 esse
2639 5430 2705 5485 ad
2761 5428 3052 5498 imaginem
3116 5424 3351 5492 positum
3405 5427 3507 5477 est,
3564 5426 3677 5471 tum

2113 5526 2283 5594 prima
2323 5524 2461 5579 ratio
2507 5538 2579 5580 ac
2622 5536 2824 5587 sermo,
2874 5532 2983 5588 qua
3038 5511 3330 5568 rationales
3379 5507 3674 5578 (sermonis

2111 5618 2317 5674 scilicet
2360 5627 2411 5674 et
2455 5615 2604 5674 verbi
2639 5630 2701 5669 ac
2733 5610 2957 5668 rationis
2991 5600 3289 5673 compotes)
3320 5614 3510 5653 sumus
3541 5600 3680 5669 pari-
