4036 6262
333 406 438 472 547
1599 405 1933 469 MANUEL]

2041 404 2334 466 annos
3427 384 3435 393 ’
3494 390 3598 458 tis

332 538 418 581 ter
440 539 506 579 ac
529 538 804 588 vocamur,
834 526 948 582 sive
970 527 1026 581 in
1049 539 1280 598 corpore
1301 540 1608 594 versamur,
1642 527 1756 581 sive
1784 541 1916 580 non.

2041 527 2172 581 ἔνδον
2203 527 2364 595 λόγου
2391 524 2512 578 ἐστὶ
2548 520 2906 594 σημαντικδς,
2939 522 3032 574 καὶ
3056 517 3366 590 ὁμωνύμως
3405 518 3599 584 ἐκείνῳ

335 616 494 682 Quod
549 633 677 673 vero
721 619 802 673 sic
846 626 996 673 extra
1056 621 1280 674 verbum
1329 619 1471 684 ﬂuit,
1515 620 1794 674 interioris
1839 619 1914 672 si-

2041 619 2258 686 .ἐγεται.
2301 618 2364 670 Εἰ
2389 616 2498 686 γὰρ
2531 617 2640 670 ἀπὸ
2669 614 2764 667 τοῦ
2800 611 3140 683 προφορικοῦ
3167 611 3327 681 λόγου
3370 611 3585 678 λογικοὶ

332 723 505 777 gnum
555 720 661 776 est,
709 709 1031 778 diversaque
1084 709 1154 764 ab
1204 710 1299 765 illo
1341 711 1552 768 ratione
1580 710 1770 765 eodem
1797 711 1915 780 ipso

2041 713 2113 763 tat
2144 710 2270 763 κατ’
2294 709 2616 762 εἰκόνα.τοῦ
2651 705 2790 761 Θεοῦ
2826 705 3153 776 ἑλεγόμεθα,
3185 704 3432 756 ἐλείπετο
3463 703 3599 756 πάν-

336 800 563 864 nomine
615 809 891 856 censetur.
944 801 1226 871 Siquidem
1280 803 1427 856 enim
1479 817 1545 857 ex
1600 803 1764 857 verbo
1823 802 1917 857 illo

2041 819 2126 864 εως
2162 803 2302 872 μήτε
2355 800 2610 869 λογικοὺς
2666 801 2819 869 ἡμᾶς
2882 793 3021 850 εἶναι
3081 797 3220 865 μήτε
3267 794 3389 848 κατ’
3415 793 3602 846 είκόνα

335 891 613 963 prolatitio
642 894 937 950 rationales
972 905 1026 951 et
1047 896 1114 950 ad
1140 895 1234 948 Dei
1261 896 1554 964 imaginem
1584 893 1913 963 diceremur,

2041 893 2156 946 9506
2186 892 2467 961 λέγεσθαι,
2503 891 2592 946 ὅτε
2627 891 2767 961 μετά
2832 890 3062 942 θάνατον
3119 888 3208 940 τὸν
3267 885 3604 954 προφορικὸν

301 982 612 1051 reliquum
666 983 805 1040 foret
862 1000 1039 1056 neque
1103 987 1332 1040 omnino
1391 987 1714 1052 rationales,
1742 1001 1918 1056 neque

2041 986 2184 1053 ιόγόν
2206 984 2458 1054 οὐδαμῶς
2486 983 2706 1054 ἕξομεν,
2743 981 2865 1035 οὐδὲ
2897 979 2959 1034 τὸ
2991 979 3245 1050 ἐναέριον
3276 976 3436 1029 τοῦτο
3463 991 3601 1028 σπα-

337 1073 407 1126 ad
447 1072 540 1127 Dei
592 1074 882 1145 imaginem
914 1077 1198 1140 dicendos,
1228 1090 1350 1130 eum
1379 1086 1504 1146 post
1533 1086 1763 1132 mortem
1799 1091 1925 1131 ver—

336 1162 470 1217 bum
510 1165 658 1232 quod
701 1179 798 1219 ore
851 1165 1130 1235 profertur
1165 1168 1392 1222 minime
1444 1167 1685 1221 habituri
1706 1181 1919 1234 sumus,

338 1269 443 1310 nec
468 1271 690 1311 aereum
726 1258 894 1312 istum
917 1259 1167 1327 spiritum
1195 1259 1496 1313 trahemus.
1875 1275 1878 1277 λ

417 1346 659 1403 Verbum
700 1349 886 1419 itaque
911 1350 1144 1404 interius
1181 1354 1327 1404 'citra
1381 1363 1600 1403 omnem
1635 1363 1918 1419 compara-

334 1442 544 1504 tionem
577 1441 814 1496 nobilius
845 1450 930 1496 est
965 1457 982 1495 :
1033 1441 1193 1497 decet
1219 1457 1348 1496 vero
1381 1452 1438 1496 ut
1469 1443 1536 1495 ab
1561 1441 1633 1495 iis
1659 1455 1783 1510 quae
1821 1454 1924 1494 ηοω

342 1533 541 1588 biliora
570 1541 700 1588 sunt
721 1549 787 1588 ac
815 1533 1290 1600 couvenientiora,
1330 1533 1641 1587 divinorum
1670 1532 1926 1586 similitu-

343 1624 503 1680 dines
564 1624 852 1679 ducamus.
915 1625 995 1679 Ac
1056 1625 1275 1692 quidem
1331 1638 1452 1693 quae
1501 1623 1595 1677 alii
1648 1622 1908 1689 all‘eruut,

343 1715 811 1785 duutaxatimago
847 1723 974 1770 sunt
1019 1730 1184 1784 :qua:
1209 1730 1339 1770 vero
1369 1714 1733 1783 Augustinus,
1758 1713 1921 1767 etiam

2022 1077 2230 1149 σόμεθα
2251 1076 2493 1146 πνεῦμα.

2099 1343 2266 1398 Ὥστε
2305 1344 2334 1396 ό
2373 1342 2522 1396 ἔνδον
2561 1341 2739 1408 λόγος,
2779 1339 2876 1393 τοῦ
2931 1339 3091 1402 ὲκτδς
3141 1316 3490 1408 ἀσυγγρίτως
3523 1349 3605 1389 τι-

2029 1437 2321 1508 μιώτερος·
2358 1435 2466 1490 ἀπὸ
2504 1434 2561 1487 δὲ
2593 1433 2702 1487 τῶν
2738 1433 3082 1504 τιμιωτέρων
3119 1430 3212 1483 καὶ
3262 1430 3608 1499 σίκειοτέρων

2025 1527 2317 1598 ὀφείλομεν
2349 1529 2414 1580 τὰ
2442 1527 2562 1578 θεῖα
2593 1524 2905 1589 εἰκονίζειν.
2951 1523 3058 1576 Καὶ
3089 1522 3156 1574 τὰ
3191 1521 3288 1590 μὲν
3321 1521 3470 1590 παρᾶ
3499 1519 3608 1571 τῶν

2027 1621 2224 1685 ἄλλων,
2272 1619 2440 1672 εἰκὼν
2504 1619 2666 1688 μόνον
2693 1637 2708 1652 ο
2745 1619 2813 1671 τὰ
2867 1615 2924 1670 δὲ
2961 1615 3056 1670 τοῦ
3084 1613 3449 1680 Αὐγουστίνου
3508 1612 3605 1663 καὶ

2029 1712 2231 1782 πολλὴν
2254 1710 2354 1782 τὴν
2376 1713 2669 1780 ὁμοιότητα
2699 1708 2811 1778 ἔχει
2835 1724 2850 1740 ·
2877 1707 3018 1762 ὥστε
3068 1707 3164 1759 καὶ
3217 1706 3309 1757 τον
3379 1705 3612 1757 ἄπιστον

345 1821 595 1875 magnam
622 1807 1036 1868 similitudinem
1067 1807 1304 1862 habent:
1339 1818 1398 1861 ut
1429 1817 1481 1860 ct
1511 1805 1745 1862 inﬁdelis
1793 1805 1922 1860 inde

2041 1806 2110 1866 εἰς
2136 1802 2346 1855 ἔννοιαν
2378 1801 2674 1870 ἀνοιχθῆναι
2693 1799 2794 1865 τῆς
2824 1799 2988 1866 ἁγίας
3015 1795 3247 1866 Τριάδος
3294 1801 3358 1847 ἐκ
3387 1795 3610 1859 τούτου,

344 1895 412 1950 ad
439 1867 866 1965 intelligentiam
928 1896 1214 1951 Trinitatis
1260 1896 1627 1963 provehatur:
1667 1895 1762 1964 qui
1823 1909 1926 1950 nec

2041 1893 2096 1946 ιὰ
2128 1893 2191 1945 ὲκ
2230 1892 2334 1960 τῆς
2383 1867 2535 1954 θεεάξ
2575 1867 2808 1960 Γραφῆς
2864 1889 2984 1942 οὐδὲ
3024 1888 3257 1941 ἀκοῦσαι
3316 1885 3613 1955 καταδεχόο

345 1987 539 2042 audire
563 2003 685 2056 qua:
714 1996 844 2042 sunt
867 1989 1067 2042 divina
1089 1987 1393 2058 Scriptum
1431 1987 1736 2053 sustineat,
1769 1985 1927 2041 dum-

340 2079 512 2138 modo
535 2078 707 2146 probo
737 2078 924 2132 animo
953 2078 1048 2141 sit,
1071 2079 1394 2149 pollensque
1426 2073 1666 2149 ingenio,
1699 2087 1929 2133 conten-

347 2169 484 2224 tioli
514 2169 743 2224 minime
780 2169 1023 2224 studeat.
1067 2169 1376 2224 Admodum
1409 2170 1558 2224 enim
1583 2171 1747 2239 cogit,
1799 2183 1925 2224 eum

343 2270 604 2331 praeterea
639 2262 801 2314 etiam
831 2259 1144 2314 eomentiat
1166 2259 1364 2314 divina:
1389 2258 1706 2330 Scriptura).
1753 2260 1926 2326 Quiu-

295 2407 298 2410 ,
345 2351 460 2406 imo
508 2367 575 2406 ex
626 2352 721 2405 itala
774 2350 1121 2420 potissimum
1179 2352 1344 2406 habet
1394 2353 1742 2420 probationes
1795 2371 1808 2406 :
1860 2367 1927 2408 ac

343 2441 440 2495 cui
461 2439 703 2504 libuerit,
741 2439 860 2508 eius
907 2441 990 2494 rei
1017 2441 1355 2508 testimonia,
1390 2441 1444 2496 in
1478 2443 1546 2496 iis
1577 2443 1732 2499 libris
1775 2457 1917 2512 quos

344 2532 569 2602 scripsit
635 2531 830 2588 beatus
899 2532 1249 2602 Augustinus
1293 2533 1367 2589 de
1419 2532 1716 2604 Trinitate,
1772 2537 1924 2592 inre-

343 2623 509 2678 merit.

413 2713 710 2769 Enimvero
758 2714 998 2785 quamliu
1055 2715 1184 2786 quis
1243 2715 1481 2772 Verbum
1548 2716 1746 2772 Filium
1801 2733 1924 2774 esse

343 2806 575 2860 iuticiari
609 2821 716 2860 non
744 2808 972 2876 poterit,
1001 2807 1046 2862 is
1073 2823 1246 2877 neque
1280 2809 1499 2864 Patrem
1533 2823 1660 2865 vere
1688 2809 1923 2866 Mentem

344 2897 528 2952 dicere
548 2897 851 2952 recusabit:
880 2913 987 2952 non
1009 2899 1188 2969 qualis
1215 2901 1360 2967 apud
1391 2915 1491 2956 nos
1515 2915 1669 2958 meus
1685 2912 1791 2968 est,
1813 2903 1925 2956 sive

343 2989 610 3058 angelica,
658 2991 754 3044 sed
799 2989 982 3044 divina
1031 3002 1089 3045 et
1132 2990 1370 3058 inﬁnita,
1416 3006 1482 3072 ae
1517 3007 1639 3062 quae
1669 2995 1924 3049 omnibus

344 3079 625 3134 mentibus
653 3081 1152 3147 intinile‘emineat,
1184 3083 1346 3151 cujus
1377 3093 1562 3139 tamen
1618 3102 1774 3142 mens
1819 3087 1921 3140 lm-

345 3191 506 3231 mana
553 3174 860 3242 exemplum
895 3189 959 3228 ac
1005 3174 1186 3243 imago
1233 3176 1485 3245 quaedam
1521 3179 1768 3232 cxsismt.
1831 3180 1926 3236 llis
1958 3196 1999 3254 (ζ

343 3264 686 3337 consequens
710 3265 788 3330 lit,
807 3275 866 3320 ut
889 3265 1302 3321 etdilectionem
1327 3270 1642 3322 necessario
1667 3285 1933 3338 ponamus

345 3360 400 3414 in
440 3359 569 3413 Deo.
606 3357 703 3414 Est
735 3359 878 3412 enim
912 3359 1025 3413 haec
1051 3359 1318 3413 utentium
1344 3360 1559 3415 ratione
1607 3365 1932 3432 proprietas,

346 3455 430 3508 uti
457 3453 666 3508 dictum
713 3461 817 3507 est.
854 3451 962 3506 Sed
994 3462 1049 3507 et
1076 3453 1230 3507 verbi
1297 3468 1364 3508 ex
1418 3463 1602 3510 mente
1661 3458 1937 3525 processio

342 3545 552 3601 ciarius
584 3545 898 3600 manifestat
929 3560 1056 3600 eam
1081 3547 1518 3614 processionenr,
1553 3547 1767 3602 idcirco
1789 3549 1934 3619 quod

344 3638 463 3691 sine
508 3637 766 3706 passione
826 3651 890 3691 ac
943 3638 1186 3691 materiae
1234 3653 1433 3708 expers
1472 3639 1728 3703 exsistat,
1766 3655 1930 3708 quam

338 3728 581 3783 carnalis
610 3728 726 3782 haec
761 3729 1066 3799 generatio.
1115 3729 1383 3785 Similiter
1434 3745 1654 3801 quoque
1686 3731 1939 3786 dilectio-

348 3819 437 3876 nis
465 3835 532 3875 ex
563 3820 846 3875 voiuntate
875 3822 1183 3890 processio,
1232 3820 1578 3878 manifestior
1613 3823 1795 3894 imago
1850 3837 1936 3879 eat
1978 3817 1983 3821 ’

350 3909 724 3980 processionis
748 3910 988 3980 Spiritus
1019 3912 1195 3967 sancti
1235 3906 1305 3966 ei
1339 3913 1470 3980 Deo,
1524 3928 1686 3983 quam
1741 3927 1940 3986 corpo-

353 4003 484 4056 ralis
521 4003 635 4057 ha'c
677 4003 918 4070 Spiritus
973 4003 1282 4072 processio.
1338 4002 1708 4068 Quamobrem
1771 4021 1942 4075 penes

353 4095 602 4148 animum
661 4094 934 4148 sumendo
971 4093 1291 4162 imaginem,
1327 4096 1746 4151 convenientius
1799 4097 1931 4150 divi-

330 4199 480 4263 ynam
543 4193 779 4238 mentem
814 4181 1169 4252 Verbumque
1198 4199 1261 4238 ac
1308 4183 1652 4239 dilectionem
1709 4188 1944 4263 appella-

2033 1999 2213 2052 μενον,
2247 1983 2408 2052 μόνον
2441 1983 2490 2036 ει
2523 1981 2625 2051 τὴν
2654 1967 3081 2050 εὐγνωμοσῦνην
3137 1981 3251 2050 ἔχει
3313 1981 3437 2046 μεθ’
3483 1979 3614 2031 ἑαυ-

2029 2075 2143 2139 τοῦ,
2211 2075 2307 2127 καὶ
2328 2071 2458 2126 νοῦν
2503 2073 2664 2142 ἔχων,
2699 2073 2775 2142 μὴ
2859 2071 3189 2138 φιλονεικεῖν
3267 2073 3608 2141 προαιροῖτο.

2028 2167 2240 2237 Πολλὴν
2277 2167 2387 2237 γὰρ
2425 2166 2522 2237 τὴν
2553 2166 2802 2237 ἀνάγκην
2830 2164 3095 2232 ἐπάγεται
3126 2165 3263 2233 μετὰ
3284 2167 3378 2219 καὶ
3416 2164 3509 2217 τοῦ
3541 2166 3610 2237 τῇ

2029 2258 2151 2327 θείᾳ
2182 2258 2374 2328 Γραφῇ
2409 2259 2750 2327 συμφωνεῖν.
2777 2255 2994 2311 Μᾶλλον
3033 2256 3091 2308 δὲ
3121 2256 3328 2309 ἐκεῖθεν
3353 2257 3463 2325 ἕχει
3511 2256 3612 2316 τὰς

2030 2349 2344 2414 ἀποδείξεις
2372 2363 2386 2377 ⁸
2416 2347 2512 2401 καὶ
2552 2351 2648 2410 τὰς
2685 2349 2815 2417 περὶ
2839 2348 3035 2401 τούτου
3081 2347 3384 2419 μαρτυρίας
3408 2351 3437 2400 ὁ
3483 2346 3614 2416 βου-

2033 2443 2259 2513 λόμενος
2293 2443 2517 2514 εὑρήσει
2546 2443 2755 2511 σαφῶς,
2782 2445 3052 2512 ἀναγνοὺς
3081 2445 3148 2496 τὰ
3178 2461 3244 2495 πε
3255 2443 3306 2513 pi.
3345 2441 3532 2494 τούτου
3556 2441 3616 2493 ἔν

2033 2534 2111 2606 τῷ
2133 2536 2262 2605 περὶ
2312 2534 2544 2606 Τριάδος
2595 2533 2787 2605 βιϐλίῳ
2819 2535 2897 2605 τῷ
2959 2533 3216 2606 μακαρίῳ
3267 2532 3617 2603 Αὑγουστίνῳ

2037 2628 2528 2698 συγγεγραμμένα.

2103 2722 2177 2775 Οὐ
2217 2720 2324 2792 μὴν
2376 2719 2493 2773 ἀλλ’
2552 2720 2658 2784 ἕως
2682 2720 2748 2772 ἂν
2805 2718 2879 2789 μὴ
2924 2718 3148 2787 δύνηταί
3195 2735 3281 2778 τις
3334 2715 3619 2787 ἀρνεῖσθαι

2029 2819 2199 2883 Λόγον
2229 2810 2370 2868 εἶναι
2396 2814 2487 2867 τδν
2512 2813 2666 2879 Υίδν,
2696 2811 2817 2865 οὐδὲ
2845 2813 2936 2864 τὸν
2964 2811 3179 2880 Πατέρα
3209 2813 3618 2881 παραιτήσεται

2029 2907 2212 2971 λέγειν
2249 2904 2467 2976 ἀληθῶς
2513 2899 2654 2957 εἶναι
2683 2901 2826 2955 Νοῦν
2845 2921 2860 2934 ·
2887 2903 2982 2972 οὐχ
3039 2896 3150 2954 οἷον
3173 2902 3263 2955 τὸν
3291 2901 3420 2970 παρ’
3458 2903 3615 2971 ἡμῖν,

2029 3000 2179 3070 ῆτὸν
2207 2996 2681 3067 ἁγγελικὸν,ἀλλὰ
2743 2997 2883 3048 θεῖον
2942 2996 3036 3048 καὶ
3087 2995 3428 3065 ἄπειρονκαὶ
3478 2997 3620 3049 πάνυ

2033 3108 2141 3146 των
2171 3094 2309 3144 γόων
2338 3090 2586 3157 ἀπείρως
2628 3089 2989 3159 ἐξῃρημένον,
3022 3087 3372 3155 παράδειγμα
3438 3075 3619 3154 μένῖοι

2036 3183 2130 3237 τοῦ
2164 3182 2534 3253 ἀνθρωπίνου,
2581 3183 2671 3235 καὶ
2701 3181 2890 3234 τοῦτον
2916 3180 3107 3232 εἰκόνα
3142 3180 3374 3233 ἐκείνου.
3397 3179 3623 3244 Τούτοις

2037 3278 2093 3330 δὲ
2157 3275 2346 3330 ἕπεται
2409 3277 2502 3328 καί
2540 3255 2819 3344 ’.Αγὰπην
2879 3273 3196 3354 ἀναγκαίως
3250 3273 3456 3326 τιθέναι
3516 3273 3617 3324 ἐπὶ

2037 3365 2173 3421 Θεοῦ
2200 3385 2211 3398 ·
2248 3365 2409 3420 τοῦτο
2441 3365 2550 3435 γὰρ
2582 3366 2688 3417 τῶν
2724 3365 2954 3431 λογικῶν
2989 3363 3208 3430 ἰδιότης,
3261 3361 3337 3426 ὡς
3381 3362 3614 3431 είρηται.

2051 3458 2214 3512 Ἀλλὰ
2239 3459 2335 3511 καὶ
2367 3461 2400 3530 ἡ
2431 3457 2665 3528 πρόοδος
2696 3456 2792 3508 τοῦ
2823 3455 2984 3523 λόγου
3033 3457 3096 3508 ἐκ
3117 3452 3210 3506 τοῦ
3241 3453 3336 3506 νοῦ
3391 3451 3622 3523 ἐναργὲ-

2042 3567 2237 3622 στερον
2263 3553 2510 3619 ἐκφαίνει
2548 3551 2649 3621 τὴν
2685 3549 2912 3619 πρόοδον
2931 3549 3150 3618 ἐκείνην
3184 3545 3271 3599 διὰ
3297 3548 3358 3598 τὸ
3411 3544 3624 3609 ἀπαθὲς

2041 3645 2133 3698 καὶ
2161 3644 2323 3698 ἄῦλον
2355 3645 2386 3715 ἢ
2426 3643 2567 3714 αῦτη
2600 3645 2632 3714 ἡ
2661 3643 2894 3711 σαρκικὴ
2922 3642 3197 3710 γέννησις.
3256 3637 3492 3709 Ὁμοίως
3525 3639 3626 3692 καὶ

2040 3738 2072 3806 ή
2109 3737 2210 3806 τῆς
2233 3736 2459 3806 ἀγάπης
2518 3736 2582 3787 ὲκ
2644 3735 2744 3803 τῆς
2781 3732 3055 3803 θελήσεως
3120 3730 3346 3800 πρόοδος
3381 3725 3623 3799 ἔμὶρανε-

2044 3827 2212 3897 στέρα
2247 3828 2396 3880 ἐστὶν
2424 3827 2588 3879 εἰκὼν
2633 3826 2733 3895 τῆς
2760 3825 2874 3877 ἀπὸ
2913 3823 3006 3876 τοῦ
3068 3821 3204 3874 Θεοῦ
3256 3822 3486 3890 προόδου
3522 3821 3620 3873 τοῦ

2041 3922 2201 3988 ἁγίου
2231 3919 2572 3989 Πνεῦματος,
2599 3919 2632 3988 ἢ
2666 3917 2805 3987 αὕτη
2841 3918 2875 3985 ἡ
2903 3916 2998 3968 τοῦ
3028 3915 3347 3984 σωματικοῦ
3378 3912 3624 3981 πνεύμα-

2041 4028 2132 4075 τος
2170 4011 2418 4081 πρόοδος.
2455 4009 2616 4061 Ὥστε
2643 4008 2750 4063 ἀπὸ
2787 4008 2885 4076 τῆς
2912 4005 3092 4076 ψυχῆς
3124 4006 3224 4075 τὴν
3256 4005 3439 4058 εἰκόνα
3485 4003 3628 4072 λαμ-

2046 4102 2328 4167 6άνοντες,
2362 4100 2708 4168 οἰκειοτέρως
2743 4098 3127 4169 προσεροῦμεν
3177 4098 3426 4150 τὸνθεῖον
3479 4093 3629 4148 Νοῦν

2045 4195 2136 4245 καὶ
2155 4193 2330 4260 Λόγον
2361 4192 2456 4244 καὶ
2483 4190 2735 4260 Ἀγάπην
2760 4190 2792 4263 ἢ
2820 4188 2927 4241 ἀπὸ
2965 4188 3060 4241 τοῦ
3121 4186 3372 4256 σώματος
3401 4185 3630 4256 Πατέρα

358 4275 580 4339 bimus,
635 4288 799 4342 quam
829 4288 858 4325 a
907 4288 1142 4343 corpore
1192 4275 1580 4344 nuncupa'n‘do,
1621 4259 1835 4331 Patrem
1890 4287 1933 4332 et

2045 4282 2141 4336 καὶ
2167 4282 2300 4335 Υίὸν
2357 4281 2454 4335 καὶ
2509 4259 2738 4350 Πνεῦμα
2780 4259 2956 4334 ἀὐτὸν
3012 4280 3388 4349 ὀνομάζοντες.
3438 4278 3631 4346 Ὅμως

357 4365 560 4420 Filium
587 4373 642 4418 ct
689 4364 979 4435 Spiritum.
1039 4364 1178 4428 Quia
1234 4367 1518 4442 tamen,in
1561 4366 1672 4422 Deo
1703 4366 1933 4424 Verbum

2047 4376 2168 4428 ἐπεὶ
2196 4377 2224 4428 ὁ
2248 4374 2420 4442 Λόγος
2445 4375 2566 4427 ἐκεῖ
2597 4371 2849 4442 ὑφεστὼς
2878 4375 2993 4426 ἐστι
3029 4375 3124 4426 καὶ
3156 4370 3478 4435 τέλειοςκαὶ
3509 4372 3631 4433 ἴσος

359 4473 490 4513 τοι-ε
519 4458 791 4512 exsislens
817 4466 900 4512 est
931 4467 986 4511 et
1015 4456 1318 4527 perlectum
1350 4459 1577 4528 parique
1614 4460 1933 4526 substantia,

2060 4465 2157 4536 τὴν
2184 4466 2370 4519 οὐσίαν
2403 4464 2503 4537 τῷ,
2529 4464 2624 4534 ἀφ’
2666 4459 2727 4519 οὗ
2761 4463 3061 4535 προῆλθεν,
3115 4464 3242 4527 Υἱὸς
3274 4461 3630 4531 ὀνομάζεται,

356 4551 434 4614 ci,
467 4567 530 4606 ex
572 4567 680 4619 quo
714 4549 1002 4620 processit,
1051 4549 1223 4606 Filius
1269 4563 1638 4623 nuncupatur,
1688 4568 1933 4611 consueti

2057 4557 2199 4611 κατὰ
2225 4557 2286 4611 τὺ
2315 4558 2416 4628 τῆς
2449 4558 2788 4628 αίθρωπίνης
2810 4555 3100 4622 διαλέξεως
3121 4553 3262 4618 ἔθος.
3291 4556 3383 4606 Διὸ
3434 4555 3526 4606 καὶ
3576 4554 3631 4604 οἱ

359 4646 523 4699 nobis
585 4643 845 4714 loquendi
898 4659 1120 4714 genere.
1179 4643 1447 4708 Quocirca
1501 4647 1664 4700 etiam
1741 4651 1928 4718 antiqu

2053 4653 2269 4722 ἀρχαῖοι
2307 4649 2412 4720 τῆς
2456 4649 2740 4712 εὐσεϐείας
2783 4647 3116 4708 διδάσκαλοι,
3167 4649 3263 4700 καὶ
3322 4645 3555 4717 μάλιστα
3603 4645 3636 4697 ὁ

359 4737 585 4808 pietatis
611 4738 877 4808 magistri,
905 4753 969 4793 ac
1001 4738 1345 4808 potissimum
1371 4755 1600 4810 magnus
1626 4741 1933 4798 Athanasio:

2056 4739 2232 4810 μέγας
2292 4740 2613 4801 Ἀθανάσιος
2642 4739 2701 4791 ὲν
2751 4740 2866 4801 τοῖς
2905 4738 3049 4790 κατά
3099 4736 3305 4807 Ἀρείου
3348 4735 3635 4804 (42),τοὺ;

363 4833 420 4887 in
475 4835 567 4898 iis,
603 4850 724 4903 qua:
774 4834 1040 4888 a’drersus
1069 4833 1260 4886 Arium
1289 4833 1530 4902 scripsit,
1562 4850 1657 4890 eos
1686 4836 1780 4906 qui
1807 4839 1925 4891 dice

2053 4831 2311 4898 λέγοντας
2341 4829 2545 4901 ὕστερα
2571 4829 2666 4884 τοῦ
2693 4831 2904 4900 Πατρὺς
2933 4831 3024 4883 τὸν
3043 4829 3169 4882 Υίξν
3195 4829 3288 4882 καὶ
3314 4828 3375 4880 τὺ
3405 4826 3634 4894 Πνεῦμα

365 4932 487 4977 rcnt
517 4939 640 4978 esse
667 4922 865 4978 Filium
899 4939 962 4978 ac
992 4921 1260 4991 Spiritum
1305 4921 1468 4977 Patre
1501 4927 1856 4994 posteriores,
1894 4930 1933 4981 ir

2054 4923 2134 4984 εἰς
2167 4920 2324 4973 τοῦτο
2351 4920 2566 4988 ἀπῆγον
2606 4919 2668 4972 τὸ
2726 4919 2949 4985 ἄτοπον,
3000 4921 3191 4986 ὥσπερ
3250 4919 3317 4972 ἂν
3349 4915 3637 4985 εἰσέλεγον

366 5027 490 5067 eam
527 5015 818 5083 adigebant
866 5018 1287 5082 absurditatem,
1321 5034 1386 5076 ac
1416 5019 1458 5074 si
1519 5021 1683 5075 Deum
1750 5022 1948 5077 mentis

369 5115 650 5176 expertem
703 5124 767 5160 ac
793 5109 1093 5165 voluntatis
1131 5121 1457 5166 asserercnt.
1513 5111 1626 5166 lloc
1681 5114 1826 5166 enim
1868 5114 1941 5166 illi

367 5199 664 5253 absurdius
724 5201 1029 5264 ducebant,
1098 5220 1260 5272 quam
1293 5206 1338 5258 si
1409 5207 1616 5274 absque
1681 5203 1821 5259 Filio
1883 5221 1948 5258 ac

369 5288 575 5360 Spiritu
597 5289 859 5344 dicerent.
886 5290 1019 5344 Nam
1048 5293 1148 5348 hoc
1174 5309 1392 5362 quoque
1425 5296 1600 5349 cuivis
1629 5295 1949 5350 substantia:

370 5382 716 5437 itnmateriali
757 5382 1047 5438 tribuetur.
1085 5383 1284 5454 Liquet
1323 5386 1490 5456 igitur
1530 5387 1948 5442 convenientius

369 5475 553 5529 vocati
581 5474 752 5528 Deum
781 5484 1014 5529 mentem
1044 5490 1109 5530 ac
1131 5475 1488 5542 voluntatem,
1525 5492 1688 5546 quam
1735 5475 1946 5531 Patrem

372 5579 438 5619 ac
485 5563 846 5634 Spiratorem.
923 5565 1093 5622 Porro
1155 5582 1382 5622 summa:
1435 5581 1549 5622 rem
1597 5567 1947 5622 absnrtlitatis

374 5653 672 5723 habebant,
705 5656 894 5714 inferri
919 5657 1091 5715 Deum
1122 5667 1303 5713 mente
1326 5673 1514 5714 carere
1549 5673 1613 5713 ac
1643 5659 1938 5723 voluntate,

454 5839 563 5907 (42)
591 5837 743 5894 Orat.
763 5839 799 5892 2
823 5839 1021 5896 Contra
1053 5843 1314 5909 Ariamp.
1343 5839 1468 5894 553.

2053 5013 2216 5063 ἄνουν
2250 5010 2347 5064 καὶ
2374 5009 2540 5084 ἀθελῆ
2568 5011 2661 5062 τὸν
2687 5010 2844 5062 Θεόν.
2873 5010 3043 5063 Τοῦτο
3063 5010 3173 5080 γὰρ
3206 5009 3372 5063 αὑτοῦ
3407 5005 3634 5060 ἀτοπώ-

2049 5119 2205 5171 τερον
2229 5102 2534 5171 τιθεμένοις
2563 5101 2736 5156 ὲδόκει
2770 5101 3036 5171 ἢᾰπαιδα
3082 5104 3173 5153 καὶ
3225 5101 3452 5154 ἄπνουν.
3516 5098 3632 5146 Καὶ

2053 5199 2160 5262 γαρ
2197 5193 2356 5245 τοῦτο
2389 5193 2484 5244 καὶ
2522 5193 2728 5263 ἑκάστῃ
2759 5192 2864 5243 τῶν
2892 5191 3073 5243 ἁΰλων
3108 5190 3306 5241 οὐσιῶν
3333 5204 3640 5256 συγχωρηη

2053 5286 2298 5354 θήσεται.
2327 5284 2488 5336 Ὥστε
2519 5282 2697 5353 δῆλον,
2740 5283 2813 5342 ὡς
2840 5282 3041 5350 μᾶλλον
3069 5281 3300 5356 ᾁρμόσει
3338 5279 3484 5332 Νοῦν
3535 5287 3640 5333 καὶ

2058 5377 2288 5445 Θέλησιν
2325 5380 2416 5429 τὸν
2470 5375 2602 5428 Θεὸν
2655 5373 2894 5442 λέγεινῆ
2947 5373 3168 5441 Πατέρα
3211 5372 3305 5424 καὶ
3367 5371 3636 5426 Πνέοντα.

2070 5468 2275 5521 Ἐδόκει
2297 5469 2353 5522 δὲ
2385 5469 2572 5531 αὐτοῖς
2595 5465 2946 5520 ἀτοπώτατον
2968 5465 3131 5518 ἄνουν
3193 5466 3288 5517 καὶ
3340 5464 3504 5532 ἀθελῆ
3537 5464 3638 5517 τὸν

2057 5562 2189 5614 Θεὸν
2217 5561 2544 5630 συνάγεσθαι
2577 5560 2684 5614 ἀπὸ
2707 5559 2801 5611 τοῦ
2828 5557 3034 5611 τ.θὲναι
3067 5558 3162 5610 τοῦ
3187 5557 3397 5627 [ἰατρὸς
3429 5556 3643 5626 ὕστερα

2054 5655 2144 5708 τὸν
2176 5654 2300 5708 rev
2325 5657 2418 5709 καὶ
2451 5653 2512 5707 τὸ
2548 5652 2774 5721 Πνεῦμα
2800 5667 2812 5680 ·
2842 5651 2965 5704 ἐπεὶ
2997 5651 3025 5702 ό
3048 5651 3174 5714 νοῦς
3206 5652 3300 5704 καὶ
3330 5649 3486 5717 λόγον
3519 5651 3643 5718 ἔχει
