4036 6262
456 358 554 424 551

1683 350 2077 413 MANUELIS
2115 350 2422 411 CALECJE

3607 342 3709 403 55?.

454 475 654 526 cuncta
709 466 1038 538 recipientes
1092 480 1157 520 ac
1195 463 1559 520 custodientes
1586 463 1735 518 velut
1787 460 2031 532 Spiritus

2163 478 2263 523 νους
2322 460 2418 514 καὶ
2472 458 2845 527 φυλάττοντας
2891 457 2966 519 ὼς
2997 454 3093 508 τοῦ
3129 452 3444 521 Πνεύματος
3501 466 3711 519 φωνας,

457 574 644 625 voces,
702 559 784 614 sic
839 572 1018 627 operae
1066 557 1298 626 pretium
1344 569 1615 624 exponere
1668 560 1937 622 satagant,
1969 556 2030 603 ut

459 659 516 708 et
536 649 1005 707 communissimis
1039 648 1105 702 de
1133 647 1243 702 Deo
1268 645 1717 716 conceptionibus
1747 652 1802 697 et
1830 640 2033 711 princi-

461 741 568 812 piis
596 742 738 806 lidei,
773 754 876 795 nec
908 754 1016 793 non
1065 745 1382 793 sanctorum
1420 733 1756 789 multitudini
1785 744 2026 785 consen-

468 835 647 888 tiant:
701 832 780 886 sic
833 840 1041 895 tamen,
1100 829 1229 883 dum
1259 841 1448 882 eorum
1483 824 1638 879 nobis
1672 820 2033 877 sanctimonia

468 924 615 979 nulla
669 922 981 991 suspicione
1026 921 1258 975 laboret.
1292 916 1448 984 Quod
1496 916 1604 970 illis
1625 927 1905 969 servemus
1934 926 2031 966 ne-

467 1031 618 1073 cesse
662 1024 774 1082 est;
834 1029 940 1067 non
997 1013 1077 1068 sic
1110 1022 1321 1075 nostro,
1379 992 1692 1065 sanctorum
1737 1004 2036 1061 sententias

465 1106 762 1175 verbaque,
800 1117 1127 1172 usurpamus
1167 1098 1419 1163 consilio,
1459 1107 1519 1153 ut
1551 1096 1687 1151 alios
1726 1096 1850 1150 aliis
1885 1108 2038 1148 com-

467 1198 685 1253 mittere
714 1196 1018 1260 videamur,
1052 1208 1115 1248 ac
1141 1192 1287 1247 velut
1312 1190 1409 1261 qui
1437 1204 1497 1244 se
1526 1198 1718 1244 mutuo
1767 1192 2035 1249 evertant,

464 1288 749 1345 inducere.
788 1286 908 1341 Non
943 1285 1090 1341 enim
1138 1296 1355 1352 aequum
1409 1290 1512 1346 est,
1554 1289 1614 1334 ut
1650 1278 1754 1333 sibi
1806 1276 2036 1331 invicem

467 1379 741 1436 adversari
775 1378 1174 1434 existimentur.
1208 1374 1266 1429 ld
1295 1373 1438 1429 enim
1488 1386 1587 1426 nec
1621 1372 1689 1426 iis
1720 1368 2038 1424 hominibus

470 1476 606 1533 satis
637 1478 921 1540 congruat,
954 1466 1153 1537 quibus
1180 1463 1446 1532 tantisper
1474 1461 1704 1515 rationis
1735 1460 1830 1513 lux
1874 1455 2038 1511 aﬂul-

466 1576 619 1639 geat;
654 1572 862 1617 tantum
909 1559 1063 1612 abest
1092 1566 1150 1610 ut
1186 1554 1416 1619 sanctis,
1466 1553 1559 1623 qui
1595 1561 1803 1625 motore
1831 1547 2039 1618 Spiritu

468 1667 664 1712 cuncta
695 1660 1070 1725 exposuerunt
1113 1670 1127 1706 :
1169 1665 1279 1719 quo
1325 1650 1538 1705 scilicet
1589 1646 1863 1709 homines,
1920 1642 2031 1698 illis

469 1759 724 1817 tauquam
766 1744 979 1815 pietatis
1010 1740 1284 1810 magistris
1310 1740 1554 1794 animum
1592 1735 1941 1797 adhibentes,
1973 1746 2039 1786 ac

473 1853 567 1905 per
596 1851 689 1891 eos
723 1834 1009 1889 veritatem
1042 1831 1448 1893 nauciscentcs,
1480 1829 1534 1883 in
1563 1828 1708 1883 hunc
1734 1824 1953 1880 modum
1990 1823 2043 1876 in

469 1929 689 1985 Christo
728 1934 1096 1982 necterentur.

544 2021 623 2075 De
648 2020 734 2074 his
755 2019 917 2088 igitur
941 2021 1062 2087 quae
1091 2016 1298 2072 sanctis
1322 2014 1467 2070 dicta
1493 2021 1643 2073 sunt,
1673 2008 1746 2065 ita
1797 2007 2042 2063 sentien-

473 2112 629 2175 dum,
666 2110 868 2179 talique
894 2110 947 2165 in
982 2107 1239 2163 omnibus
1266 2105 1526 2160 utendum
1562 2100 1746 2170 regula
1792 2109 1896 2153 est.
1946 2096 2043 2150 Sin

473 2202 677 2267 minus,
700 2208 939 2270 praestat,
995 2208 1055 2253 ut
1106 2198 1350 2253 dicamus
1402 2209 1504 2249 nos
1570 2207 1677 2246 non
1736 2188 2041 2256 intelligere

474 2307 666 2349 eorum
702 2307 824 2361 quas
863 2290 1119 2345 dicuntur
1148 2286 1437 2342 sententiae
1464 2285 1597 2345 vim,
1622 2296 1785 2351 quam
1842 2294 2045 2335 conve-

476 2386 691 2440 nientes
717 2373 900 2451 exque
923 2381 1135 2435 ratione
1156 2379 1222 2433 de
1252 2378 1362 2431 Deo
1387 2374 1687 2430 sententias
1714 2379 2045 2434 cvertamus,

475 2487 554 2531 uti
577 2476 653 2530 ait
683 2488 910 2543 magnus
944 2471 1200 2527 Basilius.
1231 2470 1333 2523 Hic
1352 2475 1532 2521 autem
1569 2477 1866 2534 possumus
1892 2462 2045 2515 dice-

476 2580 558 2629 re,
591 2572 833 2629 sanctos,
873 2562 1172 2616 secundum
1198 2559 1443 2613 diversos
1467 2564 1744 2623 respectus
1779 2553 1918 2606 idem
1944 2550 2046 2605 alia

479 2664 639 2726 atque
658 2655 761 2708 alia
796 2653 1006 2708 ratione
1029 2652 1327 2707 declarare.
1357 2648 1492 2702 Nam
1531 2645 1700 2700 Filius
1727 2642 1945 2713 quidem
1983 2655 2049 2695 ex

479 2748 638 2804 Patre
665 2756 769 2813 est,
807 2756 1059 2815 tanquam
1095 2741 1315 2797 verbum
1370 2755 1437 2794 ex
1490 2749 1693 2791 mente.
1743 2733 2052 2789 Secundum

484 2841 626 2895 hanc
657 2837 1152 2893 considerationem
1187 2820 1348 2889 etiam
1382 2830 1719 2886 voluntatem
1750 2841 1815 2881 ex
1857 2824 2050 2879 volun-

2141 550 2285 604 οὕτω
2315 550 2589 620 προσῆκον
2610 550 2909 619 ἐπιχειρεῖν
2940 547 3276 617 ἐξηγεῖσθαι,
3307 543 3445 595 ὥστε
3476 544 3569 595 καὶ
3591 544 3713 602 ταῖς

2142 643 2276 711 περὶ
2302 641 2439 693 Θεοῦ
2466 642 2807 703 κοινοτάταις
2836 640 3069 701 ἐννοίαις
3098 639 3190 690 καὶ
3212 636 3331 697 ταῖς
3356 636 3453 703 τῆς
3476 634 3714 696 πίστεως

2142 735 2362 805 ἀρχαῖς,
2390 734 2486 786 καὶ
2517 732 2594 803 τῷ
2618 732 2813 804 πλήθει
2840 733 2949 783 τῶν
2970 731 3143 798 ἀγίων
3174 728 3481 796 συμφωνεῖν
3501 743 3513 757 -
3554 726 3715 795 μόνον

2152 828 2205 879 εί
2230 827 2360 896 περὶ
2382 826 2479 893 τῆς
2513 825 2735 877 ἐκείνων
2769 821 3078 890 ἁγιωσύνης
3101 818 3439 889 ἀμφιϐολίαν
3457 815 3718 885 οὐδεμίαν

2145 916 2367 987 ἔχομεν.
2392 917 2568 986 Ὅπερ
2599 916 2893 983 ἀναγκαῖον
2916 913 3147 975 ἐκείνοις
3179 910 3485 980 τηρεῖσθαι,
3514 908 3609 961 καὶ
3641 908 3717 977 μὴ

2144 1008 2233 1062 διὰ
2266 1006 2366 1077 τὴν
2394 1006 2606 1060 ἑαυτῶν
2647 1005 2901 1075 βούλησιν
2920 1004 3061 1057 οὕτω
3089 1003 3158 1056 τὰ
3182 1002 3291 1056 τῶν
3324 999 3499 1068 ἁγίων
3517 999 3720 1068 ἐκλαμ-

2158 1101 2447 1165 ϐἀνοντας,
2508 1100 2583 1163 ὡς
2632 1099 2809 1152 ποιεῖν
2869 1096 3115 1159 ἐκείνους
3161 1094 3415 1164 ἀλλήλοις
3459 1091 3720 1161 πολεμεῖν

2148 1191 2352 1255 δοκεῖν,
2378 1191 2476 1244 καὶ⁵
2501 1190 2591 1259 ὑφ’
2635 1189 2847 1242 ἑαυτῶν
2886 1185 3317 1257 ἀνατρέπεσθαι.
3361 1185 3438 1238 Οὐ
3485 1184 3598 1253 γὰρ
3655 1182 3720 1235 ἂν

2149 1285 2378 1347 εἰκότως
2399 1282 2707 1353 νομίζοιντο
2760 1283 2973 1343 ἑαυτοῖς
2995 1279 3087 1333 καὶ
3128 1277 3382 1348 ἀλλήλοις
3443 1275 3723 1329 ἐναντιοῦ-

2154 1374 2280 1427 σθαι
2299 1388 2316 1406 ⁶
2346 1373 2504 1427 τοῦτο
2530 1374 2638 1440 γὰρ
2660 1372 2778 1425 οὐδὲ
2799 1374 2910 1433 τοῖς
2939 1369 3187 1423 ὁπωσοῦν
3224 1369 3467 1435 λογικοῖς
3494 1366 3605 1420 τῶν
3628 1367 3724 1418 ἀν-

2150 1465 2388 1534 θρώπων
2422 1464 2676 1533 ἁρμόζει,
2720 1465 2881 1534 μήτοι
2921 1478 2985 1528 γε
3009 1462 3072 1529 δὴ
3091 1464 3202 1523 τοῖς
3233 1460 3434 1528 ἁγίοις,
3456 1458 3511 1510 οῖ
3548 1458 3727 1511 πάντα

2156 1556 2406 1617 ἐξέθεντο
2438 1556 2546 1608 ὑπὸ
2570 1552 2664 1606 τοῦ
2688 1553 2847 1621 ἁγίου
2871 1552 3182 1620 κινούμενοι
3208 1551 3529 1621 Πνεύματος
3549 1564 3563 1579 ⁶
3587 1548 3727 1603 ὥστε

2150 1649 2364 1710 τούτοις
2398 1646 2472 1709 ὡς
2501 1643 2842 1705 διδασκάλοις
2875 1642 3158 1704 εὐσεϐείας
3212 1641 3343 1703 τοὺς
3401 1639 3729 1717 ἀνθρώπους

2155 1738 2549 1810 προσέχοντας,
2572 1736 2667 1789 καὶ
2694 1735 2764 1789 δι’
2797 1734 2977 1789 αὐτῶν
3010 1734 3111 1803 τῆς
3135 1733 3392 1803 ἀληθείας
3425 1733 3731 1799 ἐπιτυγχά-

2151 1846 2364 1893 νοντας,
2400 1828 2544 1882 οὖτω
2578 1827 2958 1897 συνημμένους
2985 1826 3043 1878 ἐν
3078 1824 3154 1893 τῷ
3184 1823 3406 1895 Χριστῷ
3459 1820 3729 1890 γίνεσθαι.

2225 2009 2361 2078 Περὶ
2402 2007 2504 2079 μὲν
2549 2002 2644 2059 οὗν
2672 2005 2782 2058 τῶν
2835 2006 2950 2068 τοῖς
2995 2003 3171 2071 ἁγίοις
3224 2000 3540 2069 είρημένων
3591 1998 3732 2052 οὕτω

2154 2101 2262 2174 χρὴ
2289 2100 2511 2168 γνώμης
2545 2099 2708 2167 ἔχειν,
2736 2097 2832 2150 καὶ
2861 2095 3085 2164 τοιούτῳ
3117 2094 3353 2163 χρῆσθαι
3380 2092 3478 2144 ἐπὶ
3520 2092 3733 2145 πάντων

2158 2196 2365 2251 κανόνι.
2391 2195 2453 2247 Εἰ
2479 2194 2535 2246 δὲ
2574 2194 2670 2262 μὴ,
2700 2190 2922 2260 ἄμεινον
2946 2190 3123 2256 λέγειν
3150 2187 3252 2256 τὴν
3281 2186 3391 2239 τῶν
3420 2184 3733 2255 λεγομένοιν

2160 2286 2237 2358 μὴ
2272 2285 2512 2338 συνιέναι
2564 2282 2803 2335 διάνοιαν
2839 2280 2873 2350 ἢ
2923 2278 3250 2347 ἀνατρέπειν
3277 2275 3375 2338 τὰς
3418 2273 3733 2341 ἀξιολόγους

2157 2378 2288 2446 περὶ
2320 2376 2457 2430 Θεοῦ
2499 2374 2823 2443 ὑπολήψεις,
2860 2371 2935 2435 ὡς
2976 2373 3005 2424 ό
3050 2369 3223 2437 μέγας
3270 2366 3389 2435 ἔφης
3427 2366 3733 2421 Βασίλειος.

2169 2467 2443 2525 Ἐνταῦθα
2475 2468 2530 2520 δέ
2558 2466 2672 2519 ἐστι
2698 2465 2903 2532 λέγειν,
2935 2464 3009 2526 ὼς
3036 2462 3097 2514 τὸ
3120 2460 3252 2514 αὐτὸ
3273 2459 3416 2512 κατὰ
3440 2458 3734 2527 διαφόρους

2158 2560 2483 2629 ἀποϐλέψεις
2509 2559 2685 2618 ἄλλως
2714 2555 2810 2609 καὶ
2831 2554 3008 2615 ἄλλως
3038 2554 3086 2606 oi
3111 2552 3261 2619 ἀγιοι
3286 2548 3638 2603 ἀποδιδόασιν
3656 2565 3671 2579 ·
3704 2550 3731 2600 ό

2164 2653 2264 2725 μὲν
2305 2653 2413 2721 γὰρ
2444 2650 2573 2711 Υἱὸς
2609 2650 2672 2700 ἐκ
2710 2646 2804 2700 τοῦ
2851 2637 3065 2716 Πατρός
3108 2646 3274 2707 ἐστιν,
3321 2641 3397 2703 ὡς
3449 2640 3627 2707 Λόγος
3667 2639 3728 2691 ἐκ

2163 2744 2297 2800 Νοῦ.
2341 2743 2498 2798 Κατὰ
2540 2742 2696 2795 τοῦτο
2734 2739 2828 2793 καὶ
2866 2738 3089 2807 θέλησιν
3133 2739 3197 2791 ἐκ
3245 2736 3519 2804 θελήσεως
3559 2729 3730 2798 εἶπον,

2162 2837 2237 2901 ὡς
2260 2839 2287 2889 ὁ
2316 2834 2573 2901 Θεολόγος
2600 2831 2900 2901 Γρηγόριος
2916 2830 3086 2897 λέγει,
3110 2847 3128 2878 σ
3157 2828 3246 2898 Τῷ
3269 2826 3445 2897 Πατρὶ
3483 2823 3729 2894 γέννησίς

479 2938 591 2986 tate
608 2930 880 2993 dixerunt,
908 2924 1365 2997 quemadmodum
1395 2921 1469 2974 ait
1502 2918 1817 2988 Gregorius
1877 2914 2055 2970 Theo-

2163 2926 2312 2980 ἐστιν
2340 2927 2373 2997 ἡ
2405 2925 2499 2977 τοῦ
2537 2923 2733 2993 γεννᾷν
2759 2922 2998 2991 θέλησις,
3027 2921 3120 2971 καὶ
3157 2918 3409 2989 βούλησις
3438 2920 3507 2969 ἐκ
3549 2914 3734 2985 βουλή-

482 3020 637 3091 lngus
669 3037 683 3074 :
716 3018 893 3074 «Patri
925 3016 1228 3088 generatio,
1257 3011 1516 3083 gignendi
1544 3010 1800 3064 voluntas
1845 3014 1952 3069 est,
1990 3018 2054 3059 ac

2167 3037 2307 3083 σεως
2327 3034 2343 3050 ·
2371 3017 2495 3071 καθ’
2520 3017 2578 3068 ὃν
2624 3014 2690 3085 δὴ
2714 3015 2916 3083 τρόπον
2944 3007 3095 3065 εἷπον
3115 3009 3309 3078 σοφίαν
3331 3010 3395 3061 ἐκ
3423 3007 3620 3075 σοφίας
3645 3006 3733 3057 τὸν

481 3112 738 3166 voluntas
788 3126 852 3164 ex
894 3109 1190 3162 voluntate.
1228 3123 1247 3156 ι
1284 3102 1595 3158 Secundum
1653 3115 1812 3170 quem
1862 3099 2051 3168 utique

2163 3112 2314 3177 Υίὺν,
2345 3112 2440 3163 καὶ
2465 3107 2695 3177 δύναμιν
2726 3106 2791 3157 ἐκ
2814 3105 3119 3172 δυνάμεως.
3142 3101 3214 3156 Τὸ
3241 3101 3297 3154 δὲ
3327 3101 3489 3168 ἆγιον
3519 3098 3732 3168 Πνεῦμα

488 3202 732 3266 modum,
764 3200 959 3253 Filium
993 3198 1314 3266 sapientiam
1338 3211 1405 3251 ex
1463 3194 1734 3263 sapientia
1781 3193 2055 3259 dixerunt,

2164 3206 2228 3258 ἐκ
2268 3203 2360 3256 τοῦ
2418 3200 2632 3270 Πατρός
2673 3199 2843 3263 ἐστιν,
2877 3197 2953 3260 ὡς
2995 3195 3103 3249 ἀπὸ
3136 3194 3407 3264 θελήσεως
3454 3195 3493 3265 ὴ
3529 3192 3729 3259 ἀγάπη.

491 3308 557 3349 ac
578 3294 837 3348 virtutem
861 3306 924 3345 ex
947 3290 1163 3344 virtute.
1187 3290 1455 3344 Caeterum
1491 3285 1733 3356 Spiritus
1755 3292 1976 3339 sanctus
1994 3300 2055 3339 ex

2165 3294 2264 3348 Διά
2296 3294 2454 3347 τοῦτο
2504 3292 2614 3361 γὰρ
2658 3293 2776 3344 ἐστι
2819 3291 2914 3341 καὶ
2968 3287 3195 3357 πρόοδος
3223 3285 3507 3355 διάφορος.
3569 3282 3629 3336 Ἡ
3673 3281 3727 3332 δὲ

489 3384 651 3440 Patre
678 3389 781 3448 est,
816 3382 962 3437 velut
992 3380 1208 3436 dilectio
1241 3395 1271 3435 a
1301 3379 1580 3433 voluntate
1610 3393 1625 3430 :
1658 3375 1863 3431 idcirco
1896 3375 2055 3429 etiam

2165 3388 2367 3453 κτίσις,
2399 3387 2475 3448 ὡς
2504 3384 2613 3439 ἀπὺ
2647 3385 2775 3452 μιᾶς
2809 3382 3113 3452 βουλήσεως
3137 3378 3483 3447 τοῦἮατρὸς
3520 3374 3613 3430 καὶ
3636 3371 3728 3426 τοῦ

490 3474 749 3529 distincta
780 3470 1055 3542 processio
1100 3480 1201 3524 est.
1232 3468 1496 3523 Creatura
1519 3481 1670 3531 vero,
1700 3473 1959 3533 tanquam
1998 3463 2055 3518 ab

2167 3479 2303 3533 Υίοῦ
2343 3478 2437 3533 καὶ⁵
2467 3479 2560 3530 τοῦ
2585 3478 2744 3545 ἁγίου
2776 3475 3093 3542 Πνεύματος
3119 3488 3133 3504 ⁸
3179 3473 3276 3544 μία
3299 3473 3406 3542 γὰρ
3433 3471 3548 3526 τῶν
3577 3466 3737 3543 τριῶν

2085 3159 2129 3217 C

492 3582 602 3621 una
633 3564 930 3631 voluntate,
959 3578 989 3617 a
1022 3560 1184 3616 Patre
1211 3568 1295 3616 est
1318 3569 1373 3616 et
1400 3558 1538 3614 Filio
1574 3566 1630 3613 et
1678 3557 1881 3628 Spiritu
1936 3571 2065 3611 san-

490 3670 604 3715 cto.
637 3657 757 3713 Una
818 3656 962 3711 enim
985 3664 1069 3711 est
1126 3656 1290 3709 trium
1338 3666 1717 3724 personarum,
1776 3649 1921 3720 quod
1944 3649 2071 3703 atti-

497 3760 591 3805 net
621 3751 690 3804 ad
740 3760 1018 3803 creaturas
1052 3787 1068 3814 ,
1102 3748 1371 3802 voluntas.

566 3860 624 3916 Id
689 3876 818 3914 vero
850 3871 959 3925 est,
989 3859 1133 3930 quod
1166 3866 1219 3913 et
1275 3858 1469 3913 beatus
1525 3857 1798 3913 Maximus
1848 3857 1947 3920 ait,
2014 3853 2070 3908 in

484 3952 865 4043 flisputatione
897 3965 1019 4006 cum
1050 3952 1334 4005 Anommo.
1361 3948 1496 4003 Nam
1523 3964 1647 4005 cum
1679 3949 1767 4004 ille
1821 3948 2071 4011 dixisset,

488 4038 591 4133 γεεί
623 4041 767 4098 Deus
801 4041 924 4095 aliis
950 4040 1144 4110 gignit,
1179 4050 1344 4109 atque
1382 4041 1505 4095 aliis
1553 4040 1760 4104 condit,
1799 4038 2073 4107 composi-

496 4130 593 4191 Ltus
622 4144 706 4190 est
732 4152 748 4201 ;
779 4153 797 4185 ι
823 4130 1139 4201 respondet,
1168 4149 1186 4182 ι
1206 4130 1323 4186 Non
1346 4132 1471 4186 dico
1494 4132 1615 4187 aliis
1640 4131 1877 4201 gignere,
1914 4139 2076 4198 atque

488 4226 624 4301 aliis
656 4225 913 4290 condere,
971 4223 1087 4289 sed,
1113 4223 1269 4279 aliter
1316 4223 1559 4294 gignere,
1613 4222 2070 4277 alite'rcondere.»

505 4318 777 4373 Caeterum
803 4317 1021 4370 divinus
1046 4315 1306 4383 Spiritus,
1346 4315 1437 4385 qui
1461 4315 1532 4369 sit
1571 4329 1601 4367 a
1655 4312 1815 4367 Patre
1861 4312 2079 4367 dilectio

494 4420 560 4466 .et.
592 4408 851 4467 charitas,
900 4407 1159 4475 peculiari
1215 4410 1450 4476 quodam
1517 4405 1679 4460 modo
1718 4404 1934 4459 dicitur.
1984 4405 2079 4460 Est

2166 3575 2260 3628 ἐπὶ
2284 3573 2392 3629 τῶν
2422 3574 2738 3643 κτισμάτων
2764 3573 2797 3644 ἡ
2828 3571 3066 3641 θέλησις.

2242 3842 2412 3896 Τοῦτο
2443 3840 2501 3894 δέ
2530 3839 2702 3899 ἐστιν,
2743 3837 2879 3907 ὅπερ
2918 3835 3011 3888 καὶ
3044 3833 3073 3885 ὁ
3113 3832 3258 3895 Οεῖος
3298 3828 3554 3897 Μάξιμος
3582 3821 3732 3889 ἐνκτῇ

2174 3933 2313 4004 πρὸς
2356 3930 2632 4001 Ἀνόμοιον
2686 3926 2921 3991 διαλέξει
2969 3923 3133 3993 φησίν
3170 3919 3300 3991 (49).
3358 3916 3596 3971 Ἐκείνου
3632 3911 3736 3981 γὰρ

2174 4024 2440 4086 εἰπόντος,
2506 4041 2523 4072 ι
2587 4020 2648 4072 El
2697 4018 2878 4080 ἄλλοις
2922 4020 2950 4070 ὁ
3002 4016 3132 4076 Θεὸς
3178 4012 3365 4082 γεννᾷ,
3418 4011 3516 4062 καὶ⁸
3564 4005 3740 4067 ἄλλοις

2178 4114 2375 4178 κτίζει,
2410 4110 2663 4172 σύνθετός
2710 4110 2892 4160 ἐστιν’
2938 4124 2957 4157 ι
2993 4105 3376 4175 ἀποκρίνεται,
3429 4117 3450 4151 t
3494 4097 3569 4154 Οὐ
3601 4096 3741 4163 λέγω

2177 4208 2359 4268 ἄλλοις
2416 4204 2603 4272 γεννᾷ,
2667 4200 2761 4254 καὶ
2817 4198 2999 4259 ἄλλοις
3054 4194 3263 4258 κτίζει·
3324 4190 3486 4257 ἀλλὰ,
3540 4187 3742 4246 Ἄλλως

2179 4298 2364 4368 γεννᾷ,
2394 4295 2489 4349 καὶ
2516 4293 2688 4355 ἄλλως
2719 4288 2915 4353 κτίζει.
2949 4307 2965 4339 ι
2994 4288 3067 4340 Τὸ
3101 4287 3288 4354 μέντοι
3325 4284 3469 4337 θεῖον
3502 4278 3743 4350 Πνεῦμα,

2179 4390 2253 4455 ὡς
2318 4388 2535 4456 Ἀγὰπη
2584 4385 2733 4455 παρὰ
2778 4382 2873 4436 τοῦ
2925 4380 3137 4452 Πατρὸς
3180 4379 3261 4447 ὃν,
3308 4375 3598 4441 ἰδιαίτερόν
3625 4386 3743 4423 τινα

512 4502 657 4557 cnim
687 4501 902 4555 dilectio
934 4515 998 4555 ac
1034 4500 1275 4555 Charitas
1293 4513 1489 4553 nomen
1508 4492 1825 4553 relationem
1852 4496 2055 4551 habens

2184 4482 2402 4549 λέγεται
2441 4479 2664 4549 τρόπον.
2709 4472 3065 4544 Ἀναφορικδν
3096 4471 3204 4539 γάρ
3236 4472 3384 4529 ἐστιν
3416 4469 3451 4539 ἡ
3492 4464 3701 4534 Ἀγάπη
3725 4476 3741 4492 ⁸

516 4592 661 4647 unde
720 4603 774 4645 et
842 4594 1074 4661 persona
1107 4600 1208 4645 est.
1232 4590 1350 4645 Non
1373 4590 1516 4645 enim
1552 4589 1689 4644 sicut
1722 4588 1954 4653 bonitas,
1991 4603 2055 4641 au

2184 4575 2266 4628 διὸ
2288 4573 2383 4627 καὶ
2409 4568 2700 4641 πρόσωπόν
2733 4569 2902 4620 ἐστιν.
2933 4565 3010 4618 Οὐ
3037 4564 3146 4634 γὰρ
3173 4562 3363 4630 ὥσπερ
3395 4563 3428 4630 ἡ
3454 4557 3746 4627 ἀγαθότης,

512 4685 595 4739 vis
623 4693 817 4740 tenens
850 4688 1031 4740 omnia
1057 4701 1121 4741 ac
1159 4700 1516 4748 conservans,
1587 4692 1685 4738 aut
1739 4682 2081 4752 providentia

516 4792 638 4847 quae
664 4778 977 4833 relationem
1007 4778 1208 4835 habent
1239 4778 1307 4833 ad
1345 4785 1676 4840 creaturam,
1710 4788 1810 4829 nec
1854 4781 1982 4828 sunt
2030 4772 2083 4825 in

516 4871 633 4939 ipso
672 4872 811 4937 Deo;
841 4872 934 4926 sed
962 4872 1042 4927 sic
1082 4881 1164 4926 est
1194 4870 1413 4925 dilectio
1441 4884 1504 4924 ac
1534 4868 1796 4933 charitas,
1817 4863 1962 4934 quod
1993 4878 2084 4916 re-

516 4963 622 5016 late
650 4966 914 5032 praccdit.
940 4964 1017 5019 Ac
1047 4964 1191 5019 sicut
1224 4964 1448 5018 verbum
1484 4976 1551 5015 ex
1584 4969 1765 5014 mente
1796 4957 1961 5011 relate
1999 4953 2081 5007 di-

514 5054 654 5110 citur
686 5073 701 5121 ;
730 5070 1060 5124 quamquam
1088 5055 1308 5109 verbum
1343 5070 1437 5109 seu
1470 5067 1650 5107 sermo
1676 5050 1742 5104 de
1803 5057 1915 5103 toto
1980 5046 2085 5100 Deo

517 5147 888 5203 couunuuiter
909 5158 960 5199 et
983 5146 1230 5201 absolute
1259 5146 1475 5200 dicatur
1512 5161 1528 5198 :
1553 5142 1715 5197 etiam
1745 5138 1969 5194 dilectio
2026 5150 2089 5192 ac

519 5241 755 5297 charitas
818 5238 1041 5292 dicitur.
1079 5257 1096 5288 ι
1147 5236 1284 5291 Deus
1348 5236 1518 5302 enim,
1581 5233 1791 5302 inquit,
1852 5229 2090 5283 Charitas

2184 4667 2216 4737 ἢ
2242 4667 2273 4735 ἡ
2299 4661 2761 4730 παντοκρατορία,
2789 4659 2823 4729 ἢ
2860 4658 2893 4727 ἡ
2936 4657 3184 4727 πρόνοια,
3220 4654 3257 4708 ἃ
3283 4653 3420 4723 πρὸς
3456 4652 3555 4720 τὴν
3577 4647 3750 4701 κτίσιν

2180 4757 2279 4827 τὴν
2311 4754 2592 4823 ἀναφορὰν
2622 4751 2828 4821 έχουσι,
2851 4749 2943 4801 καὶ
2965 4748 3065 4800 οὐκ
3092 4744 3177 4798 ἐπ’
3206 4743 3372 4799 αὐτοῦ
3392 4758 3407 4773 ·
3442 4740 3555 4795 ἀλλ’
3581 4738 3749 4795 οὕτως

2183 4848 2332 4900 ἐστιν
2376 4844 2592 4913 Ἀγάπη
2635 4843 2696 4896 τὸ
2739 4840 3179 4910 ἐκπορευόμενον
3220 4831 3607 4904 ἀναφορικῶς·
3661 4832 3751 4881 καὶ

2184 4939 2373 5007 ὥσπερ
2402 4940 2429 4991 ὁ
2457 4936 2614 5003 λόγος
2668 4935 2733 4987 ἐκ
2759 4931 2853 4986 νοῦ
2906 4930 3258 4999 ἀναφορικῶς
3303 4928 3544 4993 λέγεται,
3575 4920 3749 4976 καίτοι

2182 5032 2278 5085 τοῦ
2332 5031 2458 5083 ὅλου
2515 5025 2653 5079 Θεοῦ
2710 5024 2909 5086 κοινῶς
2962 5023 3056 5075 καὶ
3116 5018 3535 5087 ἀπολελυμένως
3593 5011 3748 5075 λόγου

2184 5125 2479 5193 λεγομένου
2518 5121 2614 5173 καὶ
2648 5116 2777 5172 νοῦ⁶
2820 5117 2912 5169 καὶ
2971 5113 3187 5181 ’Δγὰπη
3241 5110 3299 5162 δὲ
3342 5109 3581 5176 λέγεται.
3633 5119 3651 5152 ι
3693 5098 3749 5150 ’0

2188 5217 2297 5288 γὰρ
2329 5214 2485 5278 Θεὸς,
2531 5231 2549 5264 ι
2601 5210 2788 5281 φησὶν,
2835 5226 2854 5260 ‹
2906 5206 3119 5274 ’Λγὰπη
3153 5201 3322 5255 ἐστίν.
3372 5218 3391 5251 ι
3441 5196 3577 5288 Ἀλλ’
3609 5193 3753 5259 ὅμως

517 5347 601 5392 est
620 5336 685 5389 “.
735 5353 753 5386 ›
789 5330 1016 5400 Proprie
1045 5338 1223 5384 tamen
1257 5342 1319 5382 ac
1341 5328 1529 5389 relate,
1567 5326 1793 5378 alterum
1814 5320 1881 5375 de
1930 5318 2055 5373 Patr

2192 5287 2339 5372 ίδίως
2368 5309 2463 5361 καὶ
2494 5301 2844 5375 ἀναφορικῶς
2863 5298 2926 5351 τὸ
2955 5298 3054 5367 μὲν
3081 5295 3173 5348 ἐπὶ
3201 5293 3292 5346 τοῦ
3321 5287 3529 5369 Πατρός
3554 5288 3752 5343 κεῖται,

517 5426 741 5491 dicitur,
767 5437 961 5493 nempe
980 5434 1171 5486 mens;
1200 5417 1428 5472 alterum
1457 5416 1523 5471 de
1539 5415 1700 5478 Filio,
1721 5412 1932 5467 scilicet
1953 5410 2087 5465 Ver-

601 5607 644 5639 “
675 5607 694 5660 1
721 5606 883 5662 Joan.
917 5621 992 5671 tv,
1021 5603 1077 5659 5.

601 5786 713 5855 (49)
747 5785 883 5838 Dial.
919 5800 936 5841 ι
966 5784 1060 5854 qui
1092 5794 1143 5839 et
1169 5777 1472 5853 Athanasio
1507 5772 1787 5829 tribuitur.

2190 5404 2251 5458 τδ
2300 5400 2467 5466 Νοῦς,
2513 5396 2576 5450 τὸ
2604 5395 2661 5448 δὲ
2713 5391 2883 5461 Λόγος
2913 5390 3006 5443 ἐστι)⁹
3048 5385 3144 5439 τοῦ
3177 5382 3332 5438 Υίοῦ·
3363 5383 3397 5453 ἡ
3426 5380 3481 5433 δὲ
3520 5375 3754 5445 ’Δγάπη,
