4096 6292
279 350 386 410 553

1273 349 1368 408 DE
1414 345 1830 406 PRINCIPHS
1871 343 2080 402 ιηῡιιι
2109 341 2576 430 CATIIQLleE.

3419 341 3522 406 554

283 468 378 519 ἐπὶ
414 464 508 516 τοῦ
533 465 871 533 [Ινεύμαῖος.
905 466 1059 518 Κατᾶ
1089 465 1243 517 τοῦτο
1273 465 1365 518 καὶ
1392 465 1510 526 νοῦς
1539 466 1597 516 τὸ
1630 462 1847 529 Πνεῦμα

1961 461 2085 514 bum
2115 477 2128 525 ;
2160 460 2390 513 alterum
2433 461 2498 511 de
2528 457 2758 526 Spiritu,
2825 457 3073 508 nimirum
3098 455 3335 510 charitas
3361 467 3414 508 et
3441 457 3526 508 di-

277 556 482 622 λέγοιτ’
519 557 582 610 ἂν
617 559 690 619 ῶς
723 558 884 618 Θεός·
921 559 995 620 ῶς
1032 557 1144 626 ἔχει
1184 558 1243 609 τὸ
1283 558 1541 626 ᾀδόμενον
1579 557 1772 606 ἐκεῖνο.

661 817 743 870 Σὺ
769 815 903 884 ζωὴ,
932 817 1098 882 ἔρως,
1129 814 1270 884 φῶς,
1297 814 1461 880 νοῦς.

356 908 628 972 ⁹Ωσαύτως
683 910 775 962 καὶ
831 912 858 961 6
913 908 1060 969 Υἱός.
1110 908 1247 960 Ἀλλ’
1294 909 1355 959 οὑ
1413 909 1632 974 λέγεται
1675 907 1845 969 οὕτως

272 1002 622 1072 ἀναφορικῶς
676 1002 817 1053 κατὰ
865 1004 934 1052 τά
969 1002 1106 1068 πρός
1141 1018 1214 1061 τι,
1251 999 1393 1051 ὥστε
1449 999 1542 1050 καὶ
1576 999 1749 1066 Λόγον
1779 1000 1842 1050 ὲκ

272 1094 368 1146 τοῦ
405 1093 530 1144 Υίοῦ
565 1092 598 1162 ἢ
636 1093 698 1143 ὲκ
739 1091 833 1145 τοῦ
887 1091 1205 1159 Πνεῦματος
1240 1091 1510 1158 προιέναι.
1539 1091 1601 1143 Εἰ
1635 1091 1710 1158 μὴ
1738 1093 1846 1158 γάρ

269 1186 444 1247 οὕτως
497 1181 584 1256 ἦν,
641 1186 792 1238 οὐδὲν
827 1184 1064 1238 ἐκώλυεν
1106 1185 1184 1246 εἰς
1236 1184 1408 1236 πολλὰ
1440 1184 1706 1254 πρόσωπα
1755 1185 1844 1235 τὸν

270 1277 367 1327 ἕνα
421 1277 550 1329 Θεὸν
586 1279 917 1346 προχωρεῖν,
971 1277 1108 1346 ὅπερ
1161 1274 1238 1344 τῷ
1283 1275 1379 1344 τῆς
1441 1274 1667 1345 Τριάδος
1703 1275 1845 1344 λόγῳ

273 1367 641 1421 ἐναντιοῦται.
679 1370 797 1422 Καὶ
828 1369 939 1421 πᾶν
971 1368 1000 1420 ὃ
1039 1368 1129 1419 τὸν
1155 1367 1253 1436 τῆς
1284 1365 1514 1437 Τριάδος
1543 1365 1576 1436 ἦ
1609 1365 1699 1420 τὸν
1748 1367 1844 1434 τῆς

272 1459 512 1522 Μονάδος
539 1459 762 1512 διασείει
793 1458 970 1526 λόγον,
995 1456 1381 1529 ἀπορῤιπτέον.

352 1549 628 1614 Ὡσαύτως
650 1552 677 1602 6
699 1551 833 1614 Θεὸς
854 1551 947 1604 καὶ
967 1551 1138 1618 Σοφία
1155 1550 1375 1618 λέγεται
1399 1549 1840 1616 άπολελυμένως·

271 1645 366 1695 καὶ
397 1645 456 1694 τὸ
499 1643 668 1711 ὄνομα
700 1643 860 1695 τοῦτο
893 1641 1108 1712 ἀνάγκη
1151 1643 1330 1695 κοινὸν
1357 1637 1502 1694 εἶναι
1547 1642 1722 1710 Πατρὶ
1754 1643 1847 1694 καὶ

277 1731 414 1798 Υίῷ,
459 1732 552 1785 καὶ
594 1732 658 1801 δὴ
696 1734 790 1784 καὶ
829 1733 1130 1801 Πνεῦματι.
1173 1732 1237 1785 ῚΙ
1273 1732 1381 1803 γὰρ
1417 1732 1505 1784 διὰ
1539 1731 1635 1784 τοῦ
1673 1733 1845 1798 Λόγου

1958 550 2134 602 lectio.
2171 549 2270 602 Per
2310 552 2453 601 hunc
2486 549 2708 600 modum
2773 547 2934 601 etiam
2965 546 3200 615 Spiritus
3255 547 3525 601 mensdi-

1953 651 2131 700 catur,
2156 654 2216 691 ea
2253 642 2457 690 ratione
2485 652 2695 706 quaest
2731 637 2872 692 Deus
2906 654 2917 689 :
2965 639 3101 691 velut
3124 648 3208 692 Bal.
3242 638 3388 693 istud
3408 654 3526 693 uio-

1955 730 2089 782 duli.

2411 814 2487 868 Tu
2517 815 2656 881 Vita,
2689 818 2866 879 Antor,
2908 816 3041 878 Lux,
3092 814 3260 871 Mem.

2025 898 2305 967 Similiter,
2339 908 2502 961 etiam
2535 905 2724 960 Filius.
2761 907 2874 960 Nan
2903 919 3080 962 tamen
3124 911 3201 963 sic
3232 910 3394 964 relate
3449 911 3530 963 di-

1953 999 2116 1061 citur,
2141 1009 2283 1052 utea
2307 1014 2426 1066 qua:
2454 1010 2582 1052 sunt
2612 1000 2674 1051 ad
2702 999 2910 1068 aliquid
2944 1018 2956 1064 ;
2997 1001 3067 1053 ita
3095 1001 3348 1055 nimirum
3387 1013 3446 1056 ut
3479 1013 3532 1054 et

1956 1087 2189 1142 Verbum
2219 1105 2282 1144 ex
2305 1087 2438 1142 Filio
2467 1091 2747 1159 procedat,
2779 1092 2858 1144 vel
2895 1107 2958 1142 ex
2989 1090 3221 1159 Spiritu.
3258 1091 3366 1147 Nisi
3386 1094 3530 1147 enim

1953 1180 2028 1233 sic
2051 1194 2110 1234 se
2163 1197 2246 1234 res
2268 1181 2510 1246 haberet,
2544 1193 2751 1236 vetaret
2783 1183 2910 1234 nihil
2945 1184 3075 1250 quin
3109 1199 3248 1237 unus
3291 1182 3432 1239 Deus
3479 1187 3530 1238 in

1955 1270 2134 1336 plures
2198 1287 2462 1340 personas
2493 1273 2822 1341 procederet,
2854 1274 2996 1343 quod
3042 1276 3327 1330 Trinitatis
3366 1277 3531 1331 ratio-

1955 1362 2006 1414 ni
2031 1363 2367 1418 adversatur.
2400 1363 2667 1434 Quicquid
2703 1381 2828 1418 vero
2855 1367 2936 1418 vel
2961 1365 3265 1432 Trinitatis,
3296 1369 3376 1422 vel
3400 1369 3534 1425 Uni-

1956 1457 2084 1510 tatis
2114 1457 2380 1510 rationem
2431 1458 2716 1520 convellit,
2751 1459 2937 1525 procul
2974 1460 3379 1514 amandandum
3414 1471 3517 1516 est.

2023 1549 2284 1603 Similiter
2346 1547 2487 1604 Deus
2531 1549 2810 1618 Sapientia
2861 1551 3108 1605 abSolute
3160 1553 3411 1615 dicitur;
3470 1569 3535 1606 ac

1956 1651 2178 1691 necesse
2201 1647 2286 1692 est
2330 1637 2475 1692 istud
2513 1654 2706 1692 nomen
2732 1655 3018 1693 connnune
3042 1655 3161 1694 csse
3186 1639 3328 1695 Patri
3360 1652 3412 1695 ct
3445 1640 3534 1695 Fi-

1957 1731 2048 1792 lio,
2083 1744 2314 1783 necnon
2343 1729 2506 1782 etiam
2539 1728 2786 1799 Spiritui.
2817 1729 2949 1796 Quae
2978 1732 3125 1785 enim
3160 1746 3255 1800 per
3295 1733 3530 1788 Verbum

272 1824 629 1892 ὲκλάμτουσα
687 1824 870 1891 σοφία,
917 1825 1039 1892 ἥτις
1075 1823 1262 1890 ,αὐτὸς
1303 1826 1330 1876 6
1389 1824 1559 1890 Λόγος
1609 1824 1845 1893 animi]

1954 1819 2215 1888 sapientia
2248 1821 2446 1884 elucet,
2487 1836 2608 1889 quae
2663 1831 2745 1876 est
2803 1823 2980 1890 ipsum
3045 1821 3301 1890 Verbum,
3358 1823 3536 1881 Patris

273 1916 368 1968 τοῦ
425 1917 640 1985 Πατρός
691 1917 839 1969 ἐστιν
889 1917 1070 1969 οὐσία.
1120 1915 1187 1967 Ἥ
1211 1916 1258 1967 δ’
1292 1915 1448 1968 οὐσία
1500 1915 1594 1966 τοῦ
1634 1915 1846 1984 [ἰατρὸς

275 2007 426 2076 αὑτῷ
457 2011 550 2061 καὶ
577 2009 652 2078 τῷ
681 2008 797 2077 Υίῴ
825 2012 941 2061 ἐστι
977 2010 1150 2079 κοινή.
1203 2008 1342 2061 Ἀλλ’
1368 2009 1517 2079 ὅμως
1556 2008 1846 2080 ἰδιαίτερόν

276 2115 396 2150 τινα
426 2099 626 2168 τρόπον
674 2101 984 2154 ἀποδίδοται
1033 2099 1110 2170 τῷ
1142 2100 1253 2170 Υίῷ
1293 2103 1326 2170 ή
1363 2101 1560 2170 σοφία·
1611 2103 1703 2154 καὶ
1748 2101 1846 2168 μία

275 2184 412 2241 οὖσα
432 2189 508 2259 τῷ
532 2190 752 2261 ἀριθμῷ
786 2191 970 2258 σοφία,
1003 2191 1077 2254 ῶς
1107 2192 1344 2261 εἴρηται,
1378 2191 1472 2243 τοῦ
1517 2191 1724 2260 [ἰατρὸς
1753 2192 1846 2244 καὶ

272 2279 370 2332 τοῦ
407 2280 560 2343 litati,
621 2283 771 2348 ὅμως
826 2284 926 2335 οὐκ
982 2284 1128 2336 ἔστιν
1160 2286 1192 2352 ή
1228 2283 1544 2353 γεννωμένη
1595 2283 1758 2352 σοφία
1811 2285 1843 2354 ἡ

272 2370 414 2441 αὐτὴ
442 2373 508 2441 τῇ
538 2371 806 2445 γεννὼσῃ,
837 2373 1036 2442 δηλαδὴ
1063 2373 1205 2426 κατὰ
1234 2375 1293 2426 τὸ
1315 2375 1631 2440 γεννᾶσθαι.
1661 2373 1844 2426 Ταῦτα

273 2464 332 2516 δὲ
358 2465 453 2517 καὶ
490 2465 752 2536 πρότερον
791 2469 1026 2537 εἴρηται.

351 2561 473 2612 Ὅτι
503 2560 561 2613 δὲ
607 2563 836 2628 είπομεν
866 2563 926 2614 τὸ
955 2563 1050 2617 τοῦ
1088 2565 1456 2634 Αὑγουστίνου
1492 2566 1844 2635 παράδειγμα

271 2649 340 2699 ἐκ
372 2649 469 2718 τῆς
521 2649 745 2722 Γραφῆς
774 2651 920 2720 ἔχειν
953 2654 1049 2716 τὰς
1098 2655 1424 2716 ἀποδείξεις,
1455 2654 1653 2722 ἀληθές
1686 2658 1801 2707 ἐστι
1829 2671 1846 2687 ο

269 2738 454 2810 πολλῷ
507 2743 616 2811 γὰρ
665 2741 832 2795 αὑτοῦ
887 2745 1149 2814 πρότερον
1196 2747 1230 2813 ή
1282 2745 1402 2797 θεία
1455 2745 1644 2812 Γραφὴ
1689 2744 1847 2796 τοῦτο

270 2846 465 2899 φησιν,
501 2831 558 2883 ὲν
594 2825 676 2894 οἷς
721 2833 750 2885 6
783 2831 1044 2901 Θεολόγος
1088 2833 1342 2902 Ἰωάννης
1368 2833 1634 2885 διδάσκει.
1671 2826 1843 2893 Οὗτος

270 2923 387 2992 γὰρ
418 2921 606 2987 εἰπὼν,
653 2941 671 2974 ι
735 2922 796 2977 Ὃ
843 2923 972 2986 Θεὸς
1020 2924 1234 2992 Ἀγάπη
1265 2925 1402 2985 ἐστὶ,
1466 2940 1486 2974 ο
1544 2922 1690 2975 δοκεῖ
1749 2923 1848 2990 μὲν

271 3013 449 3078 οὕτως
489 3015 671 3078 ἁπλῶς
713 3015 1042 3086 άδιακρίτως
1084 3016 1176 3068 τὸν
1209 3015 1340 3067 Θεὸν
1371 3016 1677 3085 εἰρηκέναι,
1711 3017 1846 3085 ὅπερ

267 3107 344 3160 ἂν
391 3107 594 3176 ἔλεγεν,
631 3107 845 3178 άληθῶς
899 3107 964 3162 ἂν
995 3103 1139 3172 εἷπε,
1176 3107 1467 3178 σύμφωνον
1522 3108 1630 3178 γάρ
1690 3107 1848 3161 τοῦτο

269 3201 346 3268 τῇ
378 3202 524 3268 κοινῇ
560 3201 688 3269 περὶ
717 3198 852 3252 Θεοῦ
889 3201 1014 3270 δόξῃ
1035 3217 1048 3232 ·
1082 3201 1244 3264 αὐτὸς
1270 3201 1377 3271 γάρ
1406 3201 1520 3253 ἔστι
1543 3201 1630 3254 καὶ
1659 3202 1849 3270 ἀγάπη

269 3289 375 3342 καὶ
398 3289 561 3357 σοφία
593 3294 686 3343 καὶ
713 3292 820 3345 πᾶν
859 3293 1063 3359 ἀγαθόν
1085 3311 1098 3324 ·
1129 3295 1278 3363 ὅμως
1317 3292 1645 3364 βουλόμενος
1675 3294 1848 3348 καθα-

271 3379 515 3451 ρώτερον
565 3382 664 3451 τὴν
726 3383 918 3436 ἑαυτοῦ
981 3383 1208 3455 γνώμην
1265 3385 1522 3455 ἐκφῆναι,
1595 3386 1654 3438 δν
1715 3387 1849 3439 Θεὸν

269 3473 706 3544 ἀπροδιορίστως
755 3469 908 3527 εἶπεν
958 3477 1230 3546 Ἀγάπην,
1271 3477 1456 3530 τοῦτον
1504 3479 1594 3531 καὶ
1645 3480 1710 3530 ὲκ
1752 3477 1846 3530 τοῦ

270 3563 414 3616 Θεοῦ
449 3561 586 3618 εἶναι
636 3567 1012 3637 προστίθησιν.
1062 3565 1249 3620 Είπὼν
1283 3569 1413 3638 γὰρ,
1455 3587 1473 3618 ι
1527 3569 1847 3638 Ἀγαπητοί,

269 3656 584 3724 ἀγαπῶμεν
639 3656 927 3726 ἀλλήλους,
977 3658 1058 3710 ὅτι
1116 3659 1147 3727 ή
1198 3660 1387 3726 ἀγάπη
1447 3661 1511 3711 ὲκ
1568 3657 1664 3710 τοῦ
1711 3657 1847 3710 Θεοῦ

271 3751 452 3810 ἐστιν,
493 3765 511 3797 ι
547 3748 766 3816 ἐπάγει,
805 3766 824 3798 ι
865 3747 975 3800 Καὶ
1010 3748 1117 3810 πᾶς
1156 3750 1183 3801 6
1216 3748 1446 3816 ἀγαπῶν
1477 3751 1542 3802 ὲκ
1570 3748 1663 3802 τοῦ
1714 3747 1848 3801 Θεοῦ

273 3835 651 3905 γεγέννηται·
692 3854 711 3887 ι
751 3837 814 3888 ὲκ
873 3833 1077 3889 τούτων
1105 3836 1371 3904 ἐδήλωσεν
1423 3837 1617 3891 ἑαυτὸν
1681 3839 1849 3907 αὑτὴν

275 3925 563 3994 εὲρηκέναι
606 3925 854 3996 Ἀγάπην
904 3925 994 3980 τὸν
1025 3925 1180 3992 Θεὸν,
1216 3928 1281 3998 ἢν
1313 3929 1379 3980 ἐκ
1415 3927 1506 3980 τοῦ
1539 3928 1671 3979 Θεοῦ
1703 3925 1845 3982 εἷπε.

275 4017 414 4078 Θεὸς
434 4016 525 4068 οὖν
553 4018 614 4068 ὲκ
645 4016 780 4070 Θεοῦ
805 4019 950 4070 ἐστιν
977 4020 1008 4087 ἡ
1055 4019 1288 4090 ’Δγάπη.
1328 4015 1460 4072 Eine
1501 4024 1631 4088 γὰρ,
1664 4039 1682 4071 ι
1725 4021 1849 4074 Ὅτι

277 4108 312 4158 ὁ
339 4107 467 4170 Θεὸς
520 4109 734 4178 Ἀγάπη
759 4109 898 4176 ἐστὶ,
931 4128 949 4161 ι
985 4109 1098 4177 καὶ,
1143 4127 1162 4162 ι
1196 4109 1371 4179 Ὀτιή
1413 4111 1626 4182 Ἀγά..η
1665 4114 1725 4164 ἐκ
1753 4111 1848 4164 τοῦ

278 4196 417 4249 Θεοῦ
457 4201 573 4251 ἐστι
599 4215 614 4229 ·
671 4216 690 4250 ι
745 4202 858 4266 καὶ,
901 4220 918 4252 ι
964 4200 1086 4254 Ὅτι
1127 4203 1155 4256 ό
1205 4201 1434 4269 ἀγαπῶν
1478 4205 1542 4256 ἐκ
1580 4203 1673 4256 τοῦ
1712 4202 1847 4256 Θεοῦ

278 4293 627 4363 γεγέννηται.
688 4311 706 4344 ι
757 4294 880 4357 Πῶς
919 4294 974 4347 δὲ
1011 4297 1268 4363 γεννᾶται
1301 4301 1328 4349 ὁ
1361 4297 1594 4364 ἀγαπῶν
1647 4300 1712 4350 ὲκ
1752 4298 1847 4350 τοῦ

280 4380 444 4442 Θεοῦ.
480 4384 616 4451 μετὰ
647 4385 842 4453 μικρὸν
865 4386 998 4454 ἐρεῖ.
1035 4385 1197 4440 Ἀλλά
1226 4385 1308 4448 τὸ,
1336 4404 1354 4437 ι
1383 4386 1519 4449 Θεὸς
1548 4389 1611 4439 ἐκ
1633 4386 1791 4451 Θεοῦ,
1821 4406 1839 4438 ι

1949 1913 2251 1967 substantia
2281 1924 2384 1968 CSl.
2413 1913 2589 1968 Patris
2611 1924 2789 1968 autem
2813 1915 3134 1978 substantia,
3161 1931 3255 1970 seu
3270 1920 3533 1981 essentia,

1959 2003 2059 2070 ipsi
2116 2002 2358 2073 Filioque
2388 2006 2699 2060 communis
2723 2015 2826 2062 est.
2861 2005 3199 2062 Peculiarius
3233 2019 3410 2063 tamen
3435 2009 3536 2063 Sa-

1951 2095 2149 2161 pientia
2173 2095 2428 2150 tribuitur
2463 2095 2600 2150 Filio
2626 2113 2640 2162 ;
2665 2112 2901 2164 euntque
2927 2113 3034 2152 una
3060 2114 3290 2153 nurnero
3321 2101 3413 2164 sit,
3459 2105 3533 2153 uti

1947 2185 2151 2239 dietum
2200 2197 2300 2250 est,
2329 2184 2500 2239 Patris
2529 2186 2756 2255 Filiique
2786 2188 3072 2256 sapientia,
3108 2203 3214 2242 non
3244 2200 3423 2244 tamen
3444 2206 3536 2258 ge.

1951 2274 2060 2326 nita
2087 2274 2352 2343 sapientia
2383 2277 2568 2330 eadem
2597 2286 2680 2330 est
2704 2288 2866 2346 atque
2888 2280 3139 2347 gignens,
3170 2281 3311 2346 quod
3339 2295 3532 2350 nempe

1946 2365 2012 2418 ad
2067 2365 2168 2417 hoc
2214 2366 2400 2419 attinet
2427 2367 2570 2432 quod
2614 2361 2719 2420 est
2757 2367 2991 2437 genitam
3052 2382 3190 2424 esse.
3229 2367 3342 2424 lloc
3407 2385 3535 2426 vero

1949 2462 2113 2511 etiam
2136 2469 2260 2512 ante
2294 2459 2500 2512 dictum
2527 2469 2632 2514 est.
2899 2511 2904 2516 .

2021 2549 2178 2614 Quod
2207 2565 2335 2604 vero
2358 2550 2596 2604 diximus
2664 2550 2950 2618 Augustini
3012 2556 3345 2625 exemplum,
3405 2572 3535 2611 suas

1949 2661 2012 2699 cx
2040 2646 2316 2715 Scriptura
2338 2647 2690 2716 probationes
2720 2648 2937 2702 habere.
2967 2666 3154 2703 verum
3187 2662 3288 2706 est.
3346 2651 3534 2720 Longe

1947 2737 2093 2791 enim
2127 2745 2253 2791 ante
2284 2737 2648 2807 Augustinum
2707 2737 2884 2791 divina
2939 2740 3218 2808 Scriptura
3256 2745 3356 2794 hoc
3396 2743 3534 2796 dixit

1953 2831 2008 2882 in
2041 2827 2320 2883 Catholica
2348 2825 2574 2882 Joannis
2604 2825 2889 2898 Theologi.
2919 2830 3016 2882 llic
3073 2830 3218 2883 enim
3270 2831 3530 2884 dicendo:

1956 2941 1973 2972 ι
1989 2918 2398 2986 Deuscharitas
2417 2927 2500 2974 est
2517 2917 2582 2986 ⁸⁸,
2597 2937 2615 2970 ι
2641 2919 2851 2974 videtur
2873 2921 3092 2990 quidem
3119 2920 3198 2975 sic
3217 2922 3537 2990 simpliciter

1948 3022 1998 3068 et
2028 3018 2236 3084 absque
2270 3012 2620 3068 distinctione
2654 3011 2822 3066 Deum
2859 3013 3084 3076 dixisse.
3118 3030 3181 3069 ac
3211 3017 3254 3067 si
3305 3016 3533 3078 diceret,

1955 3125 2080 3165 vere
2113 3123 2236 3164 eum
2282 3105 2506 3161 dixisse.
2530 3104 2808 3159 Consonat
2839 3105 2983 3159 enim
3023 3108 3123 3160 hoc
3151 3109 3427 3181 cotntnuui
3467 3109 3536 3163 de

1957 3202 2044 3256 Dei
2073 3197 2485 3256 existimationi.
2516 3197 2636 3266 Ipse
2669 3198 2814 3250 enim
2849 3205 2903 3250 et
2932 3197 3172 3252 charttas
3205 3209 3258 3253 et
3319 3202 3538 3266 sapies.

1954 3297 2022 3350 tia
2051 3304 2105 3349 et
2129 3308 2289 3350 omne
2322 3291 2798 3347 DODlIIIIGXsiSlil.
2850 3287 3045 3344 Volens
3097 3300 3275 3346 tamen
3333 3294 3537 3347 clarius

1952 3397 2182 3442 mentem
2210 3400 2366 3440 suam
2403 3384 2636 3454 aperire,
2666 3396 2827 3450 quem
2866 3379 3028 3434 Deum
3086 3382 3399 3439 indistincte
3452 3385 3534 3437 di-

1952 3487 2102 3530 serat
2133 3476 2479 3537 cbaritatem,
2511 3486 2636 3526 eum
2669 3469 2834 3524 etiam
2861 3485 2923 3522 ex
2944 3469 3053 3523 Deo
3086 3488 3206 3526 esse
3257 3472 3531 3543 adjungil.

1953 3568 2105 3622 Dicto
2128 3561 2687 3627 enitnthharissimi,
2745 3561 3034 3628 diligamus
3104 3563 3357 3631 invicem,
3404 3568 3534 3636 quia

1950 3660 2182 3714 Charitas
2199 3672 2262 3710 ex
2297 3655 2403 3710 Deo
2427 3662 2511 3708 est
2537 3671 2586 3718 ,ι
2632 3651 2829 3718 adjecit
2857 3667 2902 3702 τι
2940 3652 3194 3711 Etollnnis
3221 3659 3311 3724 qui
3335 3659 3538 3726 dilig‘t

1951 3767 2015 3807 ex
2050 3752 2159 3804 Deo
2189 3759 2348 3802 natus
2371 3745 2777 3813 est".iQuibus
2809 3745 3000 3797 ostend
3029 3754 3066 3807 t,
3103 3763 3220 3801 eam
3250 3765 3308 3804 se
3347 3753 3533 3806 chario

1951 3853 2114 3898 tatem
2147 3841 2314 3894 Deum
2338 3839 2563 3903 dixisse,
2597 3852 2760 3907 quam
2783 3853 2846 3891 ex
2887 3838 2996 3892 Deo
3018 3839 3247 3893 dixerat.
3291 3841 3380 3894 Εκι
3435 3844 3536 3912 igi-

1951 3949 2037 3990 tur
2062 3935 2320 3994 charitas,
2351 3931 2569 3985 Deusex
2607 3929 2739 3984 Deo.
2778 3933 2866 3986 Ait
2911 3932 3056 3986 enim
3090 3949 3102 3984 :
3147 3949 3164 3981 ι
3208 3931 3359 3997 Quoi
3393 3931 3532 3989 Deus

1951 4042 2031 4084 est
2063 4028 2356 4090 Charitas,»
2387 4034 2472 4077 et:
2503 4030 2578 4090 «ρ
2605 4039 2652 4077 το
2677 4027 2686 4077 l
2712 4027 2949 4080 rharitas
2981 4041 3043 4079 ex
3065 4026 3174 4079 Deo
3191 4036 3329 4084 est.»
3360 4031 3535 4080 acili»-

1951 4122 2112 4190 nique
2139 4119 2320 4186 «Quod
2346 4117 2435 4187 qui
2459 4117 2650 4185 dil‘gir,
2685 4133 2746 4169 ex
2775 4117 2884 4170 Deo
2947 4125 3108 4170 natus
3140 4117 3531 4182 est.»Qnmzam

1952 4229 2080 4266 vero
2112 4211 2292 4273 modo,
2324 4210 2368 4263 is
2411 4209 2500 4277 qui
2536 4208 2712 4277 diligit
2763 4225 2826 4261 ex
2891 4208 2997 4263 Deo
3057 4221 3314 4262 nascatur
3371 4211 3532 4278 paulo

1954 4314 2071 4372 post
2106 4303 2257 4356 dicit.
2295 4299 2491 4354 Verum
2525 4301 2675 4363 illud,
2715 4299 2888 4355 «Deus
2914 4316 2974 4354 ex
3024 4300 3162 4352 Dem
3207 4319 3350 4354 't°ssc
3383 4319 3444 4355 cx
3476 4320 3534 4355 a-

1955 4397 2104 4465 liquo
2147 4393 2439 4462 signiﬁcat.
2499 4391 2551 4445 ld
2610 4407 2737 4445 vero
2806 4391 2953 4446 Patri
3007 4394 3229 4447 minime
3251 4397 3527 4464 congruit,

283 4474 347 4525 τὸ
384 4466 525 4526 εἶναι
586 4474 649 4526 ἐκ
685 4491 828 4537 τινος
861 4474 1030 4544 δηλοῖ.
1093 4476 1263 4529 Τοῦτο
1304 4477 1360 4529 δὲ
1410 4478 1489 4547 τῷ
1545 4479 1715 4548 Πατρὶ
1751 4478 1847 4550 οὐχ

1954 4488 2151 4556 quippe
2175 4500 2298 4538 cum
2329 4483 2587 4538 immunis
2611 4498 2638 4536 a
2672 4498 2835 4536 eausa
2860 4483 2972 4549 sit;
3003 4483 3102 4535 hoc
3134 4495 3236 4546 est,
3297 4500 3325 4536 a
3385 4503 3453 4540 nu
3481 4487 3532 4540 lo

282 4565 551 4632 ἁρμόζειο
585 4567 825 4628 ἀναίτιος
860 4569 965 4636 γάρ
995 4569 1110 4620 ἐστι
1132 4583 1145 4597 ⁸
1183 4569 1462 4622 τουτέστιν
1494 4569 1586 4622 ἀπ’
1617 4571 1850 4634 οὐδενός.

284 4657 603 4727 Λείπεταιῆ
643 4659 720 4728 τῷ
751 4658 862 4726 Υίῴ
890 4659 922 4728 ἢ
958 4659 1031 4728 τῷ
1063 4658 1203 4730 ἀγίῳ
1227 4661 1502 4730 [ινεύματι
1530 4661 1849 4730 προσήκειν.

297 4749 460 4802 Ἀλλά
507 4751 614 4816 μὴν
657 4749 732 4819 τῷ
764 4749 905 4820 ἁγίῳ
941 4749 1218 4820 Πνεῦματι
1250 4750 1406 4804 τοῦτο
1459 4751 1813 4821 προστίθησιν
1835 4768 1848 4783 ο

281 4838 446 4907 δῆλον
505 4839 586 4894 δέ.
658 4838 885 4909 Ἑφεξῆς
949 4840 1056 4907 γὰρ
1122 4838 1222 4910 τὴν
1281 4839 1503 4908 ἀγάπην
1568 4839 1662 4893 τοῦ
1715 4839 1852 4894 Θεοῦ

279 4933 631 5004 ἀναμνήσας,
663 4935 725 4987 οὐ
760 4933 884 4987 καθ’
929 4937 995 5006 ἢν
1047 4937 1206 5004 ἡμεῖς
1251 4936 1433 5000 αὐτὸν,
1469 4935 1600 4989 ὀλλά
1635 4936 1756 4990 καθ’
1785 4937 1852 5006 ἢν

282 5027 571 5096 ἠγάπησεν
625 5028 790 5096 ἡμᾶς,
831 5044 850 5078 ι
905 5027 1217 5080 Ἀπέστειλε
1267 5027 1356 5079 τὸν
1413 5027 1539 5080 rev
1589 5027 1778 5090 αὑτοῦ,
1827 5045 1846 5078 ι

282 5121 472 5186 φησὶν,
537 5137 556 5170 ι
619 5119 845 5188 ἱλασμὸν
895 5117 1037 5182 ὑπὲρ
1081 5118 1187 5170 τῶν
1238 5119 1525 5187 ἁμαρτιῶν
1582 5120 1761 5190 ήμῶν.
1826 5139 1843 5171 ι

301 5208 585 5262 Ἐντεῦθεν
621 5208 824 5273 ἐδίδαξε
861 5212 977 5266 πῶς
1007 5207 1100 5260 καὶ
1130 5209 1293 5277 ήμεῖς
1318 5209 1581 5279 ἀλλήλους
1621 5211 1854 5276 ἀγαπῶ-

290 5315 392 5368 μεν
416 5314 431 5329 ·
467 5299 729 5369 ἀλλήλους
763 5299 819 5351 δὲ
843 5297 1187 5366 ἀγαπῶντες,
1214 5300 1240 5350 6
1266 5299 1395 5361 Θεὸς
1421 5300 1478 5350 ὲν
1503 5301 1631 5369 ἡμῖν
1664 5303 1817 5369 μένει
1837 5316 1853 5334 ο

287 5391 387 5443 καὶ
441 5392 835 5462 ἀντιστρόφως,
876 5393 966 5443 τὶν
1009 5390 1142 5442 Θεὶν
1197 5389 1542 5458 ἀγαπῶντες,
1594 5393 1858 5460 ἀλλήλους

287 5483 620 5554 ἀγαπῶμεν,
644 5486 738 5538 καὶ
763 5483 933 5546 οὕτως
959 5485 1014 5536 ὲν
1034 5482 1112 5552 τῲ
1135 5483 1251 5552 Θεῷ
1281 5483 1536 5552 μένομεν.
1583 5483 1854 5536 'Ewouﬁv-

291 5593 378 5637 τες
401 5577 508 5646 γάρ
524 5577 718 5630 ὁπόσον
738 5578 765 5628 ό
783 5576 914 5638 Θεὸς
928 5575 1212 5644 ἠγάπησεν
1231 5577 1397 5646 ἡμᾶς,
1414 5576 1855 5648 ὲπιστιδεφόμεθα

368 5758 412 5788 ³⁵
442 5757 457 5811 l
492 5756 646 5812 Joan.
696 5773 767 5823 tv,
810 5759 860 5810 8.
943 5759 984 5788 “
1043 5760 1171 5813 ibid.
1211 5760 1260 5814 7.
1340 5760 1382 5791 ³⁷
1419 5759 1550 5812 ibid.
1587 5759 1671 5810 ll).

546 5859 817 5918 l’aruoL.
857 5855 973 5914 Gn.
1033 5858 1202 5920 CLII.
1285 5844 1294 5854 '

1955 4593 2072 4630 esse
2113 4574 2323 4628 habeat.
2372 4571 2634 4642 Superest
2662 4572 2826 4639 igitur
2855 4583 2912 4624 ut
2942 4572 3025 4624 vel
3060 4571 3197 4625 Filio
3237 4575 3315 4628 vel
3353 4572 3529 4644 δρίι-ι-

1961 4667 2035 4721 ιιί
2077 4676 2268 4720 sancto
2295 4662 2613 4716 conveniat.
2645 4663 2811 4731 Atqui
2846 4661 3075 4730 Spiritui
3106 4674 3303 4717 sancto
3333 4666 3384 4718 id
3437 4683 3528 4722 as-

1957 4757 2136 4810 cribit.
2172 4757 2248 4810 Ac
2275 4755 2467 4824 liquet.
2497 4752 2866 4821 Sequentibus
2907 4753 3052 4805 enim
3078 4752 3217 4806 facta
3257 4758 3530 4812 mentione

1961 4847 2051 4900 Dei
2087 4845 2419 4906 dilectionis,
2453 4858 2560 4897 non
2589 4857 2694 4911 qua
2730 4857 2829 4895 nos
2880 4857 3007 4896 eum
3063 4844 3376 4912 diligamus,
3433 4851 3525 4902 sed

1957 4954 2062 5008 qua
2094 4933 2421 5005 ipsedilexit
2455 4930 2766 4986 noserisit
2833 4931 3035 4986 Filium
3090 4950 3270 4997 suum,
3326 4937 3525 5007 inquit,

1959 5026 2394 5098 propitiationem
2424 5039 2521 5094 pro
2558 5024 2792 5092 peccatis
2824 5026 3046 5080 nostris.
3069 5027 3146 5078 δ’»
3180 5025 3316 5083 Hinc
3343 5031 3529 5086 docuit

1955 5131 2008 5176 et
2036 5119 2276 5183 modum,
2311 5132 2420 5185 quo
2452 5131 2548 5168 nos
2574 5115 2802 5169 invicem
2834 5115 3159 5184 diligamus:
3194 5134 3259 5176 ac
3287 5123 3428 5190 quod
3451 5099 3551 5178 sic.

1954 5213 2244 5282 diligamus
2269 5209 2432 5261 Deum
2455 5209 2506 5260 in
2532 5207 2926 5264 nobismanerc
2950 5224 2968 5275 ;
2996 5211 3344 5284 vicissimque
3363 5217 3528 5270 Deum

1956 5304 2265 5373 diligentes,
2305 5299 2538 5354 invicem
2589 5299 2814 5370 diligere
2865 5311 3028 5370 atque
3091 5304 3143 5358 in
3185 5321 3252 5361 eo
3286 5322 3528 5361 manere.

1957 5391 2274 5464 Cogitau'tes
2368 5391 2512 5445 enim
2581 5403 2849 5460 quantum
2923 5409 3022 5448 nos
3063 5395 3203 5450 Deus
3265 5397 3532 5450 dilexerit

1960 5486 2330 5540 convertimur
2360 5493 2417 5536 ut
2446 5498 2570 5537 eum
2604 5483 2867 5551 vicissim,
2899 5483 3108 5556 aliique
3135 5491 3273 5541 alios
3337 5486 3535 5554 diliga-

1968 5592 2105 5632 mus.
2147 5575 2261 5632 Non
2294 5577 2439 5632 cuitu
2468 5574 2582 5631 lieri
2617 5585 2817 5646 potest,
2881 5581 3052 5649 utqui
3111 5579 3281 5632 Deum
3332 5575 3534 5647 diligit,

3144 5847 3214 5907 13
