4056 6266
490 399 603 464 ιδ’.

1758 392 2158 453 MANUELIS
2199 395 2498 455 ϐΑὶΕΩίΕ

3645 386 3746 445 56

500 521 784 577 nonetiam
806 511 1301 588 proxinioaiiiit-iii.i
1331 509 1608 578 jungatur.
1635 504 1835 561 Idcirco
1855 505 2030 559 aiebat
2058 524 2071 560 :

2190 510 2314 582 πρὸς
2354 510 2414 562 τὸ
2457 510 2781 580 άνταγαπᾷν
2820 507 2982 575 αὐτόν
3011 522 3024 534 ·
3087 506 3180 559 καὶ
3233 505 3403 567 οὕτως
3445 504 3746 571 ἀγαπῶμεν

507 634 525 665 ι
556 612 861 680 Quidiligit,
890 625 953 663 ex
976 609 1083 660 Deo
1108 602 1310 658 natus”
1332 611 1413 655 est
1435 617 1449 666 ;
1479 619 1496 652 i
1520 612 1713 668 nempe
1726 613 1792 653 ex
1810 599 2077 652 cliarEtate

430 722 435 741 ι
501 723 664 776 quam
693 705 825 759 dixit
847 715 967 757 esse
995 698 1161 752 Deum
1181 710 1245 750 ex
1276 693 1405 747 Deo.
1437 689 1591 746 Unde
1618 700 1670 745 et
1687 692 1762 744 ait
1794 689 1959 744 :iNos
1983 705 2078 744 au-

505 813 609 855 tem
649 799 958 865 diligamus,
990 791 1115 862 quia
1150 790 1262 858 ipSe
1317 791 1466 857 prior
1508 786 1696 840 dilexit
1725 798 1824 838 nos
1853 782 1917 836 “.
1946 804 1965 835 ο
2052 842 2053 845 η

576 1063 765 1120 Docuit
799 1060 962 1132 igitur
1007 1073 1072 1112 ex
1110 1057 1176 1111 iis
1208 1070 1326 1124 qua:
1360 1053 1502 1107 dicta
1541 1047 1787 1113 sunt,Dei
1833 1044 2081 1102 dilectio.

502 1169 628 1209 nem
657 1154 762 1207 hoc
820 1158 1095 1220 praestare,
1147 1155 1206 1201 ut
1250 1160 1351 1199 nos
1406 1142 1574 1197 Deum
1629 1150 1792 1209 atque
1838 1137 2076 1192 invicem

502 1248 812 1317 diligamus,
845 1253 1007 1312 atque
1042 1244 1097 1294 in
1150 1255 1273 1295 cuin
1315 1236 1538 1292 modum
1592 1236 1644 1288 in
1690 1232 1801 1287 Deb
1853 1244 2077 1286 manea-

504 1357 648 1405 mus,
679 1349 733 1394 ct
767 1338 908 1392 Deus
933 1336 990 1389 in
1019 1334 1193 1388 nobis.
1228 1331 1283 1385 ld
1316 1345 1443 1384 vero
1489 1327 1690 1382 clarius
1734 1326 1788 1378 in
1842 1338 2076 1393 sequen-

505 1430 649 1484 tibus
671 1426 912 1497 exponit.
963 1422 1100 1480 Cum
1133 1422 1276 1475 enim
1321 1419 1573 1483 dixisset,
1625 1417 1793 1470 Deum
1841 1413 2079 1467 chariia-

508 1530 613 1575 tem
653 1532 797 1583 esse,
826 1516 1101 1585 subjungit
1148 1531 1162 1568 :
1203 1532 1225 1565 ι
1254 1511 1310 1566 ln
1378 1512 1481 1566 hoc
1524 1509 1905 1577 cognoscimus
1943 1517 2081 1573 quo-

506 1614 650 1671 niam
683 1611 738 1664 in
771 1624 837 1664 eo
861 1622 1163 1668 manemus,
1182 1613 1235 1659 et
1265 1605 1381 1675 ipse
1420 1602 1476 1656 in
1508 1600 1689 1666 nobis,
1717 1596 1977 1668 quoniam
2010 1595 2080 1649 de

507 1703 712 1773 Spiritu
743 1715 843 1755 suo
868 1698 1017 1755 dedit
1047 1698 1205 1753 nobis
1228 1697 1294 1750 ⁸ο.
1323 1714 1342 1748 i
1380 1694 1539 1763 igitur
1569 1692 1807 1762 Spiritus
1830 1697 2077 1748 sanctus,

504 1812 571 1850 ex
602 1811 710 1865 quo
767 1794 918 1848 dedit
954 1791 1132 1854 nobis,
1164 1788 1292 1844 facit
1333 1785 1469 1841 utin
1511 1783 1621 1839 Deo
1656 1791 1992 1844 maneamus,
2024 1783 2079 1830 et

2178 602 2461 671 ἀλλήλους.
2503 601 2794 655 Ἀδύνατον
2817 602 2924 670 γὰρ
2951 599 3042 652 τὸν
3068 596 3363 666 ἀγαπῶντα
3391 588 3484 648 τὸν
3514 595 3645 646 Θεὸν
3670 595 3749 663 μὴ

2178 696 2272 747 καὶ
2300 692 2389 744 τὸν
2423 692 2646 760 πλησίον
2670 693 2865 760 φιλεῖν.
2896 690 3105 743 Διὸκαὶ
3135 690 3342 754 ἔλεγεν,
3377 705 3395 738 ι
3438 686 3495 738 ’0
3519 686 3747 752 ἀγαπῶν

2178 787 2242 837 ἐκ
2278 784 2371 837 τοῦ
2402 785 2535 837 Θεοῦ
2569 786 2897 855 γεγέννηται
2923 799 2937 813 '
2999 801 3017 835 ν
3062 784 3158 851 τῆς
3202 782 3444 848 Ἀγάπης
3479 779 3747 847 δηλονότι,

2177 875 2244 945 ἢν
2271 875 2496 928 ὲκιΘεοῦ
2524 875 2655 928 Θεὸν
2689 875 2813 946 ἔφη.
2846 877 2956 929 Καὶ
2992 877 3179 944 φησὶν,
3221 891 3242 924 ι
3295 871 3486 941 Ἡμεῖς
3513 871 3571 923 δὲ
3606 872 3748 936 ἁγα-

2179 969 2397 1037 πῶμεν,
2428 969 2508 1020 ὅτι
2537 968 2700 1031 αὐτὸς
2733 968 2996 1038 πρότερον
3020 968 3307 1034 ἠγάπησεν
3343 964 3509 1033 ἡμᾶς.
3552 981 3571 1014 ι

2262 1061 2532 1128 Ἐδίδαξεν
2581 1059 2673 1116 οῦν
2709 1065 2773 1116 ἐκ
2819 1060 2927 1114 τῶν
2984 1059 3293 1130 εἰρημένων
3342 1058 3423 1110 ὅτι
3452 1059 3486 1124 ἡ
3530 1056 3749 1124 Ἀγάπη

2178 1154 2276 1209 τοῦ
2315 1153 2452 1208 Θεοῦ
2495 1156 2640 1208 ποιεῖ
2680 1155 2827 1225 ἡμᾶς
2858 1152 3021 1205 αὑτὸν
3050 1151 3140 1204 τὸν
3179 1150 3310 1203 Θεὸν
3361 1148 3456 1202 καὶ
3489 1147 3751 1216 ἀλλήλους

2179 1248 2423 1317 ἀγαπᾷν,
2460 1246 2557 1299 καὶ
2597 1245 2770 1309 οὕτως
2815 1248 2874 1299 ὲν
2906 1244 2982 1314 τῷ
3014 1243 3134 1313 Θεῷ
3171 1244 3352 1312 μένειν
3381 1244 3476 1294 καὶ
3507 1240 3666 1293 αὐτὸν
3692 1241 3750 1291 ὲν

2182 1336 2332 1403 ὑμῖν.
2360 1334 2532 1388 Τοῦτο
2563 1334 2620 1387 δὲ
2651 1333 2746 1387 καὶ
2784 1332 2988 1387 κατιὼν
3019 1331 3408 1403 καθαρώτερον
3436 1329 3749 1400 σαφηνίζει.

2178 1425 2596 1497 Είρηκὼςγάρ
2650 1425 2742 1477 τὸν
2806 1424 2942 1478 Θεὸν
2992 1425 3263 1496 Ἀγάπην,
3306 1428 3529 1493 επάγει,
3582 1442 3601 1475 ι
3662 1423 3753 1474 Ἐν

2177 1518 2355 1587 τούτῳ
2385 1516 2728 1588 γινώσκομεν
2754 1516 2839 1571 ὅτι
2882 1518 2940 1569 ὲν
2982 1515 3130 1587 αὺτῷ
3176 1516 3435 1587 μένομεν,
3469 1518 3564 1571 καὶ
3591 1516 3753 1578 αὐτὸς

2182 1611 2240 1662 ὲν
2265 1610 2416 1678 ἡμῖν,
2437 1610 2520 1662 ὅτι
2545 1612 2609 1663 ὲκ
2634 1609 2725 1663 τοῦ
2747 1607 3069 1678 Πνεῦματος
3091 1607 3255 1662 αὐτοῦ
3287 1609 3520 1662 δέδωκεν
3541 1610 3693 1678 ἡμῖν.
3728 1627 3748 1658 ι

2180 1700 2254 1753 Τὸ
2301 1699 2523 1771 Πνεῦμα
2570 1701 2750 1755 τοίνυν
2796 1702 2855 1754 τὸ
2908 1702 3087 1770 ᾰγιον,
3124 1702 3182 1769 ἐξ
3228 1695 3291 1757 οὗ
3331 1699 3560 1753 δέδωκεν
3596 1701 3751 1769 ἡμῖν,

2181 1794 2325 1846 ποιεῖ
2355 1794 2503 1862 ἡμᾶς
2532 1795 2588 1845 ὲν
2622 1793 2700 1864 τῷ
2730 1791 2848 1863 Θεῷ
2900 1792 3105 1863 μένειν,
3159 1793 3253 1845 καὶ
3303 1792 3464 1845 αὐτὸν
3501 1793 3558 1843 ὲν
3597 1792 3753 1860 ἡμῖν.

506 1888 704 1956 ipsein
744 1884 925 1940 nobis.
974 1880 1339 1948 Quamobrem
1376 1876 1521 1946 quod
1583 1874 1730 1944 prius
1776 1868 1909 1925 dixit
1949 1867 2080 1923 cha-

2190 1874 2349 1933 Ὠστε
2389 1879 2417 1932 δ
2446 1879 2710 1950 πρότερον
2743 1881 2842 1951 τῆς
2881 1880 3127 1952 ’Δγάπης
3154 1882 3312 1952 ἔργον
3364 1882 3569 1950 ἔφησεν
3589 1878 3754 1943 εἶναι,

506 1981 682 2036 ritatis
738 1991 875 2047 opus
936 1981 1169 2044 (nempe
1224 1978 1282 2024 ut
1351 1970 1407 2021 in
1466 1966 1575 2020 Deo
1634 1973 1969 2025 maneamus,
2013 1971 2078 2011 ac

507 2072 745 2128 vicissim
766 2068 906 2122 Deus
933 2067 986 2121 in
1009 2064 1210 2133 nobis),
1238 2063 1341 2115 hoc
1370 2073 1515 2113 nunc
1544 2065 1717 2112 sancti
1738 2052 1974 2122 Spiritus
1998 2049 2081 2103 di-

510 2166 610 2226 xit.
643 2165 782 2231 Ergo
821 2159 1059 2228 Spiritus
1085 2164 1307 2208 sanctus
1329 2159 1412 2204 est
1431 2147 1692 2211 charitas,
1727 2157 1888 2213 quam
1908 2142 2078 2196 Deum

509 2271 632 2311 esse
659 2264 714 2309 et
743 2269 810 2307 ex
842 2253 947 2304 Deo
976 2251 1203 2303 dixerat.
1234 2244 1351 2313 Ipse
1386 2240 1547 2311 igitur
1591 2237 1828 2308 Spiritus
1859 2240 2080 2288 sanctus

509 2345 864 2415 signiﬁcatur,
905 2338 996 2394 uiii
1028 2336 1276 2407 legimus,
1308 2351 1325 2385 ι
1355 2331 1497 2387 Deus
1527 2329 1768 2387 charitas
1793 2336 1898 2382 est.
1923 2343 1944 2378 ι

585 2614 722 2667 Deus
762 2606 925 2678 igitur
954 2602 1191 2673 Spiritus
1243 2606 1465 2653 sanctus
1496 2609 1562 2651 ex
1612 2593 1724 2649 Deo
1760 2589 2080 2663 procedens,

510 2723 634 2760 cum
672 2700 879 2757 homini
930 2697 1089 2752 datus
1116 2689 1458 2760 l'ueritldari
1483 2687 1628 2741 enim
1675 2698 1803 2740 eum
1834 2693 1892 2738 et
1940 2680 2083 2736 mitti

514 2811 678 2856 nemo
707 2803 797 2850 eat
824 2791 1054 2853 inlicias,
1090 2786 1305 2841 dicente
1356 2782 1624 2837 Domitio:
1659 2797 1682 2832 ι
1711 2776 1847 2833 Cum
1875 2783 2085 2830 venerit

513 2893 848 2952 l’aracletus,
878 2897 1038 2953 quem
1071 2894 1170 2950 ego
1203 2879 1411 2931 mittam
1430 2876 1472 2906 “
1496 2891 1514 2942 ;
1545 2892 1563 2925 ι
1583 2882 1658 2938 et,
1680 2870 1885 2937 iQuem
1909 2867 2086 2922 mittet

515 2986 669 3040 Pater
715 2981 769 3034 in
826 2975 1047 3033 nomine
1081 2987 1200 3026 ιι.εο
1225 2971 1267 3001 δ’
1289 2986 1338 3036 ς»
1369 2981 1518 3031 cum,
1555 2965 1824 3033 inquam,’
1849 2959 2087 3030 Spiritus

515 3071 722 3133 homini
746 3072 903 3124 datus
927 3065 1110 3129 fuerit,
1134 3073 1193 3117 ut
1222 3062 1371 3119 novit
1403 3059 1519 3127 ipse
1541 3056 1633 3126 qui
1667 3054 1853 3117 mittit,
1884 3063 1938 3106 et
1970 3050 2089 3120 ipse

515 3172 609 3236 qui
682 3163 933 3219 mittitur,
999 3153 1236 3222 Spiritus
1300 3161 1546 3208 sanctus,
1603 3144 1757 3210 «Qui
1820 3142 1909 3196 ubi
1976 3141 2089 3195 vult

2184 1972 2353 2041 (λέγω
2386 1972 2483 2040 τὴν
2521 1971 2614 2024 τοῦ
2651 1970 2789 2025 Θεοῦ
2831 1972 2926 2026 καὶ
2966 1971 3123 2040 ἡμῶν
3154 1973 3212 2025 ὲν
3239 1971 3498 2042 ἀλλήλοις
3540 1971 3753 2041 μονὴν),

2183 2063 2342 2117 τοῦτο
2369 2064 2465 2117 νῦν
2494 2064 2586 2117 τοῦ
2645 2065 2798 2130 ἁγίου
2849 2065 3166 2134 Πνεῦματος
3212 2060 3385 2119 εἶπεν.
3419 2063 3493 2118 Τὸ
3529 2062 3753 2132 Πνεῦμα

2185 2157 2293 2226 ἄρα
2327 2155 2385 2208 τὸ
2430 2156 2588 2224 ἅγιον
2644 2158 2793 2211 ἐστὶν
2832 2158 2867 2225 ὴ
2907 2157 3148 2227 Ἀγάπη,
3193 2157 3261 2229 ἢν
3305 2157 3440 2210 Θεὸν
3478 2151 3618 2209 εἶναι
3659 2159 3758 2210 καὶ

2188 2251 2253 2303 ἑκ
2299 2266 2393 2302 του
2433 2250 2568 2305 Θεοῦ
2622 2249 2866 2321 εἴρηκεν,
2917 2251 3013 2304 καὶ
3062 2246 3122 2315 ἑξ
3179 2245 3577 2316 ἦς’γεννᾶσθαι
3627 2248 3757 2310 τοὺς

2188 2341 2512 2410 ἀγαπῶντας
2561 2337 2737 2396 εἶπεν.
2776 2341 2918 2396 Αὐτὸ
2964 2341 3057 2396 οῦν
3105 2341 3166 2395 τὸ
3213 2339 3438 2409 Πνεῦμα
3486 2340 3546 2394 τὸ
3598 2339 3759 2409 ἅγιον

2187 2434 2464 2504 δηλοῦται,
2516 2433 2643 2488 ἔνθα
2678 2433 3150 2505 ἀναγινώσκομεν,
3187 2452 3206 2486 ι
3262 2435 3322 2487 '0
3358 2434 3491 2495 Θεὸς
3535 2432 3757 2501 ’Ᾱγάπη

2188 2526 2355 2580 ὲστίν.
2390 2546 2410 2577 i
2654 2531 2661 2537 '

2269 2618 2327 2673 '0
2358 2616 2491 2679 Θεὸς
2512 2618 2693 2695 τοίνυν
2714 2617 2775 2671 τὸ
2795 2617 3021 2687 Πνεῦμα
3037 2617 3097 2670 τὸ
3123 2616 3275 2684 ἅγιον
3301 2617 3360 2670 τὸ
3389 2615 3760 2685 ἐκπορευόμε-

2188 2728 2280 2766 νον
2307 2712 2370 2763 ὲκ
2398 2710 2489 2763 τοῦ
2514 2709 2673 2773 Θεοῦ,
2709 2709 2927 2762 ἐπειδὰν
2955 2708 3080 2778 δοθῇ
3117 2707 3193 2777 τῷ
3218 2705 3490 2779 ἀνθρώπῳ
3516 2706 3622 2773 (ὅτι
3648 2706 3761 2774 γάρ

2189 2801 2389 2856 δίδοται
2415 2800 2507 2856 καὶ
2535 2798 2946 2865 ἀποστέλλεται,
2967 2798 3143 2860 οὐδεὶς
3166 2798 3289 2849 ἅντε
3300 2798 3401 2865 ρετ,
3433 2796 3527 2849 τοῦ
3553 2795 3759 2865 Κυρίου

2191 2893 2461 2962 λέγοντος,
2528 2907 2549 2944 t
2612 2890 2783 2945 Ὅταν
2830 2888 2962 2961 ἔλθῃ
3014 2890 3044 2942 ὀ
3094 2887 3474 2959 Παράκλητος,
3534 2884 3592 2940 δν
3649 2884 3761 2952 ἐγὼ

2192 2962 2422 3055 πέμψωο
2457 3000 2481 3038 ν
2510 2982 2625 3048 καὶ,
2673 3001 2694 3035 ι
2733 2981 2831 3036 Ὃν
2850 2981 3054 3051 πέμψει
3085 2981 3112 3033 ὁ
3139 2978 3328 3050 Πατὴρ
3350 2981 3409 3031 ὲν
3433 2977 3512 3045 τῷ
3536 2978 3763 3048 ὀνόματί

2197 3093 2330 3147 μουο
2373 3096 2392 3129 ι
2426 3075 2585 3129 τοῦτο
2631 3074 2725 3129 οῦν
2771 3073 2994 3127 ἐπειδὰν
3044 3071 3121 3141 τῷ
3152 3068 3429 3141 ἀνθρώπῳ
3476 3070 3627 3140 δοθῇ,
3688 3068 3763 3129 ὡς

2195 3171 2358 3232 αὐτὸς
2389 3171 2417 3221 ὁ
2448 3166 2797 3222 ἀποστέλλων
2823 3162 2955 3230 οἶδε,
2985 3165 3082 3218 καὶ
3110 3164 3242 3216 αὐτὸ
3272 3161 3333 3215 τὸ
3359 3160 3763 3229 ἀποπαλλόμε-

513 3212 686 3328 έρὶται
706 3253 772 3318 ⁸³,
811 3269 831 3303 ι
866 3249 922 3301 in
953 3244 1045 3299 Dei
1079 3258 1143 3297 ac
1175 3241 1404 3311 proximi
1437 3237 1785 3293 dilectionem
1811 3232 2086 3288 hominem

2195 3212 2355 3232 *νυνι
2392 3212 2416 3221 ν
2448 3212 2788 3222 νην---σ-σ-νν-
2829 3212 2955 3230 ννντν
2989 3212 3081 3218 --νη
3113 3212 3236 3216 ντνν-
3285 3212 3328 3215 -ν
3363 3212 3492 3216 νν-ννν
3518 3212 3558 3214 ί-
3620 3212 3673 3229 ν.

2193 3278 2283 3314 νον
2316 3261 2473 3328 ἅγιον
2512 3258 2760 3327 Πνεῦμα,
2800 3258 2936 3326 ὅπερ
2978 3256 3112 3308 ὅπου
3150 3254 3297 3308 θέλει
3352 3254 3493 3317 πνεῖ,
3529 3252 3762 3304 ἀνάπτει

514 3323 797 3410 accendit;
832 3352 1067 3410 tuncque
1120 3350 1247 3389 vere
1279 3349 1347 3388 ex
1396 3333 1507 3386 Deo
1556 3329 1817 3393 nasciiur,
1863 3323 2092 3394 spiritali

513 3439 723 3494 scilicet
788 3428 1219 3502 regéneratioue,
1264 3423 1358 3494 qui
1415 3422 1689 3476 neminem
1749 3416 1948 3482 oderit,
1993 3428 2093 3470 nec

516 3533 714 3600 cogitet
743 3524 944 3580 malum
972 3521 1040 3576 δ”.
1070 3522 1244 3587 Atque
1278 3518 1331 3571 id
1360 3514 1506 3584 quod
1532 3512 1601 3567 ab
1655 3509 1862 3581 Spiritu
1910 3508 2092 3573 datur,

515 3624 759 3683 i'liaritas
799 3627 920 3672 est:
958 3612 1259 3675 «Charitas,
1310 3606 1481 3671 enim,
1529 3604 1706 3673 inquit
1777 3600 2093 3670 Apostolus,

517 3716 685 3771 el'l'iisa
714 3720 798 3766 est
824 3711 876 3763 in
896 3706 1153 3778 cordibus
1179 3700 1515 3768 nosti-imper
1541 3696 1800 3766 Spiritum
1826 3701 2096 3753 sanctum,

517 3809 609 3877 qui
658 3805 818 3860 datus
851 3812 931 3854 εει
963 3796 1205 3851 nobis“.
1234 3813 1254 3843 ι
1291 3791 1501 3846 idcirco
1540 3789 1725 3849 etiam,
1764 3796 1821 3839 ut
1877 3782 1951 3835 ait
1988 3783 2098 3834 Au-

519 3873 794 3968 gustinus,
840 3892 1107 3960 «Spiritus
1157 3896 1405 3951 sanctus,
1429 3880 1524 3936 Dei
1548 3880 1752 3933 donum
1798 3873 2099 3943 appellatur

518 3962 663 4059 (—cum
716 3987 788 4041 sit
846 3982 1010 4042 Deus)
1061 3988 1117 4034 et
1176 3974 1479 4038 charisma,
1528 3989 1548 4023 ι
1601 3969 1747 4039 quod
1807 3966 1970 4021 etiam
2024 3962 2102 4016 ait

522 4093 751 4151 magnus
793 4074 1049 4130 Basilius.
1103 4067 1342 4123 Gratiam
1401 4064 1546 4118 enim
1614 4059 1982 4131 perﬁcieutem
2046 4062 2102 4108 et

524 4150 843 4239 adoptionis
879 4162 1156 4218 charisma
1189 4166 1370 4222 vocat,
1396 4170 1460 4208 ac
1494 4152 1691 4207 futurae
1735 4150 2101 4204 arrhaboncm

522 4257 854 4318 hereditatis
885 4294 901 4310 .
934 4252 1168 4322 Cyrinus
1210 4261 1446 4319 quoque,
1471 4243 1588 4297 Filii
1631 4245 1833 4298 donum
1853 4240 2099 4295 vocavit:

527 4353 735 4419 «Quod
794 4348 980 4416 utique
1039 4347 1264 4405 donum,
1299 4340 1480 4409 inquit
1537 4336 1677 4390 idem
1739 4334 2101 4407 Augustinus,

522 4445 781 4515 quidnam
840 4437 987 4492 aliud
1030 4434 1249 4506 proprie
1280 4429 1633 4499 intelligatur,
1673 4440 1836 4496 quam
1886 4424 2103 4480 dilectio

2191 3358 2282 3410 τὸν
2304 3355 2586 3427 ἄνθρωπον
2617 3354 2697 3417 είς
2727 3352 2825 3423 τὴν
2847 3351 2942 3405 τοῦ
2967 3350 3103 3404 Θεοῦ
3133 3350 3354 3420 ἀγάπην
3377 3348 3471 3402 καὶ
3496 3345 3591 3400 τοῦ
3618 3345 3757 3414 πλη-

2196 3451 2308 3501 σίον
2333 3465 2346 3479 ·
2395 3448 2491 3500 καὶ
2529 3449 2647 3501 τότε
2680 3445 2896 3513 ἀληθῶς
2946 3446 3011 3497 ὲκ
3060 3442 3155 3501 τοῦ
3186 3442 3322 3495 Θεοῦ
3351 3441 3629 3510 γεννᾶται,
3661 3438 3762 3504 τὴν

2194 3540 2574 3610 πνευματικὴν
2612 3539 2973 3606 άναγέννησιν
2998 3535 3263 3606 δηλονότι,
3318 3533 3510 3587 οὐδένα
3567 3530 3762 3602 μισῶν,

2194 3624 2313 3687 οὐδε
2340 3632 2687 3702 λογιζόμενος
2721 3631 2781 3682 τὸ
2810 3631 3000 3683 κακόν.
3032 3629 3140 3682 Καὶ
3165 3628 3295 3681 αὐτὸ
3316 3626 3591 3696 διδόμενον
3616 3624 3764 3694 παρὰ

2195 3723 2289 3777 τοῦ
2342 3724 2660 3791 Πνεύματος
2711 3720 2903 3789 ἀγάπη
2940 3719 3088 3774 ἐστίν
3118 3735 3132 3751 ο
3174 3737 3192 3770 ι
3243 3716 3310 3770 Ἥ
3340 3717 3450 3785 γὰρ
3489 3716 3701 3784 ἀγάπη,
3741 3732 3766 3767 ι

2199 3816 2364 3885 φησὶν
2392 3816 2421 3868 δ
2460 3813 2809 3875 ’Λπόστολο;,
2849 3829 2870 3865 ι
2914 3810 3210 3881 ἐκκέχυται
3264 3813 3322 3862 ὲν
3373 3809 3497 3869 ταῖς
3521 3805 3767 3876 καρδίαις

2198 3910 2378 3982 ἡμῶν,
2407 3909 2494 3962 διὰ
2518 3906 2611 3961 τοῦ
2644 3905 2785 3960 Πνεύ
2797 3922 2965 3976 ματος
2992 3904 3152 3971 ἁγίου
3171 3901 3267 3955 τοῦ
3290 3898 3535 3961 δοθέντος
3556 3900 3703 3969 ἡμῖν.
3724 3916 3764 3982 ἰ

2200 3966 2312 4067 Ᾰὶδ,
2356 3966 2539 4063 καθώς
2593 4014 2760 4069 φησιν
2798 3966 3199 4065 Ἀὺγουστίνος,
3240 4010 3258 4045 t
3300 3992 3412 4045 Kal.
3456 3966 3629 4060 δῶρον
3673 3966 3770 4042 τδῦ

2201 4094 2336 4149 Θεοῦ
2376 4094 2644 4164 ὀρθότατα
2679 4090 2923 4145 καλεῖται
2960 4089 3020 4141 τὸ
3057 4088 3283 4152 Πνεῦμα
3329 4086 3391 4137 τὸ
3432 4084 3606 4148 ἅγιον,
3638 4080 3774 4143 Θεὸς

2200 4186 2261 4241 ὃν
2292 4188 2389 4240 καὶ
2417 4187 2660 4257 χάρισμα
2683 4198 2698 4214 ⁸
2744 4200 2763 4235 t
2811 4182 2838 4234 ὃ
2870 4182 2965 4235 καὶ
2996 4183 3024 4234 ὁ
3072 4179 3248 4248 μέγας
3301 4174 3580 4237 Βασίλειός
3614 4189 3774 4241 φησι,

2205 4280 2366 4350 χάριν
2417 4277 2525 4346 γάρ
2556 4272 2887 4330 τελειοποιὸν
2926 4272 3016 4327 καὶ
3050 4272 3298 4343 χάρισμα
3332 4267 3603 4328 υἱοθεσίας
3641 4261 3778 4317 αὐτό

2205 4386 2339 4439 φησι
2391 4370 2485 4423 καὶ
2534 4366 2832 4439 ἀρραϐῶνα
2881 4365 2983 4434 τῆς
3036 4362 3336 4435 μελλούσης
3388 4355 3775 4429 κληρονομίας.

2209 4464 2316 4517 Καὶ
2348 4461 2443 4514 τοῦ
2498 4458 2630 4512 Υίοῦ
2679 4457 2734 4510 δὲ
2786 4456 2995 4526 δωρεὰν
3027 4458 3053 4509 ὁ
3082 4455 3228 4517 θεῖος
3262 4451 3530 4523 Κύριλλος
3582 4443 3738 4500 εἶπεν
3764 4461 3775 4473 ·

524 4541 589 4592 ad
616 4536 784 4591 Deum
808 4532 1175 4593 adduceiis,ac
1201 4533 1354 4579 extra
1386 4536 1573 4592 quam,
1591 4519 1817 4590 quodvis
1843 4517 1989 4572 aliud
2009 4519 2086 4571 d0

2215 4576 2232 4607 ι
2273 4556 2339 4608 Ὃ
2390 4552 2454 4623 δὴ
2504 4552 2699 4622 δῶρον,
2741 4570 2759 4601 ι
2794 4552 2822 4603 ὁ
2856 4517 3019 4612 αὐτὸς
3073 4517 3440 4614 Αὑγουστίνος
3473 4540 3629 4610 φησὶ,
3671 4555 3689 4588 ι
3729 4536 3780 4586 τί

524 4645 654 4684 niiin
676 4644 738 4683 ac
763 4624 1033 4682 charisma
1054 4620 1278 4685 dixeris,
1299 4619 1365 4673 ad
1392 4614 1561 4670 Deum
1591 4629 1700 4669 non
1727 4609 1968 4668 adducit.
2002 4628 2022 4662 ι

594 4918 748 4984 Quod
783 4933 911 4972 vero
956 4915 1189 4987 Spiritus
1238 4923 1457 4968 sanctus
1496 4909 1749 4966 Charitas
1804 4918 1857 4964 et
1898 4908 2099 4964 donum

2212 4646 2333 4699 ποθ’
2357 4645 2548 4716 ἓτερον
2581 4642 2787 4713 κυρίως
2819 4640 3038 4710 νοητέον
3069 4638 3117 4689 εἰ
3151 4637 3227 4708 μὴ
3256 4637 3352 4704 τὴν
3398 4633 3648 4700 Ἀγάπην
3681 4627 3781 4697 τὴν

2211 4739 2347 4809 πρὸς
2400 4736 2534 4790 Θεὸν
2566 4733 2982 4807 προσάγουσαν,
3036 4730 3133 4784 καὶ
3163 4724 3234 4802 ἧς
3264 4727 3432 4798 χωρὶς
3469 4726 3575 4776 πᾶν
3601 4723 3783 4775 ὁτιοῦν

2201 4828 2347 4884 ’Θεοῦ
2379 4828 2628 4898 χάρισμα
2657 4825 2718 4877 οὐ
2752 4823 3020 4891 προσάγει
3057 4821 3192 4892 πρὸς
3226 4821 3317 4872 τὸν
3344 4817 3509 4880 Θεόν;
3548 4834 3566 4866 ο

2283 4917 2419 4987 Περὶ
2449 4916 2506 4969 δὲ
2549 4915 2641 4968 τοῦ
2666 4955 2681 4981 ,
2710 4914 2794 4967 ὅτι
2827 4914 3014 4981 ἀγάπη
3051 4913 3144 4965 καὶ
3173 4908 3346 4977 δῶρον
3390 4909 3483 4961 καὶ
3511 4902 3690 4975 δωρεά
3722 4902 3783 4954 τὸ

531 5025 840 5078 munusque
895 5009 1217 5078 appelletur,
1256 5007 1453 5059 multas
1490 5020 1551 5058 ex
1618 5002 1902 5072 Scriptura
1944 5000 2086 5055 aﬂerl

2212 5009 2438 5078 Πνεῦμα
2468 5008 2528 5060 τὸ
2559 5006 2714 5075 ἅγιον
2745 5004 3020 5069 καλεῖται,
3054 5003 3256 5064 πολλὰς
3288 5002 3471 5070 τίθησι
3504 4998 3653 5064 παρὰ
3681 4996 3781 5063 τῆς

529 5112 900 5164 auctoritates,
937 5116 1000 5154 ac
1030 5100 1243 5153 tandem
1272 5098 1349 5153 sic
1382 5098 1449 5151 ad
1481 5096 1703 5151 verbum
1731 5095 1915 5149 addit:
1949 5091 2086 5146 «Val-

2206 5098 2432 5171 Γραφῆς
2457 5096 2783 5168 μαρτυρίας,
2819 5096 2915 5148 καὶ
2947 5095 3096 5157 τέλος
3136 5092 3314 5163 ῥητῶς
3340 5090 3511 5151 οὕτως
3543 5086 3738 5153 ἐπάγει
3766 5103 3781 5114 ·

530 5200 596 5252 de
622 5197 842 5265 Iungunt
873 5207 1063 5248 omnes
1112 5205 1411 5244 recensere.
1450 5190 1715 5242 Praeterea
1766 5202 1912 5251 vero,
1954 5184 2081 5253 quid

2217 5212 2235 5245 ι
2292 5193 2506 5261 Σφόδρα
2558 5190 2767 5261 μακρὸν
2794 5187 3157 5256 ἀναλέγεσθαι
3195 5184 3399 5245 πάσας.
3460 5181 3569 5233 Καὶ
3608 5176 3789 5238 άλλως

533 5306 655 5344 nam
686 5289 853 5342 etiam
888 5284 955 5339 iis
987 5282 1156 5353 p0ssit
1187 5283 1454 5347 suilicere,
1485 5282 1686 5351 quibus
1713 5295 1775 5335 ea
1814 5292 1935 5349 quae
1965 5278 2086 5332 dixi

2210 5285 2266 5339 δὲ
2310 5284 2364 5338 τί
2416 5286 2535 5338 ποτ’
2589 5282 2654 5335 ἂν
2703 5281 3036 5352 ἁποχρήσειε
3082 5279 3194 5340 τοῖς
3252 5276 3396 5345 άπερ
3443 5273 3653 5342 ἔφημεν
3711 5270 3788 5338 μὴ

534 5398 657 5438 inus
686 5393 793 5435 non
849 5374 1162 5432 sufﬁciant?
1200 5395 1218 5425 ν
1260 5373 1390 5427 Illud
1445 5375 1726 5428 enimvero
1774 5371 1828 5425 lii
1880 5369 2083 5425 docenti

2211 5376 2573 5446 άποχρῶντας
2617 5393 2635 5426 i
2669 5371 2842 5426 Τοῦτό
2877 5387 2942 5440 γε
2984 5371 3091 5442 μὴν
3129 5368 3237 5440 χρὴ
3284 5368 3511 5427 τούτους
3553 5360 3821 5435 διδάξαι,Δ

532 5485 680 5542 sunt,
707 5484 766 5528 ut
791 5470 1056 5542 siquidem
1092 5469 1185 5522 Dei
1215 5468 1415 5522 donum
1443 5469 1551 5537 jain
1586 5467 1792 5521 dictum
1841 5463 2086 5535 Spirituu

2211 5469 2286 5534 ώς
2319 5469 2478 5523 ὁπότε
2513 5467 2689 5539 δῶρον
2719 5463 2853 5519 Θεοῦ
2906 5462 3013 5534 ’ήδη
3073 5461 3377 5531 συνορῶσιν
3432 5454 3686 5527 εἰρῆσθαι
3730 5453 3793 5503 τὸ

533 5581 784 5624 sanctum
824 5564 1151 5633 intelligunt,
1183 5575 1306 5614 cum
1336 5558 1558 5614 audient
1627 5558 1898 5629 iSpiritus
1931 5567 2086 5614 sanet

2216 5563 2443 5631 Πνεῦμα
2469 5562 2529 5612 τὸ
2560 5557 2736 5627 ἅγιον,
2768 5554 2989 5610 ἐπειδὰν
3020 5552 3262 5608 ἀκούωσι
3291 5551 3463 5621 δῶρον
3494 5546 3591 5602 τοῦ
3627 5546 3790 5613 ἁγίου

602 5771 647 5803 ³⁸
686 5768 864 5851 [Junii
904 5772 1061 5851 ινα.
1134 5770 1337 5851 "_ibid.
1365 5770 1450 5827 i9.
1527 5771 1570 5802 ⁶⁹
1602 5771 1733 5825 ibid.
1764 5770 1845 5825 15.
1923 5769 2083 5826 “Joa

2190 5785 2270 5836 xv,
2303 5766 2394 5823 $6.
2470 5768 2515 5801 ’δ’
2540 5765 2693 5823 Joan.
2719 5780 2829 5829 xiv,
2863 5764 2956 5819 26.
3030 5724 3255 5815 “310ml.
3301 5772 3379 5823 iii,
3411 5757 3464 5810 5.
3541 5756 3584 5788 ⁸⁸
3609 5753 3633 5810 l
3659 5752 3790 5808 Cor.

529 5853 655 5914 διε,
687 5840 744 5899 5.
817 5841 862 5871 "
903 5841 1059 5897 Rom.
1092 5858 1144 5908 ν,
1169 5841 1222 5897 5.
