4056 6266
402 317 518 380 5Βῖ
1691 328 2089 391 ΜΑΝΗΕΙΛΒ
2112 333 2415 393 CdLlCCrl’.
3557 343 3665 410 ﬁlii)

412 446 642 502 rumque
665 444 1006 503 nuncupatur
1036 454 1047 488 :
1081 435 1330 504 quodque
1388 435 1612 490 viriliter
1636 452 1699 490 ac
1758 438 1976 499 fortiter,

2091 444 2148 494 τὸ
2173 444 2439 515 ἀνδρείως
2468 446 2658 517 ἀνδρία
2678 464 2690 476 ⁸
2729 451 2824 503 καὶ
2862 452 2981 506 καθ’
3009 453 3134 508 ὅλου
3192 457 3251 510 τὸ
3308 458 3429 511 κατ’
3461 463 3665 532 ἀρετὴν

414 523 674 581 fortitudo
718 541 820 581 :ac
849 529 1165 590 universim,
1199 529 1394 590 virtus.
1429 543 1563 598 qua:
1597 529 1822 584 honeste
1847 529 1976 583 lium

2090 535 2281 605 ἀρετή.
2319 540 2476 594 Κατὰ
2504 542 2691 596 τοῦτον
2724 544 2903 599 τοίνυν
2927 546 3019 600 τὸν
3045 548 3243 617 τρόπον
3266 552 3359 603 καὶ
3390 554 3449 604 τὸ
3480 556 3664 620 σοφῶς

349 658 352 662 λ
411 633 589 686 exque
621 617 837 671 virtutis
876 618 1104 673 ratione.
1134 616 1443 672 Secundum
1478 617 1624 673 hunc
1658 619 1840 686 itaque
1868 636 1976 672 mo-

2092 626 2380 696 νοούμενον
2414 636 2576 699 σοφία
2600 635 2745 699 τινος
2778 637 3016 704 λέγεται.
3052 616 3216 693 Ὅθεν
3244 642 3274 694 ὁ
3342 616 3666 708 Ἀπόστολος

356 691 367 785 ξ
413 712 566 772 dum,
596 712 760 764 etiam
804 709 946 777 quod
1000 707 1279 777 sapienter
1327 708 1665 779 intelligitur,
1715 712 1975 778 sapientia

2095 691 2244 771 στὸν
2281 691 2515 787 Χριστὸν
2544 722 2678 777 Θεοῦ
2709 691 2911 795 ἐσφίαν
2967 691 3305 800 ὀνομάζεις»

359 797 365 829 ⁸
413 803 692 871 cujusdam
729 809 1088 869 nuncupatur.
1152 800 1398 871 Hincque
1419 801 1555 856 adeo
1614 801 1904 870 Apostolus
1964 819 1976 855 :

2089 804 2183 862 οὖν
2210 811 2304 863 ἐπὶ
2325 811 2462 865 Θεοῦ
2488 813 2749 882 λέγεσθαι
2781 819 3015 889 ἀνάγκη,
3063 797 3206 876 *καθὸ
3257 797 3453 881 ἑαυτὸν
3498 797 3664 894 γινώ-

420 894 725 948 «Christum
758 891 850 946 Dei
876 892 1241 962 Sapientiam»
1276 892 1600 962 appellat“',
1638 892 1972 963 Sapientiam

2090 916 2211 954 σκει
2235 917 2249 931 ⁸
2285 900 2403 953 ἀλλ’
2440 904 2566 957 ἐπεὶ
2601 906 2794 959 ἑαυτὸν
2820 908 2880 960 οὐ
2910 909 2978 962 δι’
3017 911 3207 982 ἐτέρου
3264 913 3443 977 εἴδους
3501 891 3664 984 γινώ-

415 999 595 1056 naque
625 987 676 1039 in
705 984 812 1039 Deo
844 984 1090 1038 dicamus
1112 999 1329 1040 necesse
1348 993 1454 1050 est,
1509 993 1781 1053 quatenus
1833 986 1976 1053 seip-

2088 1006 2229 1051 σκει.
2281 991 2416 1046 άλλὰ
2439 993 2528 1047 διὰ
2574 994 2744 1066 μόνης
2791 998 2894 1068 τῆς
2937 1000 3136 1054 ἑαυτοῦ
3158 1003 3368 1066 οὐσίας.
3402 1006 3504 1061 «Ὀ
3551 1010 3661 1078 γὰρ

415 1092 534 1130 sum
566 1075 869 1144 cognoscit,
902 1074 994 1128 sed
1028 1089 1124 1142 per
1154 1088 1309 1128 suam
1346 1074 1608 1135 duntaxat
1639 1075 1934 1129 essentiam
1961 1091 1973 1126 ι

2087 1078 2241 1144 Θεὸς,
2276 1099 2294 1131 ι
2332 1084 2516 1150 φησὶν,
2564 1102 2584 1135 ι
2619 1085 2784 1150 αὐτὸς
2806 1087 3001 1141 ἑαυτὸν
3034 1090 3296 1158 γινώσκει
3336 1098 3396 1146 ἐκ
3425 1094 3524 1166 τῆς
3558 1074 3663 1167 μα’.

419 1167 594 1223 cDeus
637 1167 806 1231 enim,
839 1166 1035 1237 inquit,
1068 1166 1181 1234 ipse
1204 1167 1413 1234 seipum
1444 1179 1509 1221 ex
1543 1168 1699 1219 beata
1729 1180 1827 1220 sua
1888 1180 1976 1220 cs-

2090 1173 2288 1243 καρίας
2317 1176 2506 1239 οὐσίας
2535 1177 2703 1231 αὐτοῦ
2733 1195 2749 1211 ο
2783 1198 2803 1232 ι
2832 1181 2933 1250 τὴν
2962 1181 3056 1234 τοῦ
3088 1183 3224 1236 Θεοῦ
3287 1184 3492 1251 Σοφίαν
3543 1166 3660 1253 ἕξιν

411 1261 585 1315 sentia
619 1259 953 1328 cognoscin
982 1258 1072 1311 Dei
1098 1255 1431 1327 Sapientiam
1459 1257 1698 1311 habitum
1729 1256 1976 1312 esseim-

2092 1259 2234 1317 εἶναι
2268 1266 2562 1321 ἀδύνατον*
2594 1263 2893 1325 ἀλλ”ἔστιν
2918 1273 2952 1341 ἡ
2982 1273 3143 1326 οὐσία
3166 1275 3353 1331 αὐτοῦ.
3394 1277 3529 1331 Οὐδὲ
3550 1281 3661 1349 γὰρ

413 1352 671 1420 possibile
704 1358 784 1406 est
813 1367 830 1416 ;
861 1351 952 1404 sed
985 1359 1068 1405 est
1088 1351 1211 1420 ejus
1241 1348 1497 1405 essentia.
1519 1348 1706 1418 Neque
1722 1350 1865 1404 enim
1886 1363 1976 1404 res

2087 1356 2460 1411 ἀνυπόστατόν
2498 1375 2553 1413 τι
2587 1358 2620 1428 ἢ
2672 1361 3022 1434 συμϐεϐηκὸς
3085 1364 3359 1437 ἐνδέχεται
3390 1370 3569 1438 λέγειν
3600 1374 3663 1426 ἐν
3762 1404 3765 1407 ι

414 1444 637 1511 patitur,
665 1441 871 1511 aliquid
906 1457 1013 1496 non
1040 1454 1166 1495 vere
1210 1441 1502 1506 exsisteus,
1553 1449 1648 1495 aut
1722 1440 1976 1496 accidens

2086 1445 2258 1516 αὐτῷ.
2289 1448 2461 1513 Αὐτὸς
2489 1449 2566 1516 δὲ,
2593 1452 2621 1504 ό
2648 1455 2746 1522 τῆς
2777 1453 2977 1533 Σοφίας
3003 1456 3177 1525 Λόγος
3200 1460 3258 1512 ὲν
3286 1458 3365 1530 τῷ
3384 1462 3508 1533 Θεῴ
3531 1465 3655 1517 συλ-

415 1537 469 1591 in
501 1535 610 1590 Deo
634 1535 762 1590 dici.
794 1533 976 1602 Ipsum
1000 1547 1159 1600 porro
1179 1532 1233 1587 in
1252 1533 1359 1586 Dco
1378 1540 1697 1601 conceptum
1735 1531 1934 1602 Sapien
1954 1559 1976 1572 -

2085 1536 2315 1607 ληφθεὶς
2344 1541 2653 1611 φανέρωσις
2706 1545 2791 1610 τίς
2825 1529 2951 1602 ἐστί
2994 1554 3093 1623 τῆς
3133 1555 3228 1609 τοῦ
3263 1529 3509 1621 νοοῦντος
3555 1561 3657 1613 Σο-

399 1630 503 1684 ἰἰω
532 1626 792 1691 Verbum,
828 1625 948 1696 ejus
975 1624 1068 1695 qui
1098 1622 1352 1695 intelligit
1417 1621 1709 1693 Sapientia:
1750 1620 1976 1678 manife-

2086 1627 2215 1696 φίας
2241 1646 2256 1661 ·
2286 1629 2478 1701 ὥσπερ
2506 1634 2600 1687 καὶ
2633 1635 2688 1688 αί
2713 1637 2770 1689 ἐν
2802 1638 2934 1709 ἡμῖν
2984 1620 3160 1697 πᾶσαι
3214 1644 3359 1711 ἕξεις
3413 1620 3502 1702 δια
3546 1651 3658 1703 τῶν

419 1722 583 1776 siatio
616 1717 832 1775 exsistit
853 1755 868 1781 ,
896 1717 973 1772 uti
1009 1732 1068 1772 se
1095 1730 1180 1772 res
1211 1716 1373 1771 habet
1394 1715 1447 1770 in
1469 1715 1651 1778 nobis,
1680 1714 1823 1784 apud
1843 1730 1976 1782 quos

2086 1718 2384 1790 ἐνεργειῶν
2408 1722 2792 1793 φανεροῦνται.
2816 1729 2908 1781 As!
2933 1730 3044 1802 γὰρ
3082 1732 3191 1786 ἀπὸ
3216 1736 3324 1788 τῶν
3353 1736 3476 1789 καθ’
3508 1739 3656 1806 ἡμᾶς

413 1814 629 1869 habitus
667 1823 854 1864 omnes
909 1806 1322 1864 manifestantur
1369 1823 1468 1878 per
1523 1815 1693 1862 artus.
1750 1806 1976 1863 Necesse

2089 1813 2465 1883 πραγμάτων,
2495 1813 2571 1879 ὡς
2598 1815 2665 1868 δι’
2695 1817 3110 1891 ὑποδειγμάτων
3131 1825 3409 1897 ἀμυδρῶν,
3443 1827 3539 1880 ἐπὶ
3561 1829 3655 1882 τὸν

408 1906 551 1959 enim
577 1912 660 1958 est
692 1910 751 1957 ut
776 1900 923 1957 velut
945 1915 1039 1968 per
1061 1900 1293 1955 obscura
1323 1902 1570 1970 quaedam
1600 1899 1872 1969 exempla,
1913 1915 1980 1954 ex

411 1995 666 2052 humanis
690 1993 854 2048 rebus
885 1992 951 2046 ad
985 1991 1153 2047 Deum
1198 1990 1590 2047 subvebamur.

476 2086 615 2153 Quia
675 2085 840 2155 igitur
882 2080 1150 2152 sapientia
1189 2081 1358 2135 etiam
1412 2079 1501 2134 lux
1546 2078 1878 2148 appellatur,
1926 2079 1979 2133 in

409 2186 669 2250 quatitum
697 2177 751 2231 in
783 2175 927 2230 clara
966 2172 1212 2229 scientiae
1237 2172 1553 2242 operatione
1586 2178 1825 2240 actnque
1853 2185 1983 2226 con-

411 2271 596 2336 sistit;
632 2269 772 2324 lucis
804 2281 933 2322 vero
966 2263 1365 2328 nianil‘estatio,
1412 2262 1535 2332 ejus
1570 2261 1829 2331 splendor
1872 2268 1979 2324 est,

411 2374 465 2420 et
493 2380 559 2420 cx
581 2364 669 2418 illa
701 2360 963 2432 procedit,
996 2358 1161 2414 etiam
1192 2357 1393 2425 divinat
1421 2356 1701 2427 sapientiae
1740 2355 1977 2412 Verbum

413 2456 806 2511 conrenienter
851 2452 992 2507 lucis
1041 2449 1297 2519 splendor
1351 2448 1664 2504 nominatur
1719 2447 1981 2518 quemad-

413 2548 637 2603 modum
690 2544 986 2615 Apostolus
1030 2543 1098 2598 de
1148 2542 1286 2597 Filio
1335 2541 1469 2597 dicit
1502 2557 1516 2593 :
1555 2557 1575 2592 ι
1616 2538 1874 2605 Quicum
1909 2538 1981 2594 sit

408 2637 669 2710 splendor
733 2634 917 2707 gloriae
946 2634 1012 2687 “.
1057 2653 1074 2685 ι
1142 2632 1297 2689 Unde
1345 2632 1511 2687 etiam
1564 2629 1756 2695 Filius,
1805 2628 1981 2684 Patris

406 2728 898 2787 manifesrationem
952 2725 1055 2781 sibi
1110 2726 1225 2795 ipse
1271 2723 1462 2779 tribuit
1498 2722 1684 2777 dicens
1737 2740 1751 2775 :
1814 2738 1832 2772 ι
1874 2718 1977 2774 Pa-

405 2835 509 2891 ter,
547 2819 887 2878 nianifestavi
922 2834 1119 2876 nomen
1148 2828 1299 2874 tuum
1331 2816 1646 2873 hominibus
1686 2813 1752 2869 ⁸⁸.
1791 2833 1809 2867 ι
1847 2816 1981 2880 Qua:

405 2914 572 2970 etiam
613 2915 664 2968 in
697 2920 1008 2968 creaturam
1049 2911 1188 2966 dona
1233 2921 1365 2965 sunt
1392 2925 1456 2965 ac
1494 2908 1706 2969 ciiecta,
1740 2906 1979 2961 inveniet

403 3009 530 3077 quis
569 3006 709 3061 Filio
759 3021 821 3058 ac
872 3004 1096 3073 Spiritui
1143 3011 1334 3057 sancto
1385 3019 1413 3056 ει
1459 3001 1644 3056 divina
1695 2999 1977 3068 Scriptura

2082 1902 2214 1955 θεὸν
2240 1904 2560 1973 ἀνάγεσθαι.

2163 2079 2319 2133 Ἐπεὶ
2353 2075 2448 2134 οῦν
2477 2082 2573 2136 καὶ
2626 2083 2742 2153 φῶς
2771 2084 2988 2155 λέγεται
3027 2088 3055 2159 ἡ
3104 2088 3300 2161 Σοφία,
3337 2092 3572 2148 καθόσον
3595 2098 3656 2152 ἐν

2080 2169 2301 2242 καθαρᾷ
2324 2170 2579 2240 γνώσεως
2604 2176 2859 2250 ἐνεργείᾳ
2889 2181 3205 2235 συνίσταται
3230 2199 3243 2214 ·
3280 2186 3315 2257 ὴ
3344 2185 3401 2239 δὲ
3423 2189 3518 2242 τοῦ
3542 2208 3660 2260 φω.

2079 2261 2170 2326 τὸς
2203 2265 2509 2334 φανέρωσις
2541 2266 2884 2337 ἀπαύγασμά
2906 2272 3056 2325 ἐστιν
3086 2274 3252 2328 αὐτοῦ
3284 2276 3380 2331 καὶ
3406 2279 3465 2346 ἐξ
3482 2281 3652 2335 αὑτοῦ

2084 2354 2322 2424 πρόεισι,
2345 2357 2439 2409 καὶ
2458 2358 2486 2411 ό
2506 2357 2605 2427 τῆς
2633 2357 2786 2424 θείας
2810 2361 3016 2432 Σοφίας
3042 2364 3216 2434 Λόγος
3237 2368 3456 2433 οἰκείως
3478 2371 3657 2426 ἀπαύ-

2079 2460 2274 2514 γασμα
2308 2447 2485 2513 φωτὸς
2516 2447 2864 2521 ὀνομάζεται,
2891 2453 3075 2519 καθὼς
3098 2458 3128 2510 ὁ
3168 2459 3493 2526 Ἀπόστολος
3525 2467 3656 2535 περὶ

2078 2535 2174 2590 τοῦ
2199 2537 2330 2591 Υῐοῦ
2384 2555 2572 2608 φησιν,
2615 2559 2636 2594 ι
2673 2544 2770 2606 Ὃς
2821 2543 2898 2597 ὢν
2918 2547 3262 2618 ἀπαύγασμα
3286 2551 3385 2622 τῆς
3416 2553 3592 2625 δόξης.
3629 2576 3648 2606 ο

2082 2629 2245 2682 Ὅθεν
2280 2630 2425 2709 καὶὸ
2467 2630 2594 2696 Υἱὸς
2624 2632 2718 2687 τοῦ
2754 2635 2967 2707 Πατρὸς
2996 2638 3098 2708 τὴν
3124 2641 3438 2712 φανέρωσιν
3471 2647 3652 2719 ἐαυτῷ

2079 2720 2397 2791 ἐπιγράφει,
2433 2720 2626 2791 λέγων,
2657 2743 2676 2776 ι
2710 2725 2911 2798 Πάτερ,
2935 2730 3254 2800 ὲφανέρωσά
3288 2751 3383 2787 σου
3406 2736 3464 2789 τὸ
3485 2738 3653 2809 ὄνομα

2078 2812 2192 2874 τοῖς
2243 2811 2577 2884 ἀνθρώποις.
2606 2831 2625 2866 ι
2665 2816 2777 2869 Καὶ
2806 2819 2873 2869 τὰ
2899 2819 3035 2891 πρὸς
3062 2822 3162 2894 τὴν
3202 2826 3380 2879 κτίσιν
3408 2827 3463 2881 δὲ
3503 2832 3653 2897 γινό-

2083 2920 2221 2973 μενα
2250 2904 2565 2977 χαρίσματα
2592 2906 2686 2959 καὶ
2715 2908 3139 2981 ἀποτελέσματα
3161 2916 3387 2986 εὑρήσει
3408 2937 3491 2985 τις
3522 2922 3655 2975 ἀνα.

2080 2995 2338 3065 τιθέμενα
2396 2997 2546 3067 παρὰ
2582 3000 2676 3064 τῆς
2708 2999 2930 3069 Γραφῆς
2977 3003 3054 3074 τῷ
3116 3006 3227 3077 Υίῷ
3279 3011 3373 3063 καὶ
3400 3013 3480 3081 τῷ
3513 3014 3650 3086 ἁγίῳ

404 3098 682 3165 adscribi;
730 3094 887 3151 alteri
932 3092 1174 3164 quidem,
1214 3107 1276 3147 ea
1329 3093 1538 3149 ratione
1583 3107 1687 3163 qua
1738 3089 1972 3145 Verbum

2082 3087 2356 3158 Πνεύματι
2377 3105 2389 3116 ·
2428 3090 2506 3157 τῷ
2536 3089 2635 3159 μὲν
2667 3091 2745 3159 ὠς
2763 3092 2947 3164 Λόγῳ,
2971 3096 3048 3165 τῷ
3079 3096 3135 3151 δὲ
3160 3097 3233 3163 ὡς
3271 3101 3507 3176 Ἀγάπῃ.

400 3201 526 3258 est;
553 3190 731 3259 alteri,
752 3204 857 3258 qua
892 3185 1117 3242 Dilectio
1156 3195 1210 3242 et
1238 3184 1490 3243 Charitas
1514 3185 1751 3242 exsistit.

477 3285 595 3336 Hoc
642 3282 923 3336 enimvero
963 3277 1312 3332 manifestum
1358 3287 1464 3339 est,
1516 3292 1612 3348 per
1649 3293 1712 3333 ea
1748 3295 1971 3336 munera

403 3389 526 3443 qua:
559 3371 877 3429 hominibus
898 3386 929 3426 a
961 3370 1071 3424 Deo
1099 3368 1556 3434 tribuuntur,hoc
1587 3384 1685 3425 nos
1706 3373 1970 3438 nancisci,

406 3475 469 3521 ut
506 3463 922 3523 similitudinem
962 3476 1088 3517 cum
1129 3476 1194 3516 eo
1230 3460 1498 3516 ineamus.
1534 3460 1645 3515 Illis
1674 3463 1819 3516 enim
1854 3479 1975 3533 prr-

403 3559 552 3623 l‘ccri,
578 3558 645 3615 ad
685 3558 881 3621 Deum,
917 3554 1013 3623 qui
1040 3552 1470 3624 perfectissimus
1494 3562 1599 3620 est,
1639 3555 1970 3613 accedimus.

401 3650 534 3716 Quae
569 3649 730 3719 igitur
760 3646 1044 3717 sapientiae
1072 3645 1343 3700 exsistunt
1372 3653 1424 3699 et
1452 3659 1575 3714 qua:
1613 3646 1876 3712 veritatis,
1909 3662 1975 3702 ac

400 3741 748 3811 petissinmm
784 3751 1144 3809 quaecumque
1169 3736 1290 3791 iidei
1326 3735 1534 3791 haerent
1565 3736 1891 3792 documenta
1921 3748 1976 3794 et

402 3831 914 3901 contemplationes,
939 3828 1359 3884 convenientius
1387 3829 1511 3898 quis
1529 3828 1583 3883 in
1617 3825 1711 3884 Dei
1740 3828 1972 3887 Verbum

401 3926 632 3996 ejusque
667 3921 1009 3993 Sapientiam.
1037 3918 1254 3976 referat.
1280 3919 1485 3976 Omnes
1508 3920 1656 3976 enim
1686 3922 1983 3979 hominum

283 4003 290 4009 ’
402 4031 684 4074 εει-ιιιοηιξε
718 4015 1091 4082 rationesque,
1114 4013 1400 4082 sapientiae
1436 4014 1567 4067 item
1600 4028 1664 4068 ac
1693 4015 1973 4080 veritates,

404 4108 562 4178 primi
610 4106 758 4160 illius
808 4103 1080 4158 sermonis
1110 4117 1174 4157 ac
1205 4103 1433 4157 rarionis
1483 4102 1756 4173 Verbique
1782 4115 1836 4160 et
1872 4105 1977 4160 Sa-

402 4196 622 4267 pientiae
661 4193 924 4263 imagines
960 4200 1111 4254 sunt,
1144 4191 1363 4260 ﬁxaque
1413 4190 1468 4244 in
1503 4192 1610 4246 Deo
1641 4192 1843 4248 habent
1876 4209 1974 4249 sua

399 4285 752 4357 exemplaria.
804 4283 953 4339 Unde
1003 4283 1167 4336 etiam
1219 4281 1498 4351 Scriptura
1538 4298 1721 4339 rerum
1768 4284 1973 4342 forma.

402 4383 607 4437 tionem
643 4392 709 4432 ac
737 4370 1143 4431 disrinctionem
1169 4372 1268 4428 Dei
1300 4372 1477 4429 Verbo
1512 4375 1723 4441 tribuit,
1746 4377 1977 4435 dicendo

2153 3264 2324 3319 Τοῦτο
2356 3264 2453 3335 μὲν
2486 3267 2596 3339 γὰρ
2628 3269 2810 3338 δῆλον,
2834 3272 2918 3326 ὅτι
2951 3273 3038 3327 διὰ
3054 3276 3168 3342 τῶν
3196 3278 3344 3348 παρὰ
3365 3278 3496 3333 Θεοῦ
3526 3283 3640 3345 τοῖς

2080 3357 2392 3429 ἀνθρώποις
2416 3359 2711 3432 διδομένων
2735 3364 2971 3436 χαρίτων
2995 3368 3026 3438 ἡ
3058 3369 3196 3439 πρὸς
3217 3373 3417 3426 ἐκεῖνον
3447 3375 3643 3443 όμοίω-

2084 3473 2168 3519 σις
2196 3459 2332 3527 ἡμῖν
2366 3459 2730 3528 περιγίνεται.
2755 3460 2995 3527 Ταύταις
3019 3468 3126 3537 γὰρ
3154 3467 3539 3540 τελειούμενοι,
3570 3471 3650 3543 τῷ

2079 3550 2406 3622 τελειοτάτῳ
2446 3551 2566 3620 Θεῷ
2594 3555 3049 3626 προσχωροῦμεν.
3075 3559 3155 3611 Τὰ
3190 3561 3289 3630 μὲν
3311 3558 3404 3616 οὖν
3430 3563 3527 3634 τῆς
3564 3582 3653 3617 σο-

2083 3639 2212 3706 φίας
2239 3639 2333 3693 καὶ
2362 3640 2641 3711 ἀληθείας,
2667 3643 2763 3696 καὶ
2789 3645 3027 3714 μάλιστα
3055 3648 3156 3703 ὅσα
3176 3649 3502 3721 θεογνωσίας
3536 3655 3653 3725 ἔχε-

2079 3745 2172 3784 ται
2193 3732 2549 3803 θεωρήματα,
2574 3737 2905 3806 οἰκειότερον
2935 3739 3001 3792 ἄν
3031 3758 3111 3803 τις
3146 3742 3239 3794 ἐπὶ
3271 3744 3362 3798 τὸν
3395 3746 3489 3799 τοῦ
3516 3749 3651 3803 Θεοῦ

2080 3823 2256 3893 Λόγον
2290 3828 2386 3879 καὶ
2414 3827 2515 3898 τὴν
2545 3828 2710 3883 αὑτοῦ
2734 3831 2938 3901 Σοφίαν
2972 3834 3187 3903 άνάγοι.
3220 3836 3326 3890 Τοῦ
3359 3839 3469 3909 γὰρ
3497 3840 3651 3908 πρὼο

2081 3931 2175 3969 του
2208 3917 2385 3987 Λόγου
2407 3919 2621 3991 καὶτῆς
2646 3922 2761 3975 ἐκεῖ
2789 3924 2989 3993 Σοφίας
3017 3928 3221 3992 πάντες
3243 3931 3293 3982 oi
3313 3930 3423 3985 τῶν
3443 3934 3653 4003 ἀνθρὼ-

2083 4026 2202 4062 πων
2226 4008 2395 4079 λόγοι,
2422 4013 2606 4081 σοφίαι
2636 4031 2696 4068 τε
2727 4017 2822 4068 καὶ
2858 4015 3133 4088 ἀλήθειαι,
3169 4021 3381 4087 είκόνες
3407 4025 3533 4087 sici,
3561 4028 3653 4079 καὶ

2083 4100 2201 4153 ἐκεῖ
2233 4101 2440 4155 τούτων
2468 4103 2678 4173 ἵδρυται
2700 4106 2759 4158 τὸ
2781 4107 3150 4179 παράδειγμα.
3181 4111 3273 4164 Διὸ
3289 4114 3385 4166 καὶ
3408 4115 3441 4184 ἡ
3465 4114 3654 4185 Γραφὴ

2083 4191 2183 4262 τὴν
2214 4193 2545 4265 είδοποίησιν
2595 4195 2703 4248 τῶν
2730 4195 2901 4250 ὄντων
2927 4199 3006 4270 τῷ
3037 4199 3134 4254 τοῦ
3166 4202 3301 4255 Θεοῦ
3330 4205 3488 4276 Λόγῳ
3520 4207 3654 4258 ἀνα-

2080 4283 2286 4355 τίθησι,
2324 4288 2500 4338 πάντα
2533 4286 2602 4340 δι’
2631 4288 2800 4345 αὐτοῦ
2830 4289 3064 4358 λέγουσα
3104 4293 3283 4362 σοφῶς
3312 4295 3650 4367 δημιουργη-

2086 4374 2266 4444 θῆναι.
2303 4375 2476 4429 Τοῦτο
2505 4377 2560 4429 δέ
2580 4378 2750 4441 ἐστιν,
2781 4380 2879 4451 οὐχ
2898 4380 2979 4435 ὅτι
3006 4383 3080 4454 μὴ
3119 4400 3138 4434 ι
3164 4384 3276 4437 Πᾶν
3308 4385 3538 4459 δώρημα
3570 4390 3657 4441 τέ·-

400 4477 598 4524 cuncta
632 4480 726 4535 per
756 4465 930 4533 ipsum
962 4461 1235 4532 sapienter
1263 4462 1480 4518 condita
1515 4478 1641 4520 esse
1667 4467 1734 4521 “.
1758 4466 1818 4524 Id
1849 4484 1976 4524 vero

2081 4465 2224 4520 λειον
2273 4467 2477 4522 ἄνωθέν
2529 4471 2669 4533 ἐστι,
2701 4472 3033 4527 καταϐαῖνον
3080 4475 3145 4528 ἐκ
3174 4475 3271 4529 τοῦ
3303 4477 3511 4546 Harpe;
3546 4478 3657 4532 τῶν

402 4569 507 4623 est,
542 4575 648 4611 nun
682 4556 811 4626 quin
845 4573 863 4606 ι
891 4554 1064 4610 Omne
1086 4555 1290 4611 donum
1316 4555 1615 4627 perfectum
1647 4559 1711 4613 de
1727 4562 1980 4631 supernis

404 4652 496 4713 sit,
516 4650 854 4705 descendens
894 4661 925 4702 a
946 4644 1107 4702 Patre
1144 4645 1415 4702 luminum
1435 4648 1482 4681 “
1507 4665 1525 4700 ι
1566 4649 1796 4720 (omnia,
1832 4652 1977 4708 cnim

405 4743 548 4797 illius
586 4756 679 4811 per
712 4739 947 4795 Verbum
976 4747 1031 4793 et
1068 4738 1123 4793 in
1162 4739 1366 4809 Spiritu
1398 4739 1572 4811 sunt),
1604 4742 1699 4797 sed
1723 4747 1866 4812 quod
1895 4744 1981 4800 di-

404 4848 555 4888 versa
596 4834 863 4888 donorum
890 4846 1114 4901 genera,
1142 4830 1401 4903 majorem
1443 4834 1717 4903 quandam
1746 4836 1980 4893 atlinita—

402 4935 510 4981 tem
555 4941 678 4980 cum
729 4925 960 4979 diversis
1016 4939 1373 4995 personarum
1415 4926 1842 4996 proprietatibus
1892 4928 1975 4982 vi-

402 5020 604 5072 dentur
623 5018 845 5071 habere.
884 5015 1095 5070 Etenim
1127 5016 1412 5086 sapientiae
1441 5033 1646 5087 sermo,
1672 5033 1785 5091 quo
1807 5020 1974 5076 Deum

406 5108 813 5178 cognoscimus,
847 5122 878 5161 a
935 5106 1046 5161 Deo
1090 5108 1248 5163 nobis
1291 5108 1653 5178 contraditur,
1684 5126 1808 5166 cum
1843 5126 1976 5182 pro-

403 5202 582 5270 prium
637 5197 709 5252 sit
766 5206 1172 5266 reprmsentans
1236 5197 1459 5254 Filium.
1520 5198 1788 5257 Similiter
1844 5217 1977 5257 vero

399 5292 567 5346 etiam
603 5289 867 5350 charitas,
912 5302 1022 5358 qua
1080 5287 1248 5343 Deum
1278 5290 1577 5360 diligimus,
1623 5295 1973 5363 peculiariter

399 5382 728 5453 proprieque
773 5388 1126 5449 repraeseth
1151 5379 1415 5449 Spiritum
1452 5392 1723 5439 sanctum.
1772 5385 1973 5455 Sicque

401 5474 538 5527 adeo
567 5485 689 5542 qna;-
719 5472 773 5526 in
802 5470 963 5527 nobis
990 5481 1074 5527 est
1105 5470 1366 5537 charitas,
1403 5487 1719 5544 quanquam
1749 5477 1971 5532 euectus

400 5570 486 5615 est
521 5560 699 5616 Patris
729 5571 785 5616 et
835 5558 957 5616 Filii
1008 5570 1063 5616 et
1104 5559 1341 5630 Spiritus
1387 5565 1583 5630 sancti,
1634 5568 1851 5636 propria
1888 5576 1969 5622 ta—

2085 4558 2280 4627 φώτων
2312 4576 2331 4611 ι
2376 4563 2393 4626 (
2417 4559 2592 4613 πάντα
2644 4561 2753 4632 γὰρ
2787 4563 2998 4617 ἐκείνου
3027 4564 3113 4619 διὰ
3146 4567 3319 4635 Λόγου
3353 4568 3448 4621 καὶ
3478 4570 3534 4620 ἐν
3577 4569 3659 4639 τῷ

2084 4648 2426 4720 Πνεύματι),
2484 4648 2601 4703 ἀλλ’
2650 4652 2735 4704 ὅτι
2764 4652 2832 4706 τὰ
2864 4652 2974 4707 τῶν
3024 4653 3242 4723 δωρεῶν
3260 4655 3494 4727 διάφορα
3537 4659 3656 4726 εἴδη

2082 4745 2197 4807 τοῖς
2232 4743 2516 4813 διαφόροις
2536 4742 2645 4798 τῶν
2684 4745 2994 4815 προσώπων
3019 4745 3303 4815 ίδιώμασιν
3324 4748 3658 4816 οίκειότερέν

2082 4851 2200 4897 πως
2232 4833 2378 4905 ἔχειν
2396 4834 2567 4889 δοκεῖ.
2608 4833 2669 4889 '0
2697 4836 2796 4906 μὲν
2818 4836 2928 4907 γάρ
2953 4836 3056 4906 τῆς
3086 4839 3279 4906 σοφίας
3299 4838 3475 4907 λόγος,
3506 4838 3574 4892 δι’
3593 4833 3657 4892 οὗ

2079 4926 2172 4981 τὸν
2205 4927 2338 4980 Θεὸν
2362 4927 2728 4998 γινώσκομεν,
2762 4930 2914 5001 παρὰ
2944 4929 3079 4985 Θεοῦ
3108 4931 3241 5002 ἡμῖν
3262 4930 3486 4994 δίδοται,
3527 4932 3658 4986 [ritur

2081 5018 2491 5089 παραστατικὺν
2523 5018 2582 5072 ὃν
2616 5019 2712 5073 τοῦ
2768 5021 2898 5075 Υίοῦ
2917 5038 2930 5050 ο
2953 5022 3154 5093 ὁμοίως
3178 5022 3235 5077 δὲ
3264 5026 3360 5076 καὶ
3390 5026 3423 5093 ἡ
3441 5023 3656 5091 ἀγάπη,

2080 5105 2113 5183 ᾖ
2144 5110 2234 5164 τὸν
2267 5108 2400 5163 Θεὶον
2446 5110 2772 5181 ἀγαπῶμεν,
2801 5112 2946 5176 ίδίως
2970 5115 3090 5166 ἐστὶ
3111 5117 3526 5183 παραστατικὸν
3557 5117 3654 5169 τοῦ

2079 5201 2237 5268 ἁγίου
2296 5201 2634 5271 Πνεύματος.
2687 5202 2876 5266 Οὕτως
2902 5205 2936 5275 ἡ
2969 5204 3030 5258 ἐν
3058 5205 3192 5275 ἡμῖν
3214 5205 3430 5277 ἀγάπη,
3462 5210 3510 5260 εί
3559 5208 3656 5260 καὶ

2079 5293 2429 5363 ἅποτέλεσμά
2474 5295 2592 5347 ἐστι
2639 5293 2734 5347 τοῦ
2771 5295 2983 5367 Πατρὸς
3028 5299 3120 5350 καὶ
3149 5297 3244 5350 τοῦ
3270 5298 3403 5351 Υίοῦ
3436 5300 3528 5352 καὶ
3558 5297 3657 5351 τοῦ

2083 5385 2242 5454 ἁγίου
2305 5385 2644 5455 Πνεύματος,
2697 5387 2851 5457 ὅμως
2904 5387 3059 5459 ίδικῷ
3089 5404 3199 5441 τινι
3248 5388 3391 5460 λόγῳ
3437 5389 3523 5442 διὰ
3550 5389 3656 5442 τοῦ
3763 5382 3791 5407 ’

2087 5477 2398 5546 Ιινεύματος
2419 5478 2575 5546 ἁγίου
2603 5476 2824 5545 λέγεται
2840 5478 2900 5543 ὲν
2930 5479 3064 5548 ἡμῖν
3086 5473 3251 5532 εἷναι.
3284 5478 3391 5532 Καὶ
3420 5477 3658 5533 καθόλου

2086 5570 2121 5638 ἡ
2159 5569 2265 5621 ἀπὸ
2302 5569 2409 5623 τῶν
2462 5568 2823 5653 χαρισμάτων
2860 5569 3175 5640 τελειότης,
3221 5570 3305 5622 ὅτι
3336 5570 3425 5625 διὰ
3451 5568 3660 5640 ταύτης

474 5739 545 5773 η’
583 5739 756 5794 lCor.
791 5754 832 5808 ι,
869 5740 962 5797 24.
1041 5741 1089 5775 ⁸³
1120 5738 1287 5835 Hebr.
1351 5758 1389 5809 ι,
1432 5742 1488 5797 5.
1567 5743 1789 5802 “Joan.
1823 5762 1951 5813 xvn,

2110 5750 2155 5783 "
2177 5748 2336 5816 Joan,
2370 5765 2409 5815 r,
2432 5750 2486 5804 3.
2562 5744 2747 5816 “Jac,
2772 5763 2814 5815 ι,
2842 5747 2928 5803 l7.
