4096 6292
374 359 474 425 5M
1367 374 1464 433 DE
1509 375 1930 440 PRINCIPIIS
1971 377 2175 439 FlDEl
2219 378 2692 440 ωτιιοωοε.
3521 372 3627 436 562
3709 318 3728 334 6

377 479 442 545 τῇ
485 472 607 545 θεία
667 475 962 548 τελειότητι
1015 479 1153 534 κατὰ
1208 481 1268 534 τὸ
1317 483 1542 538 δυνατὸν
1593 487 1994 557 ὁμοιούμεθα,,

2020 517 2029 552 ι
2063 507 2182 545 men
2224 508 2286 547 ac
2317 493 2576 560 peculiari
2619 493 2826 546 ratione
2860 491 2911 545 in
2955 491 3108 546 nobis
3147 503 3269 545 esse
3309 487 3510 542 dicitur
3544 491 3637 556 per

375 572 530 642 παρά
579 571 719 624 Θεοῦ
783 574 916 642 ἡμῖν
966 572 1207 626 δίδοσθαι
1250 575 1508 645 λέγεται·
1541 579 1731 648 ὥσπερ
1767 581 1963 648 σοφίαν

2061 584 2325 652 Spiritum
2362 595 2640 640 sanctum.
2694 581 3132 650 Universimque,
3165 595 3330 651 quam
3364 596 3427 633 ex
3475 578 3634 632 donis

378 666 512 733 ἡμῖν
540 665 568 718 ὁ
592 663 724 726 Θεὸς
764 665 1074 734 χαρίζεται,
1129 668 1361 722 καθόσον
1410 672 1479 741 τῇ
1545 671 1664 743 θεία
1699 673 1858 745 σοφίᾳ
1889 673 1964 738 ὡς

2061 675 2448 744 perfectionem
2480 676 2865 745 adipiscimur,
2897 674 3040 743 quod
3069 688 3161 740 per
3187 687 3332 732 eam,
3364 670 3543 739 quoad
3574 670 3639 721 li-
3672 691 3678 696 -

378 755 605 808 δυνατὶν
628 755 984 825 ὁμοιούμεθα.
1017 759 1127 810 Καὶ
1174 761 1402 829 Πνεῦμα
1431 761 1587 830 ἆγιον
1611 763 1850 818 δίδοσθαι
1881 765 1967 818 λέ-

2060 777 2164 832 cet,
2197 766 2394 822 divina:
2420 767 2744 836 perfectioni
2781 766 2989 820 similes
3015 765 3317 823 reddimur,
3344 777 3374 816 a
3409 762 3516 815 Deo
3543 778 3612 813 uo
3667 761 3673 778 ‘

381 861 562 910 γεται,
600 843 834 898 καθόσον
887 847 979 900 τδν
1027 849 1160 903 Θεὸν
1216 852 1562 920 ἀγαπῶντες,
1619 858 1686 924 τῇ
1750 857 1966 929 Ἀγάπῃ

2063 858 2144 912 bis
2185 858 2346 912 tribui
2381 859 2601 916 dicitur.
2636 856 3106 924 Quemadmodum
3163 854 3494 923 sapientiam
3543 869 3637 904 uo-

385 933 716 1004 ὁμοιούμεθα
751 936 862 1006 (τῷ
906 939 1050 1008 ἁγίῳ
1085 943 1364 1013 Ηνεύματι
1395 944 1676 1015 δηλονότι)
1698 946 1771 1017 ’.ὃ
1821 950 1962 1002 κατά

2071 949 2151 1004 bis
2210 950 2354 1005 Deus
2411 951 2625 1016 tribuit,
2673 951 2724 1004 in
2781 958 3045 1018 quantum
3092 947 3289 999 divinae
3331 943 3638 1012 Sapientia',

386 1025 477 1130 τὸν
527 1030 654 1130 τῇς.
680 1029 901 1104 ἀγάπης
963 1033 1178 1095 πρόεισι
1215 1035 1436 1105 τρόπον,
1534 1039 1560 1089 ὁ
1604 1037 1737 1102 Θεὸς
1767 1040 1961 1094 ἑαυτὸν

2067 1041 2245 1106 quoad
2279 1041 2398 1109 ejus
2428 1041 2544 1095 fieri
2579 1051 2774 1110 potest,
2815 1039 3022 1094 similes
3067 1036 3368 1091 reddimur.
3399 1033 3646 1100 Itemque

387 1121 600 1190 ἀγαπᾷ,
625 1121 700 1186 ὡς
731 1125 1096 1193 Αὐγουστῖνος
1117 1127 1309 1198 φησίν.

2071 1129 2329 1200 Spiritum
2378 1142 2626 1187 sanctum
2677 1132 2808 1187 dare
2863 1130 3086 1190 dicitur,
3131 1129 3184 1182 in
3229 1133 3491 1195 quantum
3528 1123 3650 1175 dili-

387 1214 562 1277 gendo
600 1216 788 1284 Deum,
817 1219 1092 1276 dilectioni
1125 1237 1220 1276 seu
1247 1220 1496 1276 charitati
1527 1221 1807 1292 (nimirum
1839 1221 2064 1293 Spiritui
2091 1224 2300 1295 sancto)
2330 1226 2539 1282 similes
2607 1226 2870 1280 eﬂicimur
2904 1243 2917 1279 :
2977 1225 3070 1294 qui
3128 1220 3384 1276 videlicet
3451 1231 3648 1272 secun-

386 1304 515 1358 dum
559 1308 870 1367 dilectionis
900 1313 1120 1368 modum
1167 1315 1414 1383 procedit
1449 1330 1555 1384 qua
1610 1313 1752 1370 Deus
1789 1315 1965 1386 diligit
2001 1317 2264 1388 seipsum,
2290 1328 2349 1373 ut
2372 1320 2711 1390 Augustinus
2743 1318 3004 1384 loquitur.

460 1398 640 1469 Ὂτεερ
672 1397 764 1454 οὖν
797 1403 1034 1473 εἴρηται,
1068 1406 1136 1458 τά
1168 1406 1267 1474 μὲν
1297 1405 1391 1459 τοῦ
1423 1407 1582 1474 λόγου
1625 1407 1718 1461 καὶ
1740 1407 1842 1474 τῆς
1872 1424 1965 1460 σου

2147 1406 2211 1463 Ut
2256 1409 2437 1479 itaque
2468 1410 2673 1466 dictum
2716 1419 2823 1469 est,
2857 1407 3085 1463 rationis
3129 1403 3390 1473 verbique
3431 1405 3568 1456 dona
3598 1413 3653 1455 et

390 1489 514 1556 φίας
540 1492 856 1560 χαρίσματα
883 1494 976 1546 ἐπὶ
1006 1495 1090 1547 τὸν
1117 1495 1333 1566 πρῶτον
1359 1497 1532 1563 Λόγον
1567 1497 1662 1551 καὶ
1682 1498 1780 1567 τὴν
1810 1497 1962 1551 θείαν

2071 1500 2368 1569 sapientiae,
2399 1501 2587 1571 prima:
2642 1501 2861 1566 rationi,
2897 1498 3188 1565 Verboque
3227 1509 3294 1549 ac
3323 1493 3524 1549 divinae
3553 1492 3651 1546 Sa-

391 1581 590 1647 Σοφίαν
610 1584 925 1638 ἀνενεκτέον
946 1601 957 1614 ·
991 1586 1060 1638 τὰ
1079 1586 1135 1638 δὲ
1167 1587 1270 1657 τῆς
1304 1589 1526 1658 ἀγάπης
1549 1588 1686 1659 ἔργα
1711 1589 1787 1660 τῷ
1822 1590 1964 1660 ἁγίῳ

2074 1591 2290 1661 pientiai
2342 1593 2662 1648 ascribenda
2703 1599 2834 1648 sunt
2891 1608 2905 1643 :
2951 1587 3260 1644 dilectionis
3311 1600 3439 1640 vero
3485 1599 3653 1654 opera

395 1673 674 1740 Πνεύματι
715 1677 1232 1746 ,προσαρμοζόμενα
1280 1679 1614 1734 δείκνυνται.
1668 1680 1876 1733 Αὐτίκα
1905 1681 1967 1733 τί)

2075 1692 2130 1737 et
2156 1683 2458 1750 charitatis,
2501 1683 2729 1755 Spiritui
2764 1691 2956 1737 sancto
3010 1679 3258 1748 adaptari
3312 1687 3647 1741 noscuntur.

390 1761 482 1811 τὸν
511 1760 642 1812 Θείαν
671 1762 892 1832 ἀγαπᾷν
913 1765 1133 1818 πάντων
1157 1765 1267 1819 τῶν
1298 1767 1674 1839 θείωνεδώρων
1701 1773 1725 1823 ὁ
1757 1770 1970 1832 Παῦλος

2081 1771 2321 1842 Denique
2380 1771 2579 1828 Paulus
2640 1771 2732 1828 Dei
2785 1769 3075 1825 dilectione
3101 1787 3129 1818 ιι
3189 1767 3348 1822 donis
3393 1765 3654 1834 omnibus

396 1855 706 1925 προτίθησι.
748 1875 767 1908 ι
808 1854 890 1909 Τά
942 1857 1043 1927 μὲν
1086 1858 1194 1928 γάρ
1229 1859 1381 1925 ἄλλα,
1424 1881 1442 1913 ι
1500 1862 1722 1929 φάσκει,
1764 1881 1782 1914 ι
1813 1863 1970 1937 ,ἐστιν
2004 1882 2013 1940 ]

2037 1864 2382 1939 ιαηιεροηὶι.
2446 1883 2465 1914 ι
2533 1861 2783 1932 Reliqua,
2843 1860 3013 1922 enim,
3074 1859 3270 1926 inquit,
3323 1858 3654 1928 quandoque

396 1944 482 1995 ὅτε
520 1947 1034 2017 καταργηθήσονται
1060 1966 1074 1980 ο
1101 1951 1133 2019 ἡ
1164 1951 1348 2020 ἀγάπη
1377 1951 1454 2014 δὲ,
1495 1969 1514 2002 ι
1546 1953 1730 2021 φησὶν,
1765 1971 1783 2004 ι
1825 1953 1977 2006 οὐδὲ·

2075 1953 2492 2008 evacuabuntur
2529 1970 2541 2006 :
2580 1963 2633 2007 at
2662 1951 2948 2014 Charitas,
2990 1948 3188 2018 inquit,
3243 1961 3520 2017 nunquam
3554 1962 3653 1998 ex-

400 2052 527 2088 ποτε
568 2038 824 2092 ἐκπίπτει
861 2056 873 2069 ·
907 2060 925 2093 ι
967 2041 1060 2094 καὶ
1088 2042 1153 2113 ἥν
1173 2043 1298 2105 τοὺς
1326 2043 1400 2112 μὴ
1429 2045 1797 2114 κεκτημένους
1822 2083 1836 2104 .
1875 2045 1976 2098 κᾶν

2075 2045 2207 2098 cidit
2259 2045 2326 2099 θτ.
2387 2063 2404 2094 ι
2456 2045 2532 2098 Ac
2579 2043 2669 2112 qui
2712 2057 2831 2096 eam
2876 2057 2980 2095 nou
3033 2040 3268 2108 adeptus
3301 2029 3403 2102 'sit,
3439 2035 3657 2090 etiamsi

393 2131 516 2190 ταῖς
539 2128 645 2182 τῶν
679 2132 930 2199 ἀγγέλων
953 2135 1049 2186 καὶ
1094 2134 1204 2186 τῶν
1236 2134 1543 2203 ἀνθρώπων
1577 2134 1848 2204 γλώσσαις
1883 2138 1977 2190 λα-

2077 2137 2275 2207 Iiuguis
2331 2136 2650 2205 angelorum
2693 2135 2955 2205 loquatur
2999 2143 3052 2188 et
3116 2132 3424 2194 hominum,
3483 2129 3656 2182 factus

397 2219 582 2284 λῶσιν,
637 2223 838 2291 χαλκὸν
887 2227 918 2295 ἢ
987 2224 1270 2295 κύμϐαλον
1327 2227 1596 2292 ἀλαλάζον
1629 2223 1769 2280 εἶναι
1819 2228 1972 2300 φησί.

2076 2236 2160 2284 est
2188 2228 2330 2282 velut
2373 2242 2448 2282 aes
2480 2236 2573 2281 aut
2612 2224 2922 2295 cymbalqu
2963 2223 3229 2278 tinniens.
3275 2219 3451 2288 Hujus
3479 2218 3558 2272 sic
3589 2217 3658 2270 il-

401 2309 618 2382 Τῖύτης
649 2315 830 2367 τοίνυν
864 2315 963 2381 τῆς
996 2315 1138 2369 οὕτω
1182 2313 1518 2384 περιφανοῦς
1551 2314 1758 2385 δωρεᾶς
1809 2315 1978 2384 μόνην

2078 2323 2265 2378 lustris
2313 2323 2464 2383 doni,
2515 2319 2662 2374 nulla
2712 2318 2818 2372 alia
2869 2315 3262 2372 convenienter
3299 2327 3468 2368 causa
3515 2309 3656 2365 assi—

401 2403 640 2471 εὐλὸγως
683 2405 779 2476 τὴν
844 2407 996 2458 θείαν
1043 2406 1293 2475 Ἀγὰπην
1325 2406 1621 2469 αἰτιατέον,
1667 2404 1759 2474 ἀφ’
1809 2398 1878 2475 ἧς
1923 2406 1975 2458 αί

2081 2415 2290 2485 gnanda
2322 2422 2426 2476 est,
2461 2427 2622 2481 qua'u
2655 2410 2840 2466 divina
2873 2407 3096 2464 dilectio
3138 2419 3203 2460 ac
3250 2404 3515 2463 charitas.
3549 2414 3657 2470 qua

404 2495 574 2563 ψυχαὶ
613 2496 748 2564 πρὸς
809 2497 900 2548 τὸν
957 2497 1095 2549 θεῖον
1144 2495 1470 2560 ὲξάπτονται
1531 2495 1731 2566 ἔρωτα.
1770 2495 1847 2546 Td:
1874 2493 1978 2563 γὰρ

2080 2506 2246 2559 animi
2279 2506 2331 2558 in
2360 2504 2603 2557 divinum
2638 2516 2879 2556 amorem
2911 2498 3309 2555 accenduntur.
3344 2494 3479 2560 Quae
3506 2493 3651 2548 enim

407 2587 545 2653 μετά
589 2587 681 2638 τὸν
711 2587 926 2657 πρῶτον
978 2588 1132 2658 παρά
1162 2587 1255 2640 τοῦ
1309 2586 1546 2658 πρώτου,
1579 2585 1717 2638 ὥστε
1743 2586 1838 2638 καὶ
1872 2586 1980 2636 πᾶν

2081 2611 2197 2667 pOSt
2229 2597 2462 2666 primum
2495 2601 2644 2657 sunt,
2669 2607 2699 2647 a
2729 2593 2904 2660 primo
2926 2599 3072 2645 sunt.
3105 2587 3475 2654 Quamobrem
3497 2585 3661 2638 etiam

404 2679 528 2730 ὅσον
560 2680 624 2731 ἂν
773 2679 903 2749 παρ’
954 2683 1083 2748 ἡμῖν
1133 2680 1283 2742 θείας
1342 2679 1584 2746 ἀγάπης,
1622 2680 1720 2746 τῆς
1756 2676 1980 2745 πρώτης

2084 2685 2341 2756 quiequid
2414 2687 2467 2738 in
2540 2683 2700 2738 nobis
2750 2681 2946 2736 divinae
2997 2680 3286 2736 charitatis
3322 2687 3427 2740 est,
3476 2675 3665 2744 prima;

418 2764 663 2838 Ἀγάπης
687 2769 912 2831 εἰκότως
947 2769 1106 2836 ἔργον
1129 2766 1267 2822 εἶναι
1293 2767 1621 2823 πιστεύοιτο.
1663 2766 1826 2822 Ἀλλὰ
1856 2767 1985 2820 ταύ-

2088 2778 2279 2832 merito
2308 2775 2602 2831 Charitatis
2644 2789 2781 2843 epus
2807 2787 2928 2828 esse
2971 2771 3247 2826 credatur.
3279 2761 3511 2829 Verum,
3541 2779 3665 2835 quae

411 2875 511 2926 την
543 2861 638 2928 τὴν
671 2858 743 2928 τῷ
767 2860 887 2927 Θεῷ
916 2862 1040 2922 τοὺς
1089 2859 1410 2928 ἀνθρώπους
1445 2859 1774 2912 συνδέουσαν
1820 2861 1982 2930 χάριν

2089 2868 2171 2924 sic
2199 2867 2308 2921 Deo
2343 2867 2592 2921 homines
2629 2866 2942 2934 conjungat,
2988 2861 3219 2930 gratiam
3254 2861 3415 2921 hanc,
3462 2857 3665 2911 Paulus

412 2949 441 2999 ὁ
467 2948 669 3011 Παῦλος
697 2949 772 3018 τῷ
796 2950 935 3020 ἁγίῳ
960 2950 1237 3020 Πνεύματι
1258 2949 1619 3003 ἀποδέδωκεν.
1657 2969 1675 3002 ι
1711 2950 1772 3003 Ἦ
1798 2952 1983 3022 ἀγάπη

2090 2959 2274 3015 tribuit
2301 2959 2520 3030 Spiritui
2545 2965 2734 3012 sancto
2762 2972 2777 3019 ;
2831 2973 2848 3006 ι
2880 2954 3119 3010 charitas
3143 2951 3288 3006 enim
3313 2949 3435 3013 Dei,
3465 2949 3663 3018 inquit,

415 3041 544 3108 γὰρ,
582 3059 598 3091 ι
638 3045 790 3109 φησί,
828 3061 846 3093 ι
885 3041 978 3094 τοῦ
1012 3043 1147 3095 Θεοῦ
1178 3043 1468 3111 ἐκκέχυται
1495 3045 1553 3094 ὲν
1584 3044 1702 3106 ταῖς
1739 3043 1984 3112 καρδίαις

2087 3053 2260 3109 effusa
2291 3051 2455 3106 estin
2481 3049 2740 3106 cordibus
2771 3048 2979 3103 nostris
3015 3046 3077 3101 ⁸⁸.
3117 3064 3135 3096 ι
3196 3043 3445 3112 Cumque
3479 3041 3667 3094 liceret

415 3132 591 3198 ἡμῶν.
630 3152 648 3184 ι
697 3133 806 3186 Καὶ
833 3133 1129 3199 δυνάμενος
1157 3134 1288 3204 ὃλην
1312 3135 1410 3204 τὴν
1434 3133 1662 3205 θεότητα
1689 3134 1784 3206 τῆς
1815 3134 1982 3203 ἀφθοο

2089 3155 2252 3202 totam
2290 3145 2548 3200 Deitatem
2583 3141 2809 3212 hujusce
2843 3138 3231 3193 munificentia:
3258 3143 3545 3190 auctorem
3580 3131 3664 3186 di-

414 3222 529 3284 viz;
579 3223 783 3295 ταύτης
816 3225 997 3277 αἰτίαν
1033 3227 1228 3291 εἰπεῖν,
1267 3225 1557 3297 ίδιαίτερόν
1595 3242 1712 3289 πως
1737 3225 1814 3296 τῷ
1845 3227 1984 3298 ἀγίῳ
2013 3225 2031 3282 1

2049 3225 2056 3279 ἶ
2092 3253 2234 3304 cere,
2267 3235 2599 3308 peculiarius
2624 3233 3032 3304 quodammodo
3063 3244 3186 3285 eam
3222 3228 3413 3283 tribuit
3438 3224 3666 3294 Spiritui

417 3312 694 3382 Πλεύματι
740 3315 947 3386 ταύτην
979 3319 1266 3385 ἀπένειμε,
1318 3318 1598 3388 προσθεὶς,
1640 3335 1660 3369 ι
1699 3317 1788 3371 διὰ
1812 3319 1986 3372 Πνεῦ-

2091 3340 2302 3393 saocto,
2339 3327 2630 3382 addendo:
2669 3345 2686 3377 ι
2711 3326 2811 3380 Per
2836 3322 3104 3393 Spiritum
3145 3328 3422 3380 sanctum,
3445 3318 3538 3384 qui
3570 3315 3667 3367 da-

421 3423 589 3474 ματος
622 3408 779 3475 ἀγίου
813 3407 908 3461 τοῦ
938 3409 1181 3472 δοθέντος
1211 3411 1363 3480 ἡμῖν,
1394 3411 1487 3462 ἐπὶ
1509 3409 1606 3479 τὴν
1631 3409 1783 3462 θείαν
1823 3410 1988 3477 Ἀγά-

2092 3431 2180 3477 tus
2210 3429 2292 3475 est
2328 3419 2504 3474 nobis.
2549 3437 2567 3469 ι
2607 3416 2811 3484 Nempe
2852 3416 2918 3468 ad
2967 3413 3208 3467 divinam
3246 3411 3573 3464 charitatem
3613 3417 3672 3460 ut

419 3515 526 3569 πην
557 3499 630 3562 ὼς
661 3501 884 3570 πρώτην
909 3501 1006 3553 καὶ
1033 3502 1232 3562 αἰτίαν,
1259 3503 1357 3572 τὴν
1387 3503 1515 3571 παρ’
1540 3503 1672 3570 ἡμῖν
1701 3501 1991 3571 ἀναφέρων

2093 3515 2322 3582 primam
2363 3525 2425 3563 ac
2454 3519 2728 3563 auctorem
2763 3504 3029 3565 referens,
3064 3517 3186 3571 quae
3218 3501 3271 3553 in
3309 3500 3468 3554 nobis
3497 3499 3672 3552 chari-

420 3593 663 3661 ἀγάπην,
695 3595 768 3660 ᾕν
795 3593 984 3663 εἴρηκε
1009 3593 1096 3646 διὰ
1135 3592 1227 3646 τοῦ
1257 3593 1574 3663 Πνεῦματος
1602 3594 1953 3663 ὲκκεχύσθαι.

1877 3611 1953 3647 αι·
2095 3617 2177 3661 tas
2201 3613 2304 3666 est,
2333 3619 2496 3672 quam
2528 3617 2622 3671 per
2653 3601 2911 3668 Spiritum
2941 3599 3075 3652 dixit
3098 3595 3325 3650 effusam
3350 3609 3494 3649 esse.

503 3683 662 3736 Ἄ).λά
687 3685 777 3737 καὶ
803 3686 900 3753 τὴν
924 3685 1195 3753 ἐνοίκησιν
1217 3683 1307 3738 τοῦ
1331 3683 1488 3748 Θεοῦ,
1521 3683 1613 3737 καὶ
1639 3683 1805 3753 αὐτὴν
1837 3684 1992 3754 ήμῶν

2167 3695 2271 3750 Sed
2302 3704 2355 3748 et
2375 3693 2516 3762 quod
2552 3692 2694 3746 Deus
2729 3690 2781 3743 in
2818 3689 2974 3743 nobis
3003 3688 3233 3746 habitet.
3262 3701 3472 3755 nosque
3502 3686 3556 3738 in
3584 3684 3679 3738 illo

419 3777 477 3825 ἐν
518 3773 734 3842 ἐκείνῳ,
765 3773 793 3826 δ
820 3775 885 3845 δὴ
921 3774 1179 3843 μέγιστον
1211 3773 1310 3844 τῆς
1345 3773 1691 3843 ἀνθρωπίνης
1722 3775 1991 3845 μακαριό-

2099 3787 2240 3857 (qua:
2274 3786 2511 3840 maxima
2559 3792 2642 3838 est
2695 3780 2933 3835 hominis
2988 3778 3243 3846 felicitas)
3295 3778 3453 3846 cujus
3493 3776 3675 3844 potius

422 3885 607 3938 τητος,
637 3869 780 3931 τίνος
809 3867 874 3922 ἄν
903 3883 986 3930 τις
1019 3867 1272 3938 μᾶλλονῆ
1306 3867 1406 3936 τῆς
1435 3867 1656 3937 ἀγάπης
1703 3867 1862 3938 ἔργον
1887 3867 1960 3936 φή
1979 3897 1994 3908 ’

2101 3892 2263 3946 quam
2293 3873 2604 3930 dilectionis
2633 3886 2696 3927 ac
2726 3872 3012 3926 charitatis
3045 3884 3183 3934 opus
3222 3883 3346 3922 esse
3403 3867 3673 3925 dicaums.

426 3978 573 4014 σειεν
609 3955 770 4025 εἶναι,
793 3954 861 4032 ἧς
893 3961 1040 4013 ἐστιν
1067 3959 1320 4032 ἀλλήλοις
1351 3959 1636 4024 ὲνοικίζειν
1665 3963 1792 4024 τοὺς
1830 3959 1996 4029 ἀλλήο

2099 3969 2258 4038 cujus
2291 3976 2394 4031 est,
2426 3976 2482 4019 ut
2512 3979 2607 4018 eos
2636 3964 2729 4033 qui
2761 3970 2970 4025 amant,
3019 3961 3156 4012 alios
3203 3957 3256 4012 iu
3303 3957 3427 4010 aliis
3466 3955 3679 4010 consti-

423 4055 547 4117 λους
602 4053 870 4124 ἐρῶντας;
932 4051 1097 4105 Ἀλλά
1154 4053 1246 4105 καὶ
1295 4053 1487 4105 τούτου
1541 4051 1641 4124 τὴν
1693 4052 1999 4117 αίτίαν,ώς

2105 4060 2256 4114 tuat?
2289 4059 2433 4125 Quin
2462 4065 2516 4110 et
2551 4054 2714 4123 hujus
2743 4067 2964 4123 quoque
3013 4064 3261 4111 causam,
3301 4057 3360 4102 ut
3413 4045 3677 4110 diximus,

427 4151 677 4221 εἴπομεν,
703 4152 797 4204 ἐπὶ
817 4151 878 4204 τὸ
902 4151 1046 4203 θεῖον
1082 4149 1305 4219 Πνεῦμα
1335 4151 1368 4221 ἡ
1403 4147 1596 4220 Γραφὴ
1625 4148 1837 4216 ἀνάγει.
1868 4165 1887 4198 ι
1910 4147 2000 4200 Ἐν

2103 4146 2383 4215 Seriptura
2431 4143 2497 4197 ad
2545 4142 2792 4196 divinum
2829 4141 3092 4207 Spiritum
3125 4136 3314 4192 refert.
3357 4137 3448 4189 Ait
3492 4136 3679 4189 enim:

427 4248 604 4311 τούτῳ
638 4246 767 4315 γὰρ,
806 4263 823 4296 ι
863 4245 1018 4313 φησὶ,
1053 4261 1070 4295 ι
1107 4244 1448 4312 γινώσκομεν
1481 4243 1563 4295 ὅτι
1595 4242 1753 4304 αὐτὸς
1779 4242 1838 4293 ἐν
1868 4239 2001 4309 ἡμῖν

2110 4257 2128 4289 ι
2169 4238 2223 4291 lu
2277 4237 2382 4290 hoc
2425 4235 2830 4303 cognoscimus,
2878 4231 3137 4302 quoniam
3173 4231 3225 4284 in
3274 4245 3341 4284 eo
3375 4245 3683 4293 manemus,

435 4354 605 4405 μῖνει,
647 4337 726 4388 ὃτι
763 4338 825 4387 ὲκ
855 4337 948 4387 τοῦ
987 4333 1302 4403 Πνεύματος
1348 4332 1515 4386 αὑτοῦ
1546 4332 1748 4386 ἔδωκεν
1779 4332 1934 4401 ἡμῖν.
1977 4348 1996 4381 ι

2105 4337 2159 4384 et
2190 4329 2305 4399 ipse
2337 4329 2391 4381 in
2424 4327 2603 4390 nobis,
2631 4327 2890 4391 quoniam
2926 4327 2989 4378 de
3017 4323 3229 4391 Spiritu
3269 4337 3369 4378 suo
3401 4322 3554 4377 dedit
3591 4339 3685 4374 uo-

444 4429 599 4485 Ἐπεὶ
627 4430 680 4482 δὲ
707 4433 768 4481 ὲκ
799 4431 896 4500 τῆς
943 4426 1154 4495 ἀγαθῆς
1188 4425 1483 4494 θελήσεως,
1508 4425 1575 4496 ἦν
1603 4442 1685 4487 τις
1721 4423 1850 4494 περί
1881 4440 2004 4476 τινα

2107 4421 2211 4477 bis.
2244 4422 2286 4453 "
2329 4419 2506 4485 nQuia
2537 4433 2664 4472 vero
2714 4434 2778 4472 ex
2830 4418 2968 4472 bona
3014 4417 3318 4480 voluntate,
3366 4428 3531 4483 quam
3564 4412 3688 4481 quis

432 4523 546 4592 ἔχει
585 4525 677 4576 καὶ
719 4524 817 4591 τῆς
877 4520 1118 4588 ἀγάπης,
1178 4515 1466 4578 συμϐαίνει
1499 4519 1690 4568 τοῦτον
1715 4513 2000 4579 υίοθετεϊν,
2048 4565 2049 4570 η

2068 4529 2243 4608 )81¹ΒἏ
2293 4514 2527 4583 aliquem
2583 4512 2763 4572 habet,
2806 4508 3075 4578 contingit
3124 4517 3182 4562 ut
3230 4522 3357 4561 eum
3409 4507 3462 4560 in
3517 4505 3685 4558 tilium

431 4618 565 4670 ὦκ’
601 4618 849 4671 ἐντεῦθεν
880 4617 1054 4690 τούτῳ
1083 4618 1179 4688 τὴν
1219 4616 1312 4670 τοῦ
1346 4611 1714 4670 υίοθετοῦντος
1747 4609 2008 4678 κληρονο-

2069 4595 2087 4608 ’
2119 4605 2354 4670 adOptet,
2385 4611 2443 4657 ut
2473 4601 2596 4655 inde
2617 4601 2928 4669 adoptantis
2961 4597 3254 4650 bmreditas
3282 4595 3351 4648 ad
3393 4609 3518 4649 eum
3549 4595 3685 4648 atti-

436 4711 568 4778 μίαν
607 4710 846 4778 ἀνήκειν,
886 4685 1223 4779 είκότωςτῷ
1278 4707 1420 4775 ἁγίῳ
1473 4703 1750 4768 [Ινεύματι
1803 4701 1836 4768 ή
1898 4698 2007 4750 τῶν

2118 4705 2276 4760 neat;
2327 4693 2518 4747 merito
2561 4691 2797 4744 filiorum
2830 4688 3048 4755 adoptio
3081 4686 3306 4755 Spiritui
3355 4695 3548 4740 sancto
3587 4685 3689 4739 tri-

436 4799 568 4852 ι-Ξών
594 4801 900 4868 εἰσποὲησις
927 4777 1259 4862 ἀποδίδοται,
1290 4796 1366 4858 ὣς
1397 4811 1564 4864 φησιν
1594 4795 1623 4845 ὁ
1665 4788 2009 4850 Ἀπόστολος,

2121 4786 2325 4848 buitur,
2365 4800 2505 4852 ιιυυιι
2531 4781 2820 4835 admodum
2847 4780 2920 4832 ait
2945 4777 3236 4847 Apostolus
3272 4793 3286 4830 :
3315 4794 3336 4828 ι
3389 4778 3690 4845 Accepistis

445 4905 464 4938 ι
513 4887 761 4940 Ἐλάἣετε
789 4887 1012 4959 Πνεῦμα
1042 4887 1343 4954 υἱοθεσίας,
1378 4888 1435 4939 ὲν
1456 4878 1500 4954 ᾧ
1531 4883 1811 4955 κράζομεν
1838 4881 2012 4935 Ἀὀῆᾶ

2120 4876 2380 4946 Spiritum
2441 4873 2747 4940 adoptionis
2796 4872 3054 4936 titiorom,
3091 4872 3142 4923 in
3195 4884 3302 4939 quo
3354 4869 3685 4932 clamamus.

436 4983 466 5033 ὁ
509 4985 715 5053 ίιαττῇρ.
751 5002 769 5034 ι

2118 4967 2292 5030 Abba,
2324 4966 2482 5020 Pater
2509 4966 2578 5019 ".
2616 4983 2634 5016 ι

513 5072 672 5126 Ἀλλὰ
694 5075 788 5127 καὶ
816 5075 881 5126 ἐκ
903 5072 995 5124 τοῦ
1020 5069 1355 5138 καταστῆναι
1374 5068 1496 5122 τινὰ
1522 5067 1674 5136 φίλον
1695 5066 1840 5128 τινὸς
1869 5065 2018 5119 πᾶσα

2191 5057 2297 5113 Sed
2336 5067 2390 5113 et
2420 5057 2545 5112 inde
2576 5055 2718 5125 quod
2745 5054 2869 5126 quis
2890 5053 3125 5126 alicujus
3144 5061 3357 5111 amicus
3392 5056 3696 5110 constitua-

446 5167 750 5234 ἀναιρεῖται
777 5162 969 5234 ἔχθρα.
1012 5155 1183 5214 Τοῦτο
1224 5162 1332 5230 γὰρ
1380 5161 1444 5228 τῇ
1481 5157 1635 5229 φιλίᾳ
1683 5157 1831 5210 ἐστὶν
1861 5157 2019 5208 ἐναν-

2119 5162 2228 5217 ιιιι·,
2259 5151 2520 5223 quicquid
2542 5150 2951 5205 inimicitiarum
2972 5158 3075 5213 est,
3102 5148 3309 5204 tollitur
3335 5166 3350 5212 ;
3385 5148 3528 5203 istud
3551 5145 3694 5198 enim

447 5261 594 5314 τίον⁸
620 5263 711 5315 καὶ
742 5262 823 5314 ὅτι
848 5260 956 5312 τών
1004 5255 1472 5327 ἁμαρτανομένων
1524 5254 1636 5315 τοῖς
1684 5251 1858 5320 φίλοις
1890 5249 2021 5319 παρ’

2121 5244 2374 5299 amicitia:
2397 5243 2749 5308 adversatur;
2781 5241 3036 5310 quodque
3063 5241 3198 5296 adeo
3233 5241 3395 5294 amici
3422 5238 3512 5291 alii
3573 5235 3695 5287 aliis

328 5379 376 5407 ο
433 5353 698 5422 ,ἁιλήλων
735 5325 1055 5419 συγγνώμη
1087 5325 1310 5401 δίδοται.
1389 5346 1453 5398 Ἢ
1506 5346 1614 5412 γὰρ
1650 5343 1805 5412 φιλία
1862 5342 1945 5394 καΊ

2125 5351 2387 5405 propense
2421 5335 2765 5405 indulgeant,
2793 5336 2838 5386 si
2866 5331 2998 5402 quid
3035 5331 3394 5400 deliquerint.
3428 5328 3519 5378 Sic
3548 5325 3693 5376 ριιῑιη

448 5447 637 5514 ἀγάπη
684 5445 829 5495 ποιεῖ
882 5442 1004 5502 τοὺς
1042 5440 1232 5508 φίλους
1265 5439 1377 5499 τοῖς
1439 5437 1613 5506 φίλοις
1647 5433 2023 5503 ἁμαρτάνουσι

2132 5427 2371 5482 amicitia
2417 5442 2482 5482 ac
2520 5426 2736 5480 dilectio
2771 5431 3008 5494 praestat,
3055 5430 3114 5476 ut
3150 5421 3238 5473 alii
3287 5417 3407 5472 aliis
3474 5423 3698 5467 utantur

451 5504 868 5604 σνγγινώσκειν.
927 5552 946 5585 ι
992 5504 1066 5585 Ἢ-
1106 5532 1215 5601 γὰρ
1273 5504 1485 5597 ἀγάπη,
1516 5545 1534 5578 ι
1574 5527 1727 5592 φησὶ,
1781 5543 1800 5576 ι
1845 5525 2024 5576 πάντα

2132 5519 2318 5584 amici,
2369 5533 2433 5572 ac
2482 5515 2671 5570 faciles
2711 5515 2950 5569 offensas
3003 5511 3304 5565 remittant.
3361 5522 3378 5554 ι
3447 5504 3699 5559 Charitas

453 5629 659 5695 στέγει,
718 5626 891 5679 πάντα
933 5625 1210 5693 ὑπομένει.
1262 5640 1279 5673 ι
1344 5621 1452 5674 Καὶ
1503 5619 1530 5670 δ
1585 5613 2017 5686 Παροιμιαστὴς,

2131 5612 2300 5672 enim,
2339 5609 2536 5678 inquit,
2574 5607 2756 5660 omnia
2808 5604 3019 5663 suffert,
3053 5595 3237 5652 omnia
3285 5595 3517 5650 sustinet
3565 5595 3634 5646 “.
3675 5612 3695 5646 ι

524 5739 568 5769 ⁶⁷
597 5738 634 5791 il
671 5737 796 5791 Cor.
856 5754 948 5800 xu,
1000 5734 1060 5787 51
1105 5741 1158 5790 ct
1185 5747 1300 5799 XIII,
1333 5732 1384 5786 8.
1497 5730 1537 5761 ⁵⁸
1571 5728 1728 5782 Rom.
1783 5723 1831 5790 ι’,
1899 5724 1950 5778 5.
2059 5722 2102 5752 ⁶⁹
2137 5722 2141 5773 l

2085 5721 2342 5777 ’lJJan.
2396 5737 2472 5793 tv,
2534 5721 2618 5775 f5.
2728 5717 2772 5746 ⁷ο
2812 5715 2967 5767 item.
3035 5723 3146 5771 vm,
3219 5707 3302 5761 15.
3408 5707 3448 5737 ⁷³
3516 5706 3696 5759 lCor.

457 5826 572 5871 xui,
612 5809 658 5860 7.
