4056 6266
290 303 396 361 5’15

1248 303 1344 361 DE
1387 299 1816 363 PRINCH’HS
1854 298 2061 357 FiDEI
2105 297 2580 358 CATIIOLICJE.

3439 297 3544 363 563

297 417 510 486 ἔχοντα,
568 416 661 468 καὶ
715 414 895 465 (λείων
919 415 985 467 τὰ
1017 416 1301 484 σπλάγχνα
1337 415 1502 467 αὑτοῦ
1536 413 1632 465 ἀπ’
1672 411 1858 474 αὑτοῦ,

1976 411 2190 466 Fratrem
2221 428 2380 467 suum
2433 412 2816 466 necessitatem
2855 412 3074 476 habere,
3118 404 3428 478 ciatnlitque
3458 413 3543 464 vi-

292 513 405 573 πῶς
439 512 469 578 ἡ
498 510 682 576 ἀγάπη
727 506 817 560 τοῦ
841 507 978 561 Θεοῦ
1031 511 1184 576 μενεῖ
1222 509 1281 559 ὲν
1310 508 1496 575 apati);
1535 525 1552 557 ι
1589 505 1760 556 Τοῦτο
1803 504 1860 555 δὲ

288 602 381 653 ἐπὶ
409 599 501 652 τοῦ
539 599 674 651 Θεοῦ
715 599 953 668 ι,μάλιστα
1011 599 1174 651 τόπον
1205 598 1341 668 ἔχει,
1387 591 1448 651 οὗ
1481 599 1539 649 τδ
1575 595 1862 665 βούλεσθαι

287 691 678 760 ἐνεργέστατον
707 693 841 760 πρδς
862 691 922 743 τὸ
953 693 1128 743 ποιεῖν
1149 706 1163 719 °
1197 691 1290 742 καὶ
1335 690 1421 741 διὰ
1451 687 1610 740 τοῦτο
1638 687 1862 748 εἰκότως

287 786 466 836 πάντα
494 784 564 836 τὰ
587 783 682 842 τοῦ
708 784 846 836 Θεοῦ
892 783 1213 852 χαρίσματα
1240 784 1326 836 διὰ
1358 780 1674 849 Πνεῦματος
1703 781 1859 848 ἁγίου

285 875 536 941 λέγονται
560 874 822 938 δίδοσθαι,
856 876 931 936 ὡς
959 877 987 927 ό
1027 875 1353 935 ’Λπόστολος
1381 872 1514 941 φησί
1541 890 1553 904 ·
1591 891 1608 923 ι
1646 871 1860 924 Δίδοται

286 963 372 1014 διὰ
393 963 534 1015 Πνεύ
544 980 712 1029 ματος
735 962 890 1028 λόγος
916 961 1108 1032 σοφίας
1129 979 1141 992 ·
1173 963 1316 1032 ἄλλῳ
1332 961 1390 1014 δὲ
1420 962 1577 1027 λόγος
1606 958 1862 1028 γνώσεως

288 1055 429 1107 κατὰ
487 1055 547 1105 τὸ
601 1055 734 1108 αὐτὸ
766 1055 1010 1123 Πνεῦμα.
1060 1074 1078 1107 ι
1121 1056 1230 1107 Καὶ
1268 1055 1403 1122 μετὰ
1432 1053 1596 1105 ταῦτα
1652 1052 1862 1105 πολλῶν

287 1145 806 1215 ἀπαριθμηθὲντων,
833 1164 852 1198 ι
883 1146 1070 1198 Ταῦτα
1099 1146 1293 1209 πάντα,
1331 1165 1348 1196 ι
1372 1146 1556 1214 φησὶν,
1597 1163 1614 1195 ι
1649 1145 1864 1214 ἐνεργεῖ

287 1239 346 1287 τὸ
372 1235 432 1288 ἓν
459 1237 554 1288 καὶ
589 1236 650 1289 τὸ
681 1235 814 1288 αὐτὸ
855 1236 1074 1304 Πνεῦμα
1100 1278 1115 1302 ,
1151 1233 1396 1304 διαιροῦν
1425 1234 1644 1305 ἑκάστῳ
1678 1235 1862 1299 καθὼς

289 1326 561 1394 βούλεται.
593 1346 612 1378 ι

363 1417 472 1468 Καὶ
501 1416 656 1470 τοῦτο
680 1416 738 1469 δὲ
790 1415 1240 1490 ὑπερϐαλλούσης
1273 1421 1499 1487 ἀγάπης
1529 1421 1857 1487 τεκμήριον,

288 1507 350 1557 τὸ
375 1506 557 1574 ζητεῖν
586 1509 698 1570 τοῖς
725 1508 900 1574 φίλοις
932 1509 1067 1577 ὁμοῦ
1087 1509 1387 1579 διατρίϐειν
1410 1511 1502 1563 τὸν
1534 1510 1690 1580 φίλον
1719 1529 1734 1544 ο
1770 1513 1864 1564 καὶ

290 1601 490 1658 αὐτοὺς
514 1599 724 1671 χαίρειν
755 1601 812 1653 ὲν
843 1605 964 1663 ταῖς
990 1605 1198 1666 κοιναῖς
1226 1603 1536 1666 συνουσίαις
1559 1619 1572 1634 °
1613 1605 1707 1657 καὶ
1728 1603 1864 1666 ὅλως

288 1693 392 1741 οὐκ
437 1690 724 1758 ἀνέχεσθαι
776 1691 1185 1760 χωριζομένους
1213 1692 1480 1763 ἀλλήλων.
1553 1695 1614 1746 Ἠ
1642 1695 1698 1747 δὲ
1725 1695 1864 1763 μετὰ

290 1781 384 1832 τοῦ
413 1782 546 1834 Θεοῦ
571 1782 678 1835 τῶν
710 1782 1017 1853 ἀνθρώπων
1049 1784 1300 1857 διατριϐὴ
1322 1785 1412 1839 διὰ
1441 1787 1541 1854 τῆς
1571 1787 1736 1839 αὐτοῦ
1768 1805 1863 1841 πε-

295 1872 564 1939 ριγίνεται
588 1871 840 1941 θεωρίας,
875 1872 949 1936 ὥς
981 1891 1147 1942 φησιν
1169 1877 1197 1928 ό
1231 1877 1573 1942 Ἀπόστολος,
1605 1896 1631 1943 5
1675 1877 1865 1948 Ἦμῶν

287 1965 351 2015 1‘:
377 1965 675 2033 πολίτευμα
701 1968 758 2017 ὲν
783 1967 1033 2035 οὐρανοῖς
1063 1967 1322 2038 ὑπάρχει.
1353 1988 1372 2022 ι
1420 1970 1575 2023 Ἐπεὶ
1599 1971 1781 2024 τοίνυν
1805 1972 1866 2023 τὸ

294 2053 522 2122 Πνεῦμα
578 2056 638 2107 τὸ
689 2055 845 2122 ἅγιον
900 2056 1138 2123 ἐραστὰς
1183 2059 1332 2126 ἡμᾶς
1388 2061 1534 2112 ποιεῖ
1565 2059 1662 2112 τοῦ
1707 2059 1866 2122 Θεοῦ,

291 2144 518 2206 εἰκότως
553 2145 619 2196 δι’
641 2146 809 2198 αὑτοῦ
836 2148 930 2199 καὶ
955 2146 1150 2215 θεωροὶ
1181 2150 1273 2201 τοῦ
1295 2149 1432 2201 Θεοῦ
1455 2149 1865 2219 καθιστάμεθα.

295 2237 505 2288 Ὀθενό
540 2238 700 2300 αὐτὸς
725 2239 911 2309 φησὶν,
979 2257 997 2291 ι
1041 2241 1233 2310 Ἡμεῖς
1257 2240 1312 2293 δὲ
1347 2241 1548 2303 πάντες
1595 2241 1871 2294 ἀνακεκα-

291 2330 560 2400 λυμμένῳ
589 2330 866 2401 προσώπῳ
888 2332 986 2403 τὴν
1007 2332 1164 2400 δόξαν
1189 2335 1282 2387 τοῦ
1306 2334 1510 2403 Κυρίου
1563 2350 1870 2404 κατοπτρι-

295 2421 536 2489 ζόμενοι,
570 2424 649 2486 είς
675 2423 773 2494 τὴν
805 2424 981 2493 αὐτὴν
1008 2425 1193 2478 εἰκόνα
1232 2424 1736 2494 μεταμορφούμεθα
1762 2425 1872 2477 ἀπὸ

296 2515 456 2584 δόξης
480 2515 561 2578 είς
595 2503 774 2581 δόξαν,
809 2515 1062 2585 καθάπερ
1102 2518 1208 2571 ἀπὸ
1234 2517 1442 2587 Κυρίου
1473 2515 1816 2586 Πνεύματος.
1845 2534 1864 2568 ι

375 2609 527 2660 Ἐστι
578 2608 637 2661 δὲ
687 2609 868 2678 φιλίας
900 2609 1030 2662 ίδιον
1063 2610 1126 2662 τὸ
1153 2610 1245 2662 καὶ
1277 2611 1334 2662 ὲν
1359 2611 1424 2679 τῇ
1462 2609 1745 2678 παρουσίᾳ
1776 2607 1869 2660 τοῦ

301 2701 455 2766 ιςίλου
485 2702 696 2771 χαίρειν
723 2704 814 2754 τὸν
845 2702 1020 2771 φίλον,
1074 2703 1302 2763 καὶτοῖς
1341 2699 1507 2753 αὐτοῦ
1539 2701 1720 2769 ἔργοις
1780 2699 1872 2752 καὶ

299 2794 482 2859 λόγοις
535 2793 800 2864 ἥδεσθαι.ο
847 2793 979 2864 παρ’
1035 2793 1200 2846 αὐτοῦ
1254 2810 1314 2846 τε
1348 2791 1704 2862 παραμυθίαν
1737 2793 1872 2862 πρὸς

299 2889 478 2949 πάσας
502 2886 594 2950 τὰς
623 2888 943 2958 δυσχερείας
975 2887 1274 2957 εὑρίσκειν.
1307 2886 1470 2940 Ὅθεν
1507 2889 1564 2938 ὲν
1617 2887 1737 2948 ταῖς
1773 2884 1871 2936 λῦ-

303 2997 433 3040 παις
486 2974 838 3050 παραμυθίας
869 2981 1030 3032 ἕνεκα
1062 2983 1199 3049 πρὸς
1223 2980 1351 3041 τοὺς
1396 2979 1584 3046 φίλους
1639 2977 1873 3046 μάλιστα

301 3069 740 3140 καταφεύγομεν.
784 3071 938 3124 Ἐπεὶ
960 3071 1138 3123 τοίνυν
1160 3073 1220 3121 τὸ
1253 3067 1479 3139 Πνεῦμα
1513 3070 1570 3122 1b
1594 3069 1748 3137 ἅγιον
1785 3067 1873 3136 φί-

301 3163 424 3225 λ’)υς
474 3163 620 3231 ἡμᾶς
657 3161 948 3231 καθίστησι
985 3160 1080 3214 τοῦ
1117 3161 1273 3225 Θεοῦ,
1337 3163 1431 3214 καὶ
1468 3161 1629 3215 αὐτὸν
1654 3161 1710 3216 ὲν
1739 3162 1872 3230 ἡμῖν

303 3256 397 3305 καὶ
424 3256 570 3323 ἡμᾶς
599 3259 656 3307 ἐν
686 3255 832 3324 αὐτῷ
860 3258 1006 3308 ποιεῖ
1033 3259 1331 3319 κατοικεῖν,
1369 3257 1442 3318 ὼς
1481 3255 1873 3324 προαποδεδει-

304 3366 427 3401 κται
446 3367 459 3379 ο
490 3349 639 3413 είκός
663 3350 776 3401 ἐστι
799 3348 865 3400 δι’
897 3347 1062 3401 αὐτοῦ
1089 3347 1433 3418 εὐφροσύνην
1461 3349 1610 3418 ἡμᾶς
1633 3348 1725 3399 καὶ
1765 3364 1873 3398 πα-

237 3441 250 3454 ‘
309 3441 575 3510 ράκλησιν
627 3440 931 3508 λαμϐάνειν
960 3439 1112 3510 παρὰ
1140 3439 1275 3493 Θεοῦ
1309 3440 1442 3508 πρὸς
1472 3440 1650 3500 πάσας
1682 3439 1781 3500 τὰς
1810 3439 1876 3491 ὲκ

305 3532 394 3583 τοῦ
424 3532 630 3600 κόσμου
661 3532 948 3594 δυσκολίας
975 3533 1068 3585 καὶ
1101 3532 1300 3602 μάχας.
1337 3529 1499 3582 Ὅθεν
1536 3533 1631 3582 καὶ
1658 3533 1684 3582 ὁ
1721 3530 1875 3582 Ψαλ-

311 3625 483 3692 μῳδὸς
514 3623 686 3690 λέγει,
721 3640 740 3673 ι
791 3623 1008 3684 Ἀπόδος
1037 3640 1125 3692 μοι
1151 3622 1250 3692 τὴν
1282 3622 1607 3689 ἁγαλλίασιν
1643 3623 1736 3674 τοῦ
1773 3639 1878 3674 σω-

305 3718 495 3787 τηρίου
525 3733 640 3778 σου,
674 3717 768 3768 καὶ
808 3716 1084 3786 Πνεύματι
1117 3715 1427 3785 ἡγεμονικῷ
1458 3713 1710 3784 στήριξόν
1738 3731 1825 3783 με.
1853 3733 1871 3764 ι

311 3809 418 3862 Καὶ
440 3809 466 3859 ὁ
535 3805 878 3866 Ἀπόστολος,
939 3824 956 3854 ι
1009 3806 1072 3856 'H
1101 3803 1350 3874 βασιλεία
1380 3804 1473 3856 τοῦ
1509 3804 1644 3855 Θεοῦ
1673 3805 1880 3858 δικαιο-

311 3900 441 3966 air,
470 3897 564 3950 καὶ
597 3895 789 3967 εἰρήνη
818 3895 910 3949 καὶ
943 3896 1088 3964 χαρὰ
1127 3897 1183 3946 ἐν
1217 3895 1494 3964 Πνεύματι
1526 3895 1683 3965 ἁγίῳ.
1722 3915 1740 3947 ι
1771 3897 1881 3949 Καὶ

311 3993 507 4052 ἐνταῖς
555 3989 792 4058 “pigeat.
853 3987 960 4040 τῶν
1013 3986 1324 4040 ἀποστόλων
1375 3987 1591 4054 λέγεται
1623 3988 1879 4057 περὶτῆς

322 4081 670 4150 Ἐκκλησίας,
744 4100 760 4132 ι
829 4081 1171 4150 ’ῼκοδομεῖτο
1221 4080 1588 4153 πορευομένη,
1625 4079 1683 4129 ὲν
1729 4079 1880 4149 φόὸῳ

311 4171 464 4236 Θεοῦ,
499 4173 716 4240 καὶτῆς
751 4174 1146 4242 παρακλήσεως
1194 4173 1284 4224 τοῦ
1341 4172 1496 4236 ἁγίου
1563 4172 1881 4240 Πνεῦματος
1903 4173 1918 4184 ’

312 4264 632 4334 ἐπληροῦτο.
669 4282 688 4314 ι
731 4265 827 4315 Διὰ
847 4264 1004 4315 τοῦτο
1033 4268 1124 4316 καὶ
1158 4263 1186 4315 ὁ
1211 4261 1415 4332 Κύριος
1449 4264 1508 4316 τὸ
1536 4262 1766 4334 Πνεῦμα
1819 4263 1881 4315 τὸ

312 4356 461 4424 ἅγιον
494 4355 840 4428 Παρήγορον
877 4355 1132 4424 ὀνομάζει
1144 4395 1158 4409 .

1967 519 2118 558 seera
2142 519 2239 558 sua
2275 505 2344 558 ab
2379 518 2463 568 eo,
2501 504 2776 572 quomodo
2813 503 3051 557 manebit
3079 504 3322 557 charitas
3365 502 3454 556 Dei
3489 504 3542 556 in

1966 596 2056 648 illo
2087 596 2175 648 7’?
2212 615 2229 645 ι
2264 595 2429 664 quue
2460 597 2511 648 in
2547 595 2656 648 Deo
2690 595 2926 648 maxime
2949 595 3128 649 locum
3161 595 3340 654 habet.
3374 594 3534 664 cujus

1964 687 2100 739 velle
2123 697 2181 739 ut
2214 685 2381 741 faciat
2420 687 2862 742 efﬁcacissimum
2902 697 3006 743 est.
3043 689 3284 755 Eamque
3316 689 3387 741 ob
3431 703 3542 741 rem

1965 777 2108 830 hami
2155 777 2434 831 immerito
2473 793 2500 831 a
2558 779 2666 832 Deo
2711 779 2895 832 omnia
2949 779 3094 832 dona
3127 779 3245 831 dari
3290 778 3546 829 dicuntur

1964 882 2058 936 per
2101 867 2363 937 Spiritum
2389 880 2665 934 sanctum,
2705 871 2779 923 uti
2822 870 3119 938 Apostolus
3151 872 3226 923 ait
3259 885 3272 922 :
3316 887 3336 918 ‹
3378 868 3546 922 Datur

1966 974 2060 1027 per
2120 958 2380 1030 Spiritum
2442 977 2621 1016 sermo
2681 961 2998 1030 sapientiae;
3046 961 3137 1013 alii
3187 974 3317 1013 vero
3362 972 3547 1012 sermo

1965 1049 2204 1105 scientiae
2235 1052 2536 1106 secundum
2570 1052 2824 1106 eumdem
2864 1051 3128 1121 Spiritum
3153 1051 3222 1104 ⁸ο.
3259 1069 3276 1102 ι
3314 1050 3544 1104 Postea-

1966 1155 2072 1210 que
2118 1141 2306 1197 multis
2359 1141 2741 1196 enumeratis:
2803 1160 2822 1193 ι
2886 1139 3012 1196 Hzec
3071 1139 3276 1204 omnia,
3337 1140 3545 1207 inquit,

1969 1243 2228 1301 operatur
2261 1248 2406 1288 unus
2431 1242 2598 1302 atque
2647 1233 2787 1288 idem
2834 1231 3096 1302 Spiritus,
3133 1230 3383 1285 dividens
3430 1229 3547 1284 sin-

1965 1322 2104 1392 gulis
2130 1332 2291 1390 prout
2320 1324 2435 1377 vult
2458 1323 2529 1378 °‘.
2577 1341 2595 1372 ι

2039 1414 2180 1480 Quin
2221 1415 2323 1469 hoc
2358 1429 2580 1484 quoque
2625 1415 2838 1470 eximiae
2873 1415 3158 1470 charitatis
3209 1421 3419 1469 certum
3460 1413 3546 1467 in.

1965 1503 2169 1559 dicium
2203 1515 2308 1568 est,
2346 1516 2402 1557 ut
2435 1505 2650 1559 amicus
2685 1521 2807 1560 cum
2839 1507 3016 1559 amico
3059 1506 3268 1558 versari
3312 1512 3545 1572 quaerat,

1967 1610 2029 1648 ac
2053 1605 2242 1649 mutuo
2269 1595 2606 1649 delertentur
2636 1610 2930 1666 congressu
2950 1633 2965 1660 ,
3002 1611 3105 1650 nec
3138 1609 3363 1661 prorsus
3402 1594 3546 1649 alius

1967 1686 2034 1740 ab
2071 1687 2174 1740 alio
2226 1689 2465 1756 Separati
2515 1688 2806 1743 sustineat.
2855 1687 3008 1752 Quod
3061 1695 3244 1742 autem
3299 1685 3548 1741 homines

1966 1793 2088 1833 cum
2135 1779 2245 1834 Deo
2279 1791 2588 1843 versentur,
2623 1795 2720 1848 per
2755 1781 2903 1834 illius
2933 1780 3166 1848 obtingit
3211 1777 3547 1844 contempla-

1969 1871 2193 1935 tionem,
2240 1872 2383 1926 sicut
2413 1872 2487 1924 ait
2525 1872 2863 1941 Apostolus:
2903 1890 2922 1922 ι
2963 1871 3160 1926 Nostra
3199 1881 3377 1925 autem
3412 1885 3546 1924 con-

1969 1965 2204 2018 versatio
2235 1965 2286 2018 in
2331 1965 2486 2020 caelis
2517 1974 2601 2019 est
2649 1964 2717 2019 δ’.
2755 1983 2773 2016 ι
2815 1963 2953 2030 Quia
2977 1979 3107 2033 ergo
3157 1963 3390 2033 Spiritus
3417 1976 3548 2016 san.

1969 2067 2089 2112 Ctus
2125 2065 2353 2126 praestat
2399 2065 2457 2110 ut
2509 2055 2603 2111 Dei
2657 2065 2935 2111 amatores
2979 2057 3174 2122 simus,
3218 2056 3415 2110 merito
3455 2070 3550 2124 per

1969 2163 2093 2204 eum
2123 2149 2285 2203 etiam
2315 2148 2420 2202 hoc
2464 2149 2859 2212 nanciSeimur,
2895 2158 2954 2203 ut
2998 2148 3166 2204 Deum
3203 2149 3552 2218 contemple-

1972 2256 2114 2296 mur.
2143 2238 2297 2294 Unde
2325 2239 2400 2292 ait
2430 2238 2570 2293 idem
2607 2239 2899 2308 Apostolus
2931 2257 2944 2293 :
2975 2240 3084 2296 Nos
3111 2250 3288 2295 autem
3314 2241 3548 2295 revelata

1973 2332 2132 2394 facie,
2167 2331 2398 2399 gloriam
2440 2329 2654 2385 Domini
2687 2331 2845 2400 quasi
2875 2347 2939 2385 ex
2977 2332 3203 2400 speculo
3246 2347 3554 2401 reprzescn-

1974 2435 2169 2488 tantes,
2212 2424 2264 2476 iu
2294 2426 2539 2490 eamdem
2575 2423 2864 2496 imaginem
2897 2424 3356 2480 transformamur
3385 2441 3415 2478 a
3443 2424 3555 2478 cla-

1973 2526 2131 2578 ritate
2177 2525 2229 2577 in
2278 2523 2606 2584 claritatem,
2636 2519 2794 2590 quasi
2831 2533 2859 2572 a
2911 2517 3127 2573 Domini
3177 2517 3387 2587 Spiritu
3419 2519 3483 2572 ⁸³.
3531 2537 3550 2569 ι

2045 2612 2215 2666 Porro
2246 2612 2500 2667 amicitiae
2533 2612 2815 2682 proprium
2845 2619 2951 2674 cst,
2981 2619 3039 2664 ut
3067 2616 3120 2664 et
3150 2611 3364 2664 amicus
3395 2611 3555 2663 amici

1977 2707 2261 2777 praesentia
2291 2705 2542 2774 gaudeat,
2574 2704 2803 2772 ejusque
2838 2713 2890 2756 et
2927 2702 3085 2757 factis
3113 2710 3164 2756 ct
3205 2701 3367 2756 dictis
3407 2702 3556 2756 dele-

1976 2810 2192 2864 ctetur;
2235 2807 2396 2866 atque
2443 2797 2510 2850 ab
2567 2811 2652 2860 eo,
2688 2793 2947 2864 quicquid
2976 2787 3217 2847 ‘molesti
3273 2793 3556 2850 acciderit.

1978 2890 2403 2948 consolationem
2453 2900 2615 2959 atque
2674 2889 2920 2942 levamen
2983 2888 3245 2940 inveniat.
3303 2884 3554 2956 llincque

1978 2986 2114 3040 adeo
2147 2994 2250 3047 est.
2300 2992 2360 3038 ut
2409 2997 2530 3038 cum
2563 2995 2708 3052 δἐι-ο
2746 2979 2928 3034 animo
2960 2995 3172 3044 sumus,
3235 2981 3300 3034 ad
3347 2980 3557 3036 amicos

1978 3077 2232 3142 maxime,
2267 3075 2478 3131 levandi
2512 3074 2768 3130 maeroris
2803 3088 2961 3129 causa
2984 3070 3389 3143 confugiamus.
3419 3072 3556 3140 Quia

1981 3169 2146 3237 igitur
2188 3166 2429 3240 Spiritus
2480 3173 2702 3222 sanctus
2735 3163 2943 3219 amit-os
2975 3164 3063 3217 Dei
3113 3182 3216 3221 nos
3250 3163 3555 3226 constituit,

1981 3259 2270 3329 ipsumque
2299 3260 2350 3313 in
2388 3259 2565 3322 nobis,
2607 3273 2669 3312 ac
2703 3272 2804 3312 nos
2829 3257 2881 3311 in
2911 3256 3006 3310 ii'lo
3041 3257 3287 3310 hahitare
3321 3257 3469 3320 facit,
3498 3267 3558 3309 ut

1981 3351 2033 3403 in
2071 3351 2444 3418 superioribus
2494 3358 2772 3404 ostensum
2825 3358 2930 3412 est,
2958 3365 3055 3418 par
3080 3363 3162 3403 est
3187 3361 3246 3404 ut
3285 3350 3403 3418 ejus
3437 3365 3558 3402 mu-

1981 3457 2110 3494 nere
2133 3439 2448 3494 laetitiamac
2480 3441 2908 3495 consolationem
2934 3443 3198 3496 adversus
3230 3441 3412 3495 saeculi
3440 3457 3560 3493 mo-

1981 3531 2167 3586 lestias
2190 3546 2378 3584 omnes
2409 3546 2724 3601 pugnasque
2749 3546 2778 3585 a
2810 3531 2916 3585 Deo
2945 3546 3365 3600 consequamur.
3403 3530 3560 3586 Unde

1981 3627 2142 3680 etiam
2197 3623 2273 3678 ait
2315 3621 2607 3676 Psalmista
2649 3641 2661 3675 :
2699 3639 2717 3673 ι
2756 3620 2939 3676 Redde
2969 3621 3100 3676 mihi
3131 3624 3552 3677 exsultationem

1983 3717 2242 3772 salutaris
2271 3716 2374 3780 tui,
2403 3722 2456 3770 cl
2485 3713 2695 3783 Spiritu
2724 3713 3011 3784 principali
3041 3714 3304 3768 conﬁrma
3333 3729 3418 3768 mc
3448 3713 3556 3768 ⁸⁸.»

1984 3810 2275 3879 Apostolus
2294 3822 2512 3877 quoque
2541 3823 2552 3858 :
2583 3804 2858 3875 «Regnum
2888 3807 2979 3860 Dei
3016 3814 3101 3860 est
3131 3807 3339 3877 justitia
3373 3817 3422 3861 et
3456 3822 3560 3876 pax

1983 3912 2035 3955 et
2065 3901 2319 3968 gaudium
2356 3901 2406 3953 in
2440 3898 2644 3968 Spiritu
2680 3908 2870 3952 sancto
2900 3899 2967 3954 ⁸⁸.
3002 3918 3020 3950 ι
3057 3897 3299 3968 Ιιοιιιτιιιιξ
3327 3900 3379 3952 in
3411 3901 3562 3955 Actis

1984 3996 2362 4064 apostolorum
2397 3993 2600 4047 dicitur
2637 3993 2703 4047 de
2731 3991 2972 4046 Ecclesia
3014 4009 3028 4046 :
3073 4011 3090 4043 ι
3139 3992 3292 4058 Quod
3328 3993 3562 4046 aedifica-

1983 4086 2146 4141 batur
2204 4083 2495 4138 ambulans
2560 4084 2611 4136 in
2671 4085 2868 4138 timore
2924 4083 3041 4147 Dei,
3093 4093 3147 4136 et
3182 4083 3563 4137 consolatione

1986 4179 2222 4248 Spiritus
2254 4178 2427 4231 sancti
2469 4177 2778 4246 replebatur
2805 4177 2872 4229 ⁸⁸.
2910 4195 2928 4228 ι
2960 4177 3134 4246 Atque
3172 4175 3225 4230 id
3271 4190 3451 4230 causae
3480 4185 3562 4229 cst

1984 4284 2082 4324 cur
2113 4280 2165 4324 et
2193 4267 2459 4322 Dominus
2515 4268 2778 4336 Spiritum
2813 4278 3065 4321 sanctum
3112 4276 3267 4321 vocet
3297 4266 3562 4320 Consola-

1984 4372 2155 4415 torem
2188 4360 2255 4413 ⁸⁷.

395 4447 552 4498 Ἀλλὰ
588 4447 692 4516 μὴν
719 4447 813 4499 καὶ
839 4445 899 4498 τὺ
933 4446 1122 4516 μηδενὶ
1156 4435 1515 4501 δεδουλῶσθαι
1549 4449 1698 4520 καὶή
1729 4449 1879 4502 ὲλευ-

2061 4453 2204 4520 Quin
2232 4462 2282 4507 et
2349 4437 2551 4507 nullius
2599 4451 2881 4507 servitutis
2915 4452 3045 4524 jugo
3097 4453 3265 4521 premi
3303 4463 3468 4522 atque
3501 4453 3564 4505 li-

313 4540 463 4610 Οερίσ
505 4540 578 4604 ὡς
608 4542 861 4609 μέγιστον
893 4540 1096 4607 ἀγαθον
1130 4541 1223 4592 καὶ
1269 4538 1634 4604 σπουδάζεται
1657 4541 1752 4591 καὶ
1787 4557 1878 4606 φι-

311 4635 500 4685 λεῖται.
563 4633 626 4685 Οί
684 4632 814 4700 γοῦν
849 4633 908 4684 οῦ
942 4632 1094 4703 φόϐῳ
1128 4633 1423 4697 κολάσεως,
1459 4632 1647 4701 ὥσπερ
1681 4631 1879 4696 δοῦλοι,

312 4724 446 4776 ἀλλὰ
480 4723 570 4776 διὰ
595 4723 691 4793 τὴν
713 4723 806 4776 τοῦ
835 4723 968 4776 Θεοῦ
996 4725 1215 4792 ἀγάπην
1240 4725 1336 4776 καὶ
1373 4724 1562 4792 φιλίαν
1588 4724 1881 4793 ἐπιμελού-

319 4832 465 4884 μενοι
501 4816 755 4886 ἀρέσκειν
803 4815 943 4887 Θεῷ,
973 4809 1118 4869 οὗτοί
1164 4818 1269 4868 εἰσι
1303 4815 1545 4886 μόνιμοι,
1579 4815 1880 4886 ἐλευθέρως

315 4907 407 4958 καὶ
449 4907 711 4970 ἑκουσίως
764 4908 899 4978 πρὸς
953 4908 1086 4960 αὐτὸ
1118 4907 1478 4977 διακείμενοι,
1515 4907 1629 4958 ἀλλ’
1659 4909 1758 4978 οὐχ
1788 4908 1880 4961 ὑπ’

317 5000 555 5068 ἀνάγκης
581 5000 614 5072 ἢ
645 5000 764 5069 βίας
795 4999 1030 5066 τάγαθὸν
1062 4999 1133 5062 ὡς
1156 5001 1331 5053 δοῦλοι
1360 4999 1717 5071 πράττοντες.
1774 5000 1884 5054 Καὶ

316 5092 359 5140 οἱ
392 5090 626 5143 τοιοῦτοι
652 5093 760 5143 υἱοὶ
789 5092 883 5144 καὶ
911 5092 1057 5160 φίλοι
1095 5091 1232 5145 είσὶν
1258 5093 1400 5159 ἄξιοι
1453 5093 1737 5145 καλεῖσθαι
1790 5093 1882 5145 τοῦ

317 5183 467 5236 Θ;οῦ.
519 5184 585 5236 Ἢ
612 5181 741 5250 γοῦν
774 5184 1044 5254 παντελὴς
1067 5185 1162 5237 καὶ
1184 5187 1386 5247 παντὸς
1416 5185 1570 5245 δέους
1601 5184 1882 5255 ἀπηλλαγο

321 5277 450 5346 μένη
501 5275 782 5347 ἐλευθερία
806 5316 820 5343 ,
858 5278 914 5328 ὲν
1031 5277 1265 5346 μάλιστα
1302 5279 1396 5332 καὶ
1444 5279 1478 5346 ἡ
1509 5279 1605 5346 τῆς.
1647 5279 1886 5350 ἀρχαίας

388 5455 432 5487 τ’
477 5454 677 5509 lJnan.
730 5472 810 5516 ιιι,
870 5456 959 5509 Π.

318 5523 378 5576 ⁸⁸.
421 5525 562 5583 l’sal.
621 5541 671 5589 L,
728 5527 807 5579 ii.

1064 5458 1110 5489 ⁸ο
1145 5456 1160 5508 |
1208 5456 1332 5510 Cor.
1372 5473 1468 5515 ιιιι.
1504 5459 1556 5513 8.

1679 5457 1766 5510 ⁸¹1
1805 5456 1930 5511 Cor.
1968 5473 2063 5521 xu,
2107 5458 2192 5514 Η.

921 5526 964 5556 ⁸³
1030 5527 1183 5581 Rom.
1252 5543 1358 5588 xw,
1416 5528 1497 5580 i7.
1574 5531 1618 5561 ⁸⁶
1655 5530 1772 5581 Act.
1801 5544 1875 5590 Ix,
1902 5529 1991 5583 3i.
2067 5529 2111 5560 ⁸⁷
2144 5529 2304 5584 Joan.
2341 5547 2451 5595 xvt,
2481 5532 2529 5584 7.

1982 4546 2185 4607 bertas,
2213 4554 2473 4616 tanquam
2507 4547 2805 4598 maximum
2837 4545 3036 4598 bonum
3075 4555 3130 4598 ct
3173 4544 3405 4598 solicitis
3443 4545 3559 4596 aui-

1983 4638 2086 4691 mis
2116 4638 2378 4706 quaeritur
2409 4645 2461 4690 et
2500 4637 2806 4690 azlamatur.
2840 4635 2944 4701 Qui
2979 4651 3109 4704 ergo
3156 4652 3262 4688 non
3300 4637 3558 4704 supplicii

1984 4740 2154 4790 metu.
2182 4740 2238 4782 ut
2270 4730 2435 4793 servi,
2469 4729 2559 4782 sed
2592 4729 2773 4781 divina
2804 4729 3074 4781 eharitate
3114 4742 3177 4781 ac
3225 4743 3412 4780 amore
3451 4728 3558 4783 Deo

1974 4821 2194 4888 placere
2226 4820 2556 4881 student,-hi
2609 4819 2978 4873 constantiam
3015 4828 3222 4883 tenent,
3257 4823 3349 4888 qui
3393 4820 3564 4876 liht-re

1987 4928 2049 4965 ac
2084 4925 2278 4980 sponte
2319 4913 2458 4966 bono
2490 4911 2822 4975 adluereant,
2849 4925 2946 4964 nec
2975 4912 3080 4964 ulla
3117 4917 3442 4970 nceeSsitate
3468 4929 3565 4971 aut

1986 5002 2061 5068 vi,
2101 5016 2381 5056 servorum
2421 5017 2591 5066 more,
2625 5001 2756 5055 illud
2812 5014 3120 5059 exerceant.
3165 5007 3360 5078 Aequi
3416 5011 3564 5078 ejus-

1989 5095 2134 5147 modi
2199 5104 2348 5155 sunt,
2395 5110 2610 5162 aequum
2673 5110 2754 5150 est
2797 5109 2851 5149 ut
2904 5099 2996 5151 lilii
3046 5115 3110 5153 ac
3139 5102 3299 5155 amici
3345 5101 3440 5156 Dei
3471 5117 3569 5154 au-

1988 5187 2160 5240 diant.
2195 5185 2358 5241 Plena
2379 5204 2529 5255 ergo,
2560 5191 2819 5259 omnique
2851 5202 2995 5245 metu
3021 5193 3196 5248 soluta
3233 5194 3455 5249 libertas
3488 5196 3564 5262 (in
3653 5219 3657 5222 ~

1992 5295 2096 5349 qua
2149 5279 2311 5333 etiam
2373 5283 2608 5337 maxime
2666 5284 2902 5354 autiqum
2956 5286 3208 5354 imaginis
3262 5287 3568 5357 ingenuitas

2306 5460 2350 5491 δ’
2381 5459 2618 5531 Philipp.
2655 5479 2734 5528 ιιι,
2769 5464 2857 5518 20.
2971 5463 3016 5495 ⁸³
3053 5464 3114 5526 ll,
3159 5464 3283 5518 Cor.
3343 5480 3426 5529 ιιι,
3480 5465 3565 5518 18.

323 5679 426 5742 non
456 5663 572 5733 ipsa
602 5665 760 5717 verba
796 5675 851 5716 ut
876 5665 1093 5734 legerat.
1146 5667 1231 5719 Sit:
1265 5667 1510 5734 sequenti
1545 5669 1869 5722 auctoritate
1912 5669 2176 5722 omissum
2211 5670 2290 5734 τὸ,
2327 5670 2452 5742 ἰδίᾳ,
2491 5673 2633 5742 quod
2665 5675 2842 5726 tamen
2886 5671 3008 5725 aliis
3045 5670 3174 5726 locis
3246 5688 3355 5727 non
3401 5674 3566 5729 omit-

323 5735 406 5786 lit.
