  <div class='ocr_page' id='page_1' title='image "/cluster/home/n/w/nwhite01/storage/ocr_20150623/152/mdp.39015078384735/291.png"; bbox 0 0 4056 6266; ppageno 0'>
   <div class='ocr_carea' id='block_1_1' title="bbox 449 278 552 337">
    <p class='ocr_par' dir='ltr' id='par_1_1' title="bbox 449 278 552 337">
     <span class='ocr_line' id='line_1_1' title="bbox 449 278 552 337; baseline 0 -1"><span class='ocrx_word' id='word_1_1' title='bbox 449 278 552 337; x_wconf 65' lang='grc' dir='ltr'><strong>Ξνϋτ</strong></span> 
     </span>
    </p>
   </div>
   <div class='ocr_carea' id='block_1_2' title="bbox 1720 289 2459 351">
    <p class='ocr_par' dir='ltr' id='par_1_2' title="bbox 1720 289 2459 351">
     <span class='ocr_line' id='line_1_2' title="bbox 1720 289 2459 351; baseline 0.008 -6"><span class='ocrx_word' id='word_1_2' title='bbox 1720 289 2108 349; x_wconf 63' lang='grc' dir='ltr'><strong>ΜᾹΝΕΕΗΞ</strong></span> <span class='ocrx_word' id='word_1_3' title='bbox 2148 292 2459 351; x_wconf 68' lang='lat' dir='ltr'><strong>CALECE‘</strong></span> 
     </span>
    </p>
   </div>
   <div class='ocr_carea' id='block_1_3' title="bbox 3544 294 3690 357">
    <p class='ocr_par' dir='ltr' id='par_1_3' title="bbox 3544 294 3690 357">
     <span class='ocr_line' id='line_1_3' title="bbox 3544 294 3690 357; baseline 0.089 -12"><span class='ocrx_word' id='word_1_4' title='bbox 3544 294 3690 357; x_wconf 81' lang='lat'><strong>_.&#39;68</strong></span> 
     </span>
    </p>
   </div>
   <div class='ocr_carea' id='block_1_4' title="bbox 445 380 2013 468">
    <p class='ocr_par' dir='ltr' id='par_1_4' title="bbox 445 390 2013 463">
     <span class='ocr_line' id='line_1_4' title="bbox 445 390 2013 463; baseline 0.004 -22"><span class='ocrx_word' id='word_1_5' title='bbox 445 392 644 442; x_wconf 63' lang='lat' dir='ltr'><strong>elucet?</strong></span> <span class='ocrx_word' id='word_1_6' title='bbox 680 390 823 444; x_wconf 53' lang='lat' dir='ltr'><strong>reiut</strong></span> <span class='ocrx_word' id='word_1_7' title='bbox 857 409 885 443; x_wconf 71' lang='grc' dir='ltr'><strong>ιι</strong></span> <span class='ocrx_word' id='word_1_8' title='bbox 919 391 1102 446; x_wconf 80' lang='lat' dir='ltr'><strong>divina</strong></span> <span class='ocrx_word' id='word_1_9' title='bbox 1139 392 1440 457; x_wconf 84' lang='lat' dir='ltr'><strong>Cbaritatc,</strong></span> <span class='ocrx_word' id='word_1_10' title='bbox 1472 394 1541 448; x_wconf 85' lang='lat' dir='ltr'><strong>ab</strong></span> <span class='ocrx_word' id='word_1_11' title='bbox 1577 395 1782 463; x_wconf 88' lang='lat' dir='ltr'><strong>Spiritu</strong></span> <span class='ocrx_word' id='word_1_12' title='bbox 1826 406 2013 449; x_wconf 82' lang='lat' dir='ltr'><strong>saneto</strong></span> 
     </span>
    </p>
   </div>
   <div class='ocr_carea' id='block_1_5' title="bbox 2115 380 3690 468">
    <p class='ocr_par' dir='ltr' id='par_1_5' title="bbox 2122 380 3690 468">
     <span class='ocr_line' id='line_1_5' title="bbox 2122 380 3690 468; baseline 0.006 -21"><span class='ocrx_word' id='word_1_13' title='bbox 2122 397 2331 459; x_wconf 73' lang='grc' dir='ltr'>εἰκόνος</span> <span class='ocrx_word' id='word_1_14' title='bbox 2355 398 2607 465; x_wconf 77' lang='grc' dir='ltr'>εὐγένεια</span> <span class='ocrx_word' id='word_1_15' title='bbox 2637 380 3054 465; x_wconf 78' lang='grc' dir='ltr'>καταφαῖνεται,</span> <span class='ocrx_word' id='word_1_16' title='bbox 3085 398 3157 459; x_wconf 81' lang='grc' dir='ltr'>ὡς</span> <span class='ocrx_word' id='word_1_17' title='bbox 3189 398 3336 468; x_wconf 72' lang='grc' dir='ltr'><strong>παρᾶ</strong></span> <span class='ocrx_word' id='word_1_18' title='bbox 3361 398 3511 465; x_wconf 81' lang='grc' dir='ltr'>θείας</span> <span class='ocrx_word' id='word_1_19' title='bbox 3530 398 3690 468; x_wconf 75' lang='grc' dir='ltr'>Ἀγά·</span> 
     </span>
    </p>
   </div>
   <div class='ocr_carea' id='block_1_6' title="bbox 448 482 2020 552">
    <p class='ocr_par' dir='ltr' id='par_1_6' title="bbox 448 482 2020 552">
     <span class='ocr_line' id='line_1_6' title="bbox 448 482 2020 552; baseline 0.002 -16"><span class='ocrx_word' id='word_1_20' title='bbox 448 482 740 550; x_wconf 70' lang='lat' dir='ltr'><strong>prmbetur,</strong></span> <span class='ocrx_word' id='word_1_21' title='bbox 778 483 881 545; x_wconf 83' lang='lat' dir='ltr'><strong>bis,</strong></span> <span class='ocrx_word' id='word_1_22' title='bbox 916 486 1006 550; x_wconf 97' lang='lat' dir='ltr'><strong>qui</strong></span> <span class='ocrx_word' id='word_1_23' title='bbox 1068 498 1162 552; x_wconf 88' lang='lat' dir='ltr'><strong>per</strong></span> <span class='ocrx_word' id='word_1_24' title='bbox 1201 484 1429 552; x_wconf 86' lang='lat' dir='ltr'><strong>gratiam</strong></span> <span class='ocrx_word' id='word_1_25' title='bbox 1465 494 1524 540; x_wconf 93' lang='lat' dir='ltr'><strong>ut</strong></span> <span class='ocrx_word' id='word_1_26' title='bbox 1559 484 1651 539; x_wconf 84' lang='lat' dir='ltr'><strong>ﬁlii</strong></span> <span class='ocrx_word' id='word_1_27' title='bbox 1697 484 1791 539; x_wconf 87' lang='lat' dir='ltr'><strong>Dei</strong></span> <span class='ocrx_word' id='word_1_28' title='bbox 1828 487 1931 540; x_wconf 85' lang='lat' dir='ltr'><strong>sint</strong></span> <span class='ocrx_word' id='word_1_29' title='bbox 1966 498 2020 539; x_wconf 84' lang='lat' dir='ltr'><strong>et</strong></span> 
     </span>
    </p>
   </div>
   <div class='ocr_carea' id='block_1_7' title="bbox 446 574 2022 645">
    <p class='ocr_par' dir='ltr' id='par_1_7' title="bbox 446 574 2022 645">
     <span class='ocr_line' id='line_1_7' title="bbox 446 574 2022 645; baseline 0.001 -17"><span class='ocrx_word' id='word_1_30' title='bbox 446 574 698 628; x_wconf 79' lang='lat' dir='ltr'><strong>dic-antur</strong></span> <span class='ocrx_word' id='word_1_31' title='bbox 726 576 1004 630; x_wconf 80' lang='lat' dir='ltr'><strong>consecuti</strong></span> <span class='ocrx_word' id='word_1_32' title='bbox 1029 584 1157 630; x_wconf 89' lang='lat' dir='ltr'><strong>sunt</strong></span> <span class='ocrx_word' id='word_1_33' title='bbox 1190 591 1206 628; x_wconf 91' lang='lat'><strong>:</strong></span> <span class='ocrx_word' id='word_1_34' title='bbox 1242 576 1614 645; x_wconf 65' lang='lat' dir='ltr'><strong>«Quicumque</strong></span> <span class='ocrx_word' id='word_1_35' title='bbox 1643 578 1810 642; x_wconf 83' lang='lat' dir='ltr'><strong>enim,</strong></span> <span class='ocrx_word' id='word_1_36' title='bbox 1846 578 2022 644; x_wconf 88' lang='lat' dir='ltr'><strong>inquit</strong></span> 
     </span>
    </p>
   </div>
   <div class='ocr_carea' id='block_1_8' title="bbox 451 664 2011 735">
    <p class='ocr_par' dir='ltr' id='par_1_8' title="bbox 451 664 2011 735">
     <span class='ocr_line' id='line_1_8' title="bbox 451 664 2011 735; baseline 0.001 -17"><span class='ocrx_word' id='word_1_37' title='bbox 451 664 671 725; x_wconf 80' lang='lat' dir='ltr'><strong>Paulus.</strong></span> <span class='ocrx_word' id='word_1_38' title='bbox 705 665 908 735; x_wconf 89' lang='lat' dir='ltr'><strong>Spiritu</strong></span> <span class='ocrx_word' id='word_1_39' title='bbox 954 665 1043 719; x_wconf 85' lang='lat' dir='ltr'><strong>Dei</strong></span> <span class='ocrx_word' id='word_1_40' title='bbox 1073 678 1328 732; x_wconf 75' lang='lat' dir='ltr'><strong>aguntur,</strong></span> <span class='ocrx_word' id='word_1_41' title='bbox 1364 669 1415 723; x_wconf 82' lang='grc' dir='ltr'><strong>Ιιί</strong></span> <span class='ocrx_word' id='word_1_42' title='bbox 1453 679 1581 724; x_wconf 86' lang='lat' dir='ltr'><strong>sunt</strong></span> <span class='ocrx_word' id='word_1_43' title='bbox 1612 670 1704 724; x_wconf 84' lang='lat' dir='ltr'><strong>lilii</strong></span> <span class='ocrx_word' id='word_1_44' title='bbox 1757 668 1850 722; x_wconf 92' lang='lat' dir='ltr'><strong>Dei</strong></span> <span class='ocrx_word' id='word_1_45' title='bbox 1885 667 1955 722; x_wconf 83' lang='grc'><strong>⁸⁸.</strong></span> <span class='ocrx_word' id='word_1_46' title='bbox 1992 687 2011 719; x_wconf 72' lang='grc' dir='ltr'><strong>ι</strong></span> 
     </span>
    </p>
   </div>
   <div class='ocr_carea' id='block_1_9' title="bbox 454 756 2021 826">
    <p class='ocr_par' dir='ltr' id='par_1_9' title="bbox 454 756 2021 826">
     <span class='ocr_line' id='line_1_9' title="bbox 454 756 2021 826; baseline 0.002 -16"><span class='ocrx_word' id='word_1_47' title='bbox 454 778 473 810; x_wconf 72' lang='grc' dir='ltr'><strong>ι</strong></span> <span class='ocrx_word' id='word_1_48' title='bbox 522 758 582 811; x_wconf 86' lang='lat' dir='ltr'><strong>Et</strong></span> <span class='ocrx_word' id='word_1_49' title='bbox 639 772 904 811; x_wconf 84' lang='lat' dir='ltr'><strong>rursum:</strong></span> <span class='ocrx_word' id='word_1_50' title='bbox 974 756 1073 812; x_wconf 85' lang='lat' dir='ltr'><strong>Ubi</strong></span> <span class='ocrx_word' id='word_1_51' title='bbox 1130 757 1366 826; x_wconf 76' lang='lat' dir='ltr'><strong>Spiritus</strong></span> <span class='ocrx_word' id='word_1_52' title='bbox 1424 760 1657 819; x_wconf 84' lang='lat' dir='ltr'><strong>Domini.</strong></span> <span class='ocrx_word' id='word_1_53' title='bbox 1729 763 1800 815; x_wconf 88' lang='lat' dir='ltr'><strong>ibi</strong></span> <span class='ocrx_word' id='word_1_54' title='bbox 1858 761 2021 815; x_wconf 88' lang='lat' dir='ltr'><strong>liber-</strong></span> 
     </span>
    </p>
   </div>
   <div class='ocr_carea' id='block_1_10' title="bbox 453 845 2017 917">
    <p class='ocr_par' dir='ltr' id='par_1_10' title="bbox 453 845 2017 917">
     <span class='ocr_line' id='line_1_10' title="bbox 453 845 2017 917; baseline 0.003 -19"><span class='ocrx_word' id='word_1_55' title='bbox 453 857 533 900; x_wconf 89' lang='lat' dir='ltr'><strong>tas</strong></span> <span class='ocrx_word' id='word_1_56' title='bbox 563 846 633 899; x_wconf 72' lang='grc' dir='ltr'><strong>⁸ν.</strong></span> <span class='ocrx_word' id='word_1_57' title='bbox 673 863 692 897; x_wconf 73' lang='grc' dir='ltr'><strong>ι</strong></span> <span class='ocrx_word' id='word_1_58' title='bbox 731 847 794 900; x_wconf 85' lang='grc' dir='ltr'>Ει</span> <span class='ocrx_word' id='word_1_59' title='bbox 825 864 838 901; x_wconf 87' lang='lat'><strong>:</strong></span> <span class='ocrx_word' id='word_1_60' title='bbox 881 865 899 898; x_wconf 82' lang='grc' dir='ltr'><strong>ι</strong></span> <span class='ocrx_word' id='word_1_61' title='bbox 941 845 997 902; x_wconf 91' lang='lat' dir='ltr'><strong>Si</strong></span> <span class='ocrx_word' id='word_1_62' title='bbox 1031 845 1238 917; x_wconf 84' lang='lat' dir='ltr'><strong>Spiritu</strong></span> <span class='ocrx_word' id='word_1_63' title='bbox 1273 849 1562 916; x_wconf 87' lang='lat' dir='ltr'><strong>ducimiui,</strong></span> <span class='ocrx_word' id='word_1_64' title='bbox 1601 864 1711 905; x_wconf 87' lang='lat' dir='ltr'><strong>non</strong></span> <span class='ocrx_word' id='word_1_65' title='bbox 1738 851 1876 906; x_wconf 90' lang='lat' dir='ltr'><strong>estis</strong></span> <span class='ocrx_word' id='word_1_66' title='bbox 1910 850 2017 905; x_wconf 85' lang='lat' dir='ltr'><strong>sub</strong></span> 
     </span>
    </p>
   </div>
   <div class='ocr_carea' id='block_1_11' title="bbox 444 942 724 1009">
    <p class='ocr_par' dir='ltr' id='par_1_11' title="bbox 444 942 724 1009">
     <span class='ocr_line' id='line_1_11' title="bbox 444 942 724 1009; baseline -0.004 -13"><span class='ocrx_word' id='word_1_67' title='bbox 444 943 564 1009; x_wconf 86' lang='lat' dir='ltr'><strong>lege</strong></span> <span class='ocrx_word' id='word_1_68' title='bbox 599 942 668 997; x_wconf 84' lang='lat'><strong>&#39;°.</strong></span> <span class='ocrx_word' id='word_1_69' title='bbox 705 962 724 995; x_wconf 68' lang='grc' dir='ltr'><strong>υ</strong></span> 
     </span>
    </p>
   </div>
   <div class='ocr_carea' id='block_1_12' title="bbox 518 1033 2016 1107">
    <p class='ocr_par' dir='ltr' id='par_1_12' title="bbox 518 1033 2016 1107">
     <span class='ocr_line' id='line_1_12' title="bbox 518 1033 2016 1107; baseline 0.003 -21"><span class='ocrx_word' id='word_1_70' title='bbox 518 1033 655 1090; x_wconf 82' lang='lat' dir='ltr'><strong>iiinc</strong></span> <span class='ocrx_word' id='word_1_71' title='bbox 694 1045 778 1090; x_wconf 87' lang='lat' dir='ltr'><strong>est</strong></span> <span class='ocrx_word' id='word_1_72' title='bbox 822 1036 1044 1102; x_wconf 83' lang='lat' dir='ltr'><strong>etquod</strong></span> <span class='ocrx_word' id='word_1_73' title='bbox 1081 1035 1341 1107; x_wconf 82' lang='lat' dir='ltr'><strong>Spiritus.</strong></span> <span class='ocrx_word' id='word_1_74' title='bbox 1386 1036 1570 1092; x_wconf 86' lang='lat' dir='ltr'><strong>carnis</strong></span> <span class='ocrx_word' id='word_1_75' title='bbox 1599 1051 1765 1107; x_wconf 84' lang='lat' dir='ltr'><strong>opera</strong></span> <span class='ocrx_word' id='word_1_76' title='bbox 1812 1035 2016 1091; x_wconf 90' lang='lat' dir='ltr'><strong>dicitur</strong></span> 
     </span>
    </p>
   </div>
   <div class='ocr_carea' id='block_1_13' title="bbox 443 1129 2017 1201">
    <p class='ocr_par' dir='ltr' id='par_1_13' title="bbox 443 1129 2017 1201">
     <span class='ocr_line' id='line_1_13' title="bbox 443 1129 2017 1201; baseline 0.001 -19"><span class='ocrx_word' id='word_1_77' title='bbox 443 1129 797 1197; x_wconf 80' lang='lat' dir='ltr'><strong>mortiﬁcare,</strong></span> <span class='ocrx_word' id='word_1_78' title='bbox 850 1140 1126 1200; x_wconf 82' lang='lat' dir='ltr'><strong>quatenus</strong></span> <span class='ocrx_word' id='word_1_79' title='bbox 1182 1147 1277 1201; x_wconf 84' lang='lat' dir='ltr'><strong>per</strong></span> <span class='ocrx_word' id='word_1_80' title='bbox 1324 1132 1507 1186; x_wconf 87' lang='lat' dir='ltr'><strong>carnis</strong></span> <span class='ocrx_word' id='word_1_81' title='bbox 1564 1131 1818 1186; x_wconf 81' lang='lat' dir='ltr'><strong>libidines</strong></span> <span class='ocrx_word' id='word_1_82' title='bbox 1853 1139 2017 1198; x_wconf 86' lang='lat' dir='ltr'><strong>atque</strong></span> 
     </span>
    </p>
   </div>
   <div class='ocr_carea' id='block_1_14' title="bbox 441 1218 2013 1292">
    <p class='ocr_par' dir='ltr' id='par_1_14' title="bbox 441 1218 2013 1292">
     <span class='ocr_line' id='line_1_14' title="bbox 441 1218 2013 1292; baseline 0.004 -24"><span class='ocrx_word' id='word_1_83' title='bbox 441 1218 574 1274; x_wconf 80' lang='lat' dir='ltr'><strong>\itia</strong></span> <span class='ocrx_word' id='word_1_84' title='bbox 604 1234 635 1274; x_wconf 88' lang='lat' dir='ltr'><strong>a</strong></span> <span class='ocrx_word' id='word_1_85' title='bbox 672 1234 803 1274; x_wconf 84' lang='lat' dir='ltr'><strong>vero</strong></span> <span class='ocrx_word' id='word_1_86' title='bbox 837 1220 983 1276; x_wconf 90' lang='lat' dir='ltr'><strong>bono</strong></span> <span class='ocrx_word' id='word_1_87' title='bbox 1010 1222 1337 1283; x_wconf 81' lang='lat' dir='ltr'><strong>recedimus,</strong></span> <span class='ocrx_word' id='word_1_88' title='bbox 1363 1222 1429 1276; x_wconf 88' lang='lat' dir='ltr'><strong>ad</strong></span> <span class='ocrx_word' id='word_1_89' title='bbox 1461 1221 1607 1292; x_wconf 87' lang='lat' dir='ltr'><strong>quod</strong></span> <span class='ocrx_word' id='word_1_90' title='bbox 1645 1237 1744 1277; x_wconf 87' lang='lat' dir='ltr'><strong>nos</strong></span> <span class='ocrx_word' id='word_1_91' title='bbox 1775 1220 2013 1289; x_wconf 86' lang='lat' dir='ltr'><strong>Spiritus</strong></span> 
     </span>
    </p>
   </div>
   <div class='ocr_carea' id='block_1_15' title="bbox 444 1311 2012 1383">
    <p class='ocr_par' dir='ltr' id='par_1_15' title="bbox 444 1311 2012 1383">
     <span class='ocr_line' id='line_1_15' title="bbox 444 1311 2012 1383; baseline -0.001 -17"><span class='ocrx_word' id='word_1_92' title='bbox 444 1322 674 1367; x_wconf 86' lang='lat' dir='ltr'><strong>sanctus</strong></span> <span class='ocrx_word' id='word_1_93' title='bbox 723 1328 820 1382; x_wconf 75' lang='lat' dir='ltr'><strong>per</strong></span> <span class='ocrx_word' id='word_1_94' title='bbox 866 1313 1204 1368; x_wconf 86' lang='lat' dir='ltr'><strong>Cbaritatem</strong></span> <span class='ocrx_word' id='word_1_95' title='bbox 1265 1313 1470 1383; x_wconf 88' lang='lat' dir='ltr'><strong>dirigit,</strong></span> <span class='ocrx_word' id='word_1_96' title='bbox 1503 1313 1581 1366; x_wconf 88' lang='lat' dir='ltr'><strong>uti</strong></span> <span class='ocrx_word' id='word_1_97' title='bbox 1620 1312 1917 1381; x_wconf 85' lang='lat' dir='ltr'><strong>Apostolus</strong></span> <span class='ocrx_word' id='word_1_98' title='bbox 1945 1311 2012 1365; x_wconf 90' lang='lat' dir='ltr'><strong>ad</strong></span> 
     </span>
    </p>
   </div>
   <div class='ocr_carea' id='block_1_16' title="bbox 445 1401 2016 1475">
    <p class='ocr_par' dir='ltr' id='par_1_16' title="bbox 445 1401 2016 1475">
     <span class='ocr_line' id='line_1_16' title="bbox 445 1401 2016 1475; baseline -0.001 -19"><span class='ocrx_word' id='word_1_99' title='bbox 445 1403 722 1459; x_wconf 81' lang='lat' dir='ltr'><strong>Romanos</strong></span> <span class='ocrx_word' id='word_1_100' title='bbox 751 1404 959 1470; x_wconf 85' lang='lat' dir='ltr'><strong>scribit,</strong></span> <span class='ocrx_word' id='word_1_101' title='bbox 995 1423 1015 1457; x_wconf 83' lang='grc' dir='ltr'><strong>ι</strong></span> <span class='ocrx_word' id='word_1_102' title='bbox 1050 1403 1111 1460; x_wconf 88' lang='lat' dir='ltr'><strong>Si</strong></span> <span class='ocrx_word' id='word_1_103' title='bbox 1138 1401 1348 1475; x_wconf 86' lang='lat' dir='ltr'><strong>Spiritu</strong></span> <span class='ocrx_word' id='word_1_104' title='bbox 1406 1420 1567 1473; x_wconf 81' lang='lat' dir='ltr'><strong>opera</strong></span> <span class='ocrx_word' id='word_1_105' title='bbox 1609 1404 1792 1459; x_wconf 83' lang='lat' dir='ltr'><strong>carnis</strong></span> <span class='ocrx_word' id='word_1_106' title='bbox 1824 1402 2016 1456; x_wconf 90' lang='lat' dir='ltr'><strong>morti-</strong></span> 
     </span>
    </p>
   </div>
   <div class='ocr_carea' id='block_1_17' title="bbox 446 1494 2006 1563">
    <p class='ocr_par' dir='ltr' id='par_1_17' title="bbox 446 1494 2006 1563">
     <span class='ocr_line' id='line_1_17' title="bbox 446 1494 2006 1563; baseline -0.001 -15"><span class='ocrx_word' id='word_1_107' title='bbox 446 1495 740 1550; x_wconf 87' lang='lat' dir='ltr'><strong>licaveritis</strong></span> <span class='ocrx_word' id='word_1_108' title='bbox 764 1534 779 1556; x_wconf 92' lang='lat'><strong>,</strong></span> <span class='ocrx_word' id='word_1_109' title='bbox 814 1494 1007 1550; x_wconf 80' lang='lat' dir='ltr'><strong>vivetis</strong></span> <span class='ocrx_word' id='word_1_110' title='bbox 1032 1495 1099 1550; x_wconf 82' lang='grc'><strong>⁹¹.</strong></span> <span class='ocrx_word' id='word_1_111' title='bbox 1142 1514 1160 1546; x_wconf 73' lang='grc' dir='ltr'><strong>ι</strong></span> <span class='ocrx_word' id='word_1_112' title='bbox 1203 1495 1365 1549; x_wconf 77' lang='lat' dir='ltr'><strong>Multa</strong></span> <span class='ocrx_word' id='word_1_113' title='bbox 1392 1497 1521 1549; x_wconf 78' lang='lat' dir='ltr'><strong>v&#39;ero</strong></span> <span class='ocrx_word' id='word_1_114' title='bbox 1552 1494 1715 1549; x_wconf 88' lang='lat' dir='ltr'><strong>etiam</strong></span> <span class='ocrx_word' id='word_1_115' title='bbox 1748 1494 1851 1547; x_wconf 89' lang='lat' dir='ltr'><strong>alia</strong></span> <span class='ocrx_word' id='word_1_116' title='bbox 1877 1507 2006 1563; x_wconf 84' lang='lat' dir='ltr'><strong>pos-</strong></span> 
     </span>
    </p>
   </div>
   <div class='ocr_carea' id='block_1_18' title="bbox 442 1583 2009 1655">
    <p class='ocr_par' dir='ltr' id='par_1_18' title="bbox 442 1583 2009 1655">
     <span class='ocr_line' id='line_1_18' title="bbox 442 1583 2009 1655; baseline -0.002 -15"><span class='ocrx_word' id='word_1_117' title='bbox 442 1586 514 1640; x_wconf 79' lang='lat' dir='ltr'><strong>sit</strong></span> <span class='ocrx_word' id='word_1_118' title='bbox 540 1586 661 1652; x_wconf 87' lang='lat' dir='ltr'><strong>quis</strong></span> <span class='ocrx_word' id='word_1_119' title='bbox 697 1585 968 1651; x_wconf 86' lang='lat' dir='ltr'><strong>invenire,</strong></span> <span class='ocrx_word' id='word_1_120' title='bbox 998 1585 1198 1655; x_wconf 90' lang='lat' dir='ltr'><strong>quibus</strong></span> <span class='ocrx_word' id='word_1_121' title='bbox 1227 1600 1390 1653; x_wconf 85' lang='lat' dir='ltr'><strong>opera</strong></span> <span class='ocrx_word' id='word_1_122' title='bbox 1436 1585 1732 1641; x_wconf 82' lang='lat' dir='ltr'><strong>Cbaritatis</strong></span> <span class='ocrx_word' id='word_1_123' title='bbox 1788 1583 2009 1653; x_wconf 81' lang='lat' dir='ltr'><strong>proprie</strong></span> 
     </span>
    </p>
   </div>
   <div class='ocr_carea' id='block_1_19' title="bbox 444 1674 2012 1742">
    <p class='ocr_par' dir='ltr' id='par_1_19' title="bbox 444 1674 2012 1742">
     <span class='ocr_line' id='line_1_19' title="bbox 444 1674 2012 1742; baseline 0.001 -14"><span class='ocrx_word' id='word_1_124' title='bbox 444 1674 669 1742; x_wconf 80' lang='lat' dir='ltr'><strong>Spiritui</strong></span> <span class='ocrx_word' id='word_1_125' title='bbox 705 1685 898 1732; x_wconf 87' lang='lat' dir='ltr'><strong>saneto</strong></span> <span class='ocrx_word' id='word_1_126' title='bbox 927 1676 1332 1733; x_wconf 83' lang='lat' dir='ltr'><strong>accommodari</strong></span> <span class='ocrx_word' id='word_1_127' title='bbox 1364 1684 1741 1739; x_wconf 86' lang='lat' dir='ltr'><strong>monstretur;</strong></span> <span class='ocrx_word' id='word_1_128' title='bbox 1776 1684 1836 1730; x_wconf 90' lang='lat' dir='ltr'><strong>ut</strong></span> <span class='ocrx_word' id='word_1_129' title='bbox 1883 1675 2012 1729; x_wconf 89' lang='lat' dir='ltr'><strong>inde</strong></span> 
     </span>
    </p>
   </div>
   <div class='ocr_carea' id='block_1_20' title="bbox 2121 486 3690 557">
    <p class='ocr_par' dir='ltr' id='par_1_20' title="bbox 2121 486 3690 557">
     <span class='ocr_line' id='line_1_20' title="bbox 2121 486 3690 557; baseline 0.003 -18"><span class='ocrx_word' id='word_1_130' title='bbox 2121 501 2252 555; x_wconf 81' lang='grc' dir='ltr'>πης,</span> <span class='ocrx_word' id='word_1_131' title='bbox 2312 486 2406 540; x_wconf 81' lang='grc' dir='ltr'>τοῦ</span> <span class='ocrx_word' id='word_1_132' title='bbox 2440 487 2598 554; x_wconf 80' lang='grc' dir='ltr'>ἁγίου</span> <span class='ocrx_word' id='word_1_133' title='bbox 2649 487 2988 557; x_wconf 85' lang='grc' dir='ltr'>Πνεύματος,</span> <span class='ocrx_word' id='word_1_134' title='bbox 3029 486 3234 541; x_wconf 65' lang='grc' dir='ltr'>δίδοται</span> <span class='ocrx_word' id='word_1_135' title='bbox 3265 492 3377 547; x_wconf 70' lang='grc' dir='ltr'>τοῖς</span> <span class='ocrx_word' id='word_1_136' title='bbox 3406 490 3503 556; x_wconf 86' lang='grc' dir='ltr'><strong>τῆς</strong></span> <span class='ocrx_word' id='word_1_137' title='bbox 3535 490 3690 554; x_wconf 82' lang='grc' dir='ltr'>θείας</span> 
     </span>
    </p>
   </div>
   <div class='ocr_carea' id='block_1_21' title="bbox 2117 577 3693 650">
    <p class='ocr_par' dir='ltr' id='par_1_21' title="bbox 2117 577 3693 650">
     <span class='ocr_line' id='line_1_21' title="bbox 2117 577 3693 650; baseline 0.003 -21"><span class='ocrx_word' id='word_1_138' title='bbox 2117 577 2363 645; x_wconf 75' lang='grc' dir='ltr'>υῑότητος</span> <span class='ocrx_word' id='word_1_139' title='bbox 2384 580 2523 631; x_wconf 82' lang='grc' dir='ltr'>κατά</span> <span class='ocrx_word' id='word_1_140' title='bbox 2551 579 2713 648; x_wconf 86' lang='grc' dir='ltr'>χάριν</span> <span class='ocrx_word' id='word_1_141' title='bbox 2732 577 3065 644; x_wconf 80' lang='grc' dir='ltr'>ἀξιωθεῖσιν.</span> <span class='ocrx_word' id='word_1_142' title='bbox 3101 597 3120 629; x_wconf 81' lang='grc' dir='ltr'><strong>ι</strong></span> <span class='ocrx_word' id='word_1_143' title='bbox 3157 578 3314 632; x_wconf 86' lang='grc' dir='ltr'>Ὅσοι</span> <span class='ocrx_word' id='word_1_144' title='bbox 3338 579 3466 648; x_wconf 72' lang='grc' dir='ltr'>γάρ,</span> <span class='ocrx_word' id='word_1_145' title='bbox 3507 600 3526 633; x_wconf 72' lang='grc' dir='ltr'><strong>ι</strong></span> <span class='ocrx_word' id='word_1_146' title='bbox 3552 581 3693 650; x_wconf 77' lang='grc' dir='ltr'>φησὶ</span> 
     </span>
    </p>
   </div>
   <div class='ocr_carea' id='block_1_22' title="bbox 2119 663 3692 739">
    <p class='ocr_par' dir='ltr' id='par_1_22' title="bbox 2119 663 3692 739">
     <span class='ocr_line' id='line_1_22' title="bbox 2119 663 3692 739; baseline 0.003 -17"><span class='ocrx_word' id='word_1_147' title='bbox 2119 669 2354 733; x_wconf 81' lang='grc' dir='ltr'>Παῦλος.</span> <span class='ocrx_word' id='word_1_148' title='bbox 2392 688 2413 722; x_wconf 81' lang='grc' dir='ltr'><strong>ι</strong></span> <span class='ocrx_word' id='word_1_149' title='bbox 2450 670 2729 739; x_wconf 85' lang='grc' dir='ltr'>Πνεύματι</span> <span class='ocrx_word' id='word_1_150' title='bbox 2767 671 2905 726; x_wconf 79' lang='grc' dir='ltr'>Θεοῦ</span> <span class='ocrx_word' id='word_1_151' title='bbox 2928 670 3174 739; x_wconf 72' lang='grc' dir='ltr'>ἄγονται,</span> <span class='ocrx_word' id='word_1_152' title='bbox 3199 663 3347 724; x_wconf 73' lang='grc' dir='ltr'>οὗτοι</span> <span class='ocrx_word' id='word_1_153' title='bbox 3398 674 3535 725; x_wconf 71' lang='grc' dir='ltr'>εἰσιν</span> <span class='ocrx_word' id='word_1_154' title='bbox 3583 673 3692 726; x_wconf 75' lang='grc' dir='ltr'>υἱοὶ</span> 
     </span>
    </p>
   </div>
   <div class='ocr_carea' id='block_1_23' title="bbox 2118 759 3692 833">
    <p class='ocr_par' dir='ltr' id='par_1_23' title="bbox 2118 759 3692 833">
     <span class='ocr_line' id='line_1_23' title="bbox 2118 759 3692 833; baseline 0.003 -21"><span class='ocrx_word' id='word_1_155' title='bbox 2118 759 2276 814; x_wconf 81' lang='grc' dir='ltr'>Θεοῦ.</span> <span class='ocrx_word' id='word_1_156' title='bbox 2310 779 2327 812; x_wconf 75' lang='grc' dir='ltr'><strong>ι</strong></span> <span class='ocrx_word' id='word_1_157' title='bbox 2371 761 2484 814; x_wconf 82' lang='grc' dir='ltr'><strong>Καὶ</strong></span> <span class='ocrx_word' id='word_1_158' title='bbox 2510 761 2693 826; x_wconf 88' lang='grc' dir='ltr'>πάλιν,</span> <span class='ocrx_word' id='word_1_159' title='bbox 2725 781 2744 813; x_wconf 71' lang='grc' dir='ltr'><strong>ι</strong></span> <span class='ocrx_word' id='word_1_160' title='bbox 2777 762 2954 816; x_wconf 82' lang='grc' dir='ltr'>Ὅπου</span> <span class='ocrx_word' id='word_1_161' title='bbox 2979 763 3041 814; x_wconf 78' lang='grc' dir='ltr'><strong>τὸ</strong></span> <span class='ocrx_word' id='word_1_162' title='bbox 3065 762 3292 832; x_wconf 76' lang='grc' dir='ltr'>Πνεῦμα</span> <span class='ocrx_word' id='word_1_163' title='bbox 3319 764 3549 833; x_wconf 80' lang='grc' dir='ltr'><strong>Κυρίου,</strong></span> <span class='ocrx_word' id='word_1_164' title='bbox 3570 764 3692 817; x_wconf 68' lang='grc' dir='ltr'>ἐκεῖ</span> 
     </span>
    </p>
   </div>
   <div class='ocr_carea' id='block_1_24' title="bbox 2117 847 3688 921">
    <p class='ocr_par' dir='ltr' id='par_1_24' title="bbox 2117 847 3688 921">
     <span class='ocr_line' id='line_1_24' title="bbox 2117 847 3688 921; baseline 0.004 -23"><span class='ocrx_word' id='word_1_165' title='bbox 2117 847 2426 918; x_wconf 76' lang='grc' dir='ltr'>ἐλευθερία.</span> <span class='ocrx_word' id='word_1_166' title='bbox 2465 866 2484 900; x_wconf 76' lang='grc' dir='ltr'><strong>ι</strong></span> <span class='ocrx_word' id='word_1_167' title='bbox 2523 849 2652 913; x_wconf 77' lang='grc' dir='ltr'>Καὶ,</span> <span class='ocrx_word' id='word_1_168' title='bbox 2694 868 2713 902; x_wconf 78' lang='grc' dir='ltr'><strong>ι</strong></span> <span class='ocrx_word' id='word_1_169' title='bbox 2753 851 2813 906; x_wconf 87' lang='grc' dir='ltr'><strong>Εἰ</strong></span> <span class='ocrx_word' id='word_1_170' title='bbox 2854 850 3137 921; x_wconf 84' lang='grc' dir='ltr'>Πνεύματι</span> <span class='ocrx_word' id='word_1_171' title='bbox 3173 851 3394 921; x_wconf 85' lang='grc' dir='ltr'>άγεσθε,</span> <span class='ocrx_word' id='word_1_172' title='bbox 3423 853 3525 907; x_wconf 84' lang='grc' dir='ltr'><strong>οὐκ</strong></span> <span class='ocrx_word' id='word_1_173' title='bbox 3563 852 3688 906; x_wconf 75' lang='grc' dir='ltr'>ἐστὲ</span> 
     </span>
    </p>
   </div>
   <div class='ocr_carea' id='block_1_25' title="bbox 2119 939 2496 1008">
    <p class='ocr_par' dir='ltr' id='par_1_25' title="bbox 2119 939 2496 1008">
     <span class='ocr_line' id='line_1_25' title="bbox 2119 939 2496 1008; baseline 0.005 -18"><span class='ocrx_word' id='word_1_174' title='bbox 2119 939 2224 991; x_wconf 81' lang='grc' dir='ltr'>ὑπὸ</span> <span class='ocrx_word' id='word_1_175' title='bbox 2256 940 2439 1008; x_wconf 87' lang='grc' dir='ltr'>νόμον.</span> <span class='ocrx_word' id='word_1_176' title='bbox 2477 959 2496 992; x_wconf 72' lang='grc' dir='ltr'><strong>ι</strong></span> 
     </span>
    </p>
   </div>
   <div class='ocr_carea' id='block_1_26' title="bbox 2201 1029 3686 1107">
    <p class='ocr_par' dir='ltr' id='par_1_26' title="bbox 2201 1029 3686 1107">
     <span class='ocr_line' id='line_1_26' title="bbox 2201 1029 3686 1107; baseline 0.001 -20"><span class='ocrx_word' id='word_1_177' title='bbox 2201 1029 2483 1087; x_wconf 80' lang='grc' dir='ltr'><strong>Ἐντεῦθεν</strong></span> <span class='ocrx_word' id='word_1_178' title='bbox 2508 1034 2627 1087; x_wconf 75' lang='grc' dir='ltr'>ἐστὶ</span> <span class='ocrx_word' id='word_1_179' title='bbox 2665 1035 2725 1087; x_wconf 76' lang='grc' dir='ltr'>τὺ</span> <span class='ocrx_word' id='word_1_180' title='bbox 2753 1035 2847 1087; x_wconf 67' lang='grc' dir='ltr'><strong>καὶ</strong></span> <span class='ocrx_word' id='word_1_181' title='bbox 2876 1034 2943 1088; x_wconf 80' lang='grc' dir='ltr'>τά</span> <span class='ocrx_word' id='word_1_182' title='bbox 2991 1035 3091 1103; x_wconf 83' lang='grc' dir='ltr'><strong>τῆς</strong></span> <span class='ocrx_word' id='word_1_183' title='bbox 3128 1036 3328 1107; x_wconf 73' lang='grc' dir='ltr'>σαρκὸς</span> <span class='ocrx_word' id='word_1_184' title='bbox 3350 1034 3491 1107; x_wconf 70' lang='grc' dir='ltr'>ἔργα</span> <span class='ocrx_word' id='word_1_185' title='bbox 3522 1036 3686 1089; x_wconf 83' lang='grc' dir='ltr'>θανα-</span> 
     </span>
    </p>
   </div>
   <div class='ocr_carea' id='block_1_27' title="bbox 2115 1122 3689 1195">
    <p class='ocr_par' dir='ltr' id='par_1_27' title="bbox 2115 1122 3689 1195">
     <span class='ocr_line' id='line_1_27' title="bbox 2115 1122 3689 1195; baseline 0.004 -21"><span class='ocrx_word' id='word_1_186' title='bbox 2115 1122 2243 1176; x_wconf 81' lang='grc' dir='ltr'>τοῦν</span> <span class='ocrx_word' id='word_1_187' title='bbox 2264 1123 2323 1177; x_wconf 76' lang='grc' dir='ltr'>τὸ</span> <span class='ocrx_word' id='word_1_188' title='bbox 2348 1124 2571 1195; x_wconf 79' lang='grc' dir='ltr'>Πνεῦμα</span> <span class='ocrx_word' id='word_1_189' title='bbox 2597 1125 2873 1193; x_wconf 80' lang='grc' dir='ltr'>λέγεσθαι,</span> <span class='ocrx_word' id='word_1_190' title='bbox 2899 1125 3089 1180; x_wconf 82' lang='grc' dir='ltr'>καθότι</span> <span class='ocrx_word' id='word_1_191' title='bbox 3115 1126 3206 1179; x_wconf 70' lang='grc' dir='ltr'><strong>διὰ</strong></span> <span class='ocrx_word' id='word_1_192' title='bbox 3238 1127 3344 1179; x_wconf 87' lang='grc' dir='ltr'><strong>τῶν</strong></span> <span class='ocrx_word' id='word_1_193' title='bbox 3377 1126 3566 1180; x_wconf 86' lang='grc' dir='ltr'>παθῶν</span> <span class='ocrx_word' id='word_1_194' title='bbox 3589 1127 3689 1195; x_wconf 77' lang='grc' dir='ltr'>τῆς</span> 
     </span>
    </p>
   </div>
   <div class='ocr_carea' id='block_1_28' title="bbox 2118 1215 3685 1287">
    <p class='ocr_par' dir='ltr' id='par_1_28' title="bbox 2118 1215 3685 1287">
     <span class='ocr_line' id='line_1_28' title="bbox 2118 1215 3685 1287; baseline 0.001 -20"><span class='ocrx_word' id='word_1_195' title='bbox 2118 1215 2319 1284; x_wconf 80' lang='grc' dir='ltr'>σαρκὸς</span> <span class='ocrx_word' id='word_1_196' title='bbox 2353 1216 2748 1287; x_wconf 80' lang='grc' dir='ltr'>ἀποχωροῦμεν</span> <span class='ocrx_word' id='word_1_197' title='bbox 2782 1219 2846 1270; x_wconf 78' lang='grc' dir='ltr'>ὲκ</span> <span class='ocrx_word' id='word_1_198' title='bbox 2888 1216 2982 1270; x_wconf 76' lang='grc' dir='ltr'>τοῦ</span> <span class='ocrx_word' id='word_1_199' title='bbox 3013 1218 3230 1286; x_wconf 80' lang='grc' dir='ltr'>άληθῶς</span> <span class='ocrx_word' id='word_1_200' title='bbox 3280 1216 3513 1285; x_wconf 73' lang='grc' dir='ltr'>ἀγαθοῦ,</span> <span class='ocrx_word' id='word_1_201' title='bbox 3549 1218 3685 1285; x_wconf 68' lang='grc' dir='ltr'>πρδς</span> 
     </span>
    </p>
   </div>
   <div class='ocr_carea' id='block_1_29' title="bbox 2116 1308 3688 1379">
    <p class='ocr_par' dir='ltr' id='par_1_29' title="bbox 2116 1308 3688 1379">
     <span class='ocr_line' id='line_1_29' title="bbox 2116 1308 3688 1379; baseline 0 -17"><span class='ocrx_word' id='word_1_202' title='bbox 2116 1309 2143 1362; x_wconf 86' lang='grc' dir='ltr'><strong>ὃ</strong></span> <span class='ocrx_word' id='word_1_203' title='bbox 2174 1308 2491 1379; x_wconf 51' lang='grc' dir='ltr'>διξάγάπης</span> <span class='ocrx_word' id='word_1_204' title='bbox 2513 1310 2660 1376; x_wconf 77' lang='grc' dir='ltr'>ἡμᾶς</span> <span class='ocrx_word' id='word_1_205' title='bbox 2693 1309 2753 1361; x_wconf 74' lang='grc' dir='ltr'><strong>τὸ</strong></span> <span class='ocrx_word' id='word_1_206' title='bbox 2782 1308 3006 1379; x_wconf 74' lang='grc' dir='ltr'>Πνεῦμα</span> <span class='ocrx_word' id='word_1_207' title='bbox 3037 1310 3095 1360; x_wconf 83' lang='grc' dir='ltr'>τὸ</span> <span class='ocrx_word' id='word_1_208' title='bbox 3136 1308 3295 1376; x_wconf 77' lang='grc' dir='ltr'>ἅγιον</span> <span class='ocrx_word' id='word_1_209' title='bbox 3321 1310 3530 1373; x_wconf 85' lang='grc' dir='ltr'>τάττει,</span> <span class='ocrx_word' id='word_1_210' title='bbox 3559 1310 3631 1371; x_wconf 85' lang='grc' dir='ltr'>ὼς</span> <span class='ocrx_word' id='word_1_211' title='bbox 3658 1312 3688 1362; x_wconf 88' lang='grc' dir='ltr'>ὁ</span> 
     </span>
    </p>
   </div>
   <div class='ocr_carea' id='block_1_30' title="bbox 2128 1398 3687 1469">
    <p class='ocr_par' dir='ltr' id='par_1_30' title="bbox 2128 1398 3687 1469">
     <span class='ocr_line' id='line_1_30' title="bbox 2128 1398 3687 1469; baseline 0.001 -18"><span class='ocrx_word' id='word_1_212' title='bbox 2128 1399 2450 1459; x_wconf 78' lang='grc' dir='ltr'>’Λπόστολος</span> <span class='ocrx_word' id='word_1_213' title='bbox 2471 1399 2605 1469; x_wconf 80' lang='grc' dir='ltr'>πρὸς</span> <span class='ocrx_word' id='word_1_214' title='bbox 2641 1400 2967 1469; x_wconf 78' lang='grc' dir='ltr'><strong>Ῥωμαίους,</strong></span> <span class='ocrx_word' id='word_1_215' title='bbox 3001 1419 3018 1451; x_wconf 78' lang='grc' dir='ltr'><strong>ι</strong></span> <span class='ocrx_word' id='word_1_216' title='bbox 3055 1400 3118 1454; x_wconf 77' lang='grc' dir='ltr'><strong>Εἰ</strong></span> <span class='ocrx_word' id='word_1_217' title='bbox 3149 1398 3428 1468; x_wconf 76' lang='grc' dir='ltr'>Πνεύματι</span> <span class='ocrx_word' id='word_1_218' title='bbox 3453 1400 3518 1451; x_wconf 84' lang='grc' dir='ltr'><strong>τά</strong></span> <span class='ocrx_word' id='word_1_219' title='bbox 3550 1400 3687 1468; x_wconf 76' lang='grc' dir='ltr'>ἔργα</span> 
     </span>
    </p>
   </div>
   <div class='ocr_carea' id='block_1_31' title="bbox 2115 1489 3686 1561">
    <p class='ocr_par' dir='ltr' id='par_1_31' title="bbox 2115 1489 3686 1561">
     <span class='ocr_line' id='line_1_31' title="bbox 2115 1489 3686 1561; baseline 0.001 -19"><span class='ocrx_word' id='word_1_220' title='bbox 2115 1490 2216 1559; x_wconf 82' lang='grc' dir='ltr'>τῆς</span> <span class='ocrx_word' id='word_1_221' title='bbox 2250 1490 2448 1561; x_wconf 74' lang='grc' dir='ltr'>σαρκὸς</span> <span class='ocrx_word' id='word_1_222' title='bbox 2476 1489 2837 1561; x_wconf 73' lang='grc' dir='ltr'>ἐνεκρώσατε,</span> <span class='ocrx_word' id='word_1_223' title='bbox 2866 1492 3121 1561; x_wconf 79' lang='grc' dir='ltr'><strong>ζήσεσθε.</strong></span> <span class='ocrx_word' id='word_1_224' title='bbox 3168 1513 3185 1543; x_wconf 72' lang='grc' dir='ltr'><strong>ι</strong></span> <span class='ocrx_word' id='word_1_225' title='bbox 3237 1492 3413 1545; x_wconf 84' lang='grc' dir='ltr'>Πολλά</span> <span class='ocrx_word' id='word_1_226' title='bbox 3440 1491 3485 1544; x_wconf 87' lang='grc' dir='ltr'>δ’</span> <span class='ocrx_word' id='word_1_227' title='bbox 3510 1492 3576 1546; x_wconf 84' lang='grc' dir='ltr'><strong>άν</strong></span> <span class='ocrx_word' id='word_1_228' title='bbox 3603 1509 3686 1554; x_wconf 85' lang='grc' dir='ltr'><strong>τις</strong></span> 
     </span>
    </p>
   </div>
   <div class='ocr_carea' id='block_1_32' title="bbox 2116 1577 3682 1654">
    <p class='ocr_par' dir='ltr' id='par_1_32' title="bbox 2116 1577 3682 1654">
     <span class='ocr_line' id='line_1_32' title="bbox 2116 1577 3682 1654; baseline 0 -20"><span class='ocrx_word' id='word_1_229' title='bbox 2116 1582 2266 1652; x_wconf 80' lang='grc' dir='ltr'>εὖροι</span> <span class='ocrx_word' id='word_1_230' title='bbox 2299 1583 2396 1635; x_wconf 77' lang='grc' dir='ltr'><strong>καὶ</strong></span> <span class='ocrx_word' id='word_1_231' title='bbox 2422 1580 2580 1643; x_wconf 80' lang='grc' dir='ltr'>ἄλλα,</span> <span class='ocrx_word' id='word_1_232' title='bbox 2632 1581 2698 1636; x_wconf 87' lang='grc' dir='ltr'>δι’</span> <span class='ocrx_word' id='word_1_233' title='bbox 2726 1577 2801 1636; x_wconf 83' lang='grc' dir='ltr'>ὧν</span> <span class='ocrx_word' id='word_1_234' title='bbox 2828 1582 2894 1636; x_wconf 76' lang='grc' dir='ltr'><strong>ἂν</strong></span> <span class='ocrx_word' id='word_1_235' title='bbox 2930 1584 3074 1646; x_wconf 75' lang='grc' dir='ltr'>ἰδίως</span> <span class='ocrx_word' id='word_1_236' title='bbox 3113 1583 3191 1654; x_wconf 84' lang='grc' dir='ltr'><strong>τῷ</strong></span> <span class='ocrx_word' id='word_1_237' title='bbox 3225 1584 3366 1652; x_wconf 82' lang='grc' dir='ltr'>ἁγίῳ</span> <span class='ocrx_word' id='word_1_238' title='bbox 3399 1584 3682 1651; x_wconf 50' lang='lat' dir='ltr'><strong>“vadunt.</strong></span> 
     </span>
    </p>
   </div>
   <div class='ocr_carea' id='block_1_33' title="bbox 2117 1673 3684 1745">
    <p class='ocr_par' dir='ltr' id='par_1_33' title="bbox 2117 1673 3684 1745">
     <span class='ocr_line' id='line_1_33' title="bbox 2117 1673 3684 1745; baseline -0.001 -20"><span class='ocrx_word' id='word_1_239' title='bbox 2117 1674 2605 1745; x_wconf 75' lang='grc' dir='ltr'>προσαρμοζόμενα</span> <span class='ocrx_word' id='word_1_240' title='bbox 2648 1677 2717 1730; x_wconf 83' lang='grc' dir='ltr'><strong>τά</strong></span> <span class='ocrx_word' id='word_1_241' title='bbox 2746 1675 2845 1744; x_wconf 79' lang='grc' dir='ltr'><strong>τῆς</strong></span> <span class='ocrx_word' id='word_1_242' title='bbox 2879 1675 3125 1745; x_wconf 81' lang='grc' dir='ltr'>Ἀγάπης</span> <span class='ocrx_word' id='word_1_243' title='bbox 3174 1674 3312 1744; x_wconf 74' lang='grc' dir='ltr'>ἔργα</span> <span class='ocrx_word' id='word_1_244' title='bbox 3340 1673 3642 1727; x_wconf 80' lang='grc' dir='ltr'>δεικνύοιτο</span> <span class='ocrx_word' id='word_1_245' title='bbox 3671 1689 3684 1702; x_wconf 94' lang='grc'><strong>·</strong></span> 
     </span>
    </p>
   </div>
   <div class='ocr_carea' id='block_1_34' title="bbox 442 1742 2013 1839">
    <p class='ocr_par' dir='ltr' id='par_1_34' title="bbox 442 1765 2013 1837">
     <span class='ocr_line' id='line_1_34' title="bbox 442 1765 2013 1837; baseline 0.002 -20"><span class='ocrx_word' id='word_1_246' title='bbox 442 1767 621 1834; x_wconf 57' lang='lat' dir='ltr'><strong>palam</strong></span> <span class='ocrx_word' id='word_1_247' title='bbox 657 1766 769 1832; x_wconf 81' lang='lat' dir='ltr'><strong>ﬁat,</strong></span> <span class='ocrx_word' id='word_1_248' title='bbox 812 1765 1078 1837; x_wconf 89' lang='lat' dir='ltr'><strong>Spiritum</strong></span> <span class='ocrx_word' id='word_1_249' title='bbox 1139 1776 1391 1823; x_wconf 89' lang='lat' dir='ltr'><strong>sanctum</strong></span> <span class='ocrx_word' id='word_1_250' title='bbox 1449 1782 1516 1822; x_wconf 82' lang='lat' dir='ltr'><strong>ex</strong></span> <span class='ocrx_word' id='word_1_251' title='bbox 1550 1765 1661 1821; x_wconf 88' lang='lat' dir='ltr'><strong>Deo</strong></span> <span class='ocrx_word' id='word_1_252' title='bbox 1717 1765 2013 1834; x_wconf 77' lang='lat' dir='ltr'><strong>procedere</strong></span> 
     </span>
    </p>
   </div>
   <div class='ocr_carea' id='block_1_35' title="bbox 2115 1742 3681 1839">
    <p class='ocr_par' dir='ltr' id='par_1_35' title="bbox 2115 1742 3681 1839">
     <span class='ocr_line' id='line_1_35' title="bbox 2115 1742 3681 1839; baseline -0.002 -20"><span class='ocrx_word' id='word_1_253' title='bbox 2115 1765 2187 1830; x_wconf 80' lang='grc' dir='ltr'>ὡς</span> <span class='ocrx_word' id='word_1_254' title='bbox 2226 1742 2384 1835; x_wconf 82' lang='grc' dir='ltr'>δῆλον</span> <span class='ocrx_word' id='word_1_255' title='bbox 2432 1742 2683 1822; x_wconf 72' lang='grc' dir='ltr'>ἐντεῦθεν</span> <span class='ocrx_word' id='word_1_256' title='bbox 2734 1742 2982 1837; x_wconf 81' lang='grc' dir='ltr'>γίνεσθαι</span> <span class='ocrx_word' id='word_1_257' title='bbox 3034 1742 3109 1830; x_wconf 81' lang='grc' dir='ltr'>ὡς</span> <span class='ocrx_word' id='word_1_258' title='bbox 3149 1742 3399 1839; x_wconf 78' lang='grc' dir='ltr'>Ἀγάπην</span> <span class='ocrx_word' id='word_1_259' title='bbox 3446 1767 3511 1819; x_wconf 82' lang='grc' dir='ltr'>ὲκ</span> <span class='ocrx_word' id='word_1_260' title='bbox 3542 1764 3681 1818; x_wconf 76' lang='grc' dir='ltr'>Θεοῦ</span> 
     </span>
    </p>
   </div>
   <div class='ocr_carea' id='block_1_36' title="bbox 445 1854 2010 1925">
    <p class='ocr_par' dir='ltr' id='par_1_36' title="bbox 445 1854 2010 1925">
     <span class='ocr_line' id='line_1_36' title="bbox 445 1854 2010 1925; baseline 0.001 -17"><span class='ocrx_word' id='word_1_261' title='bbox 445 1865 506 1908; x_wconf 87' lang='lat' dir='ltr'><strong>ut</strong></span> <span class='ocrx_word' id='word_1_262' title='bbox 536 1855 878 1922; x_wconf 85' lang='lat' dir='ltr'><strong>eharitatem,</strong></span> <span class='ocrx_word' id='word_1_263' title='bbox 938 1857 1393 1925; x_wconf 88' lang='lat' dir='ltr'><strong>quemadmodum</strong></span> <span class='ocrx_word' id='word_1_264' title='bbox 1430 1856 1600 1911; x_wconf 76' lang='lat' dir='ltr'><strong>Filius</strong></span> <span class='ocrx_word' id='word_1_265' title='bbox 1655 1865 1713 1911; x_wconf 91' lang='lat' dir='ltr'><strong>ut</strong></span> <span class='ocrx_word' id='word_1_266' title='bbox 1772 1854 2010 1910; x_wconf 73' lang='lat' dir='ltr'><strong>Verbum</strong></span> 
     </span>
    </p>
   </div>
   <div class='ocr_carea' id='block_1_37' title="bbox 446 1945 2013 2010">
    <p class='ocr_par' dir='ltr' id='par_1_37' title="bbox 446 1945 2013 2010">
     <span class='ocr_line' id='line_1_37' title="bbox 446 1945 2013 2010; baseline 0.001 -12"><span class='ocrx_word' id='word_1_267' title='bbox 446 1947 658 2010; x_wconf 79' lang='lat' dir='ltr'><strong>notitia,</strong></span> <span class='ocrx_word' id='word_1_268' title='bbox 690 1962 785 2003; x_wconf 66' lang='lat' dir='ltr'><strong>so-u</strong></span> <span class='ocrx_word' id='word_1_269' title='bbox 835 1961 958 1999; x_wconf 87' lang='lat' dir='ltr'><strong>cum</strong></span> <span class='ocrx_word' id='word_1_270' title='bbox 1017 1948 1181 2001; x_wconf 89' lang='lat' dir='ltr'><strong>ambo</strong></span> <span class='ocrx_word' id='word_1_271' title='bbox 1231 1963 1294 2002; x_wconf 69' lang='lat' dir='ltr'><strong>es</strong></span> <span class='ocrx_word' id='word_1_272' title='bbox 1340 1946 1523 2001; x_wconf 85' lang='lat' dir='ltr'><strong>divina</strong></span> <span class='ocrx_word' id='word_1_273' title='bbox 1560 1955 1741 2001; x_wconf 87' lang='lat' dir='ltr'><strong>mente</strong></span> <span class='ocrx_word' id='word_1_274' title='bbox 1768 1955 1821 2000; x_wconf 90' lang='lat' dir='ltr'><strong>et</strong></span> <span class='ocrx_word' id='word_1_275' title='bbox 1857 1945 2013 1999; x_wconf 81' lang='lat' dir='ltr'><strong>Patre</strong></span> 
     </span>
    </p>
   </div>
   <div class='ocr_carea' id='block_1_38' title="bbox 442 2038 1102 2094">
    <p class='ocr_par' dir='ltr' id='par_1_38' title="bbox 442 2038 1102 2094">
     <span class='ocr_line' id='line_1_38' title="bbox 442 2038 1102 2094; baseline 0 -2"><span class='ocrx_word' id='word_1_276' title='bbox 442 2038 815 2093; x_wconf 74' lang='lat' dir='ltr'><strong>exsistentiam</strong></span> <span class='ocrx_word' id='word_1_277' title='bbox 846 2038 1102 2094; x_wconf 82' lang='lat' dir='ltr'><strong>habeant.</strong></span> 
     </span>
    </p>
   </div>
   <div class='ocr_carea' id='block_1_39' title="bbox 510 2125 2016 2196">
    <p class='ocr_par' dir='ltr' id='par_1_39' title="bbox 510 2125 2016 2196">
     <span class='ocr_line' id='line_1_39' title="bbox 510 2125 2016 2196; baseline -0.001 -16"><span class='ocrx_word' id='word_1_278' title='bbox 510 2125 691 2196; x_wconf 87' lang='lat' dir='ltr'><strong>Atque</strong></span> <span class='ocrx_word' id='word_1_279' title='bbox 715 2125 831 2182; x_wconf 71' lang='lat' dir='ltr'><strong>haec</strong></span> <span class='ocrx_word' id='word_1_280' title='bbox 861 2127 1149 2183; x_wconf 84' lang='lat' dir='ltr'><strong>hactenus.</strong></span> <span class='ocrx_word' id='word_1_281' title='bbox 1196 2127 1353 2181; x_wconf 81' lang='lat' dir='ltr'><strong>Alius</strong></span> <span class='ocrx_word' id='word_1_282' title='bbox 1383 2141 1513 2181; x_wconf 79' lang='lat' dir='ltr'><strong>vero</strong></span> <span class='ocrx_word' id='word_1_283' title='bbox 1537 2126 1759 2196; x_wconf 89' lang='lat' dir='ltr'><strong>quidam</strong></span> <span class='ocrx_word' id='word_1_284' title='bbox 1796 2134 2016 2181; x_wconf 79' lang='lat' dir='ltr'><strong>saneto-</strong></span> 
     </span>
    </p>
   </div>
   <div class='ocr_carea' id='block_1_40' title="bbox 440 2216 2017 2288">
    <p class='ocr_par' dir='ltr' id='par_1_40' title="bbox 440 2216 2017 2288">
     <span class='ocr_line' id='line_1_40' title="bbox 440 2216 2017 2288; baseline 0.003 -20"><span class='ocrx_word' id='word_1_285' title='bbox 440 2231 585 2281; x_wconf 87' lang='lat' dir='ltr'><strong>rum,</strong></span> <span class='ocrx_word' id='word_1_286' title='bbox 623 2218 728 2272; x_wconf 88' lang='lat' dir='ltr'><strong>boc</strong></span> <span class='ocrx_word' id='word_1_287' title='bbox 756 2226 1026 2288; x_wconf 77' lang='lat' dir='ltr'><strong>satagens,</strong></span> <span class='ocrx_word' id='word_1_288' title='bbox 1063 2226 1122 2272; x_wconf 91' lang='lat' dir='ltr'><strong>ut</strong></span> <span class='ocrx_word' id='word_1_289' title='bbox 1155 2216 1329 2272; x_wconf 86' lang='lat' dir='ltr'><strong>solum</strong></span> <span class='ocrx_word' id='word_1_290' title='bbox 1381 2219 1634 2273; x_wconf 89' lang='lat' dir='ltr'><strong>unionem</strong></span> <span class='ocrx_word' id='word_1_291' title='bbox 1689 2235 1753 2275; x_wconf 89' lang='lat' dir='ltr'><strong>ae</strong></span> <span class='ocrx_word' id='word_1_292' title='bbox 1822 2219 2017 2275; x_wconf 88' lang='lat' dir='ltr'><strong>distiu-</strong></span> 
     </span>
    </p>
   </div>
   <div class='ocr_carea' id='block_1_41' title="bbox 442 2307 2015 2379">
    <p class='ocr_par' dir='ltr' id='par_1_41' title="bbox 442 2307 2015 2379">
     <span class='ocr_line' id='line_1_41' title="bbox 442 2307 2015 2379; baseline 0.004 -18"><span class='ocrx_word' id='word_1_293' title='bbox 442 2307 684 2363; x_wconf 85' lang='lat' dir='ltr'><strong>ctionem</strong></span> <span class='ocrx_word' id='word_1_294' title='bbox 755 2310 1026 2379; x_wconf 83' lang='lat' dir='ltr'><strong>tantisper</strong></span> <span class='ocrx_word' id='word_1_295' title='bbox 1068 2309 1392 2372; x_wconf 85' lang='lat' dir='ltr'><strong>declararet,</strong></span> <span class='ocrx_word' id='word_1_296' title='bbox 1423 2320 1531 2365; x_wconf 87' lang='lat' dir='ltr'><strong>tres</strong></span> <span class='ocrx_word' id='word_1_297' title='bbox 1592 2310 1736 2367; x_wconf 82' lang='lat' dir='ltr'><strong>faces</strong></span> <span class='ocrx_word' id='word_1_298' title='bbox 1766 2312 1911 2367; x_wconf 89' lang='lat' dir='ltr'><strong>inter</strong></span> <span class='ocrx_word' id='word_1_299' title='bbox 1957 2328 2015 2367; x_wconf 88' lang='lat' dir='ltr'><strong>se</strong></span> 
     </span>
    </p>
   </div>
   <div class='ocr_carea' id='block_1_42' title="bbox 441 2400 2014 2470">
    <p class='ocr_par' dir='ltr' id='par_1_42' title="bbox 441 2400 2014 2470">
     <span class='ocr_line' id='line_1_42' title="bbox 441 2400 2014 2470; baseline 0.003 -18"><span class='ocrx_word' id='word_1_300' title='bbox 441 2400 676 2468; x_wconf 77' lang='lat' dir='ltr'><strong>:rqnaies</strong></span> <span class='ocrx_word' id='word_1_301' title='bbox 712 2400 895 2454; x_wconf 88' lang='lat' dir='ltr'><strong>animo</strong></span> <span class='ocrx_word' id='word_1_302' title='bbox 921 2402 1202 2470; x_wconf 80' lang='lat' dir='ltr'><strong>cogitavit,</strong></span> <span class='ocrx_word' id='word_1_303' title='bbox 1227 2401 1281 2456; x_wconf 91' lang='lat' dir='ltr'><strong>in</strong></span> <span class='ocrx_word' id='word_1_304' title='bbox 1313 2417 1419 2457; x_wconf 88' lang='lat' dir='ltr'><strong>una</strong></span> <span class='ocrx_word' id='word_1_305' title='bbox 1456 2416 1714 2458; x_wconf 87' lang='lat' dir='ltr'><strong>accensas</strong></span> <span class='ocrx_word' id='word_1_306' title='bbox 1745 2404 1930 2459; x_wconf 86' lang='lat' dir='ltr'><strong>domo.</strong></span> <span class='ocrx_word' id='word_1_307' title='bbox 1954 2403 2014 2458; x_wconf 86' lang='lat' dir='ltr'><strong>in</strong></span> 
     </span>
    </p>
   </div>
   <div class='ocr_carea' id='block_1_43' title="bbox 441 2491 2013 2561">
    <p class='ocr_par' dir='ltr' id='par_1_43' title="bbox 441 2491 2013 2561">
     <span class='ocr_line' id='line_1_43' title="bbox 441 2491 2013 2561; baseline -0.001 -16"><span class='ocrx_word' id='word_1_308' title='bbox 441 2506 506 2545; x_wconf 88' lang='lat' dir='ltr'><strong>ea</strong></span> <span class='ocrx_word' id='word_1_309' title='bbox 537 2506 772 2560; x_wconf 89' lang='lat' dir='ltr'><strong>namque</strong></span> <span class='ocrx_word' id='word_1_310' title='bbox 814 2491 975 2545; x_wconf 90' lang='lat' dir='ltr'><strong>trium</strong></span> <span class='ocrx_word' id='word_1_311' title='bbox 1032 2492 1215 2546; x_wconf 89' lang='lat' dir='ltr'><strong>lumen</strong></span> <span class='ocrx_word' id='word_1_312' title='bbox 1263 2499 1525 2561; x_wconf 86' lang='lat' dir='ltr'><strong>tanquam</strong></span> <span class='ocrx_word' id='word_1_313' title='bbox 1562 2506 1629 2546; x_wconf 75' lang='lat' dir='ltr'><strong>ex</strong></span> <span class='ocrx_word' id='word_1_314' title='bbox 1676 2506 1808 2555; x_wconf 88' lang='lat' dir='ltr'><strong>una.</strong></span> <span class='ocrx_word' id='word_1_315' title='bbox 1845 2507 2013 2546; x_wconf 85' lang='lat' dir='ltr'><strong>unum</strong></span> 
     </span>
    </p>
   </div>
   <div class='ocr_carea' id='block_1_44' title="bbox 442 2580 2019 2655">
    <p class='ocr_par' dir='ltr' id='par_1_44' title="bbox 442 2580 2019 2655">
     <span class='ocr_line' id='line_1_44' title="bbox 442 2580 2019 2655; baseline 0.001 -20"><span class='ocrx_word' id='word_1_316' title='bbox 442 2580 850 2650; x_wconf 68' lang='lat' dir='ltr'><strong>conSpicimus;</strong></span> <span class='ocrx_word' id='word_1_317' title='bbox 884 2596 1100 2650; x_wconf 88' lang='lat' dir='ltr'><strong>unaque</strong></span> <span class='ocrx_word' id='word_1_318' title='bbox 1146 2581 1385 2644; x_wconf 79' lang='lat' dir='ltr'><strong>sublata,</strong></span> <span class='ocrx_word' id='word_1_319' title='bbox 1418 2582 1543 2655; x_wconf 82' lang='lat' dir='ltr'><strong>ejus</strong></span> <span class='ocrx_word' id='word_1_320' title='bbox 1577 2582 1758 2638; x_wconf 89' lang='lat' dir='ltr'><strong>lumen</strong></span> <span class='ocrx_word' id='word_1_321' title='bbox 1809 2582 1884 2637; x_wconf 83' lang='lat' dir='ltr'><strong>illi</strong></span> <span class='ocrx_word' id='word_1_322' title='bbox 1925 2598 2019 2637; x_wconf 91' lang='lat' dir='ltr'><strong>co-</strong></span> 
     </span>
    </p>
   </div>
   <div class='ocr_carea' id='block_1_45' title="bbox 440 2672 2014 2743">
    <p class='ocr_par' dir='ltr' id='par_1_45' title="bbox 440 2672 2014 2743">
     <span class='ocr_line' id='line_1_45' title="bbox 440 2672 2014 2743; baseline 0.001 -16"><span class='ocrx_word' id='word_1_323' title='bbox 440 2688 559 2727; x_wconf 87' lang='lat' dir='ltr'><strong>mes</strong></span> <span class='ocrx_word' id='word_1_324' title='bbox 600 2672 866 2743; x_wconf 80' lang='lat' dir='ltr'><strong>sequitur,</strong></span> <span class='ocrx_word' id='word_1_325' title='bbox 912 2688 1037 2727; x_wconf 89' lang='lat' dir='ltr'><strong>cum</strong></span> <span class='ocrx_word' id='word_1_326' title='bbox 1080 2672 1192 2728; x_wconf 90' lang='lat' dir='ltr'><strong>duo</strong></span> <span class='ocrx_word' id='word_1_327' title='bbox 1223 2672 1428 2742; x_wconf 86' lang='lat' dir='ltr'><strong>reliqua</strong></span> <span class='ocrx_word' id='word_1_328' title='bbox 1464 2673 1668 2728; x_wconf 88' lang='lat' dir='ltr'><strong>lumina</strong></span> <span class='ocrx_word' id='word_1_329' title='bbox 1716 2673 2014 2729; x_wconf 89' lang='lat' dir='ltr'><strong>secundum</strong></span> 
     </span>
    </p>
   </div>
   <div class='ocr_carea' id='block_1_46' title="bbox 443 2763 2016 2836">
    <p class='ocr_par' dir='ltr' id='par_1_46' title="bbox 443 2763 2016 2836">
     <span class='ocr_line' id='line_1_46' title="bbox 443 2763 2016 2836; baseline -0.001 -15"><span class='ocrx_word' id='word_1_330' title='bbox 443 2778 508 2821; x_wconf 73' lang='lat' dir='ltr'><strong>se</strong></span> <span class='ocrx_word' id='word_1_331' title='bbox 534 2779 634 2818; x_wconf 86' lang='lat' dir='ltr'><strong>nec</strong></span> <span class='ocrx_word' id='word_1_332' title='bbox 665 2765 962 2835; x_wconf 82' lang='lat' dir='ltr'><strong>quidquam</strong></span> <span class='ocrx_word' id='word_1_333' title='bbox 996 2766 1313 2821; x_wconf 87' lang='lat' dir='ltr'><strong>minuantur</strong></span> <span class='ocrx_word' id='word_1_334' title='bbox 1361 2780 1539 2835; x_wconf 87' lang='lat' dir='ltr'><strong>neque</strong></span> <span class='ocrx_word' id='word_1_335' title='bbox 1566 2774 1889 2836; x_wconf 77' lang='lat' dir='ltr'><strong>augeantur.</strong></span> <span class='ocrx_word' id='word_1_336' title='bbox 1921 2763 2016 2820; x_wconf 82' lang='lat' dir='ltr'><strong>Li-</strong></span> 
     </span>
    </p>
   </div>
   <div class='ocr_carea' id='block_1_47' title="bbox 439 2855 2016 2927">
    <p class='ocr_par' dir='ltr' id='par_1_47' title="bbox 439 2855 2016 2927">
     <span class='ocr_line' id='line_1_47' title="bbox 439 2855 2016 2927; baseline 0 -15"><span class='ocrx_word' id='word_1_337' title='bbox 439 2868 570 2927; x_wconf 78' lang='lat' dir='ltr'><strong>quet</strong></span> <span class='ocrx_word' id='word_1_338' title='bbox 624 2857 786 2926; x_wconf 83' lang='lat' dir='ltr'><strong>igitur</strong></span> <span class='ocrx_word' id='word_1_339' title='bbox 814 2856 916 2910; x_wconf 85' lang='lat' dir='ltr'><strong>tria</strong></span> <span class='ocrx_word' id='word_1_340' title='bbox 948 2860 1062 2911; x_wconf 58' lang='lat' dir='ltr'><strong>hac</strong></span> <span class='ocrx_word' id='word_1_341' title='bbox 1103 2856 1269 2911; x_wconf 79' lang='lat' dir='ltr'><strong>trium</strong></span> <span class='ocrx_word' id='word_1_342' title='bbox 1334 2855 1532 2912; x_wconf 79' lang='lat' dir='ltr'><strong>facium</strong></span> <span class='ocrx_word' id='word_1_343' title='bbox 1563 2856 1793 2923; x_wconf 89' lang='lat' dir='ltr'><strong>lumina,</strong></span> <span class='ocrx_word' id='word_1_344' title='bbox 1833 2872 1955 2911; x_wconf 77' lang='lat' dir='ltr'><strong>cum</strong></span> <span class='ocrx_word' id='word_1_345' title='bbox 1986 2873 2016 2912; x_wconf 91' lang='lat' dir='ltr'><strong>a</strong></span> 
     </span>
    </p>
   </div>
   <div class='ocr_carea' id='block_1_48' title="bbox 440 2945 2015 3016">
    <p class='ocr_par' dir='ltr' id='par_1_48' title="bbox 440 2945 2015 3016">
     <span class='ocr_line' id='line_1_48' title="bbox 440 2945 2015 3016; baseline 0 -13"><span class='ocrx_word' id='word_1_346' title='bbox 440 2949 602 3004; x_wconf 86' lang='lat' dir='ltr'><strong>nobis</strong></span> <span class='ocrx_word' id='word_1_347' title='bbox 636 2964 803 3003; x_wconf 88' lang='lat' dir='ltr'><strong>unum</strong></span> <span class='ocrx_word' id='word_1_348' title='bbox 836 2947 1305 3016; x_wconf 87' lang='lat' dir='ltr'><strong>conspicerentur.</strong></span> <span class='ocrx_word' id='word_1_349' title='bbox 1347 2945 1643 3002; x_wconf 86' lang='lat' dir='ltr'><strong>secundum</strong></span> <span class='ocrx_word' id='word_1_350' title='bbox 1682 2961 1743 3002; x_wconf 89' lang='lat' dir='ltr'><strong>se</strong></span> <span class='ocrx_word' id='word_1_351' title='bbox 1780 2945 2015 3004; x_wconf 85' lang='lat' dir='ltr'><strong>discreta</strong></span> 
     </span>
    </p>
   </div>
   <div class='ocr_carea' id='block_1_49' title="bbox 436 3038 2015 3110">
    <p class='ocr_par' dir='ltr' id='par_1_49' title="bbox 436 3038 2015 3110">
     <span class='ocr_line' id='line_1_49' title="bbox 436 3038 2015 3110; baseline -0.001 -15"><span class='ocrx_word' id='word_1_352' title='bbox 436 3051 493 3096; x_wconf 87' lang='lat' dir='ltr'><strong>et</strong></span> <span class='ocrx_word' id='word_1_353' title='bbox 524 3056 630 3095; x_wconf 90' lang='lat' dir='ltr'><strong>non</strong></span> <span class='ocrx_word' id='word_1_354' title='bbox 668 3040 895 3095; x_wconf 82' lang='lat' dir='ltr'><strong>confusa</strong></span> <span class='ocrx_word' id='word_1_355' title='bbox 930 3041 1230 3097; x_wconf 81' lang='lat' dir='ltr'><strong>exstitisse.</strong></span> <span class='ocrx_word' id='word_1_356' title='bbox 1281 3039 1471 3110; x_wconf 83' lang='lat' dir='ltr'><strong>Neque</strong></span> <span class='ocrx_word' id='word_1_357' title='bbox 1512 3039 1658 3094; x_wconf 85' lang='lat' dir='ltr'><strong>enim</strong></span> <span class='ocrx_word' id='word_1_358' title='bbox 1693 3039 1896 3110; x_wconf 87' lang='lat' dir='ltr'><strong>alioqui</strong></span> <span class='ocrx_word' id='word_1_359' title='bbox 1932 3038 2015 3094; x_wconf 91' lang='lat' dir='ltr'><strong>in-</strong></span> 
     </span>
    </p>
   </div>
   <div class='ocr_carea' id='block_1_50' title="bbox 438 3131 2008 3201">
    <p class='ocr_par' dir='ltr' id='par_1_50' title="bbox 438 3131 2008 3201">
     <span class='ocr_line' id='line_1_50' title="bbox 438 3131 2008 3201; baseline 0.001 -16"><span class='ocrx_word' id='word_1_360' title='bbox 438 3133 721 3187; x_wconf 82' lang='lat' dir='ltr'><strong>commiste</strong></span> <span class='ocrx_word' id='word_1_361' title='bbox 775 3147 839 3188; x_wconf 90' lang='lat' dir='ltr'><strong>ae</strong></span> <span class='ocrx_word' id='word_1_362' title='bbox 889 3133 1036 3186; x_wconf 81' lang='lat' dir='ltr'><strong>Velut</strong></span> <span class='ocrx_word' id='word_1_363' title='bbox 1071 3146 1170 3201; x_wconf 86' lang='lat' dir='ltr'><strong>per</strong></span> <span class='ocrx_word' id='word_1_364' title='bbox 1232 3145 1293 3188; x_wconf 91' lang='lat' dir='ltr'><strong>se</strong></span> <span class='ocrx_word' id='word_1_365' title='bbox 1345 3131 1619 3188; x_wconf 72' lang='lat' dir='ltr'><strong>exsistens</strong></span> <span class='ocrx_word' id='word_1_366' title='bbox 1647 3146 1816 3185; x_wconf 90' lang='lat' dir='ltr'><strong>unum</strong></span> <span class='ocrx_word' id='word_1_367' title='bbox 1856 3131 2008 3197; x_wconf 89' lang='lat' dir='ltr'><strong>illud,</strong></span> 
     </span>
    </p>
   </div>
   <div class='ocr_carea' id='block_1_51' title="bbox 437 3219 2014 3297">
    <p class='ocr_par' dir='ltr' id='par_1_51' title="bbox 437 3219 2014 3297">
     <span class='ocr_line' id='line_1_51' title="bbox 437 3219 2014 3297; baseline -0.001 -20"><span class='ocrx_word' id='word_1_368' title='bbox 437 3234 797 3297; x_wconf 81' lang='lat' dir='ltr'><strong>posteaquam</strong></span> <span class='ocrx_word' id='word_1_369' title='bbox 839 3224 1165 3280; x_wconf 83' lang='lat' dir='ltr'><strong>subductum</strong></span> <span class='ocrx_word' id='word_1_370' title='bbox 1199 3232 1305 3286; x_wconf 89' lang='lat' dir='ltr'><strong>est,</strong></span> <span class='ocrx_word' id='word_1_371' title='bbox 1341 3230 1686 3277; x_wconf 86' lang='lat' dir='ltr'><strong>cerneretur.</strong></span> <span class='ocrx_word' id='word_1_372' title='bbox 1719 3219 1812 3277; x_wconf 89' lang='lat' dir='ltr'><strong>Sic</strong></span> <span class='ocrx_word' id='word_1_373' title='bbox 1847 3221 2014 3291; x_wconf 83' lang='lat' dir='ltr'><strong>igitur</strong></span> 
     </span>
    </p>
   </div>
   <div class='ocr_carea' id='block_1_52' title="bbox 435 3312 2009 3381">
    <p class='ocr_par' dir='ltr' id='par_1_52' title="bbox 435 3312 2009 3381">
     <span class='ocr_line' id='line_1_52' title="bbox 435 3312 2009 3381; baseline -0.003 -11"><span class='ocrx_word' id='word_1_374' title='bbox 435 3318 601 3372; x_wconf 77' lang='lat' dir='ltr'><strong>etiam</strong></span> <span class='ocrx_word' id='word_1_375' title='bbox 655 3326 765 3370; x_wconf 90' lang='lat' dir='ltr'><strong>tres</strong></span> <span class='ocrx_word' id='word_1_376' title='bbox 821 3328 1107 3381; x_wconf 87' lang='lat' dir='ltr'><strong>personas,</strong></span> <span class='ocrx_word' id='word_1_377' title='bbox 1161 3313 1225 3366; x_wconf 87' lang='lat' dir='ltr'><strong>ad</strong></span> <span class='ocrx_word' id='word_1_378' title='bbox 1280 3312 1576 3368; x_wconf 80' lang='lat' dir='ltr'><strong>essentiam</strong></span> <span class='ocrx_word' id='word_1_379' title='bbox 1618 3312 1763 3381; x_wconf 90' lang='lat' dir='ltr'><strong>quod</strong></span> <span class='ocrx_word' id='word_1_380' title='bbox 1800 3313 2009 3377; x_wconf 88' lang='lat' dir='ltr'><strong>attinet,</strong></span> 
     </span>
    </p>
   </div>
   <div class='ocr_carea' id='block_1_53' title="bbox 435 3400 2012 3479">
    <p class='ocr_par' dir='ltr' id='par_1_53' title="bbox 435 3400 2012 3479">
     <span class='ocr_line' id='line_1_53' title="bbox 435 3400 2012 3479; baseline -0.008 -13"><span class='ocrx_word' id='word_1_381' title='bbox 435 3400 604 3466; x_wconf 82' lang='lat' dir='ltr'><strong>unum</strong></span> <span class='ocrx_word' id='word_1_382' title='bbox 643 3407 971 3479; x_wconf 86' lang='lat' dir='ltr'><strong>cogitamus,</strong></span> <span class='ocrx_word' id='word_1_383' title='bbox 1004 3420 1125 3477; x_wconf 61' lang='lat' dir='ltr'><strong>quae</strong></span> <span class='ocrx_word' id='word_1_384' title='bbox 1151 3413 1355 3469; x_wconf 87' lang='lat' dir='ltr'><strong>tamen,</strong></span> <span class='ocrx_word' id='word_1_385' title='bbox 1394 3403 1589 3474; x_wconf 88' lang='lat' dir='ltr'><strong>quibus</strong></span> <span class='ocrx_word' id='word_1_386' title='bbox 1642 3402 1747 3457; x_wconf 89' lang='lat' dir='ltr'><strong>illis</strong></span> <span class='ocrx_word' id='word_1_387' title='bbox 1801 3403 2012 3457; x_wconf 76' lang='lat' dir='ltr'><strong>inconi-</strong></span> 
     </span>
    </p>
   </div>
   <div class='ocr_carea' id='block_1_54' title="bbox 437 3491 2012 3565">
    <p class='ocr_par' dir='ltr' id='par_1_54' title="bbox 437 3491 2012 3565">
     <span class='ocr_line' id='line_1_54' title="bbox 437 3491 2012 3565; baseline -0.003 -13"><span class='ocrx_word' id='word_1_388' title='bbox 437 3496 617 3553; x_wconf 66' lang='lat' dir='ltr'><strong>Inistae</strong></span> <span class='ocrx_word' id='word_1_389' title='bbox 651 3511 716 3552; x_wconf 89' lang='lat' dir='ltr'><strong>ac</strong></span> <span class='ocrx_word' id='word_1_390' title='bbox 751 3493 1054 3551; x_wconf 66' lang='lat' dir='ltr'><strong>inconfusa?</strong></span> <span class='ocrx_word' id='word_1_391' title='bbox 1085 3493 1447 3565; x_wconf 87' lang='lat' dir='ltr'><strong>proprietates</strong></span> <span class='ocrx_word' id='word_1_392' title='bbox 1485 3502 1739 3559; x_wconf 90' lang='lat' dir='ltr'><strong>manent,</strong></span> <span class='ocrx_word' id='word_1_393' title='bbox 1778 3491 1922 3547; x_wconf 90' lang='lat' dir='ltr'><strong>inter</strong></span> <span class='ocrx_word' id='word_1_394' title='bbox 1950 3507 2012 3548; x_wconf 87' lang='lat' dir='ltr'><strong>se</strong></span> 
     </span>
    </p>
   </div>
   <div class='ocr_carea' id='block_1_55' title="bbox 435 3583 2009 3654">
    <p class='ocr_par' dir='ltr' id='par_1_55' title="bbox 435 3583 2009 3654">
     <span class='ocr_line' id='line_1_55' title="bbox 435 3583 2009 3654; baseline -0.004 -11"><span class='ocrx_word' id='word_1_395' title='bbox 435 3589 586 3644; x_wconf 75' lang='grc' dir='ltr'>νυὶιιι</span> <span class='ocrx_word' id='word_1_396' title='bbox 635 3588 864 3644; x_wconf 90' lang='lat' dir='ltr'><strong>circuitu</strong></span> <span class='ocrx_word' id='word_1_397' title='bbox 922 3584 1101 3641; x_wconf 88' lang='lat' dir='ltr'><strong>redire</strong></span> <span class='ocrx_word' id='word_1_398' title='bbox 1141 3600 1208 3642; x_wconf 89' lang='lat' dir='ltr'><strong>ac</strong></span> <span class='ocrx_word' id='word_1_399' title='bbox 1257 3598 1568 3641; x_wconf 89' lang='lat' dir='ltr'><strong>commeare</strong></span> <span class='ocrx_word' id='word_1_400' title='bbox 1606 3583 2009 3654; x_wconf 78' lang='lat' dir='ltr'><strong>intelligantur;</strong></span> 
     </span>
    </p>
   </div>
   <div class='ocr_carea' id='block_1_56' title="bbox 434 3676 2008 3748">
    <p class='ocr_par' dir='ltr' id='par_1_56' title="bbox 434 3676 2008 3748">
     <span class='ocr_line' id='line_1_56' title="bbox 434 3676 2008 3748; baseline -0.003 -12"><span class='ocrx_word' id='word_1_401' title='bbox 434 3681 535 3736; x_wconf 77' lang='lat' dir='ltr'><strong>etsi</strong></span> <span class='ocrx_word' id='word_1_402' title='bbox 575 3696 730 3736; x_wconf 83' lang='lat' dir='ltr'><strong>mens</strong></span> <span class='ocrx_word' id='word_1_403' title='bbox 754 3689 963 3742; x_wconf 86' lang='lat' dir='ltr'><strong>nostra,</strong></span> <span class='ocrx_word' id='word_1_404' title='bbox 1011 3692 1109 3748; x_wconf 87' lang='lat' dir='ltr'><strong>pro</strong></span> <span class='ocrx_word' id='word_1_405' title='bbox 1136 3692 1204 3733; x_wconf 90' lang='lat' dir='ltr'><strong>eo</strong></span> <span class='ocrx_word' id='word_1_406' title='bbox 1229 3691 1294 3733; x_wconf 86' lang='lat' dir='ltr'><strong>ac</strong></span> <span class='ocrx_word' id='word_1_407' title='bbox 1329 3677 1509 3742; x_wconf 89' lang='lat' dir='ltr'><strong>decet,</strong></span> <span class='ocrx_word' id='word_1_408' title='bbox 1541 3691 1649 3731; x_wconf 92' lang='lat' dir='ltr'><strong>non</strong></span> <span class='ocrx_word' id='word_1_409' title='bbox 1693 3676 1828 3731; x_wconf 81' lang='lat' dir='ltr'><strong>satis</strong></span> <span class='ocrx_word' id='word_1_410' title='bbox 1859 3690 2008 3732; x_wconf 88' lang='lat' dir='ltr'><strong>asse-</strong></span> 
     </span>
    </p>
   </div>
   <div class='ocr_carea' id='block_1_57' title="bbox 434 3781 655 3841">
    <p class='ocr_par' dir='ltr' id='par_1_57' title="bbox 434 3781 655 3841">
     <span class='ocr_line' id='line_1_57' title="bbox 434 3781 655 3841; baseline -0.005 -14"><span class='ocrx_word' id='word_1_411' title='bbox 434 3781 655 3841; x_wconf 79' lang='lat' dir='ltr'><strong>(piatur.</strong></span> 
     </span>
    </p>
   </div>
   <div class='ocr_carea' id='block_1_58' title="bbox 507 3855 2013 3934">
    <p class='ocr_par' dir='ltr' id='par_1_58' title="bbox 507 3855 2013 3934">
     <span class='ocr_line' id='line_1_58' title="bbox 507 3855 2013 3934; baseline -0.004 -17"><span class='ocrx_word' id='word_1_412' title='bbox 507 3862 735 3934; x_wconf 80' lang='lat' dir='ltr'><strong>Magnus</strong></span> <span class='ocrx_word' id='word_1_413' title='bbox 765 3870 945 3916; x_wconf 90' lang='lat' dir='ltr'><strong>autem</strong></span> <span class='ocrx_word' id='word_1_414' title='bbox 979 3856 1324 3921; x_wconf 85' lang='lat' dir='ltr'><strong>Basilius,ad</strong></span> <span class='ocrx_word' id='word_1_415' title='bbox 1376 3871 1497 3912; x_wconf 91' lang='lat' dir='ltr'><strong>eam</strong></span> <span class='ocrx_word' id='word_1_416' title='bbox 1546 3871 1661 3911; x_wconf 85' lang='lat' dir='ltr'><strong>rem</strong></span> <span class='ocrx_word' id='word_1_417' title='bbox 1726 3855 2013 3911; x_wconf 80' lang='lat' dir='ltr'><strong>declaran-</strong></span> 
     </span>
    </p>
   </div>
   <div class='ocr_carea' id='block_1_59' title="bbox 434 3946 2016 4018">
    <p class='ocr_par' dir='ltr' id='par_1_59' title="bbox 434 3946 2016 4018">
     <span class='ocr_line' id='line_1_59' title="bbox 434 3946 2016 4018; baseline -0.009 -4"><span class='ocrx_word' id='word_1_418' title='bbox 434 3961 559 4014; x_wconf 85' lang='lat' dir='ltr'><strong>dam</strong></span> <span class='ocrx_word' id='word_1_419' title='bbox 590 3972 778 4014; x_wconf 88' lang='lat' dir='ltr'><strong>areum</strong></span> <span class='ocrx_word' id='word_1_420' title='bbox 810 3955 1088 4010; x_wconf 58' lang='lat' dir='ltr'><strong>caelestem</strong></span> <span class='ocrx_word' id='word_1_421' title='bbox 1124 3950 1375 4006; x_wconf 88' lang='lat' dir='ltr'><strong>assumit.</strong></span> <span class='ocrx_word' id='word_1_422' title='bbox 1418 3949 1469 4005; x_wconf 89' lang='lat' dir='ltr'><strong>ls</strong></span> <span class='ocrx_word' id='word_1_423' title='bbox 1503 3946 1643 4004; x_wconf 65' lang='lat' dir='ltr'><strong>caelo</strong></span> <span class='ocrx_word' id='word_1_424' title='bbox 1697 3948 1872 4018; x_wconf 79' lang='lat' dir='ltr'><strong>pluvia</strong></span> <span class='ocrx_word' id='word_1_425' title='bbox 1927 3961 2016 4001; x_wconf 89' lang='lat' dir='ltr'><strong>ro-</strong></span> 
     </span>
    </p>
   </div>
   <div class='ocr_carea' id='block_1_60' title="bbox 435 4038 2014 4117">
    <p class='ocr_par' dir='ltr' id='par_1_60' title="bbox 435 4038 2014 4117">
     <span class='ocr_line' id='line_1_60' title="bbox 435 4038 2014 4117; baseline -0.007 -14"><span class='ocrx_word' id='word_1_426' title='bbox 435 4059 614 4112; x_wconf 85' lang='lat' dir='ltr'><strong>rante.</strong></span> <span class='ocrx_word' id='word_1_427' title='bbox 650 4061 883 4117; x_wconf 86' lang='lat' dir='ltr'><strong>aereque</strong></span> <span class='ocrx_word' id='word_1_428' title='bbox 908 4043 1251 4107; x_wconf 81' lang='lat' dir='ltr'><strong>circumﬂuo,</strong></span> <span class='ocrx_word' id='word_1_429' title='bbox 1295 4041 1535 4109; x_wconf 87' lang='lat' dir='ltr'><strong>solisque</strong></span> <span class='ocrx_word' id='word_1_430' title='bbox 1567 4039 1717 4092; x_wconf 89' lang='lat' dir='ltr'><strong>radio</strong></span> <span class='ocrx_word' id='word_1_431' title='bbox 1752 4054 1814 4093; x_wconf 84' lang='lat' dir='ltr'><strong>ex</strong></span> <span class='ocrx_word' id='word_1_432' title='bbox 1876 4038 2014 4092; x_wconf 89' lang='lat' dir='ltr'><strong>obli-</strong></span> 
     </span>
    </p>
   </div>
   <div class='ocr_carea' id='block_1_61' title="bbox 437 4130 2011 4212">
    <p class='ocr_par' dir='ltr' id='par_1_61' title="bbox 437 4130 2011 4212">
     <span class='ocr_line' id='line_1_61' title="bbox 437 4130 2011 4212; baseline -0.009 -16"><span class='ocrx_word' id='word_1_433' title='bbox 437 4156 549 4212; x_wconf 89' lang='lat' dir='ltr'><strong>quo</strong></span> <span class='ocrx_word' id='word_1_434' title='bbox 578 4139 804 4195; x_wconf 89' lang='lat' dir='ltr'><strong>nubium</strong></span> <span class='ocrx_word' id='word_1_435' title='bbox 845 4136 1167 4193; x_wconf 86' lang='lat' dir='ltr'><strong>densitatem</strong></span> <span class='ocrx_word' id='word_1_436' title='bbox 1220 4134 1507 4199; x_wconf 72' lang='lat' dir='ltr'><strong>subeunte,</strong></span> <span class='ocrx_word' id='word_1_437' title='bbox 1542 4149 1607 4189; x_wconf 90' lang='lat' dir='ltr'><strong>ac</strong></span> <span class='ocrx_word' id='word_1_438' title='bbox 1650 4141 1762 4185; x_wconf 86' lang='lat' dir='ltr'><strong>tum</strong></span> <span class='ocrx_word' id='word_1_439' title='bbox 1824 4130 2011 4183; x_wconf 90' lang='lat' dir='ltr'><strong>orbem</strong></span> 
     </span>
    </p>
   </div>
   <div class='ocr_carea' id='block_1_62' title="bbox 434 4226 2016 4297">
    <p class='ocr_par' dir='ltr' id='par_1_62' title="bbox 434 4226 2016 4297">
     <span class='ocr_line' id='line_1_62' title="bbox 434 4226 2016 4297; baseline -0.004 -10"><span class='ocrx_word' id='word_1_440' title='bbox 434 4246 598 4287; x_wconf 86' lang='lat' dir='ltr'><strong>suum</strong></span> <span class='ocrx_word' id='word_1_441' title='bbox 632 4228 846 4283; x_wconf 80' lang='lat' dir='ltr'><strong>cuidam</strong></span> <span class='ocrx_word' id='word_1_442' title='bbox 900 4226 1129 4281; x_wconf 88' lang='lat' dir='ltr'><strong>nubium</strong></span> <span class='ocrx_word' id='word_1_443' title='bbox 1185 4227 1392 4281; x_wconf 90' lang='lat' dir='ltr'><strong>directe</strong></span> <span class='ocrx_word' id='word_1_444' title='bbox 1451 4226 1741 4297; x_wconf 76' lang='lat' dir='ltr'><strong>deligente,</strong></span> <span class='ocrx_word' id='word_1_445' title='bbox 1797 4227 2016 4297; x_wconf 80' lang='lat' dir='ltr'><strong>conspi-</strong></span> 
     </span>
    </p>
   </div>
   <div class='ocr_carea' id='block_1_63' title="bbox 436 4315 2011 4389">
    <p class='ocr_par' dir='ltr' id='par_1_63' title="bbox 436 4315 2011 4389">
     <span class='ocr_line' id='line_1_63' title="bbox 436 4315 2011 4389; baseline 0 -16"><span class='ocrx_word' id='word_1_446' title='bbox 436 4337 577 4376; x_wconf 86' lang='lat' dir='ltr'><strong>enus</strong></span> <span class='ocrx_word' id='word_1_447' title='bbox 608 4325 855 4389; x_wconf 86' lang='lat' dir='ltr'><strong>apparet.</strong></span> <span class='ocrx_word' id='word_1_448' title='bbox 901 4315 1372 4382; x_wconf 88' lang='lat' dir='ltr'><strong>Quemadmodum</strong></span> <span class='ocrx_word' id='word_1_449' title='bbox 1446 4317 1592 4372; x_wconf 90' lang='lat' dir='ltr'><strong>enim</strong></span> <span class='ocrx_word' id='word_1_450' title='bbox 1648 4333 1832 4383; x_wconf 73' lang='lat' dir='ltr'><strong>arcus,</strong></span> <span class='ocrx_word' id='word_1_451' title='bbox 1888 4336 2011 4375; x_wconf 90' lang='lat' dir='ltr'><strong>cum</strong></span> 
     </span>
    </p>
   </div>
   <div class='ocr_carea' id='block_1_64' title="bbox 2114 1856 3687 1928">
    <p class='ocr_par' dir='ltr' id='par_1_64' title="bbox 2114 1856 3687 1928">
     <span class='ocr_line' id='line_1_64' title="bbox 2114 1856 3687 1928; baseline -0.003 -17"><span class='ocrx_word' id='word_1_452' title='bbox 2114 1858 2359 1927; x_wconf 78' lang='grc' dir='ltr'><strong>προϊέναι</strong></span> <span class='ocrx_word' id='word_1_453' title='bbox 2386 1857 2445 1911; x_wconf 80' lang='grc' dir='ltr'>τὺ</span> <span class='ocrx_word' id='word_1_454' title='bbox 2470 1858 2626 1928; x_wconf 81' lang='grc' dir='ltr'>ἂγιον</span> <span class='ocrx_word' id='word_1_455' title='bbox 2651 1857 2897 1928; x_wconf 79' lang='grc' dir='ltr'><strong>Πνεῦμα,</strong></span> <span class='ocrx_word' id='word_1_456' title='bbox 2923 1857 3111 1925; x_wconf 80' lang='grc' dir='ltr'>ὥσπερ</span> <span class='ocrx_word' id='word_1_457' title='bbox 3132 1856 3223 1908; x_wconf 79' lang='grc' dir='ltr'><strong>τὸν</strong></span> <span class='ocrx_word' id='word_1_458' title='bbox 3254 1857 3383 1909; x_wconf 85' lang='grc' dir='ltr'>Υἰδν</span> <span class='ocrx_word' id='word_1_459' title='bbox 3411 1856 3484 1919; x_wconf 85' lang='grc' dir='ltr'>ὡς</span> <span class='ocrx_word' id='word_1_460' title='bbox 3512 1856 3687 1922; x_wconf 74' lang='grc' dir='ltr'>Λόγον</span> 
     </span>
    </p>
   </div>
   <div class='ocr_carea' id='block_1_65' title="bbox 2113 1938 3691 2021">
    <p class='ocr_par' dir='ltr' id='par_1_65' title="bbox 2113 1938 3691 2021">
     <span class='ocr_line' id='line_1_65' title="bbox 2113 1938 3691 2021; baseline -0.001 -19"><span class='ocrx_word' id='word_1_461' title='bbox 2113 1950 2147 2020; x_wconf 80' lang='grc' dir='ltr'><strong>ἢ</strong></span> <span class='ocrx_word' id='word_1_462' title='bbox 2179 1949 2404 2018; x_wconf 85' lang='grc' dir='ltr'>Νὸησιν,</span> <span class='ocrx_word' id='word_1_463' title='bbox 2432 1938 2777 2021; x_wconf 76' lang='grc' dir='ltr'>ἀμφοτέρους</span> <span class='ocrx_word' id='word_1_464' title='bbox 2809 1951 2961 2019; x_wconf 73' lang='grc' dir='ltr'>παρὰ</span> <span class='ocrx_word' id='word_1_465' title='bbox 2990 1949 3082 2002; x_wconf 75' lang='grc' dir='ltr'>τοῦ</span> <span class='ocrx_word' id='word_1_466' title='bbox 3125 1949 3260 2001; x_wconf 75' lang='grc' dir='ltr'>Θεοῦ</span> <span class='ocrx_word' id='word_1_467' title='bbox 3292 1948 3405 2002; x_wconf 86' lang='grc' dir='ltr'>Νοῦ</span> <span class='ocrx_word' id='word_1_468' title='bbox 3441 1949 3536 2001; x_wconf 80' lang='grc' dir='ltr'>καὶ</span> <span class='ocrx_word' id='word_1_469' title='bbox 3576 1949 3691 2001; x_wconf 74' lang='lat' dir='ltr'><strong>ﬂa-</strong></span> 
     </span>
    </p>
   </div>
   <div class='ocr_carea' id='block_1_66' title="bbox 2113 2040 2985 2113">
    <p class='ocr_par' dir='ltr' id='par_1_66' title="bbox 2113 2040 2985 2113">
     <span class='ocr_line' id='line_1_66' title="bbox 2113 2040 2985 2113; baseline 0 -20"><span class='ocrx_word' id='word_1_470' title='bbox 2113 2041 2245 2113; x_wconf 76' lang='grc' dir='ltr'>τρδς</span> <span class='ocrx_word' id='word_1_471' title='bbox 2274 2044 2371 2113; x_wconf 82' lang='grc' dir='ltr'>τὴν</span> <span class='ocrx_word' id='word_1_472' title='bbox 2402 2041 2704 2095; x_wconf 77' lang='grc' dir='ltr'><strong>ὑπόστασιν</strong></span> <span class='ocrx_word' id='word_1_473' title='bbox 2736 2040 2985 2110; x_wconf 72' lang='grc' dir='ltr'>ἔχοντας.</span> 
     </span>
    </p>
   </div>
   <div class='ocr_carea' id='block_1_67' title="bbox 2187 2130 3692 2199">
    <p class='ocr_par' dir='ltr' id='par_1_67' title="bbox 2187 2130 3692 2199">
     <span class='ocr_line' id='line_1_67' title="bbox 2187 2130 3692 2199; baseline 0 -14"><span class='ocrx_word' id='word_1_474' title='bbox 2187 2133 2371 2186; x_wconf 78' lang='grc' dir='ltr'>Ταῦτα</span> <span class='ocrx_word' id='word_1_475' title='bbox 2402 2132 2458 2186; x_wconf 80' lang='grc' dir='ltr'>δὲ</span> <span class='ocrx_word' id='word_1_476' title='bbox 2485 2132 2858 2186; x_wconf 72' lang='grc' dir='ltr'>ὲπιτοσοῦτον.</span> <span class='ocrx_word' id='word_1_477' title='bbox 2897 2131 3088 2194; x_wconf 75' lang='grc' dir='ltr'>Ἄλλος</span> <span class='ocrx_word' id='word_1_478' title='bbox 3133 2130 3189 2183; x_wconf 77' lang='grc' dir='ltr'>δὲ</span> <span class='ocrx_word' id='word_1_479' title='bbox 3232 2131 3340 2183; x_wconf 88' lang='grc' dir='ltr'><strong>τῶν</strong></span> <span class='ocrx_word' id='word_1_480' title='bbox 3367 2130 3536 2199; x_wconf 77' lang='grc' dir='ltr'>ἁγίων</span> <span class='ocrx_word' id='word_1_481' title='bbox 3590 2132 3692 2191; x_wconf 65' lang='grc' dir='ltr'><strong>τὴν</strong></span> 
     </span>
    </p>
   </div>
   <div class='ocr_carea' id='block_1_68' title="bbox 2115 2221 3692 2293">
    <p class='ocr_par' dir='ltr' id='par_1_68' title="bbox 2115 2221 3692 2293">
     <span class='ocr_line' id='line_1_68' title="bbox 2115 2221 3692 2293; baseline -0.001 -17"><span class='ocrx_word' id='word_1_482' title='bbox 2115 2224 2310 2277; x_wconf 77' lang='grc' dir='ltr'>ἕνωσιν</span> <span class='ocrx_word' id='word_1_483' title='bbox 2366 2223 2533 2293; x_wconf 84' lang='grc' dir='ltr'>μόνην</span> <span class='ocrx_word' id='word_1_484' title='bbox 2590 2225 2688 2278; x_wconf 75' lang='grc' dir='ltr'>καὶ</span> <span class='ocrx_word' id='word_1_485' title='bbox 2719 2223 2818 2292; x_wconf 81' lang='grc' dir='ltr'><strong>τὴν</strong></span> <span class='ocrx_word' id='word_1_486' title='bbox 2844 2221 3122 2292; x_wconf 78' lang='grc' dir='ltr'><strong>διάκρισιν</strong></span> <span class='ocrx_word' id='word_1_487' title='bbox 3179 2224 3416 2291; x_wconf 79' lang='grc' dir='ltr'><strong>μετρίως</strong></span> <span class='ocrx_word' id='word_1_488' title='bbox 3446 2222 3692 2292; x_wconf 84' lang='grc' dir='ltr'>δηλῶσαι</span> 
     </span>
    </p>
   </div>
   <div class='ocr_carea' id='block_1_69' title="bbox 2119 2313 3690 2385">
    <p class='ocr_par' dir='ltr' id='par_1_69' title="bbox 2119 2313 3690 2385">
     <span class='ocr_line' id='line_1_69' title="bbox 2119 2313 3690 2385; baseline 0 -19"><span class='ocrx_word' id='word_1_489' title='bbox 2119 2313 2426 2384; x_wconf 70' lang='grc' dir='ltr'>βουληθεὶς,</span> <span class='ocrx_word' id='word_1_490' title='bbox 2481 2316 2631 2385; x_wconf 82' lang='grc' dir='ltr'>τρεῖς</span> <span class='ocrx_word' id='word_1_491' title='bbox 2686 2315 2978 2383; x_wconf 76' lang='grc' dir='ltr'><strong>λαμπάδας</strong></span> <span class='ocrx_word' id='word_1_492' title='bbox 3038 2313 3350 2383; x_wconf 67' lang='grc' dir='ltr'>ὲνεθυμήοη</span> <span class='ocrx_word' id='word_1_493' title='bbox 3408 2313 3690 2382; x_wconf 83' lang='grc' dir='ltr'>ἀλλήλαις,</span> 
     </span>
    </p>
   </div>
   <div class='ocr_carea' id='block_1_70' title="bbox 2119 2405 3694 2477">
    <p class='ocr_par' dir='ltr' id='par_1_70' title="bbox 2119 2405 3694 2477">
     <span class='ocr_line' id='line_1_70' title="bbox 2119 2405 3694 2477; baseline -0.001 -18"><span class='ocrx_word' id='word_1_494' title='bbox 2119 2407 2432 2475; x_wconf 82' lang='grc' dir='ltr'>ἁπτομένας</span> <span class='ocrx_word' id='word_1_495' title='bbox 2488 2409 2546 2460; x_wconf 77' lang='grc' dir='ltr'>ὲν</span> <span class='ocrx_word' id='word_1_496' title='bbox 2594 2407 2678 2460; x_wconf 73' lang='grc' dir='ltr'>ἑνὶ</span> <span class='ocrx_word' id='word_1_497' title='bbox 2729 2406 2885 2477; x_wconf 84' lang='grc' dir='ltr'>οῖκῳ.</span> <span class='ocrx_word' id='word_1_498' title='bbox 2930 2408 3038 2460; x_wconf 75' lang='grc' dir='ltr'><strong>Καὶ</strong></span> <span class='ocrx_word' id='word_1_499' title='bbox 3072 2405 3184 2475; x_wconf 79' lang='grc' dir='ltr'><strong>γάρ</strong></span> <span class='ocrx_word' id='word_1_500' title='bbox 3230 2409 3288 2458; x_wconf 78' lang='grc' dir='ltr'><strong>ἐν</strong></span> <span class='ocrx_word' id='word_1_501' title='bbox 3314 2405 3464 2473; x_wconf 82' lang='grc' dir='ltr'>αὑτῷ</span> <span class='ocrx_word' id='word_1_502' title='bbox 3487 2407 3545 2457; x_wconf 78' lang='grc' dir='ltr'><strong>τὸ</strong></span> <span class='ocrx_word' id='word_1_503' title='bbox 3574 2406 3694 2475; x_wconf 82' lang='grc' dir='ltr'><strong>φῶς</strong></span> 
     </span>
    </p>
   </div>
   <div class='ocr_carea' id='block_1_71' title="bbox 2116 2496 3695 2568">
    <p class='ocr_par' dir='ltr' id='par_1_71' title="bbox 2116 2496 3695 2568">
     <span class='ocr_line' id='line_1_71' title="bbox 2116 2496 3695 2568; baseline -0.002 -17"><span class='ocrx_word' id='word_1_504' title='bbox 2116 2496 2224 2551; x_wconf 83' lang='grc' dir='ltr'><strong>τῶν</strong></span> <span class='ocrx_word' id='word_1_505' title='bbox 2252 2496 2421 2567; x_wconf 84' lang='grc' dir='ltr'><strong>τριῶν</strong></span> <span class='ocrx_word' id='word_1_506' title='bbox 2463 2497 2539 2561; x_wconf 82' lang='grc' dir='ltr'>ὡς</span> <span class='ocrx_word' id='word_1_507' title='bbox 2564 2501 2629 2553; x_wconf 79' lang='grc' dir='ltr'>ἐκ</span> <span class='ocrx_word' id='word_1_508' title='bbox 2674 2499 2806 2567; x_wconf 79' lang='grc' dir='ltr'>μιᾶς</span> <span class='ocrx_word' id='word_1_509' title='bbox 2840 2497 2899 2550; x_wconf 77' lang='grc' dir='ltr'>ἓν</span> <span class='ocrx_word' id='word_1_510' title='bbox 2951 2497 3169 2568; x_wconf 85' lang='grc' dir='ltr'>ὁρῶμεν</span> <span class='ocrx_word' id='word_1_511' title='bbox 3189 2512 3203 2527; x_wconf 92' lang='grc'><strong>·</strong></span> <span class='ocrx_word' id='word_1_512' title='bbox 3237 2497 3333 2550; x_wconf 60' lang='grc' dir='ltr'><strong>καὶ⁵</strong></span> <span class='ocrx_word' id='word_1_513' title='bbox 3360 2497 3489 2567; x_wconf 84' lang='grc' dir='ltr'>μιᾶς</span> <span class='ocrx_word' id='word_1_514' title='bbox 3511 2496 3695 2549; x_wconf 84' lang='grc' dir='ltr'>αὐτῶν</span> 
     </span>
    </p>
   </div>
   <div class='ocr_carea' id='block_1_72' title="bbox 2118 2588 3691 2661">
    <p class='ocr_par' dir='ltr' id='par_1_72' title="bbox 2118 2588 3691 2661">
     <span class='ocr_line' id='line_1_72' title="bbox 2118 2588 3691 2661; baseline -0.002 -17"><span class='ocrx_word' id='word_1_515' title='bbox 2118 2588 2615 2661; x_wconf 79' lang='grc' dir='ltr'>ὑπεξαιρουμένης,</span> <span class='ocrx_word' id='word_1_516' title='bbox 2662 2590 2722 2642; x_wconf 63' lang='grc' dir='ltr'><strong>τὸ</strong></span> <span class='ocrx_word' id='word_1_517' title='bbox 2766 2590 2883 2658; x_wconf 77' lang='grc' dir='ltr'>φῶς</span> <span class='ocrx_word' id='word_1_518' title='bbox 2912 2590 3084 2660; x_wconf 79' lang='grc' dir='ltr'>αὐτῆς</span> <span class='ocrx_word' id='word_1_519' title='bbox 3114 2590 3249 2660; x_wconf 77' lang='grc' dir='ltr'>αὑτῇ</span> <span class='ocrx_word' id='word_1_520' title='bbox 3287 2589 3691 2654; x_wconf 84' lang='grc' dir='ltr'>συνακολουθεῖ,</span> 
     </span>
    </p>
   </div>
   <div class='ocr_carea' id='block_1_73' title="bbox 2117 2680 3692 2752">
    <p class='ocr_par' dir='ltr' id='par_1_73' title="bbox 2117 2680 3692 2752">
     <span class='ocr_line' id='line_1_73' title="bbox 2117 2680 3692 2752; baseline -0.001 -16"><span class='ocrx_word' id='word_1_521' title='bbox 2117 2681 2225 2736; x_wconf 88' lang='grc' dir='ltr'><strong>τῶν</strong></span> <span class='ocrx_word' id='word_1_522' title='bbox 2256 2681 2722 2752; x_wconf 73' lang='grc' dir='ltr'>περιλειπομένων</span> <span class='ocrx_word' id='word_1_523' title='bbox 2744 2682 2838 2735; x_wconf 85' lang='grc' dir='ltr'><strong>δύο</strong></span> <span class='ocrx_word' id='word_1_524' title='bbox 2870 2682 3065 2751; x_wconf 81' lang='grc' dir='ltr'>φώτων</span> <span class='ocrx_word' id='word_1_525' title='bbox 3098 2682 3221 2737; x_wconf 86' lang='grc' dir='ltr'>καθ’</span> <span class='ocrx_word' id='word_1_526' title='bbox 3253 2681 3426 2736; x_wconf 77' lang='grc' dir='ltr'>ἑαυτᾶ</span> <span class='ocrx_word' id='word_1_527' title='bbox 3462 2680 3692 2752; x_wconf 84' lang='grc' dir='ltr'>μηδαμῆ</span> 
     </span>
    </p>
   </div>
   <div class='ocr_carea' id='block_1_74' title="bbox 2122 2771 3692 2845">
    <p class='ocr_par' dir='ltr' id='par_1_74' title="bbox 2122 2771 3692 2845">
     <span class='ocr_line' id='line_1_74' title="bbox 2122 2771 3692 2845; baseline 0 -20"><span class='ocrx_word' id='word_1_528' title='bbox 2122 2771 2248 2842; x_wconf 75' lang='grc' dir='ltr'>μήτ’</span> <span class='ocrx_word' id='word_1_529' title='bbox 2279 2772 2692 2842; x_wconf 72' lang='grc' dir='ltr'>ἐλαττουμένων</span> <span class='ocrx_word' id='word_1_530' title='bbox 2724 2773 2853 2843; x_wconf 76' lang='grc' dir='ltr'><strong>μήτ’</strong></span> <span class='ocrx_word' id='word_1_531' title='bbox 2883 2772 3224 2842; x_wconf 74' lang='grc' dir='ltr'>αὐξομένων.</span> <span class='ocrx_word' id='word_1_532' title='bbox 3270 2773 3444 2845; x_wconf 75' lang='grc' dir='ltr'>Δῆλον</span> <span class='ocrx_word' id='word_1_533' title='bbox 3468 2771 3560 2826; x_wconf 78' lang='grc' dir='ltr'><strong>οὖν</strong></span> <span class='ocrx_word' id='word_1_534' title='bbox 3605 2773 3692 2825; x_wconf 79' lang='grc' dir='ltr'>ὅτι</span> 
     </span>
    </p>
   </div>
   <div class='ocr_carea' id='block_1_75' title="bbox 2118 2863 3693 2937">
    <p class='ocr_par' dir='ltr' id='par_1_75' title="bbox 2118 2863 3693 2937">
     <span class='ocr_line' id='line_1_75' title="bbox 2118 2863 3693 2937; baseline 0 -21"><span class='ocrx_word' id='word_1_535' title='bbox 2118 2864 2186 2919; x_wconf 85' lang='grc' dir='ltr'><strong>τά</strong></span> <span class='ocrx_word' id='word_1_536' title='bbox 2207 2864 2334 2935; x_wconf 74' lang='grc' dir='ltr'>τρία</span> <span class='ocrx_word' id='word_1_537' title='bbox 2364 2863 2538 2920; x_wconf 81' lang='grc' dir='ltr'>ταῦτα</span> <span class='ocrx_word' id='word_1_538' title='bbox 2563 2866 2672 2920; x_wconf 85' lang='grc' dir='ltr'><strong>τῶν</strong></span> <span class='ocrx_word' id='word_1_539' title='bbox 2695 2865 2862 2936; x_wconf 87' lang='grc' dir='ltr'>τριῶν</span> <span class='ocrx_word' id='word_1_540' title='bbox 2884 2865 3190 2937; x_wconf 78' lang='grc' dir='ltr'>λαμπάδων</span> <span class='ocrx_word' id='word_1_541' title='bbox 3221 2866 3399 2934; x_wconf 82' lang='grc' dir='ltr'>φῶτα,</span> <span class='ocrx_word' id='word_1_542' title='bbox 3433 2866 3521 2919; x_wconf 76' lang='grc' dir='ltr'><strong>ὅτε</strong></span> <span class='ocrx_word' id='word_1_543' title='bbox 3557 2866 3693 2933; x_wconf 76' lang='grc' dir='ltr'>ἡμῖν</span> 
     </span>
    </p>
   </div>
   <div class='ocr_carea' id='block_1_76' title="bbox 2116 2954 3688 3028">
    <p class='ocr_par' dir='ltr' id='par_1_76' title="bbox 2116 2954 3688 3028">
     <span class='ocr_line' id='line_1_76' title="bbox 2116 2954 3688 3028; baseline -0.001 -19"><span class='ocrx_word' id='word_1_544' title='bbox 2116 2955 2194 3020; x_wconf 82' lang='grc' dir='ltr'><strong>ῶς</strong></span> <span class='ocrx_word' id='word_1_545' title='bbox 2244 2954 2303 3012; x_wconf 81' lang='grc' dir='ltr'>ἓν</span> <span class='ocrx_word' id='word_1_546' title='bbox 2358 2954 2629 3026; x_wconf 75' lang='grc' dir='ltr'>ἑωρῶντο,</span> <span class='ocrx_word' id='word_1_547' title='bbox 2682 2955 2806 3010; x_wconf 84' lang='grc' dir='ltr'>καθ’</span> <span class='ocrx_word' id='word_1_548' title='bbox 2856 2956 3027 3012; x_wconf 81' lang='grc' dir='ltr'>ἑαυτά</span> <span class='ocrx_word' id='word_1_549' title='bbox 3069 2957 3470 3028; x_wconf 77' lang='grc' dir='ltr'>διακεκριμένα</span> <span class='ocrx_word' id='word_1_550' title='bbox 3501 2957 3598 3009; x_wconf 76' lang='grc' dir='ltr'>καὶ</span> <span class='ocrx_word' id='word_1_551' title='bbox 3625 2955 3688 3008; x_wconf 88' lang='grc' dir='ltr'><strong>ού</strong></span> 
     </span>
    </p>
   </div>
   <div class='ocr_carea' id='block_1_77' title="bbox 2041 3043 3691 3130">
    <p class='ocr_par' dir='ltr' id='par_1_77' title="bbox 2041 3043 3691 3130">
     <span class='ocr_line' id='line_1_77' title="bbox 2041 3043 3691 3130; baseline -0.001 -29"><span class='ocrx_word' id='word_1_552' title='bbox 2041 3069 2084 3130; x_wconf 78' lang='lat' dir='ltr'><strong>C</strong></span> <span class='ocrx_word' id='word_1_553' title='bbox 2119 3048 2502 3118; x_wconf 79' lang='grc' dir='ltr'>συγκεχυμένα</span> <span class='ocrx_word' id='word_1_554' title='bbox 2542 3043 2704 3119; x_wconf 78' lang='grc' dir='ltr'>ἦσαν.</span> <span class='ocrx_word' id='word_1_555' title='bbox 2758 3048 2894 3103; x_wconf 69' lang='lat' dir='ltr'><strong>om</strong></span> <span class='ocrx_word' id='word_1_556' title='bbox 2934 3049 3045 3120; x_wconf 70' lang='grc' dir='ltr'>γὰρ</span> <span class='ocrx_word' id='word_1_557' title='bbox 3075 3049 3142 3102; x_wconf 78' lang='grc' dir='ltr'><strong>ἂν</strong></span> <span class='ocrx_word' id='word_1_558' title='bbox 3192 3049 3410 3119; x_wconf 83' lang='grc' dir='ltr'>ἁμιγῶς</span> <span class='ocrx_word' id='word_1_559' title='bbox 3437 3048 3527 3102; x_wconf 77' lang='grc' dir='ltr'><strong>καὶ</strong></span> <span class='ocrx_word' id='word_1_560' title='bbox 3572 3044 3691 3101; x_wconf 77' lang='grc' dir='ltr'>οἷον</span> 
     </span>
    </p>
   </div>
   <div class='ocr_carea' id='block_1_78' title="bbox 2116 3140 3688 3212">
    <p class='ocr_par' dir='ltr' id='par_1_78' title="bbox 2116 3140 3688 3212">
     <span class='ocr_line' id='line_1_78' title="bbox 2116 3140 3688 3212; baseline 0.003 -18"><span class='ocrx_word' id='word_1_561' title='bbox 2116 3141 2499 3195; x_wconf 74' lang='grc' dir='ltr'>ῖδιυῦπόστατα</span> <span class='ocrx_word' id='word_1_562' title='bbox 2555 3141 2849 3212; x_wconf 79' lang='grc' dir='ltr'>ὲθεωρεῖτο</span> <span class='ocrx_word' id='word_1_563' title='bbox 2880 3142 2940 3194; x_wconf 78' lang='grc' dir='ltr'><strong>τὸ</strong></span> <span class='ocrx_word' id='word_1_564' title='bbox 2984 3140 3043 3194; x_wconf 83' lang='grc' dir='ltr'>ἓν</span> <span class='ocrx_word' id='word_1_565' title='bbox 3080 3142 3221 3212; x_wconf 77' lang='grc' dir='ltr'>μετὰ</span> <span class='ocrx_word' id='word_1_566' title='bbox 3250 3143 3346 3212; x_wconf 79' lang='grc' dir='ltr'>τὴν</span> <span class='ocrx_word' id='word_1_567' title='bbox 3375 3141 3688 3210; x_wconf 78' lang='grc' dir='ltr'>ὑφαίρεσιν.</span> 
     </span>
    </p>
   </div>
   <div class='ocr_carea' id='block_1_79' title="bbox 2112 3229 3687 3305">
    <p class='ocr_par' dir='ltr' id='par_1_79' title="bbox 2112 3229 3687 3305">
     <span class='ocr_line' id='line_1_79' title="bbox 2112 3229 3687 3305; baseline -0.002 -17"><span class='ocrx_word' id='word_1_568' title='bbox 2112 3231 2300 3296; x_wconf 73' lang='grc' dir='ltr'>Οὕτως</span> <span class='ocrx_word' id='word_1_569' title='bbox 2336 3229 2435 3288; x_wconf 76' lang='grc' dir='ltr'>οὗν</span> <span class='ocrx_word' id='word_1_570' title='bbox 2484 3234 2581 3288; x_wconf 70' lang='grc' dir='ltr'><strong>καὶ</strong></span> <span class='ocrx_word' id='word_1_571' title='bbox 2631 3233 2700 3287; x_wconf 74' lang='grc' dir='ltr'>τά</span> <span class='ocrx_word' id='word_1_572' title='bbox 2728 3233 2856 3305; x_wconf 83' lang='grc' dir='ltr'>τρία</span> <span class='ocrx_word' id='word_1_573' title='bbox 2892 3235 3162 3303; x_wconf 83' lang='grc' dir='ltr'>πρόσωπα</span> <span class='ocrx_word' id='word_1_574' title='bbox 3209 3233 3587 3304; x_wconf 54' lang='lat' dir='ltr'><strong>municipalia</strong></span> <span class='ocrx_word' id='word_1_575' title='bbox 3623 3233 3687 3286; x_wconf 79' lang='grc' dir='ltr'>ἔν</span> 
     </span>
    </p>
   </div>
   <div class='ocr_carea' id='block_1_80' title="bbox 2116 3321 3683 3395">
    <p class='ocr_par' dir='ltr' id='par_1_80' title="bbox 2116 3321 3683 3395">
     <span class='ocr_line' id='line_1_80' title="bbox 2116 3321 3683 3395; baseline 0.002 -18"><span class='ocrx_word' id='word_1_576' title='bbox 2116 3324 2214 3394; x_wconf 70' lang='grc' dir='ltr'>μὲν</span> <span class='ocrx_word' id='word_1_577' title='bbox 2247 3321 2384 3379; x_wconf 77' lang='grc' dir='ltr'>εἶναι</span> <span class='ocrx_word' id='word_1_578' title='bbox 2434 3325 2578 3379; x_wconf 84' lang='grc' dir='ltr'>κατά</span> <span class='ocrx_word' id='word_1_579' title='bbox 2631 3324 2730 3395; x_wconf 73' lang='grc' dir='ltr'>τὴν</span> <span class='ocrx_word' id='word_1_580' title='bbox 2769 3325 2992 3378; x_wconf 79' lang='grc' dir='ltr'>οὐσίαν·</span> <span class='ocrx_word' id='word_1_581' title='bbox 3040 3327 3259 3394; x_wconf 77' lang='grc' dir='ltr'>ἀμιγεῖς</span> <span class='ocrx_word' id='word_1_582' title='bbox 3304 3326 3359 3380; x_wconf 70' lang='grc' dir='ltr'>δὲ</span> <span class='ocrx_word' id='word_1_583' title='bbox 3401 3327 3549 3394; x_wconf 81' lang='grc' dir='ltr'>ὅμως</span> <span class='ocrx_word' id='word_1_584' title='bbox 3586 3328 3683 3380; x_wconf 76' lang='grc' dir='ltr'><strong>καὶ</strong></span> 
     </span>
    </p>
   </div>
   <div class='ocr_carea' id='block_1_81' title="bbox 2113 3415 3683 3487">
    <p class='ocr_par' dir='ltr' id='par_1_81' title="bbox 2113 3415 3683 3487">
     <span class='ocr_line' id='line_1_81' title="bbox 2113 3415 3683 3487; baseline 0.001 -18"><span class='ocrx_word' id='word_1_585' title='bbox 2113 3415 2451 3485; x_wconf 84' lang='grc' dir='ltr'>ἀσυγχύτους</span> <span class='ocrx_word' id='word_1_586' title='bbox 2492 3415 2786 3484; x_wconf 79' lang='grc' dir='ltr'>φυλάττειν</span> <span class='ocrx_word' id='word_1_587' title='bbox 2839 3419 2938 3479; x_wconf 85' lang='grc' dir='ltr'><strong>τάς</strong></span> <span class='ocrx_word' id='word_1_588' title='bbox 3001 3416 3293 3487; x_wconf 80' lang='grc' dir='ltr'>ἰδιότητας,</span> <span class='ocrx_word' id='word_1_589' title='bbox 3321 3417 3399 3481; x_wconf 76' lang='grc' dir='ltr'>εἰς</span> <span class='ocrx_word' id='word_1_590' title='bbox 3445 3416 3683 3486; x_wconf 67' lang='grc' dir='ltr'>ἀλλήλας</span> 
     </span>
    </p>
   </div>
   <div class='ocr_carea' id='block_1_82' title="bbox 2113 3506 3694 3581">
    <p class='ocr_par' dir='ltr' id='par_1_82' title="bbox 2113 3506 3694 3581">
     <span class='ocr_line' id='line_1_82' title="bbox 2113 3506 3694 3581; baseline 0.001 -20"><span class='ocrx_word' id='word_1_591' title='bbox 2113 3507 2282 3572; x_wconf 79' lang='grc' dir='ltr'>αὐτάς</span> <span class='ocrx_word' id='word_1_592' title='bbox 2311 3507 2412 3571; x_wconf 68' lang='grc' dir='ltr'><strong>τὰς</strong></span> <span class='ocrx_word' id='word_1_593' title='bbox 2446 3506 2776 3570; x_wconf 76' lang='grc' dir='ltr'>ὑποστάσεις</span> <span class='ocrx_word' id='word_1_594' title='bbox 2815 3508 3229 3579; x_wconf 86' lang='grc' dir='ltr'>περιχωρούσας</span> <span class='ocrx_word' id='word_1_595' title='bbox 3255 3524 3271 3540; x_wconf 86' lang='grc'><strong>·</strong></span> <span class='ocrx_word' id='word_1_596' title='bbox 3327 3510 3378 3563; x_wconf 79' lang='grc' dir='ltr'>εἰ</span> <span class='ocrx_word' id='word_1_597' title='bbox 3428 3509 3523 3563; x_wconf 77' lang='grc' dir='ltr'><strong>καὶ</strong></span> <span class='ocrx_word' id='word_1_598' title='bbox 3559 3507 3694 3581; x_wconf 71' lang='grc' dir='ltr'>περὶ</span> 
     </span>
    </p>
   </div>
   <div class='ocr_carea' id='block_1_83' title="bbox 2113 3598 3543 3681">
    <p class='ocr_par' dir='ltr' id='par_1_83' title="bbox 2113 3598 3543 3681">
     <span class='ocr_line' id='line_1_83' title="bbox 2113 3598 3543 3681; baseline 0 -28"><span class='ocrx_word' id='word_1_599' title='bbox 2113 3598 2317 3681; x_wconf 79' lang='grc' dir='ltr'>τούτων</span> <span class='ocrx_word' id='word_1_600' title='bbox 2347 3602 2380 3670; x_wconf 80' lang='grc' dir='ltr'>ἡ</span> <span class='ocrx_word' id='word_1_601' title='bbox 2419 3599 2634 3655; x_wconf 85' lang='grc' dir='ltr'>διάνοια</span> <span class='ocrx_word' id='word_1_602' title='bbox 2664 3600 2824 3672; x_wconf 82' lang='grc' dir='ltr'>ἡμῶν</span> <span class='ocrx_word' id='word_1_603' title='bbox 2856 3601 2957 3655; x_wconf 82' lang='grc' dir='ltr'><strong>οὐκ</strong></span> <span class='ocrx_word' id='word_1_604' title='bbox 2998 3601 3296 3669; x_wconf 75' lang='grc' dir='ltr'>ἐξικνεῖται</span> <span class='ocrx_word' id='word_1_605' title='bbox 3328 3601 3406 3665; x_wconf 81' lang='grc' dir='ltr'>ὡς</span> <span class='ocrx_word' id='word_1_606' title='bbox 3440 3601 3543 3656; x_wconf 84' lang='grc' dir='ltr'>δεῖ.</span> 
     </span>
    </p>
   </div>
   <div class='ocr_carea' id='block_1_84' title="bbox 2194 3850 3745 3945">
    <p class='ocr_par' dir='ltr' id='par_1_84' title="bbox 2194 3850 3745 3945">
     <span class='ocr_line' id='line_1_84' title="bbox 2194 3850 3745 3945; baseline 0.001 -29"><span class='ocrx_word' id='word_1_607' title='bbox 2194 3863 2254 3916; x_wconf 86' lang='lat'><strong>&#39;0</strong></span> <span class='ocrx_word' id='word_1_608' title='bbox 2269 3863 2326 3916; x_wconf 78' lang='grc' dir='ltr'>δὲ</span> <span class='ocrx_word' id='word_1_609' title='bbox 2347 3862 2518 3932; x_wconf 81' lang='grc' dir='ltr'>μέγας</span> <span class='ocrx_word' id='word_1_610' title='bbox 2544 3863 2819 3928; x_wconf 76' lang='grc' dir='ltr'>Βασίλειος</span> <span class='ocrx_word' id='word_1_611' title='bbox 2836 3865 2915 3928; x_wconf 77' lang='grc' dir='ltr'>εις</span> <span class='ocrx_word' id='word_1_612' title='bbox 2930 3864 3162 3935; x_wconf 76' lang='grc' dir='ltr'>δήλωσιν</span> <span class='ocrx_word' id='word_1_613' title='bbox 3185 3866 3277 3920; x_wconf 77' lang='grc' dir='ltr'>τοῦ</span> <span class='ocrx_word' id='word_1_614' title='bbox 3296 3850 3546 3920; x_wconf 81' lang='grc' dir='ltr'>τοιούτου</span> <span class='ocrx_word' id='word_1_615' title='bbox 3572 3864 3692 3937; x_wconf 73' lang='grc'><strong>(52)</strong></span> <span class='ocrx_word' id='word_1_616' title='bbox 3738 3938 3745 3945; x_wconf 73' lang='lat'><em>_</em></span> 
     </span>
    </p>
   </div>
   <div class='ocr_carea' id='block_1_85' title="bbox 2113 3954 3693 4029">
    <p class='ocr_par' dir='ltr' id='par_1_85' title="bbox 2113 3954 3693 4029">
     <span class='ocr_line' id='line_1_85' title="bbox 2113 3954 3693 4029; baseline 0.004 -23"><span class='ocrx_word' id='word_1_617' title='bbox 2113 3954 2176 4007; x_wconf 69' lang='grc' dir='ltr'><strong>τὸ</strong></span> <span class='ocrx_word' id='word_1_618' title='bbox 2232 3955 2289 4008; x_wconf 76' lang='grc' dir='ltr'>ὲν</span> <span class='ocrx_word' id='word_1_619' title='bbox 2336 3955 2552 4025; x_wconf 77' lang='grc' dir='ltr'>οὐρανῷ</span> <span class='ocrx_word' id='word_1_620' title='bbox 2604 3954 2758 4021; x_wconf 78' lang='grc' dir='ltr'>τόξον</span> <span class='ocrx_word' id='word_1_621' title='bbox 2814 3957 3108 4025; x_wconf 76' lang='grc' dir='ltr'>λαμϐάνει,</span> <span class='ocrx_word' id='word_1_622' title='bbox 3154 3958 3290 4027; x_wconf 82' lang='grc' dir='ltr'>ὅπερ</span> <span class='ocrx_word' id='word_1_623' title='bbox 3320 3959 3449 4013; x_wconf 70' lang='grc' dir='ltr'>ὅταν</span> <span class='ocrx_word' id='word_1_624' title='bbox 3481 3959 3693 4029; x_wconf 63' lang='grc' dir='ltr'>ὄμϐρος</span> 
     </span>
    </p>
   </div>
   <div class='ocr_carea' id='block_1_86' title="bbox 2115 4042 3690 4119">
    <p class='ocr_par' dir='ltr' id='par_1_86' title="bbox 2115 4042 3690 4119">
     <span class='ocr_line' id='line_1_86' title="bbox 2115 4042 3690 4119; baseline 0.006 -24"><span class='ocrx_word' id='word_1_625' title='bbox 2115 4042 2341 4114; x_wconf 78' lang='grc' dir='ltr'>γένηται</span> <span class='ocrx_word' id='word_1_626' title='bbox 2365 4044 2637 4113; x_wconf 79' lang='grc' dir='ltr'>φαίνεται,</span> <span class='ocrx_word' id='word_1_627' title='bbox 2670 4045 2970 4116; x_wconf 79' lang='grc' dir='ltr'>ὑγρότητος</span> <span class='ocrx_word' id='word_1_628' title='bbox 2989 4048 3123 4116; x_wconf 79' lang='grc' dir='ltr'>περὶ</span> <span class='ocrx_word' id='word_1_629' title='bbox 3148 4048 3240 4099; x_wconf 59' lang='grc' dir='ltr'><strong>τδν</strong></span> <span class='ocrx_word' id='word_1_630' title='bbox 3268 4049 3405 4119; x_wconf 71' lang='grc' dir='ltr'>ἀέρα</span> <span class='ocrx_word' id='word_1_631' title='bbox 3436 4067 3690 4115; x_wconf 78' lang='grc' dir='ltr'>συνιστα-</span> 
     </span>
    </p>
   </div>
   <div class='ocr_carea' id='block_1_87' title="bbox 2077 4134 3690 4208">
    <p class='ocr_par' dir='ltr' id='par_1_87' title="bbox 2077 4134 3690 4208">
     <span class='ocr_line' id='line_1_87' title="bbox 2077 4134 3690 4208; baseline 0.007 -25"><span class='ocrx_word' id='word_1_632' title='bbox 2077 4173 2088 4183; x_wconf 93' lang='grc'><strong><em>.</em></strong></span> <span class='ocrx_word' id='word_1_633' title='bbox 2118 4134 2306 4206; x_wconf 81' lang='grc' dir='ltr'>μένης,</span> <span class='ocrx_word' id='word_1_634' title='bbox 2344 4136 2440 4189; x_wconf 73' lang='grc' dir='ltr'><strong>καὶ</strong></span> <span class='ocrx_word' id='word_1_635' title='bbox 2488 4136 2585 4206; x_wconf 80' lang='grc' dir='ltr'>τῆς</span> <span class='ocrx_word' id='word_1_636' title='bbox 2615 4137 2709 4188; x_wconf 78' lang='grc' dir='ltr'>τοῦ</span> <span class='ocrx_word' id='word_1_637' title='bbox 2740 4138 2890 4208; x_wconf 77' lang='grc' dir='ltr'>ήλιου</span> <span class='ocrx_word' id='word_1_638' title='bbox 2921 4138 3144 4201; x_wconf 81' lang='grc' dir='ltr'>ἀκτῖνος</span> <span class='ocrx_word' id='word_1_639' title='bbox 3185 4139 3329 4192; x_wconf 77' lang='grc' dir='ltr'>κατὰ</span> <span class='ocrx_word' id='word_1_640' title='bbox 3368 4141 3429 4192; x_wconf 75' lang='grc' dir='ltr'><strong>τὸ</strong></span> <span class='ocrx_word' id='word_1_641' title='bbox 3458 4140 3690 4207; x_wconf 86' lang='grc' dir='ltr'>πλάγιον</span> 
     </span>
    </p>
   </div>
   <div class='ocr_carea' id='block_1_88' title="bbox 2119 4227 3685 4299">
    <p class='ocr_par' dir='ltr' id='par_1_88' title="bbox 2119 4227 3685 4299">
     <span class='ocr_line' id='line_1_88' title="bbox 2119 4227 3685 4299; baseline 0.005 -20"><span class='ocrx_word' id='word_1_642' title='bbox 2119 4227 2520 4298; x_wconf 66' lang='grc' dir='ltr'>ὑποτρεχούσης</span> <span class='ocrx_word' id='word_1_643' title='bbox 2548 4227 2646 4299; x_wconf 82' lang='grc' dir='ltr'>τὴν</span> <span class='ocrx_word' id='word_1_644' title='bbox 2679 4228 2992 4298; x_wconf 83' lang='grc' dir='ltr'>πυκνότητα</span> <span class='ocrx_word' id='word_1_645' title='bbox 3012 4229 3120 4284; x_wconf 90' lang='grc' dir='ltr'><strong>τῶν</strong></span> <span class='ocrx_word' id='word_1_646' title='bbox 3149 4232 3358 4299; x_wconf 75' lang='grc' dir='ltr'>νεφῶνο</span> <span class='ocrx_word' id='word_1_647' title='bbox 3400 4227 3519 4286; x_wconf 75' lang='grc' dir='ltr'>εἶτα</span> <span class='ocrx_word' id='word_1_648' title='bbox 3544 4234 3685 4287; x_wconf 74' lang='grc' dir='ltr'>κατὰ</span> 
     </span>
    </p>
   </div>
   <div class='ocr_carea' id='block_1_89' title="bbox 2116 4310 3686 4397">
    <p class='ocr_par' dir='ltr' id='par_1_89' title="bbox 2116 4310 3686 4397">
     <span class='ocr_line' id='line_1_89' title="bbox 2116 4310 3686 4397; baseline 0.003 -22"><span class='ocrx_word' id='word_1_649' title='bbox 2116 4320 2177 4375; x_wconf 83' lang='grc' dir='ltr'>τὸ</span> <span class='ocrx_word' id='word_1_650' title='bbox 2208 4320 2336 4374; x_wconf 82' lang='grc' dir='ltr'>εύθὺ</span> <span class='ocrx_word' id='word_1_651' title='bbox 2365 4323 2516 4390; x_wconf 76' lang='grc' dir='ltr'>νέφει</span> <span class='ocrx_word' id='word_1_652' title='bbox 2542 4322 2645 4374; x_wconf 81' lang='grc' dir='ltr'>τινὶ</span> <span class='ocrx_word' id='word_1_653' title='bbox 2672 4321 2762 4374; x_wconf 64' lang='grc' dir='ltr'>τὸν</span> <span class='ocrx_word' id='word_1_654' title='bbox 2796 4310 2995 4376; x_wconf 80' lang='grc' dir='ltr'>κύκλον</span> <span class='ocrx_word' id='word_1_655' title='bbox 3027 4323 3117 4376; x_wconf 73' lang='grc' dir='ltr'>τὸν</span> <span class='ocrx_word' id='word_1_656' title='bbox 3149 4324 3280 4377; x_wconf 82' lang='grc' dir='ltr'>ῖδιον</span> <span class='ocrx_word' id='word_1_657' title='bbox 3331 4326 3686 4397; x_wconf 77' lang='grc' dir='ltr'>ἐπερειδομέ-</span> 
     </span>
    </p>
   </div>
   <div class='ocr_carea' id='block_1_90' title="bbox 436 4406 2013 4483">
    <p class='ocr_par' dir='ltr' id='par_1_90' title="bbox 436 4406 2012 4479">
     <span class='ocr_line' id='line_1_90' title="bbox 436 4406 2012 4479; baseline -0.002 -13"><span class='ocrx_word' id='word_1_658' title='bbox 436 4427 587 4466; x_wconf 91' lang='lat' dir='ltr'><strong>unns</strong></span> <span class='ocrx_word' id='word_1_659' title='bbox 618 4410 735 4479; x_wconf 90' lang='lat' dir='ltr'><strong>ipse</strong></span> <span class='ocrx_word' id='word_1_660' title='bbox 758 4409 1056 4463; x_wconf 85' lang='lat' dir='ltr'><strong>secundum</strong></span> <span class='ocrx_word' id='word_1_661' title='bbox 1091 4409 1236 4461; x_wconf 87' lang='lat' dir='ltr'><strong>aeris</strong></span> <span class='ocrx_word' id='word_1_662' title='bbox 1263 4406 1625 4462; x_wconf 88' lang='lat' dir='ltr'><strong>substantiam</strong></span> <span class='ocrx_word' id='word_1_663' title='bbox 1660 4408 1750 4473; x_wconf 84' lang='lat' dir='ltr'><strong>sit,</strong></span> <span class='ocrx_word' id='word_1_664' title='bbox 1813 4409 2012 4464; x_wconf 79' lang='lat' dir='ltr'><strong>inultos</strong></span> 
     </span>
    </p>
   </div>
   <div class='ocr_carea' id='block_1_91' title="bbox 2115 4406 3692 4483">
    <p class='ocr_par' dir='ltr' id='par_1_91' title="bbox 2115 4410 3692 4483">
     <span class='ocr_line' id='line_1_91' title="bbox 2115 4410 3692 4483; baseline 0.002 -19"><span class='ocrx_word' id='word_1_665' title='bbox 2115 4429 2233 4482; x_wconf 84' lang='grc' dir='ltr'>νης.</span> <span class='ocrx_word' id='word_1_666' title='bbox 2261 4412 2469 4482; x_wconf 82' lang='grc' dir='ltr'>Ὥσπερ</span> <span class='ocrx_word' id='word_1_667' title='bbox 2503 4410 2609 4482; x_wconf 81' lang='grc' dir='ltr'>γὰρ</span> <span class='ocrx_word' id='word_1_668' title='bbox 2640 4411 2815 4464; x_wconf 73' lang='grc' dir='ltr'>ἐκεῖνο</span> <span class='ocrx_word' id='word_1_669' title='bbox 2846 4410 2904 4464; x_wconf 78' lang='grc' dir='ltr'>ἓν</span> <span class='ocrx_word' id='word_1_670' title='bbox 2932 4412 3028 4481; x_wconf 84' lang='grc' dir='ltr'><strong>μὲν</strong></span> <span class='ocrx_word' id='word_1_671' title='bbox 3052 4411 3167 4465; x_wconf 73' lang='grc' dir='ltr'>ἐστι</span> <span class='ocrx_word' id='word_1_672' title='bbox 3202 4411 3351 4465; x_wconf 66' lang='grc' dir='ltr'>κειτᾶ</span> <span class='ocrx_word' id='word_1_673' title='bbox 3363 4416 3463 4483; x_wconf 81' lang='grc' dir='ltr'>τὴν</span> <span class='ocrx_word' id='word_1_674' title='bbox 3494 4415 3692 4468; x_wconf 63' lang='grc' dir='ltr'>οὐσίαν</span> 
     </span>
    </p>
   </div>
   <div class='ocr_carea' id='block_1_92' title="bbox 438 4497 2013 4571">
    <p class='ocr_par' dir='ltr' id='par_1_92' title="bbox 438 4497 2013 4571">
     <span class='ocr_line' id='line_1_92' title="bbox 438 4497 2013 4571; baseline -0.001 -15"><span class='ocrx_word' id='word_1_675' title='bbox 438 4506 491 4557; x_wconf 91' lang='lat' dir='ltr'><strong>in</strong></span> <span class='ocrx_word' id='word_1_676' title='bbox 526 4518 586 4560; x_wconf 89' lang='lat' dir='ltr'><strong>se</strong></span> <span class='ocrx_word' id='word_1_677' title='bbox 652 4506 1010 4571; x_wconf 81' lang='lat' dir='ltr'><strong>repraesentat</strong></span> <span class='ocrx_word' id='word_1_678' title='bbox 1086 4497 1319 4560; x_wconf 88' lang='lat' dir='ltr'><strong>colores,</strong></span> <span class='ocrx_word' id='word_1_679' title='bbox 1374 4515 1676 4571; x_wconf 87' lang='lat' dir='ltr'><strong>eorumque</strong></span> <span class='ocrx_word' id='word_1_680' title='bbox 1718 4502 1897 4571; x_wconf 71' lang='lat' dir='ltr'><strong>palam</strong></span> <span class='ocrx_word' id='word_1_681' title='bbox 1933 4503 2013 4556; x_wconf 88' lang='lat' dir='ltr'><strong>di-</strong></span> 
     </span>
    </p>
   </div>
   <div class='ocr_carea' id='block_1_93' title="bbox 439 4589 2011 4661">
    <p class='ocr_par' dir='ltr' id='par_1_93' title="bbox 439 4589 2011 4661">
     <span class='ocr_line' id='line_1_93' title="bbox 439 4589 2011 4661; baseline -0.001 -12"><span class='ocrx_word' id='word_1_682' title='bbox 439 4593 663 4650; x_wconf 79' lang='lat' dir='ltr'><strong>stinctio</strong></span> <span class='ocrx_word' id='word_1_683' title='bbox 715 4591 874 4648; x_wconf 87' lang='lat' dir='ltr'><strong>nobis</strong></span> <span class='ocrx_word' id='word_1_684' title='bbox 906 4589 1237 4654; x_wconf 90' lang='lat' dir='ltr'><strong>innotescit;</strong></span> <span class='ocrx_word' id='word_1_685' title='bbox 1271 4605 1582 4661; x_wconf 83' lang='lat' dir='ltr'><strong>quanquam</strong></span> <span class='ocrx_word' id='word_1_686' title='bbox 1650 4591 1739 4646; x_wconf 88' lang='lat' dir='ltr'><strong>alii</strong></span> <span class='ocrx_word' id='word_1_687' title='bbox 1797 4592 1865 4647; x_wconf 93' lang='lat' dir='ltr'><strong>ab</strong></span> <span class='ocrx_word' id='word_1_688' title='bbox 1889 4593 2011 4648; x_wconf 88' lang='lat' dir='ltr'><strong>aliis</strong></span> 
     </span>
    </p>
   </div>
   <div class='ocr_carea' id='block_1_94' title="bbox 439 4682 2011 4753">
    <p class='ocr_par' dir='ltr' id='par_1_94' title="bbox 439 4682 2011 4753">
     <span class='ocr_line' id='line_1_94' title="bbox 439 4682 2011 4753; baseline -0.003 -9"><span class='ocrx_word' id='word_1_689' title='bbox 439 4685 669 4744; x_wconf 76' lang='lat' dir='ltr'><strong>seorsim</strong></span> <span class='ocrx_word' id='word_1_690' title='bbox 702 4701 730 4738; x_wconf 89' lang='lat' dir='ltr'><strong>a</strong></span> <span class='ocrx_word' id='word_1_691' title='bbox 762 4683 926 4739; x_wconf 85' lang='lat' dir='ltr'><strong>nobis</strong></span> <span class='ocrx_word' id='word_1_692' title='bbox 972 4698 1137 4739; x_wconf 90' lang='lat' dir='ltr'><strong>sensu</strong></span> <span class='ocrx_word' id='word_1_693' title='bbox 1202 4682 1404 4752; x_wconf 69' lang='lat' dir='ltr'><strong>percipi</strong></span> <span class='ocrx_word' id='word_1_694' title='bbox 1470 4699 1575 4736; x_wconf 90' lang='lat' dir='ltr'><strong>non</strong></span> <span class='ocrx_word' id='word_1_695' title='bbox 1627 4685 1857 4753; x_wconf 88' lang='lat' dir='ltr'><strong>possint,</strong></span> <span class='ocrx_word' id='word_1_696' title='bbox 1916 4684 2011 4739; x_wconf 87' lang='lat' dir='ltr'><strong>sed</strong></span> 
     </span>
    </p>
   </div>
   <div class='ocr_carea' id='block_1_95' title="bbox 438 4772 2015 4849">
    <p class='ocr_par' dir='ltr' id='par_1_95' title="bbox 438 4772 2015 4849">
     <span class='ocr_line' id='line_1_95' title="bbox 438 4772 2015 4849; baseline -0.003 -16"><span class='ocrx_word' id='word_1_697' title='bbox 438 4776 839 4849; x_wconf 88' lang='lat' dir='ltr'><strong>quodammodo</strong></span> <span class='ocrx_word' id='word_1_698' title='bbox 858 4784 911 4829; x_wconf 90' lang='lat' dir='ltr'><strong>et</strong></span> <span class='ocrx_word' id='word_1_699' title='bbox 935 4773 1229 4829; x_wconf 86' lang='lat' dir='ltr'><strong>continuus</strong></span> <span class='ocrx_word' id='word_1_700' title='bbox 1262 4781 1313 4827; x_wconf 89' lang='lat' dir='ltr'><strong>et</strong></span> <span class='ocrx_word' id='word_1_701' title='bbox 1352 4772 1623 4829; x_wconf 86' lang='lat' dir='ltr'><strong>discretus</strong></span> <span class='ocrx_word' id='word_1_702' title='bbox 1653 4783 1758 4839; x_wconf 89' lang='lat' dir='ltr'><strong>est,</strong></span> <span class='ocrx_word' id='word_1_703' title='bbox 1793 4790 1857 4829; x_wconf 87' lang='lat' dir='ltr'><strong>ac</strong></span> <span class='ocrx_word' id='word_1_704' title='bbox 1880 4791 2015 4845; x_wconf 86' lang='lat' dir='ltr'><strong>pene</strong></span> 
     </span>
    </p>
   </div>
   <div class='ocr_carea' id='block_1_96' title="bbox 440 4868 2020 4940">
    <p class='ocr_par' dir='ltr' id='par_1_96' title="bbox 440 4868 2020 4940">
     <span class='ocr_line' id='line_1_96' title="bbox 440 4868 2020 4940; baseline 0 -16"><span class='ocrx_word' id='word_1_705' title='bbox 440 4886 661 4929; x_wconf 75' lang='lat' dir='ltr'><strong>sensum</strong></span> <span class='ocrx_word' id='word_1_706' title='bbox 695 4869 851 4933; x_wconf 81' lang='lat' dir='ltr'><strong>fallit,</strong></span> <span class='ocrx_word' id='word_1_707' title='bbox 881 4878 939 4923; x_wconf 91' lang='lat' dir='ltr'><strong>ut</strong></span> <span class='ocrx_word' id='word_1_708' title='bbox 995 4868 1142 4940; x_wconf 92' lang='lat' dir='ltr'><strong>quod</strong></span> <span class='ocrx_word' id='word_1_709' title='bbox 1193 4868 1430 4924; x_wconf 89' lang='lat' dir='ltr'><strong>medium</strong></span> <span class='ocrx_word' id='word_1_710' title='bbox 1494 4883 1644 4924; x_wconf 79' lang='lat' dir='ltr'><strong>exse</strong></span> <span class='ocrx_word' id='word_1_711' title='bbox 1688 4872 2020 4924; x_wconf 75' lang='lat' dir='ltr'><strong>commiscet</strong></span> 
     </span>
    </p>
   </div>
   <div class='ocr_carea' id='block_1_97' title="bbox 438 4956 2008 5029">
    <p class='ocr_par' dir='ltr' id='par_1_97' title="bbox 438 4956 2008 5029">
     <span class='ocr_line' id='line_1_97' title="bbox 438 4956 2008 5029; baseline -0.004 -12"><span class='ocrx_word' id='word_1_712' title='bbox 438 4963 806 5029; x_wconf 53' lang='lat' dir='ltr'><strong>discrernitqne</strong></span> <span class='ocrx_word' id='word_1_713' title='bbox 830 4959 1116 5015; x_wconf 86' lang='lat' dir='ltr'><strong>distinctos</strong></span> <span class='ocrx_word' id='word_1_714' title='bbox 1146 4959 1200 5013; x_wconf 91' lang='lat' dir='ltr'><strong>in</strong></span> <span class='ocrx_word' id='word_1_715' title='bbox 1235 4973 1301 5014; x_wconf 91' lang='lat' dir='ltr'><strong>eo</strong></span> <span class='ocrx_word' id='word_1_716' title='bbox 1324 4957 1561 5022; x_wconf 83' lang='lat' dir='ltr'><strong>colores,</strong></span> <span class='ocrx_word' id='word_1_717' title='bbox 1596 4956 1845 5028; x_wconf 78' lang='lat' dir='ltr'><strong>dignosci</strong></span> <span class='ocrx_word' id='word_1_718' title='bbox 1896 4973 2008 5013; x_wconf 91' lang='lat' dir='ltr'><strong>n-ou</strong></span> 
     </span>
    </p>
   </div>
   <div class='ocr_carea' id='block_1_98' title="bbox 439 5050 2005 5124">
    <p class='ocr_par' dir='ltr' id='par_1_98' title="bbox 439 5050 2005 5124">
     <span class='ocr_line' id='line_1_98' title="bbox 439 5050 2005 5124; baseline -0.003 -16"><span class='ocrx_word' id='word_1_719' title='bbox 439 5053 628 5124; x_wconf 84' lang='lat' dir='ltr'><strong>possit.</strong></span> <span class='ocrx_word' id='word_1_720' title='bbox 679 5050 772 5106; x_wconf 87' lang='lat' dir='ltr'><strong>Sic</strong></span> <span class='ocrx_word' id='word_1_721' title='bbox 818 5060 872 5105; x_wconf 92' lang='lat' dir='ltr'><strong>et</strong></span> <span class='ocrx_word' id='word_1_722' title='bbox 940 5050 998 5103; x_wconf 90' lang='lat' dir='ltr'><strong>in</strong></span> <span class='ocrx_word' id='word_1_723' title='bbox 1080 5050 1358 5105; x_wconf 85' lang='lat' dir='ltr'><strong>communi</strong></span> <span class='ocrx_word' id='word_1_724' title='bbox 1435 5050 1661 5105; x_wconf 66' lang='lat' dir='ltr'><strong>Deitatis</strong></span> <span class='ocrx_word' id='word_1_725' title='bbox 1743 5050 2005 5117; x_wconf 88' lang='lat' dir='ltr'><strong>essentia,</strong></span> 
     </span>
    </p>
   </div>
   <div class='ocr_carea' id='block_1_99' title="bbox 444 5142 2008 5217">
    <p class='ocr_par' dir='ltr' id='par_1_99' title="bbox 444 5142 2008 5217">
     <span class='ocr_line' id='line_1_99' title="bbox 444 5142 2008 5217; baseline -0.004 -16"><span class='ocrx_word' id='word_1_726' title='bbox 444 5145 802 5217; x_wconf 80' lang='lat' dir='ltr'><strong>insignientes</strong></span> <span class='ocrx_word' id='word_1_727' title='bbox 857 5144 1215 5212; x_wconf 84' lang='lat' dir='ltr'><strong>pmprietatcs</strong></span> <span class='ocrx_word' id='word_1_728' title='bbox 1246 5144 1481 5209; x_wconf 87' lang='lat' dir='ltr'><strong>elucent,</strong></span> <span class='ocrx_word' id='word_1_729' title='bbox 1515 5158 1663 5207; x_wconf 87' lang='lat' dir='ltr'><strong>enm,</strong></span> <span class='ocrx_word' id='word_1_730' title='bbox 1715 5142 1781 5197; x_wconf 89' lang='lat' dir='ltr'><strong>ad</strong></span> <span class='ocrx_word' id='word_1_731' title='bbox 1816 5156 2008 5195; x_wconf 84' lang='lat' dir='ltr'><strong>essen-</strong></span> 
     </span>
    </p>
   </div>
   <div class='ocr_carea' id='block_1_100' title="bbox 438 5230 2015 5304">
    <p class='ocr_par' dir='ltr' id='par_1_100' title="bbox 438 5230 2015 5304">
     <span class='ocr_line' id='line_1_100' title="bbox 438 5230 2015 5304; baseline -0.004 -12"><span class='ocrx_word' id='word_1_732' title='bbox 438 5239 571 5293; x_wconf 90' lang='lat' dir='ltr'><strong>tiam</strong></span> <span class='ocrx_word' id='word_1_733' title='bbox 606 5233 750 5303; x_wconf 81' lang='lat' dir='ltr'><strong>quod</strong></span> <span class='ocrx_word' id='word_1_734' title='bbox 784 5240 1016 5302; x_wconf 87' lang='lat' dir='ltr'><strong>spectat,</strong></span> <span class='ocrx_word' id='word_1_735' title='bbox 1079 5234 1225 5289; x_wconf 86' lang='lat' dir='ltr'><strong>nulla</strong></span> <span class='ocrx_word' id='word_1_736' title='bbox 1278 5235 1332 5288; x_wconf 89' lang='lat' dir='ltr'><strong>in</strong></span> <span class='ocrx_word' id='word_1_737' title='bbox 1381 5233 1630 5304; x_wconf 78' lang='lat' dir='ltr'><strong>personis</strong></span> <span class='ocrx_word' id='word_1_738' title='bbox 1680 5230 2015 5301; x_wconf 81' lang='lat' dir='ltr'><strong>intelligatur</strong></span> 
     </span>
    </p>
   </div>
   <div class='ocr_carea' id='block_1_101' title="bbox 437 5325 2009 5397">
    <p class='ocr_par' dir='ltr' id='par_1_101' title="bbox 437 5325 2009 5397">
     <span class='ocr_line' id='line_1_101' title="bbox 437 5325 2009 5397; baseline -0.004 -12"><span class='ocrx_word' id='word_1_739' title='bbox 437 5329 755 5395; x_wconf 83' lang='lat' dir='ltr'><strong>distinctio;</strong></span> <span class='ocrx_word' id='word_1_740' title='bbox 786 5341 959 5396; x_wconf 88' lang='lat' dir='ltr'><strong>eaque</strong></span> <span class='ocrx_word' id='word_1_741' title='bbox 978 5325 1157 5382; x_wconf 90' lang='lat' dir='ltr'><strong>omnis</strong></span> <span class='ocrx_word' id='word_1_742' title='bbox 1208 5329 1260 5382; x_wconf 93' lang='lat' dir='ltr'><strong>in</strong></span> <span class='ocrx_word' id='word_1_743' title='bbox 1328 5326 1751 5397; x_wconf 78' lang='lat' dir='ltr'><strong>proprietatibus</strong></span> <span class='ocrx_word' id='word_1_744' title='bbox 1802 5326 2009 5379; x_wconf 79' lang='lat' dir='ltr'><strong>solum-</strong></span> 
     </span>
    </p>
   </div>
   <div class='ocr_carea' id='block_1_102' title="bbox 2114 4502 3689 4576">
    <p class='ocr_par' dir='ltr' id='par_1_102' title="bbox 2114 4502 3689 4576">
     <span class='ocr_line' id='line_1_102' title="bbox 2114 4502 3689 4576; baseline -0.001 -17"><span class='ocrx_word' id='word_1_745' title='bbox 2114 4502 2210 4559; x_wconf 84' lang='grc' dir='ltr'>τοῦ</span> <span class='ocrx_word' id='word_1_746' title='bbox 2246 4504 2427 4576; x_wconf 82' lang='grc' dir='ltr'>ἀέρος,</span> <span class='ocrx_word' id='word_1_747' title='bbox 2483 4503 2654 4558; x_wconf 87' lang='grc' dir='ltr'>πολλά</span> <span class='ocrx_word' id='word_1_748' title='bbox 2710 4502 2765 4556; x_wconf 80' lang='grc' dir='ltr'>δὲ</span> <span class='ocrx_word' id='word_1_749' title='bbox 2812 4503 2870 4554; x_wconf 80' lang='grc' dir='ltr'><strong>ἐν</strong></span> <span class='ocrx_word' id='word_1_750' title='bbox 2903 4503 3050 4575; x_wconf 82' lang='grc' dir='ltr'>αύτῷ</span> <span class='ocrx_word' id='word_1_751' title='bbox 3083 4503 3353 4574; x_wconf 82' lang='grc' dir='ltr'>χρώματα</span> <span class='ocrx_word' id='word_1_752' title='bbox 3381 4507 3689 4573; x_wconf 74' lang='grc' dir='ltr'>φαίνονται,</span> 
     </span>
    </p>
   </div>
   <div class='ocr_carea' id='block_1_103' title="bbox 2121 4595 3691 4669">
    <p class='ocr_par' dir='ltr' id='par_1_103' title="bbox 2121 4595 3691 4669">
     <span class='ocr_line' id='line_1_103' title="bbox 2121 4595 3691 4669; baseline 0.001 -20"><span class='ocrx_word' id='word_1_753' title='bbox 2121 4599 2216 4653; x_wconf 74' lang='grc' dir='ltr'><strong>ναὶ</strong></span> <span class='ocrx_word' id='word_1_754' title='bbox 2246 4595 2495 4667; x_wconf 84' lang='grc' dir='ltr'>φανερῶς</span> <span class='ocrx_word' id='word_1_755' title='bbox 2526 4596 2623 4659; x_wconf 82' lang='grc' dir='ltr'>τὰς</span> <span class='ocrx_word' id='word_1_756' title='bbox 2662 4595 2927 4666; x_wconf 69' lang='grc' dir='ltr'>διαφοράς</span> <span class='ocrx_word' id='word_1_757' title='bbox 2976 4598 3183 4649; x_wconf 82' lang='grc' dir='ltr'>τούτων</span> <span class='ocrx_word' id='word_1_758' title='bbox 3213 4597 3649 4669; x_wconf 79' lang='grc' dir='ltr'>διαγινώσκομεν</span> <span class='ocrx_word' id='word_1_759' title='bbox 3672 4613 3691 4631; x_wconf 66' lang='grc' dir='ltr'>δ</span> 
     </span>
    </p>
   </div>
   <div class='ocr_carea' id='block_1_104' title="bbox 2122 4685 3694 4758">
    <p class='ocr_par' dir='ltr' id='par_1_104' title="bbox 2122 4685 3694 4758">
     <span class='ocr_line' id='line_1_104' title="bbox 2122 4685 3694 4758; baseline 0.002 -17"><span class='ocrx_word' id='word_1_760' title='bbox 2122 4688 2183 4741; x_wconf 88' lang='grc' dir='ltr'><strong>ού</strong></span> <span class='ocrx_word' id='word_1_761' title='bbox 2213 4687 2434 4741; x_wconf 67' lang='grc' dir='ltr'>δυνατὸν</span> <span class='ocrx_word' id='word_1_762' title='bbox 2458 4686 2515 4740; x_wconf 79' lang='grc' dir='ltr'>δὲ</span> <span class='ocrx_word' id='word_1_763' title='bbox 2545 4688 2613 4758; x_wconf 78' lang='grc' dir='ltr'>τῇ</span> <span class='ocrx_word' id='word_1_764' title='bbox 2643 4685 2895 4754; x_wconf 76' lang='grc' dir='ltr'>αἰσθήσει</span> <span class='ocrx_word' id='word_1_765' title='bbox 2918 4686 3250 4740; x_wconf 79' lang='grc' dir='ltr'>καταλαϐεῖν</span> <span class='ocrx_word' id='word_1_766' title='bbox 3287 4689 3386 4757; x_wconf 82' lang='grc' dir='ltr'><strong>τὴν</strong></span> <span class='ocrx_word' id='word_1_767' title='bbox 3407 4690 3694 4744; x_wconf 88' lang='grc' dir='ltr'>διάστασιν</span> 
     </span>
    </p>
   </div>
   <div class='ocr_carea' id='block_1_105' title="bbox 2123 4778 3693 4850">
    <p class='ocr_par' dir='ltr' id='par_1_105' title="bbox 2123 4778 3693 4850">
     <span class='ocr_line' id='line_1_105' title="bbox 2123 4778 3693 4850; baseline 0.003 -17"><span class='ocrx_word' id='word_1_768' title='bbox 2123 4778 2217 4833; x_wconf 78' lang='grc' dir='ltr'>τοῦ</span> <span class='ocrx_word' id='word_1_769' title='bbox 2255 4779 2442 4850; x_wconf 74' lang='grc' dir='ltr'>ἑτέρου</span> <span class='ocrx_word' id='word_1_770' title='bbox 2477 4779 2611 4849; x_wconf 79' lang='grc' dir='ltr'>πρὸς</span> <span class='ocrx_word' id='word_1_771' title='bbox 2658 4779 2719 4832; x_wconf 76' lang='grc' dir='ltr'>τὸ</span> <span class='ocrx_word' id='word_1_772' title='bbox 2776 4778 2962 4847; x_wconf 77' lang='grc' dir='ltr'>ἕτερον</span> <span class='ocrx_word' id='word_1_773' title='bbox 2988 4793 3004 4812; x_wconf 78' lang='grc' dir='ltr'><strong>ο</strong></span> <span class='ocrx_word' id='word_1_774' title='bbox 3032 4779 3168 4832; x_wconf 80' lang='grc' dir='ltr'>ἀλλὰ</span> <span class='ocrx_word' id='word_1_775' title='bbox 3216 4779 3417 4849; x_wconf 77' lang='grc' dir='ltr'>τρόπον</span> <span class='ocrx_word' id='word_1_776' title='bbox 3442 4783 3567 4835; x_wconf 83' lang='grc' dir='ltr'>τινά</span> <span class='ocrx_word' id='word_1_777' title='bbox 3594 4784 3693 4837; x_wconf 79' lang='grc' dir='ltr'>καὶ</span> 
     </span>
    </p>
   </div>
   <div class='ocr_carea' id='block_1_106' title="bbox 2125 4867 3694 4943">
    <p class='ocr_par' dir='ltr' id='par_1_106' title="bbox 2125 4867 3694 4943">
     <span class='ocr_line' id='line_1_106' title="bbox 2125 4867 3694 4943; baseline 0.004 -23"><span class='ocrx_word' id='word_1_778' title='bbox 2125 4868 2346 4936; x_wconf 83' lang='grc' dir='ltr'>συνεχές</span> <span class='ocrx_word' id='word_1_779' title='bbox 2394 4869 2511 4922; x_wconf 80' lang='grc' dir='ltr'>ἐστι</span> <span class='ocrx_word' id='word_1_780' title='bbox 2552 4869 2646 4923; x_wconf 75' lang='grc' dir='ltr'>καὶ</span> <span class='ocrx_word' id='word_1_781' title='bbox 2677 4870 3077 4941; x_wconf 83' lang='grc' dir='ltr'>διαιρούμενον,</span> <span class='ocrx_word' id='word_1_782' title='bbox 3112 4867 3210 4937; x_wconf 81' lang='grc' dir='ltr'><strong>τὴν</strong></span> <span class='ocrx_word' id='word_1_783' title='bbox 3245 4869 3500 4927; x_wconf 73' lang='grc' dir='ltr'>αἴσθησιν</span> <span class='ocrx_word' id='word_1_784' title='bbox 3526 4874 3694 4943; x_wconf 76' lang='grc' dir='ltr'>ἡμῶν</span> 
     </span>
    </p>
   </div>
   <div class='ocr_carea' id='block_1_107' title="bbox 2111 4956 3685 5033">
    <p class='ocr_par' dir='ltr' id='par_1_107' title="bbox 2111 4956 3685 5033">
     <span class='ocr_line' id='line_1_107' title="bbox 2111 4956 3685 5033; baseline 0.002 -23"><span class='ocrx_word' id='word_1_785' title='bbox 2111 4956 2470 5021; x_wconf 76' lang='grc' dir='ltr'>ὑποκλέπτον,</span> <span class='ocrx_word' id='word_1_786' title='bbox 2500 4957 2574 5020; x_wconf 85' lang='grc' dir='ltr'>ὡς</span> <span class='ocrx_word' id='word_1_787' title='bbox 2606 4958 2682 5026; x_wconf 81' lang='grc' dir='ltr'>μὴ</span> <span class='ocrx_word' id='word_1_788' title='bbox 2716 4959 3102 5027; x_wconf 81' lang='grc' dir='ltr'>διαγινώσκειν</span> <span class='ocrx_word' id='word_1_789' title='bbox 3132 4964 3223 5016; x_wconf 73' lang='grc' dir='ltr'>τὸν</span> <span class='ocrx_word' id='word_1_790' title='bbox 3268 4963 3363 5015; x_wconf 74' lang='grc' dir='ltr'>τοῦ</span> <span class='ocrx_word' id='word_1_791' title='bbox 3391 4961 3479 5021; x_wconf 78' lang='grc' dir='ltr'>διὰ</span> <span class='ocrx_word' id='word_1_792' title='bbox 3515 4962 3685 5033; x_wconf 74' lang='grc' dir='ltr'>μέσου</span> 
     </span>
    </p>
   </div>
   <div class='ocr_carea' id='block_1_108' title="bbox 2109 5046 3694 5123">
    <p class='ocr_par' dir='ltr' id='par_1_108' title="bbox 2109 5046 3694 5123">
     <span class='ocr_line' id='line_1_108' title="bbox 2109 5046 3694 5123; baseline 0.004 -25"><span class='ocrx_word' id='word_1_793' title='bbox 2109 5048 2198 5099; x_wconf 60' lang='grc' dir='ltr'>τῖιν</span> <span class='ocrx_word' id='word_1_794' title='bbox 2248 5046 2542 5116; x_wconf 82' lang='grc' dir='ltr'>μιγνύοντα</span> <span class='ocrx_word' id='word_1_795' title='bbox 2585 5047 2653 5101; x_wconf 80' lang='grc' dir='ltr'>δι’</span> <span class='ocrx_word' id='word_1_796' title='bbox 2710 5049 2906 5104; x_wconf 77' lang='grc' dir='ltr'>ἑαυτοῦ</span> <span class='ocrx_word' id='word_1_797' title='bbox 2942 5053 3038 5104; x_wconf 80' lang='grc' dir='ltr'><strong>καὶ</strong></span> <span class='ocrx_word' id='word_1_798' title='bbox 3090 5053 3395 5123; x_wconf 76' lang='grc' dir='ltr'>χωρίζοντα</span> <span class='ocrx_word' id='word_1_799' title='bbox 3453 5054 3550 5122; x_wconf 80' lang='grc' dir='ltr'><strong>τὴν</strong></span> <span class='ocrx_word' id='word_1_800' title='bbox 3579 5052 3694 5105; x_wconf 88' lang='grc' dir='ltr'><strong>τῶν</strong></span> 
     </span>
    </p>
   </div>
   <div class='ocr_carea' id='block_1_109' title="bbox 2109 5140 3697 5218">
    <p class='ocr_par' dir='ltr' id='par_1_109' title="bbox 2109 5140 3697 5218">
     <span class='ocr_line' id='line_1_109' title="bbox 2109 5140 3697 5218; baseline 0.005 -27"><span class='ocrx_word' id='word_1_801' title='bbox 2109 5140 2285 5212; x_wconf 84' lang='grc' dir='ltr'>χροῶν</span> <span class='ocrx_word' id='word_1_802' title='bbox 2317 5140 2614 5208; x_wconf 69' lang='grc' dir='ltr'>ἐτερότητα</span> <span class='ocrx_word' id='word_1_803' title='bbox 2633 5158 2647 5171; x_wconf 74' lang='grc' dir='ltr'><strong>ο</strong></span> <span class='ocrx_word' id='word_1_804' title='bbox 2688 5142 2833 5194; x_wconf 71' lang='grc' dir='ltr'>οὕτω</span> <span class='ocrx_word' id='word_1_805' title='bbox 2859 5146 2953 5198; x_wconf 72' lang='grc' dir='ltr'><strong>καὶ</strong></span> <span class='ocrx_word' id='word_1_806' title='bbox 2981 5146 3039 5196; x_wconf 83' lang='grc' dir='ltr'>ὲν</span> <span class='ocrx_word' id='word_1_807' title='bbox 3068 5147 3135 5215; x_wconf 73' lang='grc' dir='ltr'>τῇ</span> <span class='ocrx_word' id='word_1_808' title='bbox 3162 5146 3439 5218; x_wconf 84' lang='grc' dir='ltr'>κοινότητι</span> <span class='ocrx_word' id='word_1_809' title='bbox 3470 5147 3569 5217; x_wconf 81' lang='grc' dir='ltr'>τῆς</span> <span class='ocrx_word' id='word_1_810' title='bbox 3603 5146 3697 5199; x_wconf 86' lang='grc' dir='ltr'>ού-</span> 
     </span>
    </p>
   </div>
   <div class='ocr_carea' id='block_1_110' title="bbox 2109 5231 3691 5311">
    <p class='ocr_par' dir='ltr' id='par_1_110' title="bbox 2109 5231 3691 5311">
     <span class='ocr_line' id='line_1_110' title="bbox 2109 5231 3691 5311; baseline 0.006 -25"><span class='ocrx_word' id='word_1_811' title='bbox 2109 5233 2226 5298; x_wconf 78' lang='grc' dir='ltr'>σῑας</span> <span class='ocrx_word' id='word_1_812' title='bbox 2253 5231 2350 5286; x_wconf 84' lang='grc' dir='ltr'>τοῦ</span> <span class='ocrx_word' id='word_1_813' title='bbox 2372 5231 2506 5286; x_wconf 84' lang='grc' dir='ltr'><strong>Θεοῦ</strong></span> <span class='ocrx_word' id='word_1_814' title='bbox 2530 5235 2583 5286; x_wconf 88' lang='grc' dir='ltr'>αἰ</span> <span class='ocrx_word' id='word_1_815' title='bbox 2606 5239 2966 5306; x_wconf 71' lang='grc' dir='ltr'>γνωριστικαὶ</span> <span class='ocrx_word' id='word_1_816' title='bbox 2987 5236 3249 5309; x_wconf 75' lang='grc' dir='ltr'>ἰδιότητες</span> <span class='ocrx_word' id='word_1_817' title='bbox 3280 5239 3691 5311; x_wconf 67' lang='grc' dir='ltr'>ἑπιλάμπουσι,</span> 
     </span>
    </p>
   </div>
   <div class='ocr_carea' id='block_1_111' title="bbox 2110 5323 3696 5397">
    <p class='ocr_par' dir='ltr' id='par_1_111' title="bbox 2110 5323 3696 5397">
     <span class='ocr_line' id='line_1_111' title="bbox 2110 5323 3696 5397; baseline 0.006 -18"><span class='ocrx_word' id='word_1_818' title='bbox 2110 5326 2247 5379; x_wconf 80' lang='grc' dir='ltr'>κατᾶ</span> <span class='ocrx_word' id='word_1_819' title='bbox 2286 5327 2386 5395; x_wconf 83' lang='grc' dir='ltr'><strong>μὲν</strong></span> <span class='ocrx_word' id='word_1_820' title='bbox 2440 5326 2542 5397; x_wconf 85' lang='grc' dir='ltr'><strong>τὴν</strong></span> <span class='ocrx_word' id='word_1_821' title='bbox 2591 5323 2777 5379; x_wconf 77' lang='grc' dir='ltr'>οὐσίαν</span> <span class='ocrx_word' id='word_1_822' title='bbox 2800 5326 3058 5397; x_wconf 78' lang='grc' dir='ltr'>οὐδεμιᾶς</span> <span class='ocrx_word' id='word_1_823' title='bbox 3109 5327 3169 5383; x_wconf 69' lang='grc' dir='ltr'>ιν</span> <span class='ocrx_word' id='word_1_824' title='bbox 3199 5331 3319 5396; x_wconf 86' lang='grc' dir='ltr'>ταῖς</span> <span class='ocrx_word' id='word_1_825' title='bbox 3351 5330 3696 5388; x_wconf 79' lang='grc' dir='ltr'>ὑποστάσεσι</span> 
     </span>
    </p>
   </div>
   <div class='ocr_carea' id='block_1_112' title="bbox 503 5505 2013 5577">
    <p class='ocr_par' dir='ltr' id='par_1_112' title="bbox 503 5505 2013 5576">
     <span class='ocr_line' id='line_1_112' title="bbox 503 5505 2013 5576; baseline -0.001 -10"><span class='ocrx_word' id='word_1_826' title='bbox 503 5514 551 5550; x_wconf 75' lang='grc'><strong>⁸⁸</strong></span> <span class='ocrx_word' id='word_1_827' title='bbox 584 5513 738 5566; x_wconf 76' lang='lat' dir='ltr'><strong>lium.</strong></span> <span class='ocrx_word' id='word_1_828' title='bbox 780 5526 898 5576; x_wconf 82' lang='lat' dir='ltr'><strong>vui,</strong></span> <span class='ocrx_word' id='word_1_829' title='bbox 932 5508 1016 5567; x_wconf 74' lang='lat' dir='ltr'><strong>l5.</strong></span> <span class='ocrx_word' id='word_1_830' title='bbox 1097 5511 1140 5542; x_wconf 74' lang='grc' dir='ltr'>θ’</span> <span class='ocrx_word' id='word_1_831' title='bbox 1163 5505 1204 5561; x_wconf 93' lang='lat' dir='ltr'><strong>ll</strong></span> <span class='ocrx_word' id='word_1_832' title='bbox 1239 5508 1362 5561; x_wconf 84' lang='lat' dir='ltr'><strong>Cor.</strong></span> <span class='ocrx_word' id='word_1_833' title='bbox 1396 5522 1478 5575; x_wconf 85' lang='lat' dir='ltr'><strong>ut,</strong></span> <span class='ocrx_word' id='word_1_834' title='bbox 1510 5508 1593 5561; x_wconf 88' lang='lat' dir='ltr'><strong>l7.</strong></span> <span class='ocrx_word' id='word_1_835' title='bbox 1626 5507 1672 5541; x_wconf 74' lang='grc' dir='ltr'><strong>’θ</strong></span> <span class='ocrx_word' id='word_1_836' title='bbox 1703 5506 1821 5564; x_wconf 82' lang='lat' dir='ltr'><strong>Gal.</strong></span> <span class='ocrx_word' id='word_1_837' title='bbox 1850 5525 1901 5574; x_wconf 82' lang='grc' dir='ltr'><strong>ν,</strong></span> <span class='ocrx_word' id='word_1_838' title='bbox 1936 5509 2013 5564; x_wconf 74' lang='grc'><strong>18.</strong></span> 
     </span>
    </p>
   </div>
   <div class='ocr_carea' id='block_1_113' title="bbox 2115 5505 2619 5577">
    <p class='ocr_par' dir='ltr' id='par_1_113' title="bbox 2115 5506 2619 5577">
     <span class='ocr_line' id='line_1_113' title="bbox 2115 5506 2619 5577; baseline 0.006 -17"><span class='ocrx_word' id='word_1_839' title='bbox 2115 5509 2141 5542; x_wconf 86' lang='grc'><strong>¹¹</strong></span> <span class='ocrx_word' id='word_1_840' title='bbox 2180 5506 2337 5570; x_wconf 79' lang='lat' dir='ltr'><strong>llom.</strong></span> <span class='ocrx_word' id='word_1_841' title='bbox 2376 5521 2493 5577; x_wconf 72' lang='grc' dir='ltr'>νηί,</span> <span class='ocrx_word' id='word_1_842' title='bbox 2533 5507 2619 5564; x_wconf 78' lang='lat' dir='ltr'><strong>l5.</strong></span> 
     </span>
    </p>
   </div>
   <div class='ocr_carea' id='block_1_114' title="bbox 506 5698 938 5770">
    <p class='ocr_par' dir='ltr' id='par_1_114' title="bbox 506 5698 938 5770">
     <span class='ocr_line' id='line_1_114' title="bbox 506 5698 938 5770; baseline 0.009 -20"><span class='ocrx_word' id='word_1_843' title='bbox 506 5698 615 5767; x_wconf 66' lang='lat' dir='ltr'><strong>(Si!)</strong></span> <span class='ocrx_word' id='word_1_844' title='bbox 650 5698 817 5770; x_wconf 78' lang='lat' dir='ltr'><strong>Epist.</strong></span> <span class='ocrx_word' id='word_1_845' title='bbox 852 5700 938 5754; x_wconf 69' lang='grc'><strong>43.</strong></span> 
     </span>
    </p>
   </div>
  </div>
