4056 6266
456 324 559 387 5’79

1434 329 1531 388 DE
1580 329 1997 391 I‘RiNCiPllS
2028 333 2232 393 FIDE!
2266 335 2733 402 CATIIOLICE.

3588 348 3693 413 570

452 432 749 502 νοουμένης
799 431 1087 503 διαφορᾶς,
1147 437 1286 489 κατὰ
1320 438 1377 490 δὲ
1414 439 1510 501 τὰς
1536 441 1717 493 αὐτῶν
1751 440 2006 510 ἰδιότητας

2124 446 2284 499 modo
2313 458 2592 503 versetur:
2630 461 2685 503 ut
2723 461 2777 505 et
2803 452 3059 506 unionem
3093 452 3145 505 in
3169 452 3430 518 essentia,
3481 465 3534 509 et
3572 456 3691 511 dis-

457 528 617 594 μὸνον
651 526 752 594 τῆς
790 525 1052 594 διαφορᾶς
1085 525 1251 596 οὔσης
1274 542 1288 557 °
1328 530 1469 583 ὥστε
1517 536 1611 585 καὶ
1650 533 1707 583 τὸ
1736 533 2017 602 συνημμέο

451 635 542 669 νον
598 617 656 668 ἐν
712 619 777 687 τῇ
836 619 1017 687 οὐσίᾳ,
1078 620 1170 672 καὶ
1227 623 1286 674 τὸ
1319 622 1725 693 κεχωρισμένον
1757 625 1895 677 κατὰ
1920 624 2018 683 τὰς

450 708 779 771 ὑποστάσεις
808 710 1183 776 διδάσκεσθαι,
1218 716 1266 767 εἰ
1303 716 1419 778 καὶ,
1454 713 1644 784 ὥσπερ
1682 715 1771 768 ἐπὶ
1798 713 1891 766 τοῦ
1931 715 2017 766 τό·

451 796 566 861 ξου,
600 799 659 849 ού
688 799 960 868 δυνάμεθα
997 803 1196 866 ἱκανῶς
1234 807 1300 875 τῇ
1338 806 1590 877 αἰσθήσει
1620 806 1893 876 διακρῖναι
1923 805 2017 856 τοῦ

449 890 639 960 ἐτίρου
690 891 752 943 τὸ
779 891 997 962 ἕτερον·
1029 894 1171 948 οὕτω
1204 896 1483 950 κάνταῦθα
1523 898 1585 949 τὸ
1615 898 1673 949 ἓν
1703 896 1797 948 τοῦ
1830 897 2015 965 ἐτέρου

449 980 834 1051 διεζευγμένον
861 986 959 1036 οὐκ
991 985 1107 1038 ἔστι
1136 988 1275 1038 νοεῖν
1308 986 1396 1040 διὰ
1419 986 1517 1056 τὴν
1547 986 1854 1055 ἀκροτάτην
1874 986 2013 1039 Eva)-

450 1091 555 1127 σιν.
597 1075 656 1128 Ei
679 1076 734 1127 δὲ
769 1077 859 1127 ἐπὶ
888 1078 995 1128 τῶν
1024 1078 1145 1131 καθ’
1187 1080 1335 1146 ἡμᾶς
1359 1078 1461 1132 οὐκ
1481 1077 1718 1147 ἐξισχύει
1748 1078 1847 1147 τὴν
1874 1077 2014 1129 ἐνω-

448 1183 533 1218 σιν
572 1169 666 1219 καὶ
720 1168 819 1236 τὴν
857 1168 1130 1237 διάκρισιν
1160 1170 1383 1233 τελείως
1424 1169 1772 1232 καταλαϐεῖν,
1802 1168 1919 1229 πῶς
1951 1167 2012 1220 οὗ

447 1258 627 1325 πολλῷ
670 1259 874 1327 μᾶλλον
906 1261 997 1313 ἐπὶ
1024 1262 1125 1325 τῆς
1148 1262 1305 1327 ἁγίας
1327 1261 1553 1330 Τριάδος
1588 1260 1681 1313 τοῦ
1712 1260 1826 1317 ἐνὸς
1852 1257 2011 1319 Θεοῦ,

445 1349 542 1414 τῆς
574 1350 711 1419 ὑπὲρ
742 1351 917 1403 πάντα
948 1351 1041 1405 κα)⁸
1076 1354 1258 1405 πᾶσαν
1294 1352 1476 1421 νόησιν
1512 1352 1859 1422 ἅσυγκρίτως
1886 1352 2012 1422 ἐξῃ·

450 1441 713 1511 ρημένης,
745 1442 777 1511 ἡ
809 1442 914 1493 τῶν
934 1442 1208 1511 λογισμῶν
1251 1442 1552 1511 κατάληψις
1578 1443 1935 1512 ἁδυνατήσει’;

1041 1554 1283 1610 ΚΕΦΑΛ.
1340 1556 1409 1609 Εν.

450 1642 587 1711 Περὶ
631 1644 738 1711 τῆς
783 1648 1144 1713 σαρκώσεως
1168 1645 1274 1699 τοῦ
1318 1646 1463 1701 Θεοῦ
1490 1648 1684 1715 Λόγου
1712 1643 1861 1699 κατὰ
1900 1644 2007 1711 τὰς

992 1718 1155 1781 θείας
1182 1716 1447 1784 Γραφάς.

2122 538 2418 591 cretionem
2496 540 2548 591 in
2626 542 2874 609 personis
2946 542 3301 607 noverimus;
3376 559 3687 614 quanquam

2122 629 2265 683 sicut
2288 630 2341 682 in
2365 645 2495 684 arcu
2539 633 2773 686 alterum
2797 634 2864 686 ab
2895 635 3068 688 altero
3092 634 3233 689 haud
3288 637 3424 689 satis
3476 637 3689 690 discer-

2122 734 2252 773 nere
2277 735 2574 789 possumus
2606 738 2620 786 ;
2656 725 2736 777 sic
2766 739 2984 793 quoque
3011 726 3121 788 hie,
3160 726 3390 780 alterum
3429 727 3497 779 ab
3514 727 3686 780 altero

2119 810 2452 880 disjunctum
2492 816 2713 869 minime
2734 816 3088 885 intelligatur,
3112 833 3217 887 qua
3244 834 3454 872 summa
3488 820 3688 872 unione

2119 908 2433 954 nectuntur.
2470 901 2563 955 Sin
2596 910 2776 956 autem
2807 903 2860 956 in
2894 904 2961 959 iis
2986 920 3107 974 qua:
3139 906 3376 960 humano
3406 922 3504 960 usu
3541 907 3685 961 didi-

2116 990 2313 1056 cimus,
2338 992 2452 1060 ipsa
2479 1009 2508 1046 a
2532 994 2687 1048 nobis
2706 995 2836 1050 unio
2858 1009 2921 1048 ae
2942 995 3194 1050 discretio
3224 996 3367 1051 haud
3398 997 3532 1051 satis
3561 1013 3686 1065 per-

2114 1080 2348 1148 cipitur;
2403 1084 2676 1152 quomodo
2714 1101 2816 1140 non
2848 1088 3006 1152 longe
3028 1086 3225 1155 potiori
3246 1087 3369 1155 jure
3396 1086 3451 1139 in
3494 1097 3684 1141 sancta

2116 1173 2383 1228 Trinitate
2410 1175 2572 1230 unius
2606 1178 2719 1239 Dei,
2754 1193 2876 1247 quae
2899 1178 3155 1233 omnibus
3178 1179 3409 1244 eminet,
3441 1193 3683 1232 omnem.

2113 1278 2219 1331 que
2250 1266 2628 1334 cogitationem
2671 1270 3189 1339 inconiparabilibus
3218 1270 3392 1326 modis
3448 1268 3683 1332 excedit,

2111 1354 2382 1410 rationum
2410 1360 2824 1426 comprehensio
2850 1360 3203 1430 impossibilis
3225 1361 3365 1416 erit?

2736 1559 2964 1618 CAPUT
2999 1562 3063 1618 ν.

2199 1646 2272 1700 De
2324 1647 2416 1701 Dei
2467 1648 2619 1703 Verbi
2666 1651 3026 1708 incarnatione
3072 1656 3227 1723 juxta
3287 1653 3607 1725 Scripmras.

518 1806 733 1858 Τούτων
758 1806 812 1858 δὲ
845 1772 1522 1877 θεωρηθέντωναάτάστὴν
1547 1808 1644 1876 τῆς
1670 1807 1886 1875 Γραφῆς
1912 1808 2003 1858 καὶ

2188 1802 2279 1855 llis
2308 1804 2380 1858 ita
2408 1805 2769 1859 consideratis
2823 1807 2977 1875 juxta
3014 1806 3313 1877 Scriptura:
3340 1823 3402 1863 ac
3468 1790 3701 1864 sancto?

442 1898 551 1949 τῶν
582 1897 750 1962 ἁγίων
779 1898 1143 1959 διδασκαλίαν,
1196 1899 1273 1951 ἔτι
1318 1898 1645 1967 πιστεύομεν
1684 1899 1778 1949 καὶ
1816 1898 2010 1965 ὁμολο-

442 1987 645 2056 γοῦμεν
674 1989 803 2041 ὅτιὸ
834 1985 911 2049 εἷς
942 1988 1036 2055 τῆς
1070 1989 1227 2056 ἁγίας
1276 1986 1499 2058 Τριάδος
1522 1992 1549 2042 ὁ
1582 1990 1711 2051 Υίδς
1740 1988 1837 2042 τοῦ
1869 1990 2005 2042 Θεοῦ

444 2078 531 2131 ἐπ’
560 2080 802 2146 ἐσχάτων
822 2078 930 2130 τῶν
952 2078 1163 2133 αἰώνων
1188 2080 1275 2133 διὰ
1302 2081 1401 2148 τὴν
1425 2080 1701 2149 ἡμετέραν
1733 2081 2007 2151 σωτηρίαν

444 2168 856 2239 ὑπερϐαλλούσῃ
891 2170 1271 2240 φιλανθρωπίᾳ
1301 2172 1603 2239 προσέλαϐε
1628 2172 1686 2223 τὺ
1718 2172 1878 2240 σῶμα
1912 2172 2007 2224 ἀν-

445 2260 713 2327 θρώπινον
764 2261 827 2312 ἐκ
862 2262 962 2329 τῆς
998 2262 1159 2329 ἁγίας
1211 2262 1473 2314 Θεοτόκου
1525 2263 1616 2313 καὶ
1646 2263 2005 2331 ἀειπαρθένου

444 2349 677 2420 Μαρίας,
708 2352 800 2404 καὶ
832 2352 1094 2421 ἐγεννήθη
1128 2353 1187 2415 ἐξ
1214 2354 1383 2420 αὐτῆς
1405 2354 1477 2415 ὡς
1512 2353 1799 2421 ἄνθρωπος
1833 2356 2007 2423 χωρὶς

443 2443 737 2511 ἁμαρτίας,
793 2445 819 2494 ὁ
871 2444 1032 2505 αὐτὸς
1065 2442 1138 2495 ὢν
1168 2445 1298 2506 Θεὸς
1348 2444 1552 2507 τέλειος
1593 2448 1685 2497 καὶ
1718 2446 2007 2514 ἄνθρωπος

443 2534 663 2598 τέλειος,
695 2537 751 2587 ἐν
786 2536 883 2605 μιᾷ
913 2535 1208 2589 ὑποστάσει
1232 2536 1326 2589 δύο
1353 2539 1546 2604 φύσεις
1574 2537 1737 2605 ἔχων,
1774 2538 1869 2589 καὶ
1912 2538 2005 2589 δύο

442 2628 675 2696 διάφορα
697 2627 821 2697 Θελή
832 2646 976 2696 ματα
1002 2630 1121 2689 ταῖς
1150 2628 1341 2695 φύσεσι
1372 2630 1680 2697 κατάλληλα
1716 2630 1811 2682 καὶ
1840 2646 2004 2699 προσ-

449 2718 647 2784 ήκοντα
667 2734 683 2749 ο
740 2718 800 2781 τὸ
851 2720 947 2787 μὲν
973 2719 1116 2772 θεῖον
1144 2719 1402 2788 δηλονότι,
1456 2719 1516 2772 τὸ
1546 2720 1601 2773 δὲ
1638 2721 2003 2787 ἀνθρώπινον.

443 2805 544 2859 Καὶ
567 2807 676 2876 γὰρ
699 2808 828 2859 ποτέ
862 2809 962 2876 μὲν
989 2808 1064 2871 ὡς
1115 2808 1244 2871 Θεὸς
1274 2810 1493 2878 ἐνήργει
1518 2826 1531 2839 °
1569 2810 1698 2861 ποτέ
1730 2810 1784 2862 δὲ
1815 2809 1890 2871 ὼς
1910 2810 2007 2863 ἄνα

443 2899 657 2966 θρωπος
683 2896 920 2966 ἔπραττέ
958 2914 1015 2950 τε
1040 2897 1135 2951 καὶ
1156 2897 1386 2967 ἔπασχε.
1413 2898 1485 2949 Τὸ
1513 2897 1613 2965 μὶν
1637 2897 1747 2967 γάρ
1779 2897 2005 2966 ἀνιστᾷν

439 2987 565 3047 τοὺς
602 2986 827 3053 νεκροὺς
861 2986 957 3037 καὶ
994 2985 1336 3056 παραλύτους
1374 2986 1720 3053 συσφίγγειν,
1755 2985 2007 3046 καὶτοὺς

2112 1908 2230 1945 rum
2267 1895 2590 1958 doctrinam,
2644 1897 2821 1951 adhuc
2876 1899 3151 1953 credimus
3208 1909 3264 1953 et
3333 1899 3678 1962 conﬁtemur,

2111 1999 2275 2037 nnmn
2309 2000 2371 2037 ex
2419 1996 2608 2040 sancta
2657 1987 2951 2049 Trinitate.
3008 1988 3204 2043 Filium
3278 1990 3393 2054 Dei,
3445 1990 3680 2046 novissi-

2110 2077 2211 2129 mis
2241 2077 2451 2131 saeculis
2473 2087 2693 2145 propter
2726 2088 2969 2133 nostram
3023 2080 3251 2133 salutem
3310 2080 3514 2133 eximia
3576 2097 3673 2135 sua

2109 2169 2393 2224 clementia
2428 2185 2492 2224 ac
2524 2170 2880 2240 benignitate,
2905 2171 3203 2225 humanum
3230 2186 3431 2240 corpus
3466 2186 3680 2225 assum-

2109 2260 2283 2329 psisse
2312 2276 2374 2315 ex
2396 2270 2592 2316 sancta
2627 2262 2721 2317 Dei
2753 2262 3026 2317 Genitrice
3069 2277 3395 2332 semperque
3454 2262 3677 2332 Virgine

2108 2350 2313 2415 Maria;
2349 2366 2525 2420 exque
2555 2366 2618 2406 ea
2653 2360 2841 2406 natum
2867 2353 3075 2420 absque
3126 2361 3373 2421 peccato,
3420 2353 3674 2407 eumdem

2108 2442 2274 2495 Deum
2304 2442 2602 2512 perfectum
2649 2456 2701 2498 et
2743 2444 3016 2499 hominem
3067 2444 3409 2514 perfectum:
3473 2443 3676 2512 duplici

2109 2540 2301 2584 natura
2332 2532 2386 2586 in
2436 2548 2542 2586 una
2582 2548 2839 2600 persona,
2897 2534 3212 2604 duplicique
3264 2534 3520 2588 distincta
3577 2549 3679 2601 pro

2110 2630 2426 2675 naturarum
2475 2623 2687 2678 ratione
2714 2625 2932 2693 illisque
2980 2632 3369 2684 consentanea,
3402 2625 3679 2676 voluntate

2108 2712 2389 2780 praeditum
2427 2730 2440 2766 :
2475 2713 2641 2767 altera
2678 2714 2918 2782 quidem,
2946 2716 3207 2769 nimirum
3236 2714 3420 2768 divina
3457 2716 3671 2769 :altera

2107 2815 2259 2864 vero,
2320 2802 2582 2855 humana.
2650 2800 2990 2871 Quandoque
3038 2804 3182 2857 enim
3235 2804 3563 2871 operabatur
3619 2812 3678 2856 ut

2110 2890 2294 2947 Deus:
2339 2891 2667 2961 quandoque
2692 2906 2820 2947 vero
2868 2902 2927 2945 ut
2960 2893 3123 2947 homo
3188 2893 3384 2963 agebat
3440 2906 3503 2946 ac
3549 2907 3676 2961 per-

2110 2983 2429 3052 petiebatur.
2500 2982 2631 3038 1Nam
2701 2992 2946 3039 mortuos
2996 2985 3211 3054 quidem
3272 2985 3557 3050 suscitare,
3622 2994 3677 3039 et

430 3072 675 3140 amplcti;
726 3072 1031 3141 ὀμματοῦν,
1054 3074 1156 3146 ,καὶ
1189 3074 1258 3125 τὰ
1302 3072 1464 3142 ὅμοια
1493 3071 1703 3135 τούτοις
1732 3072 2002 3141 ἐνεργεῖν,

2111 3073 2432 3145 paralyticos
2451 3074 2772 3144 astringere,
2824 3074 3101 3143 caecisque
3146 3073 3334 3128 oculos
3399 3088 3673 3143 reparare.

441 3164 694 3232 θεότητος
718 3159 862 3233 ἦσαν
902 3164 997 3216 καὶ
1052 3162 1224 3233 ἀληθῆ
1259 3162 1391 3215 Θεὸν
1434 3163 1595 3217 αύτδν
1623 3163 2003 3235 ἐμαρτύρουν·

438 3256 501 3309 τὸ
537 3255 594 3307 δέ
626 3255 815 3324 πεινῇν
846 3257 937 3305 καὶ
965 3253 1126 3323 suum
1158 3254 1252 3307 καὶ
1278 3256 1497 3324 κοπιᾷν,
1518 3254 1610 3308 καί
1640 3255 1857 3324 σταυρῷ
1895 3271 2005 3307 πα·

446 3345 849 3419 ραδοθῆναικαὶ
877 3348 1021 3415 ταφῇ
1073 3346 1164 3398 καὶ
1213 3347 1452 3416 θανάτῳ,
1504 3347 1677 3401 ταῦτα
1737 3346 2006 3415 δήπουθεν

441 3438 757 3506 ἀνθρώπινα
779 3432 939 3506 ἦσαν,
972 3437 1065 3489 καὶ
1096 3436 1310 3507 ἀληθῶς
1333 3438 1619 3509 ἄνθρωπον
1639 3440 1799 3491 αὑτὸν
1827 3441 1933 3509 ὲμα
1944 3455 2008 3510 ρ-

438 3528 639 3600 τύρουν

520 3623 584 3673 Ὃ
610 3622 671 3691 δὴ
702 3624 1019 3692 μυστήριον,
1048 3622 1107 3674 τὸ
1134 3620 1224 3672 τὸν
1253 3620 1385 3673 Θεὸν
1412 3618 1701 3689 ἄνθρωπον
1724 3620 2003 3686 γενέσθαι,

438 3713 549 3764 τῶν
570 3714 627 3777 ἐξ
650 3712 841 3774 αἰῶνος
885 3712 1257 3766 ἀκουσθέντων
1285 3709 1577 3778 θαυμάτων
1620 3711 1738 3762 ἐστὶ
1789 3711 2001 3776 θαῦμα·

439 3804 720 3874 σιώτερον,
752 3805 869 3856 οὐδὲ
905 3805 1009 3872 γὰρ
1045 3805 1101 3855 ἐν
1134 3802 1211 3871 τῷ
1235 3799 1451 3871 Χριστῷ
1481 3803 1647 3870 μόνην
1673 3804 1771 3869 μὲν
1795 3801 2003 3873 ἀνθρω-

440 3895 604 3964 πίνην
638 3895 796 3963 φύσιν
824 3896 857 3964 ὴ
888 3895 1147 3964 καθολικὴ
1182 3895 1360 3956 πίστις
1391 3893 1488 3961 τῆς
1524 3892 1847 3961 Ἐκκλησίαξ
1873 3894 2006 3961 ὁμου

436 3985 610 4051 λογεῖ,
648 3984 745 4053 τὴν
805 3984 861 4036 δὲ
900 3983 1128 4053 θεότητα
1184 3983 1246 4034 οὐ
1302 3981 1443 4033 κατὰ
1469 3979 1649 4047 φύσιν,
1690 3978 1826 4031 ἀλλὰ
1865 3981 2004 4032 κατᾶ

441 4075 674 4145 μετοχὴν
706 4076 762 4126 ἐν
791 4074 935 4142 αὐτῷ
966 4072 1236 4136 γενέσθαι,
1264 4070 1442 4132 καθὼς
1476 4070 1692 4140 ἐφρόνει
1739 4068 2002 4129 Φωτεινδς

438 4166 531 4217 καὶ
558 4164 765 4226 Παῦλος
787 4166 813 4217 ὀ
854 4161 1200 4229 Σαμοσατεύς
1221 4177 1236 4191 ο
1273 4161 1381 4213 οὐδ’
1414 4162 1493 4213 ὅτι
1528 4161 1666 4212 κατὰ
1700 4157 2000 4226 φαντασίιν

436 4258 465 4310 ὁ
513 4254 604 4307 τοῦ
631 4253 763 4307 Θεοῦ
804 4254 929 4315 Υἱὸς
956 4252 1170 4319 ἐγένετο
1197 4251 1291 4304 ἄνθ
1303 4267 1500 4317 ρωπος,
1525 4247 1713 4317 ὥσπερ
1745 4248 2004 4316 ἐφρόνουν

436 4349 488 4401 οἱ
522 4347 831 4415 λιανιχαῖοι.
865 4343 996 4394 Οὐδὲ
1049 4342 1291 4395 διδάσκει
1327 4342 1358 4408 ἡ
1391 4340 1484 4392 τοῦ
1522 4338 1656 4390 Θεοῦ
1702 4337 2000 4407 Ἐκκλησία

2109 3175 2274 3235 atque
2304 3166 2357 3221 id
2381 3180 2553 3235 genus
2612 3181 2778 3235 opera
2849 3174 3111 3235 praestare
3166 3165 3464 3222 divinitatis
3497 3175 3673 3225 erant.

2107 3273 2344 3329 eumque
2367 3272 2553 3311 verum
2589 3256 2759 3312 Deum
2786 3272 2928 3317 esse,
2964 3266 3110 3310 certa
3168 3267 3673 3326 argumenta:esu~

2107 3348 2217 3402 rire
2239 3361 2363 3401 vero
2393 3354 2449 3400 et
2482 3348 2638 3402 sitire
2669 3354 2723 3400 et
2752 3344 2955 3401 fessum
2992 3361 3133 3409 esse,
3182 3347 3441 3415 crucique
3483 3356 3538 3401 et
3587 3362 3676 3401 se-

2106 3438 2336 3507 pulturae
2375 3445 2430 3490 et
2470 3438 2635 3491 morti
2679 3434 2850 3491 fuisse
2888 3436 3173 3500 traditum,
3200 3438 3315 3491 hsce
3380 3452 3513 3491 sane
3568 3438 3668 3492 hu-

2107 3544 2263 3583 mana
2296 3536 2451 3583 erant
2483 3538 2539 3582 et
2585 3544 2706 3597 quae
2722 3543 2846 3581 eum
2874 3543 2999 3582 vere
3040 3528 3315 3582 hominem
3354 3529 3673 3599 proderent.

2176 3616 2288 3671 Hoc
2313 3630 2447 3671 sane
2510 3617 2827 3687 mysterium
2898 3617 3088 3686 (Deum
3135 3617 3345 3672 scilicet
3400 3618 3671 3671 hmni-em

2106 3725 2227 3765 esse
2253 3709 2476 3777 factum)
2535 3708 2924 3762 miraculorum
2978 3725 3098 3778 qutc
3153 3725 3184 3764 a
3227 3709 3429 3765 saeculo
3492 3709 3675 3762 audita

2103 3812 2250 3868 sunt,
2301 3814 2465 3856 omne
2520 3799 2692 3856 vincit
2764 3800 3107 3854 miraculum.
3167 3801 3350 3870 Neque
3408 3801 3551 3855 enim
3618 3806 3672 3855 ιιι

2105 3890 2322 3945 Christo
2373 3888 2663 3943 humanam
2718 3888 2886 3943 solum
2946 3896 3191 3943 naturam
3241 3888 3527 3943 confitetur
3577 3887 3677 3943 Ec-

2105 3981 2283 4035 clesia:
2335 3979 2466 4034 ﬁdes
2519 3997 2533 4034 :
2582 3977 2844 4032 Deitatem
2914 3993 3044 4033 vero
3105 3994 3213 4033 non
3285 3988 3517 4041 natura,
3580 3980 3673 4032 scil

2106 4070 2519 4141 participatione
2554 4069 2607 4124 in
2642 4084 2707 4123 eo
2738 4068 3036 4134 exstitisse,
3072 4077 3130 4123 ut
3181 4078 3473 4123 senserunt
3529 4067 3671 4121 Pho-

2107 4166 2249 4218 tinus
2272 4171 2323 4218 et
2353 4162 2547 4218 Paulus
2575 4162 2959 4217 Samosatenus
2985 4177 2998 4214 :
3028 4176 3126 4215 nec
3157 4161 3439 4215 dumtaxat
3490 4160 3673 4226 specie

2106 4265 2261 4310 tenus
2284 4262 2337 4309 et
2381 4253 2692 4322 apparentia
2729 4251 2822 4306 Dei
2855 4249 3051 4305 Filium
3095 4250 3441 4304 factumesse
3495 4249 3673 4302 homi-

2107 4361 2253 4406 nem,
2288 4346 2432 4414 quod
2467 4341 2748 4398 Manichzei
2782 4352 3097 4399 senserunt.
3145 4340 3253 4397 Nec
3277 4342 3436 4394 docet
3486 4340 3674 4393 Eccle-

433 4441 522 4492 ὃτι
570 4438 599 4488 ὁ
632 4439 724 4488 τοῦ
777 4434 913 4487 Θεοῦ
973 4434 1093 4495 Υἱὸς
1151 4432 1231 4494 είς
1258 4430 1630 4500 ξάνθρωπίνην
1655 4489 1662 4499 η
1692 4429 1993 4499 μελεϐλήθη

2111 4438 2180 4492 sia
2224 4437 2315 4491 Dei
2348 4436 2541 4490 Filium
2599 4435 2653 4488 in
2704 4436 2996 4487 humanam
3053 4449 3373 4487 conversum
3431 4447 3672 4494 carni-tn,

436 4532 640 4598 σάρκα,
672 4526 747 4589 ὡς
774 4527 801 4578 ὁ
844 4524 1249 4592 ’Δπολλινάριος
1292 4522 1477 4589 ἔλεγεν
1499 4535 1515 4549 ⁸
1568 4520 1676 4572 οὐδ’
1709 4520 1791 4572 ὅτι
1823 4520 1996 4588 μόνην

438 4622 541 4690 μὲν
572 4620 801 4672 ἀνέλαϐε
850 4618 1057 4682 σάρκαο
1092 4614 1297 4684 ἄψυχον
1336 4612 1516 4682 μέντοι
1564 4612 1655 4663 καὶ
1684 4611 1874 4677 άλογο)
1908 4614 1999 4662 καὶ

436 4713 622 4774 ἄνουν,
654 4711 769 4761 ἀντὶ
799 4708 852 4760 δὲ
882 4707 1056 4776 ψυχῆς
1081 4706 1250 4775 μόνην
1276 4703 1421 4773 αύτῷ
1452 4704 1551 4771 τὴν
1582 4703 1811 4770 θεότητα
1840 4718 2001 4769 γεγο-

438 4808 611 4865 νέναι,
644 4802 831 4868 ὥσπερ
859 4803 1075 4868 Ἀρειος
1106 4800 1234 4867 περὶ
1262 4794 1499 4867 Χριστοῦ
1531 4794 1804 4849 καὶτοῦτο
1832 4792 1993 4863 ἐφρό-

441 4913 593 4965 νησε,
628 4896 721 4947 καὶ
767 4893 1172 4960 ’Λπολλινάριος
1209 4890 1563 4959 ἐλεγχόμενος
1594 4886 1699 4940 ύπὺ
1734 4885 1831 4955 τῆς
1866 4887 2007 4953 Γρα-

442 4986 570 5055 φῆς.
600 4985 680 5038 δτι
703 4985 762 5037 οὐ
800 4981 1104 5053 μετεϐλήθη
1137 4984 1164 5035 ὁ
1195 4981 1288 5034 τοῦ
1322 4980 1457 5033 Θεοῦ
1504 4979 1632 5041 Υἱὸς
1666 4981 1745 5040 είς
1795 4977 2008 5047 ἀνθρω-

441 5075 604 5142 πίνην
635 5074 836 5141 σάρκα,
870 5072 964 5124 καὶ
1003 5071 1347 5141 μεταϐαίνων
1392 5071 1471 5132 είς
1494 5067 1676 5135 τοῦτο,
1706 5069 1787 5121 ὃτι
1822 5066 2001 5137 ψυχὴν

441 5162 761 5234 αίσθητικὴν
807 5162 968 5215 ἔλαϐε
1032 5162 1209 5232 μόνον,
1255 5161 1382 5215 ἄνευ
1416 5160 1599 5230 μέντοι
1647 5158 1886 5222 διανοίας
1912 5159 2008 5211 καὶ

441 5258 556 5321 νοῦ,
578 5257 615 5310 ἃ
640 5257 733 5325 τῆς
775 5257 996 5325 λογικῆς
1036 5255 1215 5324 ψυχῆς
1244 5256 1394 5307 ἐστιν
1443 5254 1569 5317 ἴδια,
1621 5253 1696 5315 ὡς
1725 5252 1819 5304 καί⁵
1847 5252 2008 5305 τοῦτο

452 5349 859 5418 Ἀπολλινάριος
912 5349 994 5400 ἕλε
1012 5364 1095 5417 (εν
1120 5362 1133 5376 ⁸
1180 5346 1285 5399 οὐδ’
1312 5347 1395 5399 ὅτι
1418 5346 1451 5415 ἡ
1478 5344 1567 5396 τοῦ
1598 5342 1834 5413 Χριστοῦ
1859 5342 2005 5412 ψυχὴ

444 5441 546 5511 πρὸ
579 5439 671 5494 τοῦ
713 5440 916 5507 κόσμου
967 5439 1211 5507 ἐκτίσθη,
1271 5438 1345 5500 ὡς
1386 5436 1665 5507 Ὠριγένης
1698 5438 1792 5486 καὶ
1845 5433 2003 5486 τοῦτο

444 5531 765 5600 ἐφρόνησεν.

517 5622 639 5675 Οὐδ’
679 5624 760 5675 ὅτι
810 5622 1123 5692 ἀνθρῶπίνη
1152 5621 1295 5691 ψυχὴ
1329 5620 1423 5673 καὶ
1471 5618 1629 5688 σῶμα
1661 5618 2001 5685 ἀνθρώπινον

452 5716 526 5777 είς
552 5712 609 5765 ἓν
644 5714 974 5779 συνέστησαν
998 5715 1087 5766 ἐπὶ
1137 5712 1229 5765 τοῦ
1282 5714 1515 5779 Χριστοῦ
1553 5712 1673 5766 καθ’
1709 5712 2002 5780 duceret;

2110 4527 2184 4581 uti
2217 4526 2393 4580 aieb-it
2423 4524 2791 4595 Apollinarius
2826 4539 3036 4595 :ncque
3082 4523 3251 4578 solam
3280 4538 3404 4576 eum
3462 4538 3675 4577 aSsum-

2111 4622 2283 4685 psisse
2315 4631 2560 4679 camem,
2616 4615 2911 4668 inanimem
2983 4622 3161 4666 tamen
3208 4612 3543 4680 rationisque
3604 4628 3670 4665 ne

2113 4709 2306 4763 mentis
2345 4714 2725 4774 expcrtem,ac
2773 4705 2859 4759 cui
2904 4704 3021 4756 loco
3078 4702 3271 4755 anima:
3322 4717 3427 4755 una
3488 4702 3672 4757 Deitas

2111 4798 2427 4856 exstitisset,
2470 4796 2614 4864 quod
2647 4796 2825 4865 ipsum
2856 4796 3014 4848 Arius
3069 4793 3240 4847 sensit
3301 4792 3368 4846 de
3408 4792 3667 4848 Christo:

2114 4885 2476 4955 Apollinarius
2498 4899 2625 4938 vero
2648 4900 2713 4939 ex
2766 4881 3046 4952 Scriptura
3091 4882 3375 4937 convictus
3420 4898 3484 4937 ac
3550 4900 3674 4953 per.

2110 4992 2322 5039 suasus,
2351 4992 2454 5027 non
2480 4980 2741 5027 mutatum
2779 4986 2897 5025 esse
2929 4970 3018 5024 Dei
3055 4969 3248 5025 Filium
3286 4970 3340 5025 in
3380 4971 3674 5025 humanam

2113 5084 2349 5128 C.tl‘llt‘ll|,
2386 5080 2557 5134 coque
2596 5064 2885 5124 transiens,
2925 5063 3068 5131 quod
3113 5062 3456 5118 solummodo
3520 5064 3681 5118 sentio

2110 5171 2288 5216 cutem
2322 5159 2558 5212 animam
2588 5155 2962 5225 assumpserit,
2990 5156 3192 5223 absque
3254 5164 3432 5211 tamen
3484 5155 3681 5209 intelli.

2114 5253 2294 5324 gentia
2334 5262 2385 5304 et
2423 5262 2620 5313 mente,
2654 5262 2772 5317 quae
2803 5254 2929 5302 sunt
2963 5246 3179 5316 propria
3232 5249 3429 5301 anima:
3482 5242 3683 5299 utentis

2123 5344 2347 5404 ratione,
2382 5342 2457 5395 uti
2486 5342 2587 5395 hoc
2646 5341 2816 5407 ipsum
2869 5339 3080 5393 dicebat
3127 5335 3515 5408 Apollinarius.
3566 5335 3677 5389 Nec

2117 5438 2256 5506 quod
2282 5437 2459 5488 anima
2494 5431 2844 5487 Cliristiante
2891 5432 3146 5485 mundum
3212 5431 3428 5485 consta
3490 5426 3676 5493 fuerit,

2117 5526 2261 5597 quod
2291 5527 2463 5595 ipsum
2491 5522 2751 5592 Origenes
2782 5521 2985 5610 sensitu

2178 5617 2281 5671 Nec
2313 5616 2456 5686 quod
2492 5615 2725 5668 humana
2770 5606 3053 5663 anima'et
3101 5622 3301 5675 corpus
3351 5606 3669 5671 humanum,

2106 5715 2155 5766 in
2194 5710 2407 5767 Christo
2443 5708 2493 5760 in
2546 5718 2708 5760 unum
2745 5699 3024 5757 coivcrint,
3062 5700 3135 5751 uti
3178 5713 3233 5753 sc
3261 5714 3345 5751 res
3394 5697 3555 5751 habet
3615 5702 3668 5750 in
