4096 6292
344 356 448 421 571

1304 363 1401 423 DE
1445 368 1866 431 PRlNClPllS
1903 372 2113 433 FlDEl
2151 373 2614 435 C.\Tl10LlC.E.

3493 370 3605 434 575

345 476 442 539 τῆς
474 470 718 533 ἐηώσεως
753 471 848 524 καὶ
886 471 986 525 ὅσα
1026 471 1152 542 περὶ
1189 474 1355 528 αὐτοῦ
1387 482 1739 547 προφητικῶς
1773 483 1922 553 εἴρη-

2042 496 2154 538 tute
2187 485 2441 555 unionem
2476 484 2807 540 conveniunt
2857 485 3022 539 etiam
3066 498 3129 536 ca
3168 481 3350 535 omnia
3381 496 3502 549 qua:
3530 483 3597 535 de

349 578 440 613 ται
464 577 476 590 ο
509 561 584 624 ὡς
616 562 694 624 τὸ,
739 580 758 613 ι
808 562 868 615 ’0
897 562 1031 626 Θεὸς
1060 565 1215 634 ἡμῶν
1243 569 1500 636 ἐμφανῶς
1532 571 1674 640 ἥξει.
1711 591 1730 624 ι
1783 574 1916 636 Καὶ,

355 668 374 701 ι
421 651 551 703 Ἰδοὺ
606 653 633 703 ὀ
700 650 953 720 βασιλεύς
1005 671 1097 707 σου
1155 655 1375 725 ἔρχεταί
1431 676 1533 714 σοι.
1589 679 1608 711 ι
1676 663 1783 714 Καὶ
1835 665 1918 727 τὸ,

356 743 540 819 «ll-leta
570 741 744 794 ταῦτα
771 743 862 794 ἐπὶ
889 746 986 806 τῆς
1009 747 1109 814 γῆς
1136 746 1312 816 ὤφθη,
1347 751 1440 801 καὶ
1469 752 1580 812 τοῖς
1603 751 1916 820 ἀνθρώποις

355 835 765 903 συνανεστράφη
797 854 815 867 ο
847 857 865 887 ι
908 837 1023 888 ἀντὶ
1047 839 1158 899 τοῦ,
1193 838 1524 909 Ὀφθήσεται
1565 843 1656 894 καὶ
1693 859 1920 896 συνανα-

360 925 750 992 στραφὴσεται.
783 927 890 979 Καὶ
945 927 1026 992 τὸ,
1066 947 1081 978 ι
1117 928 1322 999 Κύριος
1375 931 1557 983 ἐκτισέ
1621 950 1687 1001 με
1745 935 1921 1004 ἀρχὴν

357 1009 492 1067 ὁδῶν
523 1014 709 1080 αὐτοῦ,
741 1035 759 1065 ι
795 1018 915 1071 ἀντὶ
951 1019 1066 1082 τοῦ,
1098 1021 1288 1074 κτίσει
1316 1041 1404 1092 με.
1439 1026 1610 1077 Τοῦτο
1639 1025 1746 1096 γὰρ
1780 1028 1922 1090 τινὲς

361 1107 460 1174 μὲν
499 1107 606 1159 τῶν
640 1109 809 1176 ἁγίων
842 1111 932 1162 ἐπὶ
966 1111 1063 1179 τῆς
1095 1113 1406 1183 κτισθείσης
1440 1123 1643 1186 σαρκός
1675 1118 1752 1185 τῷ
1803 1118 1923 1188 Θεῷ

356 1197 513 1264 Λόγῳ
541 1198 792 1263 ἐξέλαϐον
823 1215 836 1230 ·
865 1201 959 1254 καὶ
991 1202 1050 1255 τὸ
1091 1204 1377 1270 ἑπόμενον,
1411 1225 1428 1258 ι
1473 1208 1585 1276 Πρὸ
1613 1209 1670 1261 δὲ
1702 1210 1922 1263 πάντων

357 1288 466 1338 τῶι
522 1289 727 1356 βουνῶν
777 1293 941 1360 γεννᾷ
991 1310 1079 1361 με,
1113 1313 1130 1345 ο
1167 1295 1242 1364 τῷ
1297 1297 1416 1366 Θςῷ
1472 1299 1649 1366 Λόγῳ,
1713 1304 1776 1354 ὲκ
1830 1303 1922 1355 τοῦ

357 1380 493 1430 Θεοῦ
527 1384 619 1432 καὶ
663 1383 871 1450 [πατρὸς
909 1385 1013 1452 πρὸ
1056 1385 1163 1437 τῶν
1199 1387 1410 1440 αἰώνων
1437 1390 1689 1444 ἁπάντων
1724 1410 1926 1460 γεννωο

362 1469 871 1542 μένῳ’ἀνέθησαν·
921 1475 1065 1537 τινὲς
1119 1477 1176 1528 δὲ
1228 1479 1320 1531 ἐπὶ
1372 1481 1468 1548 τῆς
1521 1484 1928 1552 ἐμφαινομένης

357 1558 436 1628 τῷ
511 1561 698 1630 κόσμῳ
759 1563 952 1629 σοφίας
1030 1563 1384 1634 ἐξηγήσαντο.
1466 1569 1578 1622 Καὶ
1641 1570 1850 1639 μάρτυς
1901 1573 1928 1624 ό

363 1653 538 1720 μέγας
595 1655 871 1716 Βασίλειος
930 1659 989 1708 ἐν
1049 1663 1098 1710 α’
1154 1657 1260 1709 τῶν
1326 1659 1664 1728 Παροιμιῶν,
1714 1653 1774 1713 οἷ)
1828 1663 1929 1729 τῆς

363 1745 490 1813 περὶ
554 1745 745 1798 τούτου
827 1747 1038 1816 ρήσεως
1098 1751 1240 1821 κατὰ
1304 1747 1494 1818 καιρὸν
1573 1751 1930 1822 ἐμνήσθημεν

369 1854 446 1905 πρ
462 1840 536 1888 ’τε
547 1853 658 1904 ρον,

433 1924 616 1978 Ταῦτα
647 1925 747 1992 μὲν
766 1921 859 1979 οὖν
897 1925 1004 1995 πρὸ
1036 1927 1134 1995 τῆς
1165 1927 1411 1992 ἐνώσεως
1445 1928 1591 1999 αὑτῷ
1615 1929 1934 2000 ἁρμόζουσι,

361 2015 430 2066 τὰ
472 2015 572 2082 μὲν
606 2017 745 2068 κατὰ
767 2018 866 2085 τὴν
896 2018 1049 2070 θείαν
1084 2017 1266 2084 φύσιν,
1286 2020 1355 2071 τά
1379 2019 1435 2071 δὲ
1459 2021 1831 2090 προφητικῶς,
1863 2021 1938 2084 ὡς

363 2106 613 2174 εἴπομεν.
669 2108 822 2160 Ἐπεὶ
867 2109 922 2161 δὲ
955 2109 1074 2161 καθ’
1103 2109 1160 2162 ἓν
1192 2111 1483 2180 πρόσωπον
1516 2113 1730 2182 ἥνωσεν
1759 2112 1939 2183 ἑαυτῷ

363 2197 462 2264 τὴν
521 2197 867 2267 ἀνθρωπίνην
920 2198 1080 2266 φύσιν
1130 2200 1445 2270 ἀσυγχύτως
1479 2203 1573 2256 καί¹
1628 2203 1935 2271 ἀτρέπτως,

366 2289 458 2339 καὶ
498 2283 566 2356 ἧν
614 2288 643 2340 ὁ
692 2289 854 2352 αὐτὸς
882 2290 1015 2352 Θεὸς
1065 2291 1199 2359 ὁμοῦ
1238 2293 1331 2344 καὶ
1359 2292 1665 2363 ἄνθρωπος,
1704 2296 1798 2345 καὶ
1849 2295 1938 2348 διὰ

364 2379 568 2449 ταύτην
597 2383 703 2450 τὴν
729 2381 975 2451 ἄρρητον
997 2382 1194 2434 ἕνωσιν
1230 2385 1524 2450 ἐπεγένετο
1547 2388 1613 2454 τῇ
1653 2384 1816 2453 σαρκὶ
1841 2385 1935 2438 τοῦ

366 2471 596 2523 πλούτου
624 2475 723 2542 τῆς
751 2473 1008 2541 θεότητος
1041 2475 1355 2543 μετασχεῖν,
1377 2476 1677 2541 τουτέστιν,
1702 2475 1931 2544 ἐθεώθη,

370 2562 442 2623 ὡς
479 2563 571 2614 καὶ
603 2564 692 2614 τὸν
724 2563 989 2630 Θεολόγον
1044 2563 1345 2633 Γρηγόριον
1403 2567 1531 2635 περὶ
1585 2566 1687 2633 τῆς
1737 2567 1934 2636 σαρκὸς

365 2656 570 2721 ταύτης
598 2656 803 2721 λέγειν,
835 2675 854 2707 ι
881 2658 987 2708 Καὶ
1012 2656 1200 2726 θαρρῶ
1229 2657 1406 2723 λέγειν
1450 2658 1707 2726 Ὀμόθεον
1731 2660 1839 2727 (53)
1867 2676 1880 2690 ’
1914 2678 1930 2710 ι

371 2744 733 2797 ἀντιδιδόασιν
786 2745 1045 2814 ἀλλήλαις
1113 2746 1221 2798 τῶν
1275 2747 1556 2816 ὀνομάτων
1610 2749 1666 2799 αἱ
1721 2748 1937 2815 φύσεις.

369 2838 430 2889 ὃν
460 2839 523 2904 δὴ
569 2837 666 2889 καὶ
715 2837 938 2889 καλοῦσι
991 2837 1194 2905 τρόπον
1252 2837 1574 2900 ἀντιδόσεως
1601 2853 1615 2868 ·
1667 2839 1764 2890 καλ⁵
1811 2837 1941 2893 ποτὲ

378 2929 476 2995 μὲν
534 2929 642 2979 ἀπὸ
709 2928 803 2980 τοῦ
867 2928 1173 2994 κρείττονος
1245 2926 1334 2978 τὸν
1385 2925 1544 2992 λόγον
1619 2928 1938 2996 ποιούμεθα,

375 3017 574 3068 θέωσιν
621 3015 870 3080 λέγοντες
907 3016 1007 3084 τῆς
1045 3016 1243 3086 σαρκδς
1270 3015 1358 3070 διὰ
1381 3019 1469 3070 τὸν
1505 3017 1941 3085 προσγενόμενον

373 3111 438 3176 τῇ
474 3111 637 3178 σαρκὶ
670 3107 902 3160 πλοῦτον
944 3108 1054 3160 ἀπὸ
1096 3109 1195 3177 τῆς
1231 3109 1512 3177 συμφυΐας
1557 3109 1647 3160 καὶ
1694 3107 1936 3169 ἐνώσεως
1969 3142 2013 3202 c

373 3199 472 3261 τίς
500 3199 703 3267 σαρκὸς
736 3199 870 3269 πρὸς
908 3201 1005 3269 τὴν
1037 3200 1131 3252 τοῦ
1171 3200 1308 3253 Θεοῦ
1339 3202 1516 3268 Λόγου
1559 3200 1720 3266 φύσιν
1749 3216 1760 3228 ·
1810 3202 1938 3252 ποτὲ

370 3287 426 3342 δὲ
473 3290 581 3344 ἀπὸ
624 3289 719 3342 τοῦ
773 3291 1072 3354 ἐλάττονος,
1124 3293 1221 3359 τῆς
1275 3292 1476 3362 σαρκὸς
1504 3292 1765 3368 δῃλονότι,
1804 3292 1940 3362 adpo

374 3397 542 3434 κωσιν
577 3382 668 3433 τοῦ
708 3382 884 3448 Λόγου
941 3384 1144 3451 φαμὲν,
1201 3383 1448 3445 κένωσιν,
1500 3383 1939 3453 ἐνανθρώπησιν,

372 3471 702 3523 ταπείνωσιν
741 3487 756 3502 ⁸
818 3471 993 3525 ταῦτα
1050 3473 1228 3525 πάντα
1289 3474 1353 3524 ἐκ
1415 3471 1510 3524 τοῦ
1589 3472 1938 3541 ἀνθρωπίνου

384 3566 578 3634 μέρους
611 3564 948 3633 ἐπιλέγονται
973 3563 1051 3632 τῷ
1081 3565 1238 3632 Λόγῳ
1263 3565 1362 3618 καὶ
1385 3563 1523 3632 Θεῷ,
1553 3563 1702 3615 οὐδὲν
1733 3563 1944 3631 οὐδαμῆ

393 3658 531 3706 κατά
565 3656 664 3722 τὴν
716 3655 909 3706 ἑαυτοῦ
961 3656 1123 3722 φύσιν
1172 3654 1463 3707 πεπονθότι
1505 3670 1520 3682 ·
1552 3655 1681 3706 ποτε
1737 3653 1793 3704 δὲ
1850 3651 1946 3704 καὶ

378 3747 438 3810 ἐξ
481 3746 807 3815 ἀμφοτέρων
853 3746 921 3798 τὰ
980 3746 1218 3810 ὀνόματα
1278 3745 1691 3814 συμπλέκομεν,
1749 3743 1948 3795 ἐνωσιν

375 3839 646 3906 λέγοντες,
683 3835 992 3899 κοινωνίαν,
1040 3836 1244 3904 κρίσιν,
1277 3835 1580 3903 συμφυΐαν,
1610 3835 1950 3904 συμμόρφω-

377 3944 484 3991 σιν,
519 3925 677 3978 ἅτινα
714 3928 806 3978 ἐπὶ
834 3927 930 3994 τῆς
964 3929 1166 3996 σαρκὸς
1191 3925 1457 3979 νοοῦνται.
1485 3927 1637 3994 Αὐτὴ
1673 3927 1780 3996 γὰρ
1816 3924 1886 3998 ἦν
1917 3929 1950 3998 ἡ

381 4018 642 4071 ἐνωθεῖσα
676 4018 755 4085 τῷ
787 4017 907 4086 Θεῷ
941 4018 1100 4088 Λόγῳ
1129 4021 1221 4070 καὶ
1247 4018 1528 4088 χρισθεῖσα
1565 4020 1658 4071 καὶ
1685 4019 1951 4072 θεωθεῖσα

377 4109 454 4172 ὡς
487 4111 723 4162 ἐλάττων
777 4111 871 4162 καὶ
910 4109 1118 4178 ἐνδεής.
1158 4109 1221 4161 Ἦ
1273 4109 1383 4177 γὰρ
1432 4111 1802 4180 περιχώρησις
1853 4113 1952 4180 τῆς

379 4201 527 4262 θείας
578 4199 792 4268 φύσεως
839 4201 920 4261 είς
962 4199 1060 4268 τὴν
1105 4199 1306 4270 σάρκα.
1367 4200 1434 4267 ἢν
1496 4202 1558 4268 δὴ
1605 4184 1719 4253 και
1757 4203 1952 4253 ἒνωσιν

379 4292 632 4357 λέγομεν,
686 4291 892 4357 ταύτην
945 4292 1082 4360 αὐτῇ
1129 4291 1328 4344 δέδωκε
1382 4292 1483 4362 τὴν
1515 4294 1806 4345 κοινωνίαν
1859 4294 1954 4345 καὶ

377 4379 476 4448 τὴν
508 4380 704 4431 θέωσιν
733 4384 825 4432 καὶ
868 4380 964 4447 τὴν
1010 4381 1190 4448 χρίσιν
1221 4383 1313 4432 καὶ
1363 4383 1760 4452 συμμόρφωσιν
1804 4383 1953 4446 θείας

382 4473 597 4539 φύσεως
630 4472 760 4539 περὶ
801 4472 897 4540 τὴν
931 4472 1110 4541 σάρκα
1141 4472 1488 4541 θεωρεῖσθαι.

451 4650 636 4704 Ταῦτα
669 4651 767 4720 μὲν
799 4649 890 4703 οὖν
914 4651 971 4702 ἐν
1006 4654 1072 4720 τῇ
1105 4651 1295 4703 ἐνώσει
1326 4650 1633 4720 ἀρμόζουσι
1671 4651 1949 4720 λέγεσθαι.

383 4741 536 4792 Μετὰ
583 4741 638 4792 δὲ
676 4743 774 4802 τὴν
813 4741 1003 4794 ἕνωσιν
1037 4741 1340 4809 ἁρμόζουσι
1396 4741 1497 4808 μὲν
1528 4745 1622 4792 καὶ
1676 4742 1777 4794 ὅσα
1820 4744 1954 4811 πρὸ·

381 4849 542 4902 τερον
589 4834 696 4904 πρὸ
754 4834 850 4901 τῆς
906 4834 1186 4895 ὲνώσεως·
1223 4835 1288 4886 τὰ
1322 4835 1421 4901 μὲν
1474 4835 1613 4886 κατὰ
1669 4836 1774 4904 τὴν·
1803 4836 1955 4888 θείειν

384 4925 570 4994 φύσιν,
606 4927 674 4976 τὰ
703 4926 759 4979 δὲ
794 4924 1170 4996 προφητικῶς,
1207 4925 1284 4986 ὡς
1339 4926 1587 4992 εἶπομεν,
1627 4928 1755 4996 περὶ
1784 4926 1950 4980 αὐτοῦ

381 5014 599 5083 εἴρηται
632 5029 646 5044 ⁸
687 5015 780 5067 καὶ
827 5016 934 5082 γὰρ
982 5017 1044 5066 οὑ
1094 5015 1403 5083 μετεϐλήθη
1438 5017 1471 5082 ἡ
1508 5017 1625 5069 θεία
1674 5019 1837 5085 φύσις
1874 5021 1954 5079 εἰς

384 5106 487 5174 τὴν
539 5109 638 5173 τῆς
674 5107 875 5175 σαρκὸς
928 5107 1299 5158 ταπείνωσιν·
1339 5107 1474 5160 ἀλλὰ
1525 5110 1617 5160 καὶ
1675 5111 1812 5175 μετὰ
1862 5109 1956 5177 τὴν

383 5198 576 5248 ἕνωσιν
603 5201 629 5249 ὁ
668 5197 829 5257 αὐτὸς
880 5191 946 5265 ἦν
986 5196 1117 5256 Θεὸς
1155 5197 1365 5258 τέλειος
1399 5199 1491 5248 καὶ
1540 5198 1826 5265 ἄνθρωπος
1865 5197 1956 5248 τὲ-

459 5335 475 5367 ¹
514 5337 653 5390 Psal.
687 5351 829 5397 χιιι,
871 5336 924 5389 5.
1000 5334 1020 5363 ¹
1054 5331 1220 5397 ΖιοΙι,
1284 5348 1356 5396 ιιι,
1389 5335 1442 5388 9.

459 5479 573 5549 (55)
622 5481 922 5547 Ὀμόϐεον.
979 5479 1152 5531 Locus
1210 5486 1293 5530 est
1343 5491 1406 5549 ex
1459 5487 1596 5530 orat.
1630 5477 1954 5549 £6._Vncem

385 5546 612 5619 ὁμόθεον
676 5546 814 5604 idem
880 5550 1175 5619 Gregorius
1230 5547 1454 5619 resolvit
1495 5556 1634 5619 orat.
1680 5546 1766 5619 59,
1808 5553 1954 5618 quod

386 5616 585 5687 corpus
647 5619 1012 5679 deificatioue,
1077 5618 1241 5670 Deum
1302 5616 1432 5670 dicit
1468 5632 1491 5688 ι
1536 5616 1629 5668 καὶ
1679 5616 1838 5688 ﬁco-3.6
1883 5623 1948 5688 τῇ

389 5685 606 5753 θεὼςει,
653 5691 807 5752 Θεός.
845 5689 935 5743 Sic
991 5689 1116 5742 alibi
1155 5688 1293 5744 :1‘5.
1356 5685 1602 5752 ὁμὸθεον,
1660 5687 1726 5740 de
1781 5685 1947 5741 carne

389 5763 594 5814 dictum
630 5760 907 5828 Gregorio,
955 5759 1113 5810 simul
1165 5757 1324 5810 θέωνι
1370 5756 1546 5810 reddit
1579 5755 1795 5822 Dillius;
1829 5772 1947 5825 qua:

2024 575 2116 628 illo
2166 574 2482 644 propltetice
2531 575 2672 628 dicta
2725 582 2856 628 sunt
2892 593 2904 628 :
2939 572 3241 639 cujusmodi
3279 581 3362 628 est
3406 571 3538 627 illud
3577 588 3592 624 :

1999 649 2046 714 ἰ
2089 663 2229 717 Deus
2266 673 2450 717 noster
2475 662 2767 717 manifeste
2797 663 2978 717 veniet
3011 663 3050 716 ί.
3089 681 3107 711 ι
3139 662 3203 715 Et
3233 680 3246 714 :
3286 680 3305 712 ι
3340 662 3474 715 Ecce
3501 677 3595 714 res

2023 767 2148 809 tuus
2200 756 2348 808 venit
2378 756 2422 807 ¹.
2465 773 2481 804 ι
2533 753 2666 808 Illud
2728 755 2906 809 item:
2947 773 2964 804 ι
3004 753 3128 808 Post
3177 754 3290 806 haec
3339 753 3391 805 in
3438 753 3601 806 terris

2021 845 2172 896 visus
2204 852 2307 906 est,
2330 853 2386 897 et
2416 858 2539 897 cum
2577 843 2896 898 hominibus
2915 849 3266 897 Comet-satus
3288 850 3369 894 est
3394 842 3466 903 ³;›
3506 853 3603 907 pro

2024 951 2089 990 eo
2125 952 2188 989 ac
2217 937 2383 1004 dicat,
2419 935 2706 992 Videbitur
2734 944 2792 990 et
2819 933 3256 988 eonversabitur.
3307 929 3440 984 Illud
3468 945 3600 998 quo-

2024 1041 2162 1095 que,
2195 1025 2448 1079 Dominus
2479 1025 2672 1078 creavit
2707 1040 2784 1082 me
2814 1024 3032 1077 initium
3067 1023 3274 1075 viarum
3305 1034 3524 1072 suarum
3546 1019 3598 1084 ις

2026 1133 2124 1187 pro
2167 1103 2386 1171 Creabit
2422 1133 2528 1172 me.
2563 1116 2678 1172 Hoc
2711 1116 2855 1170 etiim
2911 1123 3225 1170 sanctorum
3269 1110 3488 1180 quidam
3537 1109 3604 1163 de

2026 1224 2186 1264 carne
2216 1210 2324 1263 Deo
2358 1207 2538 1264 Verbo
2563 1219 2746 1263 creata
2791 1208 3212 1268 intellexerunt;
3263 1213 3317 1258 et
3345 1202 3486 1272 quod
3521 1216 3608 1257 se-

2025 1300 2210 1368 quitur
2231 1299 2362 1352 Ante
2388 1308 2560 1352 autem
2587 1313 2763 1352 omnes
2790 1298 2945 1352 colles
2970 1297 3134 1366 gignit
3169 1311 3270 1357 me,
3302 1291 3608 1348 DeoVerbo

2030 1401 2154 1443 ante
2186 1391 2368 1442 omnia
2398 1389 2599 1444 saecula
2628 1405 2695 1442 ex
2732 1389 2842 1442 Deo
2875 1398 2928 1442 et
2979 1387 3137 1443 Patre
3183 1386 3374 1457 genito
3403 1383 3610 1438 tribue—

2029 1491 2156 1535 runt
2183 1496 2199 1534 :
2231 1479 2448 1548 quidam
2479 1496 2606 1535 vero
2640 1481 2708 1535 de
2736 1481 2999 1548 sapientia
3025 1495 3148 1548 qua:
3175 1479 3227 1532 in
3262 1477 3466 1532 mundo
3494 1476 3618 1529 elu-

2029 1580 2112 1624 cet
2156 1572 2499 1640 interpretati
2551 1579 2704 1634 sunt.
2759 1570 3002 1640 Ejusque
3048 1571 3126 1625 rei
3175 1569 3332 1624 testis
3376 1581 3610 1636 magnus

2033 1662 2273 1716 Basilius
2322 1660 2501 1732 primo
2531 1665 2708 1732 capite
2748 1661 3195 1725 Proverbiorum,
3239 1659 3398 1728 cuius
3437 1672 3610 1726 supra

2040 1755 2384 1809 auctoritatis
2407 1764 2715 1824 opportune
2742 1753 3116 1808 meminimus.

1968 1815 2012 1868 Β

2109 1926 2233 1981 Haec
2271 1926 2451 1996 itaque
2504 1934 2629 1980 ante
2680 1925 2943 1978 unionem
2999 1922 3075 1976 illi
3125 1930 3460 1990 congruunt,
3507 1918 3612 1972 alia

2039 2019 2259 2088 quidem
2285 2017 2581 2073 secundum
2616 2016 2855 2070 divinam
2887 2023 3177 2077 naturam;
3209 2012 3308 2064 alia
3333 2025 3460 2064 vero
3490 2023 3616 2078 pro-

2039 2109 2278 2178 phetice,
2312 2109 2389 2160 uti
2423 2106 2760 2160 dicebamus.
2797 2102 2948 2168 Quod
2983 2116 3108 2154 vero
3157 2102 3210 2153 in
3244 2113 3350 2152 una
3383 2112 3613 2167 persona

2042 2203 2337 2254 humanam
2367 2197 2470 2253 sibi
2502 2206 2750 2250 naturam
2790 2192 3074 2248 inconfusc
3101 2190 3617 2256 immutabiliterque

2039 2292 2344 2362 eapulavit,
2399 2299 2626 2357 eratque
2664 2288 2802 2340 idem
2839 2288 2950 2354 ipse
2977 2284 3139 2340 simul
3175 2282 3316 2337 Deus
3347 2293 3398 2334 et
3428 2283 3616 2340 homo,

2039 2398 2102 2438 ac
2133 2383 2276 2452 quod
2327 2381 2395 2436 ob
2446 2395 2705 2434 arcanam
2739 2393 2859 2431 eam
2907 2377 3166 2430 unionem
3210 2389 3340 2427 eam
3390 2371 3616 2426 Deitatis

2040 2477 2258 2530 divitias
2289 2483 2444 2528 nacta
2477 2481 2580 2538 est,
2613 2473 2714 2528 hoc
2744 2481 2848 2528 est.
2879 2468 3124 2522 deitieata
3153 2477 3258 2529 est,
3295 2467 3366 2518 ita
3403 2475 3461 2518 ut
3492 2464 3618 2518 Gre-

2043 2565 2226 2636 gorius
2258 2563 2565 2633 Theologus
2601 2564 2666 2617 de
2701 2563 2800 2615 bac
2829 2575 2991 2614 carne
3020 2559 3165 2613 dicat
3201 2576 3214 2613 :
3252 2577 3270 2608 ι
3317 2557 3620 2623 Ausimque

2042 2660 2244 2724 dicere,
2277 2673 2384 2712 una
2416 2657 2578 2710 etiam
2609 2654 2836 2709 Deitatis
2885 2661 3194 2707 consortem
3241 2665 3305 2705 ac
3355 2649 3557 2713 Deum;
3595 2665 3615 2698 ι

2043 2750 2145 2803 sibi
2180 2749 2410 2801 invicem
2443 2756 2648 2799 natura:
2671 2744 2889 2798 nomina
2923 2741 3353 2801 communicant.
3382 2754 3541 2808 quem
3567 2750 3624 2792 et

2046 2838 2262 2891 modum
2297 2833 2735 2903 recimeationis
2767 2842 2982 2886 vocant.
3023 2832 3098 2885 Ac
3141 2831 3360 2899 quidem
3409 2830 3546 2883 alias
3591 2845 3619 2881 ε

2043 2929 2420 2998 praestantiore
2438 2937 2585 2995 parte
2603 2939 2907 2980 scrmOuem
2929 2920 3623 2988 facimus,diceudo,carnis

2043 3019 2458 3079 deificatiouem,
2490 3020 2558 3072 ob
2582 3033 2674 3072 eas
2702 3018 2936 3081 divitias,
2969 3031 3091 3087 quae
3140 3030 3206 3069 ex
3236 3012 3468 3067 naturali
3501 3024 3625 3064 car-

2045 3115 2128 3167 nis
2160 3128 2283 3167 eum
2320 3111 2411 3166 Dei
2447 3109 2619 3165 Verbo
2649 3109 2856 3165 unione
2905 3123 2967 3162 ac
3014 3107 3426 3176 conjunctione.
3472 3101 3623 3159 carni

2044 3212 2424 3268 accesserunt;
2455 3203 2591 3256 alias
2631 3217 2763 3256 vero
2807 3215 2838 3254 a
2879 3201 3135 3256 deteriori
3179 3200 3364 3270 (carne
3398 3192 3632 3262 scilicet)

2047 3297 2206 3353 Verbi
2249 3295 2678 3350 incarnationem
2716 3308 2996 3356 vocamus,
3034 3289 3488 3350 exiuanitionem,
3527 3286 3627 3337 bu-

2047 3391 2435 3452 mauationem,
2488 3386 2945 3441 lmmiliatiouem.
2974 3384 3182 3438 Cuncta
3209 3383 3349 3446 haec,
3376 3396 3438 3434 ex
3469 3387 3626 3448 parte

2047 3480 2398 3534 humanitatis
2434 3479 2830 3547 intelliguntur,
2865 3474 3164 3544 Verbaque
3206 3489 3273 3528 ac
3315 3473 3428 3526 Deo
3455 3510 3469 3534 ,
3501 3486 3626 3524 cum

2049 3573 2183 3625 nihil
2233 3573 2346 3639 ipse
2376 3569 2500 3622 inde
2535 3583 2728 3636 passus
2756 3567 2827 3622 sit
2858 3607 2872 3630 ,
2905 3566 3048 3634 quod
3093 3572 3302 3632 spectat
3335 3562 3401 3614 ad
3431 3575 3623 3615 essen-

2051 3666 2180 3716 tiam
2234 3676 2411 3726 suam,
2470 3661 2788 3715 tribuuntur
2821 3677 2833 3711 :
2864 3657 2996 3710 alias
3047 3656 3302 3724 denique,
3353 3655 3516 3707 etiam
3561 3666 3629 3706 ex

2051 3753 2295 3822 utrisque
2329 3750 2545 3804 nomina
2579 3747 2928 3803 contexitnus
2950 3784 2964 3808 ,
2997 3761 3122 3800 cum
3155 3745 3408 3797 unionem
3429 3782 3444 3805 ,
3477 3756 3627 3794 com-

2051 3845 2340 3908 mercium,
2375 3843 2690 3896 unctionem
2713 3878 2730 3904 ,
2780 3846 3101 3891 naturarum
3149 3833 3586 3902 conjunctionem
3610 3869 3632 3894 ,

2049 3947 2100 3989 et
2131 3939 2214 4006 (ut
2252 3935 2330 3988 sic
2380 3935 2594 4002 loquar)
2643 3927 3131 3984 conformationem
3185 3924 3462 3986 dicimus;
3509 3934 3633 3990 qua

2051 4025 2304 4079 videlicet
2350 4024 2403 4076 in
2450 4032 2644 4076 natura
2676 4013 2856 4073 carnis
2890 4016 3292 4084 intelliguntur.
3328 4011 3451 4070 llazc
3482 4010 3624 4066 enim

2055 4116 2144 4170 Dei
2180 4115 2359 4169 Verbo
2388 4113 2535 4168 unita
2573 4111 2692 4175 fuit,
2727 4119 2999 4177 unctaque
3031 4116 3085 4160 et
3116 4106 3384 4170 deificata,
3426 4113 3483 4158 ut
3509 4117 3630 4172 qua:

2055 4208 2231 4260 minor
2260 4215 2378 4260 erat
2413 4213 2574 4272 atque
2610 4215 2799 4269 egena.
2858 4197 3061 4251 Divina:
3113 4195 3258 4250 enim
3312 4204 3524 4247 natura
3574 4193 3628 4246 iu

2054 4312 2300 4358 carnem.
2337 4305 2506 4350 totam
2554 4291 2862 4360 complexa,
2906 4289 3184 4344 immeatio
3218 4289 3402 4357 (quam
3437 4286 3629 4352 utique

2056 4401 2108 4443 et
2143 4388 2398 4442 unionem
2430 4385 2710 4452 vocamus)
2757 4383 2859 4435 hoc
2891 4381 2939 4435 ei
2969 4381 3357 4434 commercium
3393 4377 3584 4430 tribuit
3612 4415 3632 4437 ,

1980 4474 2031 4534 D
2061 4487 2114 4531 et
2145 4489 2201 4530 ut
2230 4475 2519 4540 deificatio,
2549 4483 2602 4526 et
2637 4472 2822 4527 unctio
2868 4479 2921 4526 et
2964 4468 3327 4524 conformatio
3371 4481 3400 4520 a
3447 4467 3632 4521 divina

2054 4583 2248 4624 natura
2281 4567 2425 4621 circa
2461 4580 2680 4621 carnem
2719 4563 2971 4632 illamque
2996 4561 3227 4623 allicere,
3279 4558 3638 4628 intelligatur.

2129 4659 2253 4714 Haec
2289 4661 2475 4727 itaque
2509 4658 2560 4711 in
2601 4657 2802 4711 unione
2830 4655 3082 4709 convenit
3116 4654 3317 4707 dicere.
3347 4651 3478 4706 Post
3505 4665 3632 4704 vero

2060 4752 2310 4803 uniotiem
2351 4747 2683 4801 conveniunt
2713 4745 2876 4799 etiam
2910 4743 3093 4824 omnia
3123 4781 3138 4806 ,
3173 4758 3292 4810 qua:
3325 4742 3476 4811 prius
3506 4750 3637 4795 ante

2057 4837 2314 4890 unionem
2348 4833 2766 4902 competebant;
2794 4847 2915 4901 quae
2945 4847 3137 4901 nempe
3169 4840 3414 4899 spectant
3439 4830 3504 4882 ad
3536 4847 3635 4883 na-

2060 4936 2236 4979 turam
2273 4925 2536 4987 divinam,
2568 4933 2621 4977 et
2657 4939 2776 4991 qua:
2808 4923 3121 4992 prophetico
3155 4922 3254 4992 (uti
3285 4922 3653 4990 dicebamus)

2062 5017 2126 5069 de
2160 5019 2250 5071 illo
2273 5019 2413 5071 dicta
2446 5026 2590 5069 sunt.
2627 5015 2732 5070 Nec
2757 5019 2899 5068 cnim
2930 5026 3122 5070 natura
3151 5015 3334 5070 divina
3367 5014 3418 5068 in
3448 5016 3652 5069 carnis.

2063 5107 2326 5160 vilitatem
2365 5117 2566 5160 mutata
2594 5120 2667 5159 est
2699 5124 2712 5171 ;
2743 5107 2835 5160 sed
2864 5117 2985 5176 post
3013 5108 3174 5162 etiam
3202 5107 3458 5162 unionem
3487 5107 3632 5160 idem

2067 5211 2184 5255 erat
2212 5199 2355 5254 Deus
2378 5201 2654 5269 perfectus
2678 5211 2730 5254 et
2754 5201 2920 5254 homo
2950 5200 3247 5269 perfect-us.
3267 5199 3652 5267 Quamobrenn
3704 5270 3718 5282 κ

1522 5334 1799 5388 'Baruch.
1869 5349 1952 5402 ιιι,
1995 5335 2085 5391 58.
2161 5337 2183 5366 ⁵
2227 5335 2389 5389 Prov.
2425 5351 2539 5400 vui,
2572 5335 2667 5389 22.

2067 5479 2182 5548 ipsa
2216 5481 2436 5548 perinde
2467 5479 2607 5532 Dcus
2637 5480 2849 5532 dicatur
2885 5481 2962 5534 sic
2989 5481 3280 5532 delibutam
3313 5475 3630 5548 css",_nulla

2063 5546 2132 5604 ab
2171 5546 2236 5603 eo
2273 5550 2542 5617 pcrsonali
2570 5552 2926 5604 distinctione
2961 5551 3222 5604 discreta,
3253 5558 3376 5597 cum
3423 5546 3626 5613 alioqui

2060 5629 2241 5674 servet
2287 5629 2754 5684 suamnaturam,
2819 5622 3002 5686 sitque
3038 5629 3090 5668 et
3121 5618 3231 5682 ipsa
3265 5623 3464 5680 creata,
3517 5631 3622 5668 non

2059 5689 2202 5746 Deus
2241 5691 2354 5759 ipse
2386 5698 2604 5745 natura.
