4096 6292
414 354 521 418 5‘83

1673 349 2070 409 MANUELIS
2100 346 2402 411 CALECE

3538 343 3641 406 584

417 473 593 526 Verho
625 469 777 524 unita
809 476 994 531 esset,
1029 481 1183 522 serva
1213 475 1375 536 atque
1416 464 1670 535 ignorans
1702 462 1860 517 foret.
1891 463 1970 517 0b

2079 465 2237 533 σὰρξ,
2272 464 2431 533 δούλη
2472 457 2540 531 ἦν
2572 462 2663 513 καὶ
2692 457 2980 527 ἀγνοοῦσα.
3029 458 3190 510 Ἀλλά
3239 455 3324 509 διὰ
3371 457 3470 524 τὴν
3521 458 3640 510 καθ’

411 563 670 614 ιιιιίοιιοιιι
714 569 891 612 tamen
927 558 1315 627 hypostaticam
1345 595 1359 619 ,
1394 569 1493 609 nec
1524 569 1680 608 serva
1706 565 1845 618 erat,
1873 569 1974 609 nec

410 669 508 721 pro
548 651 784 704 humana
820 648 1190 702 imbecillitate
1213 687 1228 711 ,
1261 647 1565 715 ignorantia
1618 647 1725 699 ulla
1763 646 1976 703 labora-

411 746 524 799 bat.
561 742 869 796 Secundum
907 741 1053 793 hunc
1081 740 1321 804 modum,
1351 741 1512 795 etiam
1547 741 1757 794 Patrem
1794 739 1976 810 appel-

334 865 340 870 ι
409 832 539 884 lavit
575 830 737 884 Deum
763 844 922 883 suum
942 829 1009 882 ³³.

483 923 614 975 (lum
678 921 861 988 itaque
915 919 1082 972 multa
1131 919 1352 972 nomina
1398 919 1698 973 secundum
1729 919 1976 975 diversas

410 1012 648 1065 rationes
683 1010 750 1064 de
777 1009 1002 1065 Christo
1029 1010 1172 1062 dicta
1205 1010 1351 1074 sint,
1378 1023 1556 1079 operte
1602 1010 1832 1078 pretium
1869 1023 1973 1075 est,

407 1114 468 1158 ut
491 1119 610 1173 qua:
642 1103 963 1156 sublimiora
1000 1111 1146 1163 sunt.
1180 1101 1375 1155 divina:
1398 1110 1606 1155 natura:
1629 1102 1971 1168 tribuamus;

407 1211 528 1264 qua:
555 1209 685 1248 vero
714 1193 1039 1259 humiliora,
1074 1193 1270 1247 divinae.
1307 1210 1320 1246 :
1361 1209 1481 1261 quae
1517 1202 1695 1246 autem
1725 1207 1973 1247 commu-

409 1288 496 1340 nia
527 1295 678 1350 sunt,
704 1287 1046 1355 composito;
1074 1285 1165 1338 uni
1195 1284 1406 1339 scilicet
1437 1285 1678 1349 Christo,
1711 1285 1802 1354 qui
1837 1285 1974 1339 Deus

403 1389 490 1434 est
528 1387 583 1433 et
622 1379 808 1432 houto.
857 1379 936 1431 Ac
987 1393 1212 1432 necesse
1245 1387 1326 1431 est
1350 1420 1365 1442 ,
1401 1385 1461 1431 ut
1495 1378 1807 1431 communia
1859 1378 1974 1430 haec

407 1471 634 1524 notnina
692 1483 756 1524 ac
825 1472 965 1540 parti
1033 1470 1254 1538 utrique
1327 1469 1751 1532 convenientia,
1809 1469 1973 1523 unius

403 1561 609 1616 Christi
646 1576 771 1616 esse
826 1561 1219 1629 intelligamus,
1275 1571 1581 1630 cunctaque
1621 1576 1686 1615 ex
1720 1561 1811 1614 illo
1845 1577 1972 1632 pro-

405 1651 575 1707 licisci
605 1667 790 1722 opera,
826 1660 884 1705 ut
907 1667 971 1706 ex
992 1668 1097 1707 una
1129 1668 1382 1721 persona,
1415 1669 1539 1708 cum
1567 1663 1748 1708 tamen
1775 1670 1975 1709 unum-

404 1744 666 1813 quodque
693 1758 832 1814 opus
883 1743 950 1797 ad
983 1742 1034 1797 id
1056 1781 1072 1806 ,
1098 1745 1240 1812 quod
1273 1745 1322 1798 ei
1352 1746 1626 1814 proprium
1659 1754 1742 1798 est
1767 1786 1782 1811 ,
1828 1745 1970 1798 refe-

404 1843 560 1889 ratur
590 1852 604 1898 ;
629 1835 711 1888 ita
746 1833 1004 1888 nimirum
1049 1843 1108 1890 ut
1142 1835 1390 1890 divinqu
1441 1851 1580 1904 Opus
1607 1874 1622 1898 ,
1662 1835 1716 1889 in
1750 1836 1972 1890 deitatis

403 1927 706 1982 referamus
743 1935 994 1982 naturam
1022 1941 1038 1994 ;
1096 1927 1396 1982 humanum
1425 1944 1555 1982 vero
1587 1967 1602 1992 ,
1647 1929 1974 1982 humanitati

404 2019 768 2074 ascribamus.
797 2018 956 2074 Aliud
1003 2033 1166 2083 porro
1204 2030 1284 2073 est
1321 2019 1569 2074 divinum
1611 2034 1791 2088 opus;
1827 2019 1974 2073 aliud

406 2117 585 2161 autem
641 2109 968 2163 humanum.
1016 2107 1264 2178 Dumque
1295 2123 1416 2162 eam
1470 2118 1753 2163 teneamus
1791 2109 1970 2170 ﬁdem.

407 2212 515 2251 non
569 2198 900 2253 errabimus.
932 2197 1012 2253 Ex
1063 2198 1266 2266 quibus
1317 2198 1577 2252 onrnibus
1631 2208 1973 2264 naturarum,

402 2306 525 2360 quae
556 2291 720 2345 uuitze
758 2299 906 2353 sunt,
949 2288 1231 2344 distinctio
1265 2289 1511 2343 noscitur
1534 2327 1549 2353 ,
1579 2291 1836 2359 quodque
1865 2331 1880 2357 ,
1917 2300 1975 2346 ut

403 2379 578 2432 sancti
615 2380 700 2445 (ac
733 2378 1003 2448 imprimis
1039 2378 1414 2432 divinissintus
1443 2376 1703 2448 Cyrillus)
1737 2380 1974 2448 loquun-

371 2476 514 2548 οων,
542 2483 648 2520 non
685 2467 826 2522 idem
873 2467 985 2522 sint
1038 2466 1092 2520 in
1129 2468 1364 2521 naturali
1414 2468 1674 2536 qualitate
1711 2467 1889 2523 Deitas
1922 2477 1975 2522 ιιι

402 2556 750 2625 humanitas;
784 2557 999 2612 tametsi
1049 2572 1191 2612 unus
1221 2557 1292 2613 sit
1322 2554 1489 2614 Filius
1538 2567 1592 2612 et
1622 2559 1874 2614 Christus
1920 2569 1974 2614 et

402 2651 687 2713 Dominus,
716 2651 810 2719 qui
843 2649 1105 2705 nimirum
1144 2665 1393 2720 personae
1434 2652 1645 2706 ratione
1685 2652 1755 2706 sit
1789 2668 1968 2715 unus,

399 2753 524 2794 cum
561 2738 710 2794 nullo
737 2738 902 2794 modo
935 2739 1065 2795 unio
1116 2739 1457 2811 hypostatica
1491 2739 1617 2796 inde
1670 2743 1966 2808 dividatur,

398 2830 542 2898 quod
574 2830 880 2885 naturalem
901 2830 1324 2886 distinctionem
1351 2833 1726 2903 agnoscimus.

469 2923 606 2976 Cum
658 2923 761 2978 hac
803 2931 984 2977 autem
1023 2923 1432 2987 incarnatione,
1480 2925 1618 2977 nihil
1651 2924 1864 2978 Patrem
1907 2939 1970 2979 ac

400 3014 665 3080 Spiritum
700 3014 954 3066 habuisse
1007 3028 1299 3067 commune
1353 3012 1712 3076 conﬁtemur,
1748 3023 1966 3081 practer-

398 3119 562 3171 unm
619 3104 952 3157 voluntatem
982 3103 1153 3156 solam
1197 3117 1260 3156 ac
1307 3104 1747 3172 benrplacitum:
1801 3105 1966 3158 bette-

400 3193 661 3263 placitum
701 3204 878 3247 autem
909 3201 964 3247 et
987 3193 1320 3247 voluntatem
1353 3208 1476 3246 cum
1511 3194 1780 3258 dicimus,
1816 3196 1884 3248 ab
1905 3210 1970 3249 eo

403 3283 739 3353 Iteueplacito
785 3285 1036 3351 bonaque
1110 3298 1241 3353 erga
1299 3299 1398 3340 nos
1430 3285 1708 3339 voluntate
1766 3285 1964 3340 Filium

403 3377 824 3446 haudquaquam
889 3377 1250 3445 sejungimus.
1305 3377 1460 3435 Unus
1505 3379 1650 3433 enim
1707 3377 1851 3434 Deus
1887 3387 1971 3433 est

399 3479 524 3519 cum
555 3466 711 3520 Patre
741 3475 792 3520 et
823 3465 1053 3536 Spiritu,
1091 3481 1312 3536 unaque
1352 3475 1406 3522 et
1443 3467 1723 3522 individua
1752 3478 1968 3522 natura.

401 3553 555 3612 Unde
583 3557 745 3610 etiam
775 3573 898 3612 cum
925 3557 1162 3612 dicimus
1191 3596 1205 3623 ,
1239 3557 1391 3624 Quod
1430 3559 1480 3612 in
1511 3561 1717 3614 mundo
1753 3567 1870 3613 erat
1899 3559 1970 3612 ob

397 3657 738 3716 assumptam
794 3663 1053 3712 carnem,
1089 3651 1343 3720 quodque
1373 3665 1470 3720 per
1496 3665 1616 3706 eam
1671 3653 1847 3722 ipsum
1884 3650 1972 3706 Fi-

395 3739 530 3794 lium
562 3739 652 3794 Dei
677 3755 741 3795 ac
769 3740 948 3796 Deum
979 3754 1424 3812 agnosceremus,
1471 3757 1748 3812 nunquam
1785 3753 1966 3799 tamen

395 3826 545 3884 Patri
596 3830 795 3885 absens
844 3841 997 3896 erat;
1045 3830 1140 3885 sed
1201 3839 1257 3884 et
1307 3838 1468 3885 natus
1497 3846 1562 3884 ex
1596 3831 1818 3902 Virgine
1843 3847 1966 3887 ver-

395 3935 637 3993 sarisque
672 3922 722 3975 in
751 3927 936 3991 item,
984 3935 1049 3974 ac
1097 3929 1292 3976 cuncta
1341 3929 1402 3975 ut
1451 3921 1615 3976 homo
1662 3924 1967 3990 sustinens,

397 4012 778 4083 inseparabilis
811 4027 936 4066 cum
970 4011 1080 4065 Deo
1108 4020 1162 4064 et
1209 4011 1368 4065 Patre
1395 4025 1464 4066 ex
1500 4027 1609 4081 quo
1635 4015 1971 4070 aaternaliter

398 4105 672 4170 nascitur,
715 4114 925 4158 etcum
975 4101 1159 4156 divino
1202 4100 1410 4170 Spiritu
1437 4140 1452 4165 ,
1495 4113 1632 4156 erat.
1672 4103 1964 4174 Nunquam

395 4195 541 4248 enim
581 4195 723 4248 Deus
753 4191 855 4246 fuit
881 4191 1040 4244 Verbi
1094 4206 1316 4261 expers.
1355 4189 1675 4248 Meminisse
1703 4196 1848 4250 enim
1879 4197 1974 4252 de-

397 4288 631 4346 bemus,
691 4300 796 4336 nun
861 4282 1115 4336 decuisse
1182 4293 1240 4338 ut
1314 4298 1551 4354 unquam
1614 4285 1787 4343 Filius
1821 4289 1969 4345 Patri

2079 557 2378 609 ὑπόστασιν
2411 554 2608 606 ἕνωσιν
2662 552 2785 604 οὐτε
2817 551 2975 618 δούλη
3003 546 3072 619 ἦν
3106 549 3228 602 οὔτε
3275 550 3458 616 ἦγνῦει
3506 553 3642 604 κατά

2075 647 2175 714 τὴν
2216 645 2567 716 ἀνθρωπίνην
2597 643 2903 695 ἀσθένειαν.
2935 642 3086 695 Κατὰ
3120 642 3211 693 τὸν
3234 625 3434 712 τρόπον
3459 643 3640 695 τοῦτον

2077 740 2171 790 καὶ
2199 736 2332 789 Θεδν
2365 733 2531 788 αὐτοῦ
2567 736 2657 788 τὸν
2686 734 2903 804 Πατέρα
2935 733 3182 786 ἐκάλεσε.

2149 916 2368 969 Πολλῶν
2395 915 2577 968 τοίνυν
2605 914 2888 982 ὀνομάτων
2933 914 3024 967 ἐπὶ
3080 913 3172 965 τοῦ
3227 909 3468 981 Χριστοῦ
3503 912 3639 964 κατὶ

2075 1005 2366 1076 διαφόρους
2397 1006 2633 1075 τρόπους
2662 1004 2992 1073 εἰρημένων,
3021 1003 3100 1056 δεῖ
3127 1003 3196 1055 τὰ
3225 1002 3532 1071 ὑψηλότερα
3559 1001 3637 1050 δι-

2076 1099 2242 1161 δόναι,
2272 1100 2337 1168 τῇ
2372 1097 2493 1167 θεία
2529 1098 2708 1165 φύσει,
2744 1098 2810 1147 τὰ
2832 1095 2888 1148 δὲ
2927 1097 3310 1165 ταπεινότερα,
3339 1097 3406 1162 τῇ
3433 1094 3641 1163 ἅνθρω-

2077 1191 2206 1260 πίνῃ
2231 1207 2244 1220 ·
2278 1191 2348 1242 τὰ
2373 1188 2429 1241 δὲ
2472 1188 2627 1240 κοινὰ
2657 1187 2735 1256 τῷ
2771 1187 3032 1252 συνθέτῳ,
3067 1187 3236 1256 ἡγουν
3270 1187 3348 1254 τῷ
3383 1187 3464 1238 ἐν).
3508 1189 3641 1258 Χρι-

2078 1281 2208 1350 στῷ,
2239 1282 2296 1344 ὃς
2328 1282 2444 1332 ἐστι
2467 1279 2595 1341 Θεὸς
2617 1281 2709 1332 καὶ
2739 1278 3045 1346 ἄνθρωπος·
3078 1279 3170 1330 καὶ
3200 1279 3266 1354 τά
3297 1281 3450 1332 κοινὰ
3473 1282 3572 1334 ταῦ
3593 1303 3642 1334 ·α

2077 1374 2172 1427 καὶ
2205 1374 2493 1442 ἀμφότερα
2539 1373 2827 1439 ὀφείλομεν
2881 1369 3170 1439 γινώσκειν
3203 1367 3343 1424 εἶναι
3388 1373 3482 1425 τοῦ
3528 1375 3642 1437 avt;

2078 1464 2338 1532 Χριστοῦ
2376 1439 2466 1517 καῖ
2499 1462 2674 1514 πάντα
2708 1462 2776 1515 τὰ
2814 1463 3079 1532 γενόμενα
3103 1461 3233 1532 παρ’
3260 1462 3448 1527 αὐτοῦ,
3479 1465 3554 1526 ὼς
3581 1467 3642 1516 ἐκ

2081 1558 2209 1624 μιᾶς
2237 1557 2608 1619 ὑποστάσεως,
2639 1553 2872 1606 ἑκάστου
2902 1553 3064 1622 ἔργου
3102 1554 3512 1623 ἀναφερομένου
3563 1559 3642 1618 εἰς

2075 1649 2136 1702 τὸ
2167 1646 2360 1700 ἑαυτοῦ
2398 1648 2618 1699 οἰκεῖον·
2653 1645 2898 1699 τουτέστι
2928 1648 2989 1698 τὸ
3017 1646 3116 1716 μὲν
3149 1645 3292 1698 θεῖον
3321 1648 3480 1715 ἔργον
3505 1649 3632 1700 ἀνα-

2079 1741 2270 1810 φέρειν
2302 1742 2366 1810 τῇ
2396 1740 2495 1808 τῆς
2527 1739 2781 1806 θεότητος
2810 1736 2992 1805 φύσει,
3029 1737 3090 1789 τὸ
3120 1735 3176 1788 δὲ
3205 1737 3545 1807 ἀνθρτέλπινον
3576 1742 3637 1806 τῇ

2023 1825 2043 1843 ’⁸
2077 1830 2415 1900 ἀνθρωπίνῃ.
2454 1828 2618 1881 ’Λλλο
2651 1829 2708 1880 δὲ
2741 1830 2883 1882 θεῖον
2912 1828 3094 1898 ἔργον
3133 1831 3262 1883 ἄλλο
3286 1830 3339 1880 δὲ
3364 1830 3640 1896 ἀνθρὼπ-

2073 1937 2185 1973 νον.
2210 1920 2320 1971 Καὶ
2351 1917 2494 1971 οὕτω
2525 1919 2891 1982 πιστεύοντες,
2928 1917 2987 1969 οὐ
3020 1917 3498 1988 πλανηθησόμεθα.
3553 1919 3643 1983 ἰζξ

2075 2005 2149 2064 ὢν
2174 2012 2428 2064 ἁπάντων
2458 2009 2564 2062 τῶν
2607 2010 2706 2079 μὲν
2735 2009 3044 2063 ὲνωθεισῶν
3072 2009 3287 2079 φύσεων
3329 2012 3363 2080 ἡ
3410 2011 3646 2082 διατρορὰ

2075 2101 2426 2167 γινώσκεται,
2454 2105 2548 2155 καὶ
2577 2102 2680 2168 ὅτι,
2709 2101 2782 2164 ὡς
2811 2103 2976 2170 φασὶν
3003 2105 3050 2156 οἱ
3079 2105 3244 2172 ἅγιοι,
3269 2105 3365 2157 καὶ
3407 2104 3639 2174 μάλιστα

2074 2197 2103 2247 6
2125 2193 2401 2257 Ost‘d‘rato;
2431 2193 2719 2264 Κύριλλος,
2745 2197 2818 2248 Οὐ
2848 2199 3043 2249 ταυτὸν
3070 2199 3126 2250 ὲν
3163 2199 3409 2269 ποιότητι
3438 2202 3638 2271 φυσικῇ

2076 2288 2268 2358 θεότης
2304 2289 2400 2342 καὶ
2426 2287 2809 2360 ἀνθρωπότηςο
2843 2284 2923 2353 εἷς
2953 2305 3015 2357 γε
3073 2289 3178 2358 μὴν
3210 2290 3338 2352 Υἱὸς
3375 2293 3468 2344 καὶ
3510 2293 3641 2358 X9:-

2078 2382 2201 2442 στδς
2233 2383 2326 2433 καὶ
2356 2379 2559 2450 Κύριος
2588 2381 2706 2443 ἑνὸς
2737 2380 2892 2441 ὄντος
2927 2379 3095 2433 αὐτοῦ
3151 2382 3292 2434 κατὰ
3325 2385 3385 2435 τὸ
3430 2385 3640 2452 πρόσω-

2076 2488 2177 2523 πον
2205 2487 2219 2503 ο
2254 2472 2372 2524 κατ’
2396 2471 2584 2526 οὐδένα
2617 2473 2817 2542 τρόπον
2844 2472 2930 2525 διὰ
2959 2473 3058 2541 τὴν
3087 2473 3383 2539 ἐπίγνωσιν
3411 2478 3508 2544 τῆς
3536 2494 3639 2542 ςυ-

2078 2563 2234 2631 σικῆς
2291 2563 2554 2633 διαφορᾶς
2616 2564 2979 2634 μεριζομένης
3027 2563 3128 2634 τῆς
3163 2563 3285 2618 καθ’
3347 2566 3639 2621 ὑπόστασιν

2075 2654 2346 2719 ὲνὼσεως.

2144 2921 2360 2992 Ταύτης
2390 2921 2447 2975 δὲ
2475 2921 2574 2990 τῆς
2608 2921 2934 2992 σαρκώσεως
2981 2919 3354 2990 ὁμολογοῦμεν
3396 2921 3480 2974 ὅτι
3518 2921 3638 2974 κατ’

2073 3014 2260 3068 οὐδένα
2288 3014 2491 3086 τρόπον
2530 3015 2558 3066 ὁ
2594 3014 2782 3083 Πατὴρ
2814 3015 2908 3066 καὶ
2929 3015 2987 3065 τὸ
3016 3013 3239 3082 Πνεῦμα
3269 3015 3331 3066 τὸ
3362 3013 3516 3080 ἅγιον
3547 3030 3638 3066 κε-

2017 3114 2041 3133 ⁴
2077 3106 2436 3175 κοινώνηκεν,
2464 3107 2511 3157 εἰ
2549 3105 2624 3174 μὴ
2658 3104 2778 3158 κατ’
2805 3106 3049 3157 εὐδοκίαν
3079 3106 3172 3158 καὶ
3209 3105 3424 3172 θέλησιν
3450 3107 3627 3171 μόνον.

2073 3198 2247 3252 Ὅταν
2295 3199 2351 3250 δὶ
2399 3197 2521 3250 κατ’
2564 3197 2814 3250 εὐδοκίαν
2854 3198 2948 3249 καὶ
3000 3197 3222 3265 θέλησιν
3271 3195 3524 3263 λέγωμεν,
3555 3196 3620 3248 οὐ

2072 3287 2376 3359 χωρίζομεν
2420 3287 2512 3339 τὸν
2543 3287 2671 3340 Υἱδν
2702 3291 2799 3358 τῆς
2835 3288 3080 3350 εὐδοκίας
3138 3289 3338 3354 ταύτης
3384 3286 3475 3339 καὶ
3521 3286 3616 3354 τῆς

2072 3379 2283 3446 ἀγαθῆς
2309 3378 2442 3446 πρὶς
2465 3380 2611 3447 ἡμᾶς
2634 3378 2904 3447 θελήσεως
2924 3395 2938 3408 ·
2965 3375 3046 3442 εἷς
3065 3381 3174 3449 γὰρ
3199 3379 3328 3441 Θεός
3355 3382 3462 3431 ἐστι
3493 3379 3623 3440 μετα

2068 3472 2162 3523 τοῦ
2199 3472 2407 3540 [ἰατρὸς
2439 3473 2532 3524 καὶ
2567 3471 2661 3524 τοῦ
2713 3473 3027 3541 Πνεύματος
3049 3489 3061 3502 ν
3095 3474 3190 3525 καὶ
3223 3473 3319 3540 μία
3354 3471 3512 3538 φύσις
3543 3470 3631 3520 καὶ

2071 3565 2336 3632 ἄτμητος.
2369 3563 2534 3616 Ὅθεν
2566 3564 2612 3615 εἰ
2647 3564 2742 3616 καὶ
2773 3563 3004 3631 λέγομεν
3055 3563 3178 3616 ’Ότι
3223 3566 3281 3614 ἐν
3323 3561 3400 3632 τῷ
3447 3563 3632 3630 κόσμῳ

2069 3651 2138 3726 ἦν
2167 3656 2253 3708 διὰ
2280 3655 2376 3724 τὴν
2394 3656 2494 3724 τῆς
2518 3654 2716 3724 σαρκὸς
2746 3653 3073 3724 πρόσληψιν,
3108 3654 3200 3706 καὶ
3231 3653 3291 3707 τὸ
3318 3653 3408 3705 διά
3435 3652 3635 3720 ταύτης

2073 3747 2234 3802 αὐτὶν
2287 3747 2415 3798 Υιέιν
2464 3745 2554 3798 τοῦ
2603 3744 2738 3798 Θεοῦ
2797 3747 2892 3797 καὶ
2925 3746 3058 3798 Θεὸν
3115 3747 3261 3813 ἡμᾶς
3297 3745 3631 3812 ἐπιγνῶναι·

2069 3837 2186 3892 ἀλλ’
2219 3838 2470 3890 οὐδέποτε
2491 3835 2584 3889 τοῦ
2641 3837 2850 3905 Πατρὶς
2886 3836 3033 3900 άπῆν
3057 3851 3072 3866 °
3107 3836 3241 3890 ἀλλὰ
3290 3839 3382 3888 καὶ
3432 3836 3632 3903 γεννώ-

2075 3945 2234 3998 μενος
2262 3929 2324 3980 ὲκ
2353 3926 2629 3994 Παρθένου
2667 3928 2760 3978 καὶ
2790 3927 3086 3998 διατρίϐων
3136 3929 3192 3978 ἐν
3230 3930 3298 3994 γῇ
3335 3929 3426 3978 καὶ
3462 3929 3633 3978 πάντα

2072 4019 2296 4088 πάσχων
2315 4020 2389 4081 ὼς
2413 4018 2720 4086 ἄνθρωπος,
2751 4013 3052 4087 ἀχώριστος
3077 4017 3153 4086 τῷ
3174 4018 3293 4088 Θεῷ
3322 4019 3417 4071 καὶ
3442 4018 3632 4085 Πατρὶ,

2071 4107 2133 4172 ἐξ
2155 4103 2217 4162 οὗ
2237 4109 2418 4171 ἀῖδίως
2444 4110 2719 4176 γεννᾶται,
2746 4111 2933 4177 συνῆν,
2963 4107 3058 4161 καὶ
3077 4107 3150 4176 τῷ
3182 4106 3311 4176 θείῳ
3335 4107 3630 4172 Πνεύματι.

2073 4198 2150 4250 Οὐ
2183 4197 2291 4268 γὰρ
2324 4193 2391 4266 ἦν
2423 4215 2552 4250 ποτε
2583 4197 2714 4260 Θεὸς
2743 4197 2957 4263 ἄλογος.
2986 4197 3402 4266 Μνημονευτέον
3429 4198 3535 4264 γὰρ
3559 4196 3632 4255 ὼς

2073 4289 2172 4342 οὐκ
2193 4289 2430 4358 ἔπρεπεν
2452 4288 2721 4340 ἐλλείπειν
2752 4289 2882 4340 ποτὲ
2909 4286 2940 4357 ἦ
2975 4286 3104 4340 Υιὸν
3127 4288 3322 4357 Πατρὶ,
3350 4286 3383 4356 ἦ
3415 4285 3635 4354 Πνεῦμα

395 4379 633 4439 deesset,
663 4383 756 4429 aut
785 4372 924 4428 Filio
953 4373 1190 4444 Spiritus
1213 4414 1230 4442 ,
1263 4392 1365 4432 nec
1399 4377 1512 4430 lieri
1545 4393 1703 4446 posse
1725 4420 1739 4445 ,
1771 4392 1832 4435 ut
1857 4382 1966 4436 ulla

2074 4379 2188 4449 Υἱῷ
2212 4380 2356 4454 ’,καὶ
2384 4379 2456 4441 ὡς
2489 4381 2589 4432 οὐκ
2624 4381 2737 4432 ἐστι
2769 4379 2992 4432 δυνατὸν
3024 4379 3116 4432 ἐπὶ
3149 4381 3247 4448 τῆς
3276 4379 3436 4446 ἁγίας
3473 4379 3638 4446 Τριά-

395 4467 568 4524 sectio
601 4475 696 4519 aut
735 4463 934 4520 divisio
964 4463 1019 4518 in
1065 4474 1250 4520 sancta
1296 4464 1564 4523 Triuitate
1596 4468 1930 4540 intelligatur
1951 4511 1967 4536 ,

2069 4472 2158 4534 δος
2185 4463 2359 4542 τομὴν
2387 4471 2419 4540 ἦ
2446 4471 2711 4540 διαίρεσιν
2733 4470 3084 4538 ἐπινοηθῆναι
3109 4485 3122 4500 ·
3153 4472 3226 4532 ὡς
3255 4471 3289 4540 ἢ
3318 4469 3444 4522 Υίὸν
3467 4487 3582 4538 χωρ
3608 4488 3634 4530 ς

397 4563 473 4616 ita
512 4560 792 4625 nimirum,
826 4568 883 4613 ut
911 4568 1007 4614 aut
1035 4555 1206 4615 Filius
1234 4575 1264 4614 a
1307 4559 1468 4614 Patre
1490 4601 1505 4628 ,
1536 4571 1632 4616 aut
1665 4563 1902 4632 Spiritus
1942 4581 1970 4619 a

2071 4563 2285 4634 Πατρὶς
2315 4561 2596 4631 νοηθῆναι,
2631 4562 2663 4630 ἢ
2691 4562 2750 4614 τὸ
2779 4560 3006 4630 Πνεῦμα
3028 4561 3123 4613 τοῦ
3155 4561 3286 4614 Υὶοῡ
3319 4562 3636 4630 διαζευχθῆο

394 4651 532 4707 Filio
564 4652 910 4723 disjnngatur
933 4691 950 4719 ,
974 4650 1120 4722 quod
1144 4651 1298 4707 aiunt
1327 4651 1621 4724 Gregorius
1666 4654 1970 4726 Theologus

2071 4673 2156 4708 ναι
2183 4671 2197 4687 ο
2231 4653 2376 4724 ἅπερ
2425 4655 2453 4706 6
2505 4653 2764 4720 Θεολογος
2817 4652 2855 4703 Γ
2861 4651 3119 4722 ρηγόριος
3147 4651 3264 4722 (62)
3309 4655 3402 4706 καὶ
3433 4653 3461 4705 6
3492 4653 3636 4708 θεῖος

393 4755 450 4801 et
487 4744 645 4800 divus
669 4744 902 4802 Basilius
932 4747 1224 4816 docetque,
1256 4747 1380 4802 illos
1406 4757 1654 4812 secutus,
1683 4747 1970 4803 Damasce-

2071 4747 2350 4808 Βασίλειος
2385 4745 2498 4814 (65)
2530 4744 2715 4812 φασίν.
2745 4737 2840 4804 Οἷς
2868 4744 2965 4795 καὶ
2989 4744 3017 4794 6
3041 4744 3401 4813 Δαμασκηνὸς
3430 4744 3635 4812 ἑπόμε-

396 4853 521 4902 nus,
552 4838 635 4893 Itis
667 4839 888 4894 verbis:
930 4858 948 4892 ι
989 4838 1233 4902 Necesse
1265 4854 1394 4895 vero
1418 4849 1503 4894 est
1535 4839 1769 4895 Verbum
1798 4841 1962 4896 etiam

395 4928 512 4999 Spit
527 4931 657 4983 itum
691 4929 916 4985 habere.
953 4947 972 4982 ι

466 5019 605 5087 Quia
645 5036 774 5075 vero
819 5022 1134 5081 dicebamus
1183 5043 1308 5084 esse
1351 5026 1571 5099 quidem
1599 5025 1768 5082 Deum
1798 5042 1960 5082 unam

400 5109 808 5175 substantiam,
875 5124 997 5178 quae
1075 5123 1130 5169 et
1185 5115 1431 5173 Trinitas
1459 5126 1587 5180 est,
1637 5115 1964 5185 Patremque

395 5199 565 5256 Deum
592 5199 891 5270 perlectum
923 5215 1068 5268 esse,
1100 5219 1164 5259 ac
1191 5206 1442 5262 similiter
1470 5204 1696 5270 Filium,
1728 5221 1826 5260 nec
1852 5220 1961 5260 non

403 5294 672 5364 Spiritum
709 5303 965 5349 salictum
995 5311 1010 5361 ;
1047 5293 1254 5349 idcirco
1280 5295 1540 5362 dicimus,
1563 5297 1717 5365 juxta
1747 5312 1810 5352 ac
1839 5312 1971 5353 san»

467 5480 512 5513 “
549 5480 704 5537 Joau.
741 5495 832 5544 xx,
869 5479 956 5536 l7.

469 5662 578 5730 (δε)
617 5665 768 5734 Orat.
797 5665 891 5728 τε,
919 5681 970 5734 ρ.
1000 5665 1124 5722 ιιι.

469 5735 580 5802 (ϋὸ)
613 5733 758 5787 ι..ιι›τ.
794 5736 828 5787 5
855 5746 1039 5791 contra
1069 5735 1328 5802 Euneon,
1360 5740 1466 5790 etc.

2069 4855 2156 4900 νος
2190 4837 2327 4905 (64),
2387 4854 2406 4888 ι
2448 4839 2539 4889 Δεῖ
2568 4835 2624 4888 δὲ
2657 4831 2747 4890 τὸν
2799 4837 2970 4905 Λόγον
3004 4837 3098 4890 καὶ
3145 4835 3368 4905 Πνεῦμα
3398 4835 3560 4904 ἔχειν,
3610 4851 3631 4884 ι

2065 4931 2327 4983 διδάσκει.

2152 5021 2306 5072 Ἐπεὶ
2341 5019 2398 5072 δὲ
2434 5023 2717 5092 ἐλέγομεν,
2754 5021 2876 5076 Ὀτι
2929 5024 3026 5093 μία
3081 5023 3182 5094 μὲν
3220 5023 3366 5078 ἐστιν
3413 5023 3569 5076 οὐσία
3609 5025 3638 5076 6

2071 5112 2223 5182 Θεὸς,
2246 5115 2282 5186 ἡ
2312 5115 2406 5168 καὶ
2449 5116 2618 5184 Τριάς
2652 5117 2769 5168 ἐστι
2795 5130 2807 5143 ·
2840 5118 2935 5170 καὶ
2962 5117 2990 5168 6
3025 5115 3217 5187 Πατὴρ
3254 5117 3455 5177 τέλειος
3482 5115 3635 5181 Θεὸς,

2070 5208 2166 5258 καὶ
2195 5208 2222 5258 6
2248 5205 2374 5268 Υἱὸς
2402 5205 2682 5268 ὡσαύτως,
2714 5206 2809 5258 καὶ
2840 5206 2901 5258 τὸ
2963 5206 3190 5275 Πνεῦμα
3223 5207 3284 5258 τὸ
3328 5207 3483 5273 ἆγιον
3510 5222 3522 5234 ·
3548 5204 3637 5256 διὰ

2081 5296 2241 5348 τοῦτο
2271 5298 2449 5366 φαμὲν
2477 5296 2621 5348 κατὰ
2655 5297 2745 5349 τον
2775 5295 2930 5364 ἅγιον
2953 5299 3228 5352 Διονύσιον
3251 5297 3363 5368 (65)
3391 5296 3484 5348 καὶ
3512 5296 3638 5356 τοὺς

2144 5670 2256 5740 (οι)
2291 5670 2404 5726 Lib.
2445 5687 2481 5736 ι,
2513 5687 2560 5727 c.
2593 5673 2648 5727 τ.

2139 5742 2253 5811 ((55)
2283 5741 2358 5796 De
2383 5743 2548 5797 divin.
2566 5760 2705 5798 ιιυιιι.
2739 5760 2786 5799 c.
2807 5744 2861 5798 9..
