4056 6266
433 287 538 354 581

1677 279 2069 342 MANUELIS
2109 279 2196 339 CA
2209 279 2416 340 LECIE

3571 282 3681 349 588

433 421 577 463 novo
632 401 870 475 quodam
937 400 1159 470 vimque
1207 411 1422 454 onmem
1479 397 1680 453 mentis
1708 405 2002 468 superante

2105 397 2306 466 τρόπον
2335 399 2364 452 ὁ
2395 397 2586 470 Σωτὴρ
2611 399 2770 470 ἡμῶν
2806 401 2899 453 καὶ
2925 399 3202 470 ἄφθαρτον
3235 399 3376 470 μετὰ
3405 402 3509 474 τῂν
3547 404 3681 458 ἀνάο

370 537 378 544 κ
434 499 620 562 modo,
676 494 923 550 Salvator
954 501 1137 548 noster
1162 532 1177 557 ,
1234 505 1434 560 corpus
1472 506 1633 544 suum
1666 498 1788 559 post
1819 505 2002 544 resur-

433 592 728 647 rectionem
763 596 817 643 et
863 585 1274 655 incorrttptibile
1301 583 1552 638 exhibuit
1595 592 1650 637 et
1693 582 1998 652 palpabile,

437 695 494 737 nt
541 695 733 751 nempe
780 679 1084 734 exhibendo
1113 674 1553 744 iucorruptibile,
1613 673 1680 728 ad
1735 673 1998 744 spiritalia

434 771 736 827 certamina
763 779 924 836 alque
949 767 1168 834 praemia
1223 763 1410 818 ﬁdeles
1462 774 1788 833 provocaret
1807 805 1823 830 ,
1853 764 1999 834 quod

434 881 562 920 vero
598 863 873 934 prazbebat
901 858 1202 930 palpabile,
1234 859 1303 913 ad
1335 858 1491 912 tidem
1537 857 1905 934 conﬁrmaret.
1935 856 2002 913 Ut

435 932 619 1028 itaque
659 954 899 1024 ejusdem
948 952 1230 1006 nobiscum
1281 959 1488 1003 naturae
1513 989 1527 1013 ,
1558 932 1790 1004 diversae
1820 958 2000 1003 tamen

433 1050 719 1109 claritatis,
771 1060 972 1115 corpus
1035 1058 1194 1098 suum
1254 1041 1602 1106 ostenderet,
1660 1040 1898 1110 seipsum
1948 1048 2002 1093 et

430 1140 754 1210 palpabilem
810 1137 1057 1192 exhibuit
1102 1146 1154 1188 et
1201 1133 1689 1203 ittcorrnptibilem.
1751 1132 1998 1199 Quandiu

430 1235 619 1303 igitur,
662 1241 715 1283 ut
750 1244 913 1298 supra
942 1227 1257 1282 dicebamus
1279 1264 1295 1288 ,
1329 1226 1380 1279 in
1416 1224 1620 1280 mundo
1663 1225 2001 1290 versabatur,

430 1323 593 1377 morti
637 1321 878 1388 pariter,
940 1318 1120 1387 iisque
1175 1316 1431 1371 omnibus
1467 1353 1480 1378 ,
1542 1330 1679 1386 quas
1742 1315 2001 1380 diximus,

431 1414 774 1470 naturalibus
822 1426 886 1466 ac
928 1409 1165 1464 innoxiis
1201 1409 1550 1478 passionibus
1591 1406 1868 1462 obnoxius
1899 1405 2004 1460 fuit

433 1508 663 1577 (idcirco
691 1504 974 1564 nimirum,
1007 1502 1152 1571 quod
1183 1508 1555 1570 assutnpserat
1575 1498 1877 1569 perfectum
1902 1499 2001 1552 ho-

428 1598 659 1668 minem)
701 1599 757 1652 in
807 1597 1011 1666 quibus
1059 1581 1118 1650 ut
1163 1596 1325 1649 homo
1377 1594 1626 1657 certavit,
1673 1592 2004 1660 modumque

430 1708 538 1761 quo
583 1691 694 1744 11100
738 1688 792 1741 111
847 1686 1006 1740 nobis
1048 1685 1381 1739 moderanda
1422 1683 1553 1745 sint,
1583 1681 1822 1736 ostendit
1857 1697 1872 1734 :
1903 1695 2002 1735 nec

429 1780 875 1838 committendum
915 1790 973 1832 ut
1003 1778 1164 1832 bruto
1195 1777 1429 1845 quodam
1483 1777 1686 1844 impetu
1741 1782 2003 1842 extraque

429 1876 719 1938 rationem,
760 1881 968 1927 naturae
999 1881 1199 1924 nostra)
1236 1869 1610 1923 dominentur.

500 1966 713 2022 Etenim
744 1973 805 2019 ut
831 1964 1016 2027 homo,
1046 1963 1337 2016 humanam
1389 1960 1724 2014 voluntatem
1762 1957 1954 2014 habuit
1985 1973 2000 2011 :

428 2073 617 2113 verum
672 2056 762 2110 illa
812 2053 1059 2122 subjecta
1103 2061 1224 2108 erat
1257 2049 1567 2106 divinitatis
1605 2049 1779 2118 ipsius
1807 2047 2004 2103 volun-

430 2152 550 2215 tati,
581 2164 680 2204 uec
708 2127 987 2202 contrarie
1017 2144 1336 2198 movebatur
1363 2159 1378 2207 ;
1410 2141 1505 2196 sed
1550 2141 1665 2194 haec
1694 2154 1917 2210 quoque
1948 2147 2006 2192 ut

431 2248 593 2298 homo
650 2239 870 2296 volebat
915 2253 982 2292 ac
1029 2235 1301 2298 faciebat;
1341 2247 1687 2303 quaecunque
1739 2231 2001 2286 nimirum

428 2338 610 2390 divina
643 2335 763 2404 ejus
815 2331 1071 2385 voluntas
1118 2327 1407 2383 suadebat.
1448 2326 1801 2380 Concedente
1856 2325 2003 2380 enim

429 2428 614 2482 divina
663 2434 894 2487 natura,
925 2421 1163 2492 propriis
1215 2419 1471 2473 1111111οι110
1502 2427 1714 2474 natura:
1761 2419 2004 2474 innoxiis

430 2516 785 2589 passionibus
824 2529 922 2584 pro
953 2519 1200 2580 tempore
1231 2509 1569 2564 adiciebatur
1590 2550 1604 2573 ,
1655 2517 1714 2563 ut
1742 2516 1798 2564 et
1835 2522 2006 2579 spon-

431 2625 650 2666 taneant
679 2616 910 2661 mortem
941 2605 1209 2673 eligeret;
1249 2617 1314 2660 ac
1341 2617 1534 2658 rursus
1578 2606 1769 2659 eadem
1797 2616 2004 2657 001100-

429 2703 592 2756 dente
628 2699 798 2768 ipsam
829 2702 1134 2751 recusaret.
1189 2695 1279 2749 Ait
1313 2695 1460 2749 enim
1498 2694 1612 2765 ipse
1641 2711 1656 2748 :
1697 2713 1715 2746 1
1748 2691 2002 2749 Potesta-

431 2806 538 2847 tetu
602 2791 776 2846 habeo
828 2787 1066 2859 ponendi
1121 2789 1363 2843 animam
1425 2803 1636 2853 meam,
1691 2797 1747 2842 et
1803 2789 2000 2842 iterum

430 2885 678 2939 sumendi
698 2899 818 2937 eam
843 2883 911 2936 ’⁵.
939 2900 958 2934 1
983 2880 1079 2934 Et:
1105 2899 1124 2931 1
1149 2881 1402 2936 Nondum
1431 2882 1574 2935 venit
1599 2882 1731 2936 hora
1757 2895 1879 2937 mea
1897 2879 1998 2934 ".t

429 2974 488 3030 In
526 2975 684 3036 nobis
717 2983 900 3029 autem
932 2988 1044 3028 11011
1076 2974 1151 3026 ita
1191 2973 1393 3027 accidit
1422 2989 1438 3038 ;
1473 2973 1605 3042 quin
1634 2977 1816 3044 potius
1845 2969 2002 3028 liberi

2104 504 2297 542 στασιν
2333 487 2430 542 καὶ
2456 487 2778 566 ψηλαφητὺν
2807 490 2867 542 τὺ
2899 489 3096 543 ἑαυτοῦ
3127 489 3297 555 ἔδειξε
3337 490 3498 561 σῶμα
3526 508 3540 522 ·
3590 493 3680 546 ἵνα

2101 579 2188 633 διὰ
2219 580 2321 650 μὲν
2350 581 2448 635 τοῦ
2481 581 2760 652 ἄφθαρτον
2783 583 2954 648 δεῖξαι
2984 584 3078 637 ἐπὶ
3106 583 3233 648 τοὺς
3265 586 3683 653 πνευματικῶς

2101 674 2320 742 ἀγῶνας
2355 674 2450 728 καὶ
2477 674 2545 728 τὰ
2589 669 2727 728 ἆθλα
2756 676 2884 739 τοὺς
2919 676 3148 738 πιστοὺς
3178 675 3632 746 προσκαλέσηται
3665 692 3678 706 ·

2101 764 2189 818 διὰ
2243 766 2301 818 δὲ
2345 766 2440 820 τοῦ
2497 765 2818 837 ψηλαφητδν
2851 767 2982 820 αὐτὸ
3012 770 3318 837 παρασχεῖν
3379 767 3520 838 πρὸς
3579 766 3682 837 τὴν

2103 857 2287 908 πίστιν
2339 856 2486 926 ἡμᾶς
2540 855 2836 931 βεϐαιώσῃ.
2880 857 2994 911 ἰνα
3029 860 3212 912 τοίνυν
3262 857 3364 927 τῆς
3413 857 3682 939 αὐτῆςόν

2103 949 2236 1016 ἡμῖν
2291 946 2504 1012 φύσεως
2547 949 2639 1005 καὶ
2688 949 2850 1020 δόξης
2900 948 3090 1018 ἐτέρας
3147 940 3206 1003 τὸ
3265 946 3462 1002 ἑαυτοῦ
3515 947 3680 1020 σῶμα

2102 1039 2273 1111 δείξῃ,
2307 1043 2404 1094 καὶ
2440 1043 2763 1114 ψηλαφητδν
2795 1044 2892 1097 καὶ
2922 1042 3200 1112 ἄφθαρτον
3233 1042 3437 1108 ἔδειξεν
3457 1043 3682 1099 ἑαυτόν,

2105 1133 2252 1196 Ἕως
2298 1136 2395 1204 μὲν
2425 1135 2540 1200 οὖν,
2571 1136 2826 1207 καθάπερ
2857 1138 3117 1204 ἐίπομεν,
3150 1139 3208 1189 ἐν
3241 1137 3320 1207 τῷ
3350 1136 3548 1206 κόσμῳ
3575 1136 3686 1188 ait.

2102 1226 2283 1297 τριὸε,
2319 1232 2412 1282 καὶ
2445 1228 2660 1297 θανάτῳ
2689 1230 2786 1282 καὶ
2813 1232 2923 1291 τοῖς
2957 1230 3271 1299 εἰρημένοις
3297 1230 3480 1292 ἄλλοις
3503 1231 3686 1284 ἅπασι

2103 1322 2215 1382 τοῖς
2239 1322 2489 1389 φυσικοῖς
2515 1323 2610 1374 καὶ
2629 1321 2975 1390 ἀδιαόλήτοις
3000 1321 3262 1374 ὑπέκειτο
3282 1320 3515 1374 πάθεσιν
3538 1322 3688 1390 (ἐπεὶ

2103 1410 2310 1464 τέλειον
2337 1412 2626 1482 ἀνείληφεν
2645 1412 2741 1465 ἄνθ
2751 1414 2979 1483 ρωπον),
2997 1414 3055 1466 ἐν
3073 1407 3151 1473 οἷς
3178 1412 3273 1464 καὶ
3292 1412 3366 1475 ὡς
3391 1412 3490 1465 ἄνο
3498 1428 3689 1480 ρωπος

2106 1503 2434 1570 ἠγωνίσατο,
2465 1505 2560 1556 καὶ
2589 1504 2758 1568 ἔδειξε
2799 1506 2914 1567 πῶς
2957 1503 3132 1558 ταῦτα
3166 1506 3257 1558 καὶ
3291 1506 3349 1557 ἐν
3378 1505 3511 1574 ἡμῖν
3537 1505 3692 1556 obto-

2105 1594 2391 1664 νομείσθαι
2419 1597 2520 1660 δεῖ,
2555 1596 2648 1650 καὶ
2689 1598 2763 1666 μὴ
2797 1598 3008 1662 ἀλόγως
3038 1597 3146 1651 ὑπὸ
3179 1595 3387 1650 τούτων
3417 1597 3514 1664 τὴν
3541 1598 3693 1666 ἡμε-

2104 1682 2272 1751 τέραν
2303 1681 2820 1750 κατεξουσιάζεσθαι
2852 1686 3036 1755 φύσιν.

2175 1953 2287 2006 Καὶ
2317 1957 2447 2023 γὰρ,
2481 1953 2556 2016 ὡς
2603 1952 2702 2022 μὲν
2729 1954 3035 2026 ἄνθρωπος,
3082 1951 3196 2026 εἶχε
3247 1958 3308 2012 τὸ
3337 1957 3688 2028 ἀνθρώπινον

2104 2044 2354 2116 θέλημα·
2411 2047 2748 2104 ύπετάσσετο
2791 2049 2848 2102 δὲ
2897 2051 2976 2120 τῷ
3011 2051 3278 2122 θελήματι
3327 2052 3429 2121 τῆς
3482 2053 3687 2107 ἑαυτοῦ

2105 2136 2379 2207 θεότητος,
2408 2140 2504 2193 καὶ
2533 2140 2634 2194 οὐκ
2661 2141 2896 2194 ἐκινεῖτο
2937 2143 3272 2206 ὑπεναντίως
3297 2157 3312 2173 ο
3343 2143 3480 2197 ἀλλᾶ
3506 2143 3690 2198 ταῦτα

2104 2231 2200 2284 καὶ
2227 2231 2302 2294 ὼς
2336 2229 2624 2303 ἄνθρωπος
2653 2233 2814 2302 ἧθελε
2845 2235 2939 2288 καὶ
2972 2236 3167 2300 ἐποίει,
3190 2237 3292 2289 ὅσα
3317 2236 3562 2307 δηλονότι
3588 2239 3690 2293 καὶ

2102 2317 2163 2369 τὸ
2197 2316 2340 2371 θεῖον
2375 2318 2546 2372 αὐτοῦ
2578 2319 2811 2391 θέλημα.
2849 2321 3252 2394 Συγχωρούσης
3284 2323 3389 2388 μὲν
3419 2324 3529 2394 γὰρ
3578 2325 3690 2394 τῆς

2104 2407 2257 2472 θείας
2289 2409 2529 2479 φύσεως,
2556 2412 2696 2464 κατὰ
2729 2413 2918 2483 καιρὸν
2948 2413 3157 2485 ἔπασχε
3189 2413 3260 2468 τὰ
3293 2415 3400 2470 ίδια
3447 2418 3548 2486 τῆς
3583 2419 3690 2471 ἀν·

2105 2503 2384 2573 θρωπίνης
2422 2502 2639 2572 φύσεως
2670 2502 2973 2576 ἀδιάϐλητα
3009 2506 3179 2576 πάθη,
3205 2506 3282 2570 ὡς
3337 2508 3430 2562 καὶ
3478 2509 3539 2562 τὸ
3585 2509 3688 2563 τὸν

2103 2595 2354 2650 ἑκούσιον
2393 2595 2722 2666 προελέσθαι
2754 2596 2986 2651 θάνατον
3005 2613 3021 2631 ⁸
3052 2599 3448 2671 συγχωρούσης
3486 2602 3543 2657 δὲ
3573 2603 3687 2658 πά·

2105 2689 2211 2754 λιν,
2267 2689 2358 2742 τὸν
2418 2689 2584 2743 αὐτὸν
2637 2691 3018 2760 παρῃτήσατο.
3089 2692 3263 2756 Αὐτὸς
3322 2692 3434 2764 γάρ
3489 2713 3681 2764 φησιν,

2108 2798 2129 2832 1
2169 2781 2450 2847 Ἐξουσίαν
2481 2780 2591 2850 ἔχω
2633 2780 2804 2833 θεῖναι
2862 2783 2962 2848 τὴν
2995 2779 3185 2852 ψυχήν
3222 2800 3350 2853 μου,
3385 2785 3482 2837 καὶ
3514 2785 3682 2841 πάλιν

2104 2875 2292 2929 λαϐεῖν
2321 2875 2512 2946 αὐτήν.
2553 2892 2574 2928 1
2597 2869 2730 2937 Καὶ,
2761 2893 2781 2926 1
2814 2873 2982 2927 Οὔπω
2999 2875 3252 2944 ἐληλύθει
3283 2877 3317 2947 ἠ
3349 2876 3469 2946 ὥρα
3499 2895 3624 2946 μου.
3652 2897 3673 2931 1

2116 2969 2235 3038 Ἐφ’
2267 2968 2426 3039 ἡμῶν
2454 2967 2510 3021 δὲ
2534 2967 2633 3039 οὐχ
2659 2966 2802 3021 οὕτω
2828 2967 3118 3038 συμϐαίνει
3141 2983 3155 2999 ⁸
3185 2967 3323 3022 ἀλλὰ
3343 2969 3434 3022 διὰ
3460 2968 3559 3040 τὴν
3585 2968 3680 3023 τοῦ

431 3067 649 3122 arbitrii
680 3073 840 3130 1111111,
866 3066 1010 3119 haud
1062 3079 1187 3118 raro
1219 3078 1384 3134 prava
1440 3064 1720 3134 voluptate
1772 3063 1999 3127 seducti,

2107 3061 2455 3128 αύτεξουσίου
2480 3060 2673 3133 ῥοπὴν,
2719 3059 2980 3124 πολλάκις
3009 3059 3220 3129 φαύλης
3277 3059 3470 3131 ﬁsa-.71;
3516 3061 3678 3114 ἕνεκα

431 3158 614 3211 carnis
661 3157 994 3212 voluntatem
1035 3154 1412 3224 praeferimus,
1455 3171 1576 3225 quae
1604 3155 1697 3211 Dei
1738 3155 2001 3212 voluntati

430 3239 755 3306 adversatur
809 3246 1091 3319 animique
1165 3246 1509 3318 perfectioni.
1574 3249 1647 3303 De
1701 3248 1803 3302 hac
1855 3248 2002 3302 enim

428 3343 636 3397 dictum
661 3347 790 3394 est:
831 3358 849 3390 1
881 3338 1023 3392 Caro
1055 3339 1398 3407 concupiscit
1424 3339 1689 3392 adversus
1720 3336 2001 3408 spiritum,

431 3433 662 3504 spiritus
690 3430 957 3486 adversus
986 3442 1212 3484 carnem
1244 3430 1311 3484 ³⁷.
1343 3447 1366 3482 1

498 3611 578 3666 Ex
609 3610 693 3666 his
729 3624 894 3680 porro
920 3571 1154 3666 solvitur
1200 3610 1365 3664 etiam
1425 3609 1514 3664 illa
1561 3609 1794 3702 quaistio
1816 3650 1832 3676 ,
1861 3609 2002 3678 Quid

428 3718 608 3759 causae
632 3704 724 3769 sit,
749 3718 849 3759 cur
877 3712 1005 3757 ante
1036 3716 1242 3756 annum
1281 3702 1622 3757 tricesimum
1659 3703 1813 3774 signa
1840 3705 2004 3760 edere

429 3809 537 3848 non
574 3795 821 3864 coeperit.
860 3793 996 3848 Cum
1026 3793 1172 3848 a-tim
1210 3794 1458 3848 omnium
1489 3809 1761 3850 consensu
1799 3796 2004 3866 explo-

430 3893 610 3938 ratum
638 3885 732 3952 sit,
761 3882 906 3939 Deus
935 3897 1060 3938 cum
1103 3888 1280 3946 esset,
1311 3881 1516 3938 factum
1549 3897 1670 3938 esse
1697 3884 2003 3953 perlectum

429 3977 865 4051 hominem,uno
890 3975 1110 4044 dempto
1141 3984 1363 4042 peccato
1389 3993 1404 4041 ;
1436 3975 1624 4043 liquet,
1655 3977 1706 4029 in
1737 3986 2003 4044 quantum

429 4070 572 4126 Deus
602 4079 739 4134 erat,
773 4071 1093 4124 0110111011111
1148 4067 1386 4136 pueriles
1427 4083 1491 4122 ac
1541 4069 1787 4124 infantia:
1826 4085 2004 4127 annos

427 4169 632 4229 ageret,
658 4161 902 4229 potuisse
939 4159 1093 4228 signa
1145 4159 1260 4212 haec
1307 4158 1628 4213 humanitus
1660 4161 1844 4216 edere.
1894 4159 2004 4215 Ta-

429 4254 589 4306 metsi
633 4255 781 4305 enim
819 4256 896 4303 ait
946 4249 1293 4317 Evangelista
1332 4265 1345 4301 :
1383 4269 1401 4301 1
1435 4249 1596 4306 Jesus
1625 4264 1805 4307 autem
1835 4254 2002 4323 proti-

427 4344 604 4398 ciebat
638 4341 907 4414 sapientia
939 4349 1183 4394 011101οι0
1221 4349 1277 4394 01
1307 4341 1481 4409 gratia
1503 4341 1570 4405 ",
1621 4361 1636 4392 1
1681 4359 1788 4397 11011
1822 4345 1893 4398 ita
1923 4345 2006 4400 in-

2105 3153 2480 3224 ἀπατώμενοι,
2525 3153 2586 3207 τὸ
2621 3153 2718 3223 τῆς
2748 3152 2953 3222 σαρκὸς
2995 3152 3416 3224 προαιρούμεθα
3443 3153 3684 3223 θέλημα,

2104 3247 2242 3316 ὅπερ
2261 3248 2409 3299 ἐστὶν
2437 3244 2676 3300 ἐναντίον
2692 3245 2771 3316 τῷ
2793 3245 3058 3315 θελήματι
3075 3246 3169 3298 τοῦ
3193 3245 3352 3310 Θεοῦ,
3373 3247 3470 3300 καὶ
3489 3248 3556 3319 τῇ
3581 3248 3679 3320 τῆς

2103 3339 2280 3409 ψυχῆς
2327 3337 2654 3406 τελειότητι.
2715 3338 2854 3407 Περὶ
2889 3339 3086 3390 τούτου
3126 3338 3234 3408 γὰρ
3266 3338 3505 3408 εἴρηται,
3541 3357 3560 3391 1
3613 3339 3677 3392 Ἠ

2105 3431 2243 3495 σὰρξ
2262 3430 2524 3500 ἐπιθυμεῖ
2545 3428 2688 3483 κατὰ
2715 3427 2810 3483 τοῦ
2843 3429 3156 3500 πνεύματος
3176 3445 3191 3460 ο
3213 3428 3274 3482 τὺ
3296 3428 3512 3500 πνεῦμα
3539 3430 3678 3484 κατὰ

2102 3521 2204 3590 τῆς
2233 3521 2455 3591 σαρκός.
2507 3539 2526 3572 1
2611 3581 2618 3586 1

2185 3615 2281 3666 Ἐκ
2316 3599 2519 3666 τούτων
2545 3613 2603 3665 δέ
2621 3612 2830 3676 λύεται,
2864 3611 2959 3665 καὶ
2991 3612 3135 3675 τίνος
3171 3611 3336 3665 ἕνεκα
3395 3613 3472 3681 μὴ
3545 3614 3678 3683 πρό·

2102 3724 2261 3777 τερον
2285 3707 2393 3759 τῶν
2426 3705 2720 3776 τριάκοντα
2753 3705 2961 3776 χρόνων
2991 3704 3196 3776 ἤρξατο
3227 3707 3432 3776 σημεῖα
3480 3709 3676 3761 ποιεῖν.

2105 3801 2166 3853 Εί
2198 3799 2306 3868 γὰρ
2334 3799 2420 3854 διὰ
2472 3799 2689 3853 πάντων
2718 3799 3057 3868 ὁμολογεῖται
3085 3801 3166 3852 ὅτι
3191 3799 3323 3862 Θεὸς
3354 3800 3450 3864 ὢν,
3478 3801 3678 3862 τέλειος

2104 3893 2319 3961 ἐγένετο
2357 3892 2648 3962 ἄνθρωπος
2691 3892 2862 3962 χωρὶς
2890 3891 3188 3961 ἁμαρτίας,
3223 3893 3460 3962 φανερὸν
3491 3893 3573 3946 ὅτι
3604 3893 3679 3956 ὡς

2105 3984 2205 4054 μὲν
2239 3983 2377 4048 Θεὸς
2423 3985 2648 4039 ἐδύνατο
2699 3985 2795 4037 καὶ
2854 3984 3118 4055 παιδικὴν
3170 3984 3394 4055 ἡλικίαν
3447 3988 3588 4040 κατὰ
3619 3987 3677 4039 τὸ

2103 4074 2444 4148 ἀνθρώπινον
2475 4075 2640 4146 ἔχων,
2670 4075 2844 4131 ταῦτα
2875 4076 2944 4130 τὰ
2992 4080 3196 4148 σημεῖα
3232 4085 3428 4137 ποιεῖν.
3482 4080 3545 4132 Εἰ
3573 4081 3679 4149 γὰρ

2102 4170 2198 4222 καὶ
2229 4169 2398 4239 φησὶν
2443 4170 2470 4222 ὁ
2501 4169 2929 4239 Εὑαγγελιστὴς,
2968 4187 2989 4221 1
3046 4170 3256 4240 Ἰησοῦς
3283 4171 3339 4224 δέ
3374 4172 3679 4240 προέκοπτε

2104 4261 2267 4332 σοφίᾳ
2299 4262 2393 4315 καὶ
2421 4262 2610 4334 ἡλικίᾳ
2638 4264 2736 4318 καὶ
2764 4265 2972 4336 χάριτι,
3007 4283 3027 4319 1
3071 4266 3132 4319 ού
3186 4266 3404 4336 νοητέον
3444 4268 3528 4321 ὅτι
3559 4269 3680 4321 κατ’

2104 4353 2282 4420 ὀλίγον
2311 4353 2596 4422 ηὐξάνετο,
2633 4355 2726 4408 καὶ
2754 4356 2864 4409 ἀπὸ
2891 4355 2987 4409 τοῦ
3023 4357 3248 4426 δυνάμει
3289 4359 3370 4421 είς
3400 4359 3680 4428 ἐνέργειαν

427 4435 808 4505 tclligendum,
864 4432 1022 4502 quasi
1068 4432 1330 4515 paulatim
1384 4445 1688 4498 cresceret,
1735 4447 1899 4506 atque
1933 4439 2002 4494 ab

2109 4443 2493 4515 ἐντελεστέραν
2519 4445 2596 4508 ὡς
2625 4445 2676 4499 οί
2707 4445 2989 4517 ἄνθρωποι
3021 4423 3220 4519 προῄει
3240 4467 3254 4480 ·
3294 4468 3313 4500 1
3349 4447 3416 4500 Τί
3583 4448 3678 4502 τοῦ
3709 4506 3713 4510 _

424 4542 492 4582 eo
523 4527 668 4597 quod
703 4535 785 4581 est
816 4527 1081 4596 potentia,
1134 4529 1204 4580 ad
1250 4537 1431 4580 actum
1470 4530 1850 4597 perfectiorent
1883 4533 2001 4601 (uti

2110 4535 2366 4607 ἀπαρχῆς
2391 4535 2596 4590 τελείου
2623 4536 2822 4605 γένοιτ’
2855 4538 2922 4592 ἂν
2949 4539 3283 4610 τελειότερον
3310 4557 3324 4605 ;
3371 4559 3390 4592 1
3437 4540 3554 4592 ἀλλ’
3599 4541 3680 4593 ὅτι

427 4635 487 4674 se
538 4635 626 4674 res
677 4619 732 4672 in
765 4619 1085 4673 hominibus
1138 4617 1336 4689 habet)
1396 4623 1753 4690 procederet:
1800 4641 1818 4675 t
1858 4623 2000 4690 Quid

2109 4627 2250 4682 κατὰ
2281 4627 2342 4681 τὸ
2369 4615 2715 4699 ἀνθρώπινον
2764 4628 2882 4698 ὥρα
2939 4631 3037 4685 καὶ
3089 4631 3250 4702 χάρις
3289 4629 3576 4701 ἐπέλαμπε
3603 4630 3680 4700 τῷ

424 4713 572 4767 0111111
601 4727 666 4768 00
693 4751 709 4778 ,
761 4713 908 4782 quod
945 4727 972 4766 0
1006 4711 1276 4782 principio
1309 4712 1606 4784 perfectum
1638 4725 1793 4783 0101,
1824 4718 2003 4789 perfe-

426 4807 570 4860 ctius
609 4820 731 4888 esse
781 4804 994 4875 possit?
1037 4822 1056 4856 1
1091 4806 1184 4859 sed
1220 4805 1345 4875 quia
1399 4807 1452 4860 in
1485 4808 1605 4878 ejus
1631 4808 1782 4864 vultu
1820 4823 2011 4882 gestu-

425 4914 558 4969 que,
598 4908 660 4953 ut
684 4900 848 4955 homo
872 4907 1012 4966 erat,
1045 4909 1308 4955 venustas
1337 4909 1502 4974 atque
1536 4903 1707 4972 gratia
1731 4905 2004 4975 elucebat,

424 4992 682 5064 quodque
729 4991 989 5061 paulatim
1025 5006 1120 5060 per
1166 4995 1515 5064 operationes
1539 5035 1554 5059 ,
1590 5011 1686 5065 pro
1731 4999 2004 5069 cujusque

423 5087 598 5141 anatis
631 5085 798 5155 gradu
832 5093 1196 5155 congruentes
1217 5126 1232 5151 ,
1261 5084 1432 5155 ipsius
1481 5088 1834 5158 detegebatur
1862 5093 2001 5146 divi-

426 5181 606 5246 nitas;
660 5188 721 5233 ut
773 5187 964 5233 auctor
1025 5187 1107 5232 est
1138 5177 1435 5248 Gregorius
1480 5177 1808 5251 leeologns.
1862 5183 2004 5250 Quia

374 5307 388 5318 -
423 5274 568 5327 0111111
623 5272 802 5326 aetatis
855 5272 1133 5340 humana:N
1161 5286 1224 5326 ac
1279 5273 1524 5326 scientia:
1573 5275 1833 5342 perfectio
1909 5278 2004 5331 illo

425 5365 662 5420 maxime
692 5374 1108 5420 consummatur
1142 5374 1412 5432 tempore,
1449 5365 1653 5419 idcirco
1679 5367 1842 5420 etiam
1880 5371 2002 5437 ipse

425 5472 547 5510 cum
583 5467 732 5513 esset
773 5459 948 5512 factus
989 5457 1174 5522 homo,
1215 5458 1358 5510 sicut
1402 5457 1610 5524 reliqua
1643 5459 1827 5513 omnia
1876 5476 2004 5516 sns-

422 5559 640 5620 eeperat
670 5554 816 5618 (nam
858 5551 1022 5606 etiam
1059 5551 1420 5604 circumcisus
1461 5559 1548 5605 est
1578 5559 1630 5603 et
1681 5549 1734 5604 in
1778 5555 1987 5623 templo

494 5723 696 5780 r‘Juan.
764 5744 816 5789 Χ,
851 5730 932 5781 18.
1009 5730 1053 5761 ’⁸
1091 5728 1250 5783 «11011.
1284 5746 1344 5794 ιι,
1381 5729 1433 5784 4-

2105 4721 2300 4775 τούτου
2333 4720 2613 4793 προσώπῳ
2636 4738 2652 4755 ο
2682 4722 2778 4776 καὶ
2822 4722 2905 4776 ὅτι
2933 4722 3276 4795 καταμικρδν
3301 4722 3391 4778 διὰ
3421 4724 3529 4778 τῶν
3561 4725 3680 4786 ταῖς

2111 4815 2355 4885 ἡλικίαις
2408 4815 2790 4884 ἁναλογουσῶν
2847 4817 3141 4885 ἐνεργειῶν
3180 4818 3213 4887 ἡ
3252 4816 3450 4870 τούτου
3504 4834 3678 4888 παρε-

2107 4905 2382 4975 γυμνοῦτο
2425 4904 2638 4978 θεότης,
2669 4907 2744 4970 ὼς
2791 4907 3088 4979 Γρηγόριος
3126 4910 3154 4962 ό
3195 4908 3454 4976 Θεολόγος
3488 4908 3678 4980 φησίν.

2119 4997 2339 5068 Ἐπειδὴ
2361 4997 2470 5068 γὰρ
2520 4999 2555 5069 ὴ
2603 4998 2880 5068 τελειότης
2933 5000 3034 5068 τῆς
3084 4999 3434 5071 ἀνθρωπίνης
3465 5000 3678 5069 ἡλικίας

2105 5090 2205 5143 καὶ
2231 5088 2489 5157 γνώσεως
2521 5089 2578 5142 ἐν
2617 5088 2794 5160 τούτῳ
2823 5089 2902 5160 τῷ
2949 5089 3128 5160 χρόνῳ
3175 5090 3410 5160 μάλιστα
3445 5088 3680 5142 τελειοῦ-

2104 5197 2217 5246 ται,
2243 5179 2331 5232 διὰ
2373 5178 2531 5233 τοῦτο
2562 5179 2658 5232 καὶ
2690 5179 2852 5242 αὐτὸς
2883 5179 3171 5249 ἄνθρωπος
3197 5178 3460 5248 γεγονὼς,
3490 5176 3678 5244 ὥσπερ

2104 5271 2273 5326 τᾶλλα
2307 5271 2592 5336 ἀνεδέξατο
2624 5273 2803 5326 πάντα
2835 5271 2952 5341 (καὶ
2999 5273 3110 5340 γὰρ
3165 5273 3260 5324 καὶ
3307 5269 3673 5340 περιετμήθη,

2106 5367 2202 5417 καὶ
2229 5364 2308 5433 τῷ
2339 5363 2453 5434 ναῷ
2478 5364 2825 5436 προσηνέχθη
2857 5365 2998 5418 κατὰ
3024 5366 3116 5418 τὶν
3143 5366 3327 5434 νόμον.
3359 5365 3531 5427 Αὐτὸς
3569 5363 3678 5432 γάρ

2106 5473 2296 5527 φησιν,
2345 5477 2362 5510 1
2410 5457 2528 5512 Οὐκ
2579 5453 2744 5529 ἦλθον
2800 5457 3108 5513 καταλῦσαι
3162 5457 3255 5511 τδν
3309 5457 3493 5525 νόμον,
3540 5455 3676 5508 ἀλλὰ

2105 5551 2418 5622 πληρῶσαι,
2454 5571 2472 5603 1
2515 5552 2601 5604 ἵνα
2662 5551 2736 5621 μὴ
2807 5551 3052 5614 ἀντίθεος
3103 5548 3278 5622 δόξειν
3315 5548 3536 5619 εὓδηλον
3593 5546 3674 5600 ὅτι

1512 5730 1551 5761 ⁵⁷
1585 5729 1760 5786 (111111.
1799 5748 1850 5800 v,
1907 5734 1995 5798 117.
2074 5734 2272 5790 "Luc.
2305 5734 2450 5802 ",5'2
