4056 6266
387 353 490 419 591

1638 355 2036 418 MANUELIS
2075 357 2383 422 οΑιΕοΑι

3521 354 3625 417 592

389 477 720 536 decertans,
764 471 1019 541 victoque
1048 469 1388 535 adversario,
1442 470 1560 536 ipse
1613 483 1830 539 semper
1883 470 1950 525 in-

2067 470 2179 535 λον,
2215 473 2272 528 ἐν
2303 471 2480 528 οὐδενὶ
2525 471 2585 526 δὲ
2638 471 2909 544 ἡττηθεὶς,
2957 468 3256 526 καὶπολλὰ
3308 467 3496 522 παθὼν
3527 467 3627 522 δσα

388 567 569 619 victus
601 578 981 632 perseverans,
1013 563 1294 631 multaque
1325 575 1542 631 passus,
1585 575 1818 631 quorum
1858 578 1958 618 nos

388 669 611 709 eramus
645 653 742 717 rei,
807 663 866 707 ut
905 652 997 722 qui
1049 653 1267 721 propria
1320 653 1598 708 voluntate
1631 668 1695 709 ac
1727 653 1960 714 consilio

388 755 696 812 peccantes,
730 744 894 799 alieni
956 760 984 797 a
1024 741 1133 798 Deo
1184 744 1310 797 facti
1361 759 1628 810 eramus,
1677 755 1960 815 postremo

388 850 637 892 mortuus
668 845 830 904 atque
859 835 1104 904 sepultus
1126 875 1140 900 ,
1174 835 1322 891 illius
1369 838 1572 904 potitus
1607 846 1730 903 est,
1764 837 1854 907 qui
1889 839 1960 894 ob

389 939 696 998 peccatum,
730 929 1034 981 humanum
1068 943 1239 992 genus
1273 929 1501 996 imperio
1527 930 1957 997 mancipaverat,

385 1034 560 1090 eoque
590 1019 973 1080 condemnato,
1018 1017 1088 1070 ab
1113 1018 1261 1070 illius
1296 1032 1397 1071 nos
1441 1018 1643 1070 exemit
1673 1021 1957 1084 servitute,

385 1127 490 1180 qua
522 1126 684 1165 cruce
717 1110 934 1163 functus
962 1120 1042 1163 est
1070 1125 1133 1164 ae
1188 1119 1382 1164 morte.
1417 1111 1474 1163 Si
1505 1110 1648 1164 enim
1694 1110 1762 1163 ob
1799 1111 1957 1179 primi

381 1205 512 1257 Adae
545 1203 785 1271 culpam,
824 1203 971 1255 velut
1007 1202 1182 1256 labem
1217 1202 1510 1272 quamdam
1543 1202 1610 1255 ad
1645 1217 1743 1257 nos
1781 1217 1958 1266 usque

382 1292 658 1358 diffusam,
698 1293 880 1344 divina
937 1293 1208 1344 sententia
1278 1293 1332 1344 in
1389 1305 1489 1345 nos
1551 1291 1712 1344 latam
1762 1292 1958 1346 mortis

384 1395 602 1453 poenam
632 1383 968 1435 incurrimus
989 1381 1029 1411 "
1059 1399 1073 1435 :
1107 1381 1384 1450 quomodo
1419 1396 1524 1433 non
1580 1382 1764 1450 potius
1786 1423 1800 1441 ,
1834 1379 1956 1434 Filii

388 1476 476 1527 Dei
511 1473 1170 1543 mortejustilicabimur,
1205 1473 1324 1542 ejus
1370 1473 1618 1535 scilicet,
1664 1473 1756 1542 qui
1813 1481 1960 1527 vetc-

381 1582 494 1620 rem
520 1565 692 1620 Adam
725 1567 844 1618 sine
872 1572 1098 1633 peccato
1145 1567 1482 1634 assumpsit,
1520 1581 1584 1619 ac
1631 1580 1810 1618 novus
1841 1565 1958 1634 ipse

380 1661 552 1713 Adam
598 1657 816 1713 exsistit
873 1658 942 1709 ³⁸.
1004 1657 1324 1725 Siquidem,
1381 1666 1438 1710 ut
1492 1659 1567 1709 ait
1617 1656 1954 1726 Apo~tolttsz

387 1772 405 1803 ι
447 1751 863 1804 Damnationem
913 1749 1134 1818 peccati
1192 1748 1356 1803 solvit
1387 1751 1440 1801 in
1496 1763 1664 1802 carne
1701 1762 1800 1801 sua
1828 1747 1894 1810 ",
1930 1765 1949 1798 ι

2064 565 2095 634 ή
2108 565 2213 632 μᾶς
2234 564 2341 618 ἔδει
2372 566 2565 620 παθεῖν
2592 565 2666 629 ὡς
2691 565 2868 635 οίκεία
2903 563 3097 635 γνώμῃ
3139 561 3483 632 ἁμαρτόντας
3531 563 3626 613 καὶ

2061 655 2523 724 ἀλλοτριωθέντας
2553 657 2711 723 Θεοῦ,
2757 657 2913 718 τέλος
2961 654 3252 710 ἀποθανὼν
3283 653 3378 706 καὶ
3414 653 3627 721 ταφεὶς,

2062 747 2331 818 ὑπερέσχε
2363 747 2459 800 τοῦ
2488 747 2578 800 διὰ
2599 747 2697 816 τὴν
2732 745 3005 816 ἁμαρτίαν
3028 748 3126 814 τῆς
3155 743 3500 812 ἀνθρωπίνης
3526 743 3628 812 φύ-

2061 855 2200 901 σεως
2258 838 2822 906 κατεξουσιάσαντος·
2879 838 2971 890 καὶ
3023 835 3399 897 καταδικάσας
3443 835 3626 899 αὐτὸν,

2061 929 2438 999 ἠλευθέρωσεν
2468 931 2616 1000 ἡμᾶς
2648 929 2750 998 τῆς
2790 928 3031 991 δουλείας
3066 927 3299 991 ἐκείνου,
3326 927 3404 996 τῷ
3435 924 3628 978 ἑαυτοῦ

2061 1021 2280 1092 σταυρῷ
2336 1038 2394 1074 τε
2447 1021 2541 1074 καὶ
2573 1021 2648 1090 τῷ
2680 1020 2918 1090 θανάτῳ.
2954 1019 3017 1071 El
3046 1019 3153 1088 γὰρ
3185 1017 3270 1070 διὰ
3309 1017 3410 1083 τὴν
3451 1017 3631 1082 ἁμαρ-

2057 1112 2179 1166 τίαν
2208 1113 2300 1166 τοῦ
2333 1111 2550 1182 πρώτου
2585 1111 2780 1182 Ἀδάμ,
2806 1111 3059 1180 καθάπερ
3081 1109 3201 1162 τινὰ
3231 1108 3408 1179 λύμην
3438 1108 3632 1177 μέχρις

2057 1203 2219 1273 ήμῶν
2249 1204 2605 1269 διαδοθεῖσαν,
2634 1205 2994 1272 ὑπεπέσαμεν
3017 1202 3094 1273 τῷ
3122 1201 3337 1270 θανάτῳ
3370 1216 3590 1268 κατακρ
3612 1229 3635 1236 -

2061 1297 2266 1363 θέντες,
2301 1300 2417 1362 πῶς
2454 1300 2514 1352 οὗ
2553 1300 2756 1370 μᾶλλον
2787 1296 3267 1368 δικαιωθησόμεθα
3299 1296 3389 1350 διά
3416 1296 3514 1348 τοῦ
3540 1297 3634 1349 θα-

2059 1389 2220 1443 νάτου
2258 1390 2355 1444 τοῦ
2393 1391 2523 1445 Υίοῦ
2563 1393 2656 1445 τοῦ
2693 1393 2851 1458 Θεοῦ,
2886 1391 2981 1445 τοῦ
3035 1393 3125 1443 τὸν
3180 1390 3414 1444 παλαιὸν
3457 1392 3634 1460 Ἀδὰμ

2058 1482 2459 1554 ἀναμαρτήτως
2514 1483 2876 1548 ἀναλαϐόντος
2911 1486 3006 1538 καὶ
3045 1485 3167 1538 νέου
3210 1483 3376 1552 Ἀδὰμ
3415 1501 3634 1554 χρημα-

2057 1574 2349 1640 τίσαντος;
2398 1575 2702 1646 Ἐπείπερ,
2737 1577 2765 1629 ὂ
2815 1592 2949 1647 φησι
2984 1575 3220 1642 Παῦλος,
3271 1594 3290 1627 ι
3333 1575 3407 1627 Τὸ
3461 1575 3634 1627 κατά-

2058 1683 2236 1736 κριμα
2275 1667 2374 1736 τῆς
2429 1667 2704 1737 ἁμαρτίας
2739 1666 2928 1720 ἔλυσεν
2977 1668 3035 1720 ἐν
3083 1671 3147 1737 τῇ
3181 1668 3344 1738 σαρκὶ
3373 1650 3565 1728 αὑτοῦ,
3609 1682 3626 1715 ι

2058 1758 2152 1813 τιῦ
2184 1758 2418 1812 θανάτου
2465 1759 2898 1823 θανατωθέντος.
2931 1759 3042 1812 Καὶ
3081 1760 3130 1811 εί
3158 1758 3246 1812 διά
3275 1757 3367 1810 τὸν
3404 1757 3635 1810 παλαιὸν

380 1847 707 1913 interempto
743 1853 991 1912 peccato.
1045 1841 1122 1894 Ac
1171 1841 1217 1893 si
1277 1850 1499 1908 propter
1523 1849 1762 1894 veterem
1798 1838 1950 1893 illum

2057 1851 2266 1903 ἐκεῖνον
2302 1850 2486 1920 ὲλθροὶ
2515 1850 2610 1903 καὶ
2635 1851 2939 1904 ἀποστάται
2969 1848 3317 1918 γεγενήμεθα
3350 1845 3442 1899 τοῦ
3469 1845 3635 1911 Θεοῦ,

381 1937 588 1992 inimici
613 1945 667 1990 et
695 1951 724 1989 a
755 1935 865 1989 Deo
893 1933 1208 1988 desertores
1247 1932 1371 1985 lacti
1409 1947 1602 1986 smnus
1631 1973 1646 1997 ,
1680 1932 1954 2001 quomodo

379 2045 487 2084 non
544 2043 638 2097 per
690 2029 868 2097 ipsum
905 2027 1068 2080 etiam
1103 2024 1539 2088 admovebimur,
1569 2024 1822 2093 interque
1855 2025 1947 2078 Dei

378 2122 721 2178 necessarios
745 2135 807 2174 ae
836 2119 1046 2173 amicos
1073 2116 1496 2185 cooptabimur?

451 2213 706 2268 Diabolus
753 2225 990 2277 namque
1030 2225 1058 2262 a
1097 2208 1188 2262 Dei
1255 2207 1424 2278 gloria
1482 2207 1791 2277 prolapsus,
1847 2223 1954 2278 qua

378 2305 633 2375 superbia
669 2305 719 2358 in
744 2317 870 2357 eum
896 2302 1071 2354 elatus
1100 2297 1387 2362 est,animi
1417 2308 1650 2352 mortem
1678 2298 1907 2353 incurrit
1933 2314 1950 2356 :

382 2401 653 2470 siquidem
688 2414 717 2452 a
789 2397 898 2450 Deo
963 2394 1237 2460 recedere,
1319 2391 1422 2445 hoc
1482 2391 1651 2445 animi
1721 2401 1953 2447 mortem

381 2493 671 2547 deﬁniunt.
702 2487 960 2558 Corporis
991 2500 1120 2541 vero
1173 2493 1430 2550 mortem,
1485 2483 1538 2536 in
1597 2498 1688 2567 co_
1716 2484 1950 2554 positam
1981 2533 2000 2545 ,

379 2583 526 2654 quod
562 2581 778 2635 animus
809 2595 838 2634 a
869 2591 1100 2647 corpore
1126 2584 1432 2645 separetur,
1489 2591 1596 2629 non
1643 2577 1830 2640 subiit.
1887 2592 1954 2631 eo

379 2653 525 2746 quod
556 2653 752 2742 expers
776 2671 1020 2740 corporis
1049 2679 1188 2725 erat.
1222 2667 1340 2723 Non
1369 2667 1550 2723 ferens
1606 2677 1788 2722 autem
1835 2669 1952 2739 pri-

373 2784 474 2823 .ore
504 2782 561 2822 se
588 2767 794 2820 honore
835 2762 1132 2826 excidisse,
1169 2762 1554 2829 hominemque
1587 2760 1679 2813 Dei
1712 2759 1944 2830 gloriam

380 2865 733 2913 consecutum
765 2870 908 2919 esse,
946 2853 1140 2908 invidit
1169 2851 1328 2906 nobis
1357 2851 1505 2920 quod
1561 2850 1674 2904 Deo
1727 2850 1951 2918 propin-

381 2950 473 3020 qui
505 2949 633 3002 iacti
675 2962 917 3008 eramus,
948 2945 1206 3012 velutque
1259 2943 1472 3010 objecta
1533 2955 1658 2995 esca
1709 2942 1950 3009 capiens,

382 3058 411 3096 a
456 3041 548 3095 Dei
611 3038 884 3094 mandatis
932 3035 1221 3099 abstraxit,
1279 3045 1443 3104 atque
1493 3033 1701 3102 peccati
1752 3048 1948 3087 noxam

382 3133 604 3186 invexit.
638 3129 727 3184 Sic
781 3128 968 3196 itaque
1005 3126 1276 3195 duplicem
1332 3124 1490 3178 nobis
1537 3135 1766 3178 mortem
1825 3139 2019 3217 con-C

380 3223 538 3280 scivit
565 3239 580 3288 ;
612 3222 840 3290 primam
872 3219 1116 3289 quidem,
1148 3217 1340 3281 animi,
1379 3226 1605 3286 tumque
1637 3217 1802 3271 etiam
1828 3233 1950 3271 cor-

379 3316 550 3386 poris,
587 3313 744 3382 cujus
792 3326 858 3366 ex
907 3311 1145 3382 peccatis
1197 3309 1399 3364 indicta
1452 3310 1609 3364 nobis
1659 3311 1954 3366 necessitas

371 3409 476 3472 luit
513 3422 526 3458 ε
561 3424 578 3456 t
613 3403 840 3457 Mortem
869 3402 1040 3466 enim,
1078 3401 1279 3468 inquit,
1321 3400 1465 3453 Deus
1495 3417 1600 3454 non
1643 3399 1793 3464 fecit,
1853 3415 1954 3454 nec

374 3499 678 3552 delectatur
711 3493 762 3549 in
787 3491 1091 3563 perditione
1121 3489 1402 3546 hominum
1422 3489 1489 3542 ³⁷.
1514 3507 1534 3542 ι
1566 3487 1777 3542 Etenim
1807 3503 1952 3542 mors

376 3590 578 3658 peccati
611 3587 891 3640 damnatio
921 3594 1006 3638 est
1029 3583 1097 3636 ³⁸.
1156 3582 1366 3637 Idcirco
1401 3579 1568 3636 etiam
1631 3578 1806 3643 nobis,
1845 3579 1939 3648 qui

377 3681 610 3736 mortale
632 3693 830 3746 corpus
860 3675 1038 3730 induti
1066 3689 1280 3738 sumus,
1323 3671 1549 3726 inducta
1608 3679 1714 3727 est.
1786 3669 1947 3725 Medii

373 3773 517 3826 enim
551 3770 793 3825 mortalis
820 3768 986 3823 sortis
1020 3783 1084 3821 ac
1123 3765 1452 3820 immortalis
1476 3779 1507 3818 a
1556 3763 1668 3819 Deo
1725 3763 1946 3817 formati

374 3867 670 3924 t'ueratnus,
717 3870 774 3914 ιιι
807 3859 1074 3929 siquidem
1109 3858 1162 3911 in
1184 3857 1329 3911 bono
1360 3871 1424 3911 ac
1463 3854 1699 3911 honesto
1749 3869 1942 3924 perse-

375 3969 711 4016 veraremus,
776 3951 1239 4006 immortalitatem
1302 3962 1805 4017 consequeremur;
1860 3945 1945 4001 sin

371 4059 554 4102 autem
590 4048 788 4099 tnalutn
822 4043 1196 4114 diligeremus,
1241 4051 1467 4096 ntortem
1524 4039 1941 4094 sustineremus.

371 4141 473 4207 Qui
505 4140 645 4194 enim
683 4137 838 4192 liberi
863 4133 1074 4190 arbitrii
1111 4130 1318 4187 condili
1347 4131 1541 4193 simus,
1581 4131 1788 4184 nullam
1843 4145 1943 4184 ex-

372 4233 547 4286 terius
588 4241 644 4284 ut
689 4229 774 4282 vel
832 4229 1088 4280 virtutem
1142 4225 1558 4293 amplectamur,
1615 4222 1698 4276 vel
1751 4221 1940 4277 vitium

367 4336 682 4392 sequamur,
717 4318 1098 4372 necessitatem
1125 4314 1411 4368 habemus.
1449 4309 1603 4368 Unde
1639 4322 1695 4368 et
1749 4313 1942 4369 tnerito

369 4414 518 4483 digni
554 4409 903 4468 damnatione
931 4422 994 4462 ac
1017 4407 1273 4460 laudibus
1323 4420 1556 4460 sumus:
1600 4405 1802 4476 quippe
1846 4406 1937 4476 qui

2058 1945 2174 2005 πῶς
2215 1943 2276 1995 οὐ
2331 1943 2399 1997 δι’
2427 1943 2592 1997 αὐτὸν
2619 1943 2714 1997 καὶ
2750 1941 3254 2013 προσαχθησόμεθα
3285 1939 3384 1993 καὶ
3412 1938 3530 1992 οικε
3545 1955 3638 1990 ιω-

2058 2035 2335 2106 θησόμεθα
2366 2035 2442 2106 τῷ
2468 2034 2587 2106 Θεῷ
2615 2051 2631 2100 ;

2127 2219 2236 2272 Καὶ
2294 2217 2403 2289 γὰρ
2456 2220 2484 2272 ό
2517 2218 2617 2289 μὲν
2674 2217 2920 2280 διάϐολος
2974 2219 3074 2287 τῆς
3126 2215 3222 2269 τοῦ
3277 2213 3413 2268 Θεοῦ
3470 2215 3635 2287 δόξης

2055 2309 2431 2374 ὲκπεπτωκὼς
2460 2309 2548 2364 διὰ
2588 2309 2688 2380 τὴν
2742 2309 3122 2379 ὑπερηφανίαν
3173 2306 3362 2374 αὑτοῦ,
3399 2306 3636 2376 ψυχικὸν

2057 2403 2318 2474 ὑπέμεινε
2362 2403 2590 2456 θάνατον
2619 2418 2632 2431 ’
2669 2401 2793 2454 ἐπεὶ
2831 2400 2892 2453 τὸ
2932 2400 3238 2470 ἀποστῆναι
3282 2398 3440 2462 Θεοῦ,
3474 2398 3634 2452 τοῦτο

2054 2493 2286 2565 ψυχικὸν
2315 2491 2591 2564 ὁρίζονται
2642 2492 2870 2546 θάνατον
2891 2508 2904 2520 ·
2941 2491 3252 2562 σωματικὸν
3285 2489 3342 2544 δὲ
3377 2490 3630 2554 θάνατον,

2055 2585 2115 2646 ὅς
2151 2587 2266 2636 ἐστι
2291 2584 2392 2652 τῆς
2429 2582 2609 2652 ψυχῆς
2639 2581 2747 2635 ἀπὸ
2793 2580 2888 2634 τοῦ
2918 2578 3172 2650 σώματος
3203 2578 3500 2650 χωρισμὸς,
3529 2580 3631 2631 οὑκ

2055 2673 2280 2736 ἔπαθεν,
2321 2673 2551 2742 ἐπείπερ
2579 2670 2869 2742 ἀσώματος
2895 2665 2986 2743 ἦν.
3027 2670 3100 2723 Οὖ
3129 2671 3310 2740 φέρων
3345 2669 3400 2722 δὲ
3431 2669 3630 2721 ἑαυτὸν

2055 2767 2190 2836 όρᾷν
2239 2766 2338 2835 τῆς
2397 2764 2670 2843 προτέρας
2725 2762 3122 2816 ἐκπεπτωκότα
3179 2761 3369 2831 τιμῆς,
3424 2761 3514 2813 τὸν
3571 2761 3628 2813 δὲ

2054 2855 2344 2924 ἄνθρωπον
2373 2853 2473 2924 τῆς
2509 2855 2602 2907 τοῦ
2633 2850 2766 2906 Θεοῦ
2801 2853 2960 2924 δόξης
2981 2853 3303 2924 ἠξιωμένον,
3331 2851 3630 2924 ἐφθόνησεν

2053 2949 2187 3018 ἡμῖν
2235 2948 2336 3017 τῆς
2372 2937 2632 3018 παρὰ’τῷ
2665 2947 2782 3017 Θεῷ
2817 2943 3201 3017 πλησιότητος,
3235 2945 3329 2999 καὶ
3367 2945 3632 3006 δελεάσας

2055 3041 2352 3108 ἀφείλκυσε
2399 3040 2507 3092 τῶν
2543 3039 2636 3092 τοῦ
2693 3037 2828 3090 Θεοῦ
2884 3038 3346 3109 προσταγμάτων,
3382 3039 3476 3092 καὶ
3527 3038 3629 3108 τὴν

2055 3132 2332 3202 ἁμαρτίαν
2393 3131 2734 3201 εἰσήνεγκεν.
2794 3129 2951 3182 Οὕτω
2983 3129 3162 3184 τοίνυν
3213 3129 3436 3183 διπλοῦν
3495 3132 3629 3200 ἡμῖν

2055 3225 2277 3294 ἐποίησε
2327 3223 2556 3276 θάνατον
2586 3239 2600 3252 ·
2648 3221 2867 3292 πρῶτον
2915 3222 3016 3291 μὲν
3067 3221 3158 3274 τὸν
3210 3220 3478 3294 ψυχικόνο
3506 3218 3625 3273 εἶτα

2053 3317 2152 3369 καὶ
2195 3317 2290 3370 τὸν
2339 3316 2677 3385 σωματικὸν,
2709 3315 2800 3368 τὸν
2831 3315 2942 3378 τοῖς
2995 3314 3389 3382 ἁμαρτήμασιν
3422 3315 3625 3380 ἐπαγό-

2054 3424 2233 3477 μενον.
2267 3426 2285 3458 ι
2322 3406 2562 3460 Θάνατον
2593 3406 2723 3477 γὰρ,
2767 3428 2785 3455 ο
2821 3405 3011 3476 φησὶν,
3045 3425 3063 3457 ι
3093 3407 3119 3458 ό
3150 3404 3280 3468 Θεὸς
3306 3407 3406 3458 οὐκ
3439 3399 3623 3474 ὲποίηὲ

2051 3515 2167 3560 σεν,
2225 3498 2347 3550 οὐδὲ
2400 3499 2663 3568 τέρπεται
2713 3499 2800 3551 ἐπ’
2856 3496 3105 3568 ἀπωλείᾳ
3161 3489 3402 3560 ζώντων.
3441 3515 3460 3546 ι
3510 3497 3622 3549 Καὶ

2053 3590 2163 3662 γὰρ
2219 3591 2248 3642 ό
2296 3590 2525 3653 θάνατος
2557 3589 2838 3662 ἁμαρτίας
2869 3590 2990 3644 ἐστὶ
3043 3588 3335 3659 καταδίκη.
3387 3590 3478 3643 Διὸ
3529 3590 3622 3642 καὶ

2051 3685 2182 3754 ἡμῖν
2236 3683 2430 3752 θνητὸν
2484 3684 2644 3754 σῶμα
2696 3683 3104 3754 περικειμένοις
3159 3682 3417 3750 ἐπήγετο.
3451 3681 3618 3737 Μέσοι

2049 3776 2158 3846 γὰρ
2206 3775 2531 3846 θνητότητος
2567 3775 2663 3830 καὶ
2707 3774 3006 3837 ἀθανασίας
3041 3773 3414 3844 ὲπλάσθημεν,
3462 3774 3527 3827 ἵν’
3571 3775 3618 3826 εί

2050 3865 2149 3933 μὲν
2193 3866 2254 3919 ὲν
2297 3865 2377 3935 τῷ
2422 3865 2572 3935 καλῷ
2619 3866 2988 3935 ὁιαμένοιμεν,
3021 3864 3323 3919 ἀθανασίαν
3364 3864 3616 3934 κληρονο-

2049 3959 2318 4028 μήσωμεν
2345 3973 2358 3987 ο
2395 3959 2444 4010 εί
2491 3957 2548 4009 δὲ
2581 3957 2644 4009 τὸ
2692 3955 2864 4009 κακὸν
2898 3956 3282 4025 ἀγαπήσομεν,
3329 3953 3420 4007 τὸν
3453 3954 3616 4008 θάνα-

2044 4064 2137 4100 τον
2178 4046 2560 4116 ὑπομένωμεν.
2595 4045 2944 4111 Αὐτεξούσιοι
2987 4049 3100 4116 ⁴γάρ
3129 4045 3439 4114 γεγονότες,
3468 4045 3617 4096 οὐδε·

2048 4137 2180 4209 μίαν
2208 4137 2319 4191 ἀπὸ
2347 4138 2456 4191 τῶν
2489 4136 2689 4202 ἔξωθεν
2716 4137 2748 4208 ἢ
2781 4137 2919 4208 πρὸς
2945 4136 3147 4207 ἀρετὴν
3177 4136 3208 4207 ἦ
3246 4136 3383 4204 πρὸς
3416 4136 3613 4190 κακίαν

2042 4219 2290 4298 ἀνάγκην
2345 4229 2561 4300 ἔχομεν.
2613 4227 2777 4282 Ὅθεν
2832 4229 2928 4283 καὶ
2971 4227 3194 4289 δικαίως
3254 4227 3394 4292 ἄξιοι
3445 4243 3610 4280 κατα-

2043 4319 2200 4391 δίκης
2237 4323 2329 4375 καὶ
2369 4322 2610 4375 ἐπαίνων
2638 4320 2827 4390 ἐσμὲν,
2861 4323 2957 4375 ἆτε
2990 4321 3088 4390 τὴν
3123 4321 3300 4390 ἀρχὴν
3332 4320 3432 4389 τῆς
3463 4319 3614 4389 κινή-

2045 4428 2185 4476 σεως
2234 4413 2447 4466 οἴκοθεν
2501 4414 2862 4482 κεκτημένοι,
2918 4414 3048 4466 ὃταν
3103 4427 3158 4465 τι
3217 4409 3612 4482 προαιρώμεθα

369 4517 552 4561 motus
579 4501 935 4573 principium,
968 4514 1098 4553 cum
1128 4498 1332 4567 aliquid
1361 4513 1521 4568 agere
1582 4498 1935 4563 voluerimus,
1971 4498 2016 4557 D
2045 4507 2328 4574 πράττειν.

365 4614 430 4655 ex
461 4597 617 4652 nobis
674 4594 991 4647 habeamus.
1023 4647 1026 4649 Α

439 4693 530 4746 Dei
581 4664 780 4757 itaque
813 4685 982 4740 Filius
1025 4682 1200 4738 lactus
1253 4681 1440 4745 homo,
1497 4679 1663 4735 animi
1718 4681 1937 4750 quidem

366 4797 596 4841 mortetn
635 4796 741 4835 non
772 4777 1052 4834 sustinuit.
1084 4775 1368 4843 Quomodo
1402 4773 1572 4842 enim,
1605 4773 1697 4843 qui
1717 4788 1781 4828 ex
1816 4767 1936 4828 Viro

2123 4687 2182 4740 Ὀ
2227 4687 2410 4740 τοίνυν
2462 4686 2591 4750 Υἱὸς
2635 4684 2730 4738 τοῦ
2765 4685 2903 4738 Θεοῦ
2962 4685 3254 4753 γενόμενος
3304 4683 3610 4754 ἄνθρωπος,

2036 4779 2272 4849 ψυχικὸν
2318 4779 2416 4850 μὲν
2448 4778 2550 4832 οὐκ
2596 4778 2892 4831 ἐπεπόνθει
2939 4777 3189 4834 θάνατον,
3240 4777 3363 4841 Πῶς
3393 4779 3522 4848 γὰρ,
3554 4777 3612 4839 ὃς

363 4880 489 4950 gine
519 4885 678 4928 natus
705 4879 848 4927 esset
885 4887 898 4923 :
925 4869 979 4926 ei
1008 4870 1060 4924 in
1090 4870 1250 4939 cujus
1285 4885 1381 4924 ore
1419 4885 1522 4921 twn
1559 4878 1643 4922 est
1672 4868 1933 4924 inventus

2052 4892 2101 4925 ax
2136 4871 2412 4942 Παρθένου
2461 4870 2807 4938 γεγέννηται,
2848 4869 2972 4922 οὐδὲ
3004 4868 3199 4940 εὑρέθη
3231 4868 3384 4932 δόλος
3433 4873 3490 4922 ἐν
3537 4869 3611 4937 τῷ

361 4951 522 5024 dolus
552 4966 639 5019 ιιι
711 4963 920 5018 Idcirco
953 4977 1056 5016 nec
1080 4961 1327 5031 corporis
1349 4960 1564 5030 quidem
1615 4960 1775 5016 morti
1836 4960 1936 5014 ob-

359 5059 560 5114 ‘noxius
591 5065 731 5120 erat,
767 5064 883 5123 qna'
911 5053 1123 5107 ratione
1146 5054 1214 5106 ab
1243 5053 1390 5105 ornni
1423 5053 1717 5106 innnunem
1776 5049 1933 5122 culpa

363 5151 532 5216 vitam
564 5147 896 5202 traduxerat.
927 5143 1162 5213 Operam
1194 5153 1376 5196 tamen
1449 5145 1767 5197 conferente
1815 5144 1934 5196 dia-

361 5243 486 5298 bolo
541 5257 636 5312 per
706 5239 946 5294 deicidas
997 5236 1215 5291 Judzcos
1279 5245 1471 5306 sponte
1522 5251 1640 5288 eam
1698 5237 1938 5305 suscepit

361 5347 580 5408 propter
628 5350 750 5390 nos.
788 5331 925 5385 Mori
979 5331 1124 5384 enim
1208 5338 1418 5398 poterat
1498 5327 1644 5395 quod
1697 5336 1930 5381 veterem

359 5431 621 5483 Adamum
664 5426 929 5479 induerat.
967 5420 1031 5474 Et
1063 5421 1190 5490 quia
1217 5430 1272 5473 ut
1297 5430 1604 5471 moreretur
1663 5418 1715 5470 'rn
1764 5433 1928 5473 causa

360 5536 468 5572 non
497 5519 910 5586 luitpcccatttnt
962 5513 1212 5584 originis,
1267 5525 1423 5563 suum
1482 5524 1670 5564 rursus
1733 5525 1932 5580 corpus

357 5612 579 5676 recepit.

431 5726 664 5852 ἒὸιῖοιιι.
700 5745 756 5792 v,
796 5730 876 5782 l5.
953 5727 1036 5779 ⁸⁸1
1067 5727 1193 5780 Cor.
1238 5737 1324 5798 μ’,
1361 5721 1447 5775 ίῦο

359 5812 416 5852 ll.
439 5812 528 5852 2ο).

1528 5722 1572 5753 ³⁸
1605 5722 1804 5778 Eultcs.
1863 5739 1921 5792 tt,
1965 5726 2051 5781 Η.

2046 4966 2275 5032 στόματι
2333 4960 2540 5026 αὐτοῦς
2603 4961 2699 5012 Διά
2759 4959 2915 5012 τοῦτο
2968 4959 3088 5012 οὐδὲ
3146 4960 3236 5012 τὸν
3301 4960 3609 5028 σωματικὸν

2043 5055 2338 5109 ἀποθανεῖν
2408 5052 2630 5122 ὤφειλε,
2699 5051 2888 5106 καθότι
2951 5053 3335 5124 ἀναμάρτητος
3403 5052 3607 5104 διεϐίω.

2043 5146 2236 5215 Ὅμως
2287 5143 2378 5197 τοῦ
2436 5144 2681 5199 διαϐόλου
2720 5145 3154 5214 συνεργήσαντος
3204 5143 3292 5196 διά
3331 5142 3438 5195 τῶν
3491 5141 3607 5193 θεο-

2043 5239 2247 5291 κτόνων
2285 5235 2576 5298 Ἰουδαίων,
2621 5234 2761 5288 ἑκὼν
2803 5236 2966 5288 αὑτὸν
3004 5235 3300 5300 ὑπεδέξατο
3341 5233 3410 5287 δι’
3441 5233 3606 5302 ἡμᾶς.

2053 5327 2370 5381 Ἀποθανεϊν
2423 5326 2533 5395 γὰρ
2572 5325 2816 5387 ἐδύνατο,
2863 5326 2955 5376 τὸν
2986 5324 3215 5377 παλαιὸν
3255 5323 3429 5392 Ἀδάμ
3466 5324 3611 5375 ἐνδυ-

2043 5423 2295 5490 σὶμενος.
2370 5419 2481 5472 Καὶ
2560 5419 2792 5488 ἐπείπερ
2862 5417 2962 5470 οὐκ
3037 5410 3276 5470 ἀπέθανε
3355 5415 3445 5468 διὰ
3512 5415 3608 5483 τὴν

2040 5513 2376 5585 προγονικὴν
2439 5512 2753 5582 ἁμαρτίαν,
2828 5510 2992 5564 πάλιν
3062 5509 3123 5563 τὸ
3187 5507 3383 5563 ἑαυτοῦ
3451 5506 3608 5577 σῶμα

2039 5606 2300 5659 ἀνείλετο.

2133 5725 2174 5756 ³⁷
2208 5725 2335 5794 Sap.
2367 5741 2403 5789 ι,
2450 5724 2534 5777 15.
2648 5719 2734 5774 ³⁸1
2795 5720 2921 5775 Cor.
2957 5733 3045 5784 xv,
3082 5718 3168 5772 56.
3282 5716 3328 5752 ”
3380 5716 3399 5771 l
3459 5715 3603 5771 Petr.
