4056 6266
385 461 388 465 .
423 403 527 471 593

1416 405 1515 466 DE
1565 404 1985 468 PRINCIPHS
2028 405 2238 466 FIDE!
2273 406 2736 470 CATI—IOLICJE.

2123 280 2170 288 η...
2204 264 2290 284 ...η-ἀι
2314 271 2327 279 ι

3559 411 3666 474 591

494 517 586 587 Τῷ
633 514 725 570 οὖν
752 515 969 571 θανάτω
1017 521 1110 570 τοῦ
1165 516 1412 570 διαϐόλου
1448 518 1672 571 διπλοῦν
1721 517 1997 587 ἐπάθομεν

2181 520 2385 576 Diaboli
2413 523 2596 594 itaque
2625 529 2798 576 morte
2836 519 3106 589 duplicem
3130 519 3275 590 passi
3304 535 3490 576 sumus
3517 538 3662 578 mor-

422 604 658 660 θάνατον
681 621 696 637 ·
731 605 810 674 τῷ
836 604 904 659 δὲ
935 606 1090 674 ἀπλῷ
1132 607 1226 659 καὶ
1259 609 1340 660 ἑνὶ
1377 609 1590 676 Θανάτῳ
1621 607 1713 662 τοῦ
1753 609 1989 678 Χριστοῦ

420 700 500 768 τῷ
549 700 917 770 προαιρετικῷ
971 701 1066 754 τοῦ
1111 702 1342 755 θανάτου
1377 703 1851 774 ἠλευθερώθημεν,
1900 706 1995 757 καὶ

422 794 850 864 ὲζωποιήθημεν
887 794 955 848 δι’
989 793 1178 848 αὑτοῦ.
1218 795 1350 858 Καὶ,
1394 795 1468 857 ῶς
1515 813 1683 865 φησιν
1739 795 1995 858 Ἡσαΐας.

427 908 447 938 ι
484 887 574 954 Τῷ
623 886 850 953 μῖελωπι
900 886 1064 940 αὑτοῦ
1098 889 1260 956 ἡμεῖς
1312 887 1514 950 πάντες
1562 879 1819 958 ίάθημεν.
1855 907 1874 940 ι
1932 888 1994 940 El

423 976 532 1044 γὰρ
569 977 666 1029 καὶ
709 975 1046 1045 σωματικῶς
1077 974 1500 1046 ἀποθνήσκομεν
1545 976 1635 1028 διὰ
1690 977 1752 1029 τδ
1803 975 1996 1046 θνητδν

426 1069 608 1135 σῶμα,
638 1067 774 1121 ἀλλά
799 1067 960 1122 πάλιν
997 1067 1291 1120 ἀναλαϐεῖν
1322 1068 1650 1138 πιστεύομεν
1675 1067 1741 1121 τὰ
1769 1067 1998 1138 σώματα

427 1160 590 1230 ἡμῶν
624 1160 683 1212 ἐν
726 1151 1041 1230 δόξῃ,’ὅταν
1095 1161 1124 1212 ὁ
1178 1160 1414 1228 Χριστὸς
1469 1159 1759 1230 φανερωθῇ
1809 1160 1841 1230 ἡ
1884 1158 1998 1230 ζωὴ

427 1253 611 1322 ἡμῶν,
645 1251 788 1306 κατὰ
836 1251 934 1316 τί.
963 1251 1235 1321 μακάριον
1283 1252 1529 1305 Παῦλον·
1560 1253 1738 1305 καίτοι
1783 1253 1864 1314 εἰς
1909 1253 2000 1305 τὸν

428 1341 574 1394 κατά
604 1341 696 1394 τοῦ
727 1339 964 1394 θανάτου
988 1341 1180 1410 ἀγῶνα
1207 1341 1361 1396 οὐδὲν
1389 1343 1550 1412 ἡμεῖς
1580 1342 1730 1413 αὐτῷ
1761 1343 2000 1414 συνηρά-

434 1432 593 1500 μεθα.
628 1432 728 1485 Διά
757 1431 812 1485 δὲ
839 1432 901 1484 τὸ
937 1433 1117 1486 κοινὸν
1147 1433 1250 1502 τῆς
1290 1433 1637 1505 ἀνθρωπίνης
1665 1433 1904 1502 φύσεως,
1933 1435 2001 1506 ἣν

433 1526 654 1579 ἃπασαν
686 1526 1063 1594 προσελάὁετο
1107 1527 1167 1579 ὲν
1213 1527 1311 1596 μιᾷ
1373 1527 1694 1590 ὑποστάσει,
1734 1528 1831 1581 καὶ
1870 1528 2003 1581 διότι

435 1620 644 1689 Κύριον
674 1620 770 1672 καὶ
793 1619 1064 1688 δεσπότην
1088 1618 1250 1670 αὑτὸν
1276 1616 1628 1686 ὲπιϐοώμεθα
1658 1621 1754 1674 καὶ
1775 1618 2005 1689 Σωτῆρα

432 1711 906 1782 πανηγυρίζομεν,
954 1711 1051 1764 καὶ
1096 1712 1224 1773 τοὺς
1271 1709 1570 1772 ἐπινικίους
1612 1711 1810 1781 ᾄδομεν
1856 1711 2005 1782 αὑτῷ

421 1801 514 1870 ,εἰς
569 1801 669 1869 τὴν
717 1800 814 1855 τοῦ
869 1799 1100 1852 θανάτου
1145 1798 1322 1867 νίκην,
1372 1801 1664 1862 κοινωνοὺς
1705 1801 1804 1868 τῆς
1849 1800 2006 1868 νίκης

435 1867 673 1946 ποιεῖται
727 1892 823 1946 καὶ
871 1892 968 1960 τὴν
1018 1891 1338 1960 ἐλευθερίαν
1370 1892 1682 1960 χαρίζεται.
1740 1867 1848 1945 Τοῦ
1898 1867 2007 1961 γὰρ
2036 1867 2085 1927 Β

435 1984 572 2039 θεοῦ
624 1984 718 2036 τοῦ
769 1984 1000 2054 Πατρός,
1061 1985 1156 2037 καὶ
1206 1983 1336 2036 Υίοῦ
1389 1985 1485 2036 καὶ
1539 1984 1634 2036 τοῦ
1695 1984 2010 2054 Πνεύματος

436 2076 900 2140 καταδικάσαντος
918 2076 1010 2130 τὸν
1035 2075 1618 2140 διάϐολονμῖιςτάδίκως
1644 2076 2011 2144 ἐπενεγκόντα

436 2172 517 2242 τῷ
564 2173 938 2240 ἀναμαρτήτῳ
984 2170 1074 2222 τὸν
1125 2169 1380 2233 θάνατον,
1433 2169 1534 2222 οὐκ
1580 2169 1856 2239 ἐκρατήθη
1908 2170 2012 2223 ὑπὸ

437 2266 536 2318 τοῦ
567 2263 806 2316 θανάτου
845 2265 878 2334 ἡ
907 2263 1155 2332 αὐτοζωή
1181 2278 1196 2292 ·
1228 2261 1362 2315 ἀλλ”
1385 2260 1459 2324 ώς
1488 2261 1694 2330 Κύριος
1717 2262 1818 2331 τῆς
1855 2261 2013 2332 δόξης

439 2355 856 2427 ὑπερϐαλλούσῃ
911 2351 1131 2422 ἐξουσίᾳ
1195 2351 1287 2404 τὸν
1337 2351 1574 2420 ἄρχοντα
1642 2350 1734 2402 τοῦ
1790 2352 2014 2414 σκότους

441 2445 539 2498 καὶ
583 2443 682 2506 τὰς
729 2443 822 2496 ὑπ’
873 2441 1022 2513 αὐτῷ
1068 2441 1334 2510 δυνάμεις
1386 2440 1720 2510 κατήνεγκε,
1768 2443 1865 2495 καὶ
1917 2441 2016 2512 τὴν
2061 2463 2063 2466 ⁴

446 2543 600 2612 ἰσχὺν
639 2541 860 2594 ἐκείνων
888 2541 1097 2594 διέλυσε
1123 2555 1138 2570 ⁶
1166 2539 1260 2592 καὶ
1288 2537 1429 2592 οὕτω
1451 2536 1551 2600 τὰς
1577 2536 1675 2606 μὲν
1701 2534 1881 2605 ψυχὰς
1910 2536 2018 2589 τῶν

449 2635 657 2702 ἁγίων,
717 2634 765 2686 οἳ
823 2634 916 2686 καὶ
963 2632 1124 2686 αὐτὸν
1181 2630 1528 2700 ἐξεδέχοντο,
1593 2629 1721 2690 τοὺς
1782 2628 2017 2696 δεσμοὺς

446 2725 742 2797 διαρρήξας
792 2709 1050 2788 ἀπέλυσε,
1090 2725 1185 2777 καὶ
1229 2724 1361 2797 Δμεθ’
1399 2723 1594 2778 ἑαυτοῦ
1640 2722 1840 2787 ταύτας
1884 2724 2019 2794 ἀνή-

448 2795 640 2887 var—sv,
668 2817 950 2888 ἐλευθερίᾳ
980 2795 1260 2884 τιμήσας·
1303 2815 1383 2869 ἔτι
1417 2817 1473 2869 δὲ
1504 2817 1726 2871 καὶτῶν
1751 2819 1831 2879 είς
1857 2817 2021 2870 αὐτὸν

448 2909 576 2977 ἄρτι
609 2908 732 2960 τότε
773 2907 1220 2959 πεπιστευκότων
1245 2920 1261 2935 ⁸
1293 2904 1591 2960 ἀνελάϐετο
1628 2905 1776 2959 δὲ·”τὸ
1824 2903 2020 2958 ἑαυτοῦ

451 2983 632 3069 σῶμα,
661 3000 756 3052 καὶ
784 2998 986 3068 ἀνέστη
1027 2998 1326 3070 τριήμερος
1365 2999 1597 3069 νικητής
1637 2997 1728 3050 τοῦ
1765 2997 2021 3062 θανάτου,

449 3092 520 3145 τὰ
567 3091 737 3162 σκεύη
790 3090 884 3145 τοῦ
935 3093 1195 3163 ἄρχοντος
1251 3092 1576 3164 συντρίψας.
1627 3093 1723 3146 καὶ
1770 3091 2023 3163 καθάπερ

450 3181 800 3252 αἰχμάλωτον
823 3182 986 3235 αὐτὸν
1018 3185 1384 3254 καταστήσας.

524 3266 658 3326 Εἶτα
714 3274 810 3326 καὶ
859 3273 1031 3345 ἐφάνη
1083 3276 1196 3338 τοῖς
1251 3277 1539 3343 μαθηταῖς,
1575 3277 1671 3329 καὶ
1717 3273 1883 3344 Strage
1931 3275 2024 3328 καὶ

454 3363 801 3435 ἐψηλαφήθη,
834 3365 923 3420 διὰ
959 3365 1127 3437 μόνην
1149 3365 1246 3435 τὴν
1284 3367 1381 3436 τῆς
1409 3369 1777 3432 ἀναστάσεως,
1798 3367 1872 3429 ώς
1895 3366 2028 3436 ἔφη·

459 3473 579 3528 μεν,
619 3457 916 3511 πίστωσιν⁴
944 3459 1038 3510 καὶ
1078 3456 1234 3521 τέλος
1265 3459 1346 3522 εἰς
1379 3459 1471 3512 τὸν
1503 3460 1726 3530 οὐρανὸν
1751 3457 2028 3528 ἀνελήφθη

457 3550 680 3604 πάντων
728 3549 1016 3623 ὁρώντων,
1075 3552 1170 3604 ἐπὶ
1231 3551 1456 3620 μηδενὸς
1514 3549 2034 3622 τούτου’πρότερον

456 3627 764 3710 γεγονότος,
809 3643 869 3695 Ὅ
907 3642 1013 3711 γὰρ
1051 3643 1238 3706 Ἠλίας
1272 3643 1569 3712 ἀρπαγεὶς,
1600 3643 1702 3696 οὐκ
1746 3643 1831 3704 εἰς
1863 3643 2033 3710 οὐρα-

458 3736 571 3796 νδν,
618 3733 732 3787 ἀλλ’
768 3753 786 3784 ι
825 3735 900 3796 ὡς
953 3735 1032 3797 είς
1088 3734 1318 3802 οὐρανὸν
1352 3752 1369 3784 ι
1408 3734 1728 3806 ἀρπαγῆναι
1785 3733 2027 3802 λέγεται.

468 3846 486 3878 ι
529 3827 722 3887 Οὐδεὶς
757 3825 866 3896 γάρ
901 3825 1247 3893 ἀναϐέϐηκεν
1280 3825 1362 3887 εἰς
1401 3826 1490 3876 τὸν
1523 3825 1773 3894 οὐρανὸν,
1819 3827 1867 3878 εἰ
1900 3825 1974 3895 μὴ
2003 3827 2032 3878 ὀ

461 3919 525 3972 ὲκ
555 3915 917 3987 τοῦ-οὐρανοῦ
972 3915 1236 3979 καταϐάς.
1274 3936 1292 3966 ι
1341 3916 1452 3969 Καὶ
1499 3918 1526 3969 ὁ
1574 3915 1676 3987 μὲν
1723 3916 1816 3969 ὑπ’
1847 3917 2030 3981 ἄλλου,

463 4011 491 4062 ὁ
539 4009 594 4062 δὲ
647 4009 882 4078 Χριστὸς
934 4007 1099 4066 αὐτὸς
1155 4008 1245 4077 ὑφ’
1277 4007 1470 4060 ἑαυτοῦ
1525 4010 1606 4068 είς
1652 4007 1744 4061 τὸν
1801 4009 2034 4078 οὐρανὸν

442 4102 785 4173 ἀνεφέρετο.
847 4100 1201 4169 Πρωτότοκος
1258 4094 1350 4153 οὖν
1401 4099 1464 4152 ὲκ
1517 4099 1628 4153 τῶν
1677 4101 1889 4170 νεκρῶν
1943 4101 2037 4154 καὶ

465 4193 689 4264 ἀπαρχὴ
720 4191 828 4245 τῶν
856 4191 1280 4262 κεκοιμημένων
1310 4191 1623 4260 γενόμενος,
1651 4191 1871 4254 ἐλπίδας
1902 4192 2036 4260 ἡμῖν

467 4287 776 4357 παρέσχετο
820 4285 913 4340 τοῦ
963 4285 1058 4338 καὶ
1089 4286 1236 4355 ἡμᾶς
1275 4284 1366 4337 τὸν
1391 4284 1577 4352 ὅμοιον
1627 4283 2035 4353 ἀναστήσεσθαι

467 4380 688 4449 τρόπον,
723 4378 817 4432 καὶ
861 4377 1008 4448 αὐτῷ
1039 4374 1517 4445 παραστήσεσθαι,
1559 4375 1636 4444 τῷ
1666 4374 1898 4446 ἀρχηγῷ
1939 4376 2036 4445 τῆς

469 4470 744 4542 σωτηρίας
785 4469 963 4539 ἡμῶν,
993 4468 1026 4538 ἦ
1073 4466 1592 4536 δοξασθησομένους,
1627 4465 1661 4538 ἦ
1695 4466 2031 4536 κολασθησο-

2050 3205 2097 3267 C

2105 621 2207 666 tem
2242 627 2263 676 ;
2296 628 2508 682 unaque
2537 628 2598 667 ac
2623 611 3089 683 simplici‘Christi
3155 622 3332 668 morte
3365 614 3441 668 illi
3473 624 3670 680 sponte

2103 713 2378 773 suscepta,
2407 719 2435 756 a
2470 713 2643 758 morte
2674 705 2885 761 liberati
2909 721 3093 761 smnus
3125 715 3177 761 et
3206 722 3301 776 per
3355 722 3474 761 eam
3535 708 3675 762 vivi-

2105 797 2270 854 ﬁeati.
2347 796 2542 866 Atque,
2591 809 2647 853 ut
2681 798 2846 854 Isaias
2903 799 3190 869 loquitur:
3262 818 3283 851 ι
3315 798 3512 854 Livore
3558 800 3675 870 ejus

2105 909 2203 948 nos
2225 907 2416 947 omnes
2440 895 2613 947 sanati
2638 906 2827 946 sumus
2853 891 2915 946 “.
2949 910 2969 944 ι
3010 889 3252 946 Tametsi
3281 891 3424 944 enim
3446 906 3676 960 corpore

2107 985 2388 1060 morimur,
2422 985 2565 1055 quod
2589 985 2815 1039 mortale
2843 999 3044 1054 corpus
3098 965 3399 1040 habeamus
3427 997 3449 1047 ;
3499 985 3674 1038 credi.

2109 1093 2227 1133 mus
2258 1090 2437 1135 tamen
2469 1093 2682 1133 rursum
2713 1093 2813 1133 n08
2843 1092 3070 1148 corpora
3120 1085 3307 1132 nostra
3356 1087 3677 1146 recepturos

2107 1172 2160 1225 in
2195 1172 2523 1236 claritate“,
2557 1188 2679 1227 eum
2701 1171 2952 1226 Christus
2980 1171 3295 1241 apparuerit
3327 1171 3433 1224 vita
3463 1180 3674 1230 nostra,

2110 1264 2184 1319 uti
2223 1275 2413 1319 auctor
2440 1273 2526 1319 est
2556 1265 2746 1318 beatus
2774 1263 3016 1327 Paulus;
3062 1265 3312 1332 quamvis
3364 1277 3539 1333 agone
3571 1279 3680 1332 quo

2110 1365 2336 1410 mortem
2372 1356 2670 1426 superavit,
2701 1355 2840 1410 nihil
2871 1355 2918 1409 ei
2942 1371 2969 1409 a
2998 1354 3158 1410 nobis
3197 1370 3376 1423 operae
3415 1355 3677 1410 collatum

2110 1448 2200 1502 sit.
2260 1446 2340 1502 Ob
2363 1436 2780 1504 naturae-tamen
2833 1449 3305 1512 communitatem,
3340 1464 3500 1518 quam
3565 1465 3682 1501 utn-

2113 1555 2232 1596 nem
2269 1541 2456 1596 inuua
2507 1555 2739 1610 persona
2787 1541 3017 1612 accepit,
3074 1549 3130 1595 et
3179 1541 3320 1610 quod
3390 1540 3681 1593 Dominum

2113 1631 2412 1700 berumqué
2434 1647 2557 1686 eum
2588 1633 2905 1688 invocamus
2929 1640 2984 1687 et
3016 1630 3352 1686 Salvatorem
3376 1629 3682 1693 laudamus,

2113 1739 2178 1778 ac
2209 1725 2451 1779 victoria
2485 1724 2560 1778 illi
2585 1726 2798 1780 cantica
2824 1724 3075 1780 canimus
3099 1739 3196 1793 pro
3220 1724 3413 1778 mortis
3458 1732 3683 1792 tropaau.

2116 1816 2295 1871 socios
2329 1831 2429 1872 nos
2458 1817 2700 1871 victoriae
2721 1815 2854 1874 facit
2881 1831 2944 1870 ac
2982 1816 3288 1876 libertatem
3319 1815 3526 1869 tribuit.
3577 1814 3687 1868 Deo

2111 1909 2257 1964 enim
2286 1909 2446 1964 Patre
2471 1918 2526 1964 et
2563 1907 2696 1962 Filio
2726 1917 2785 1964 et
2836 1907 3044 1976 Spiritu
3107 1907 3504 1962 condemnante
3559 1905 3684 1961 dia-

2112 1999 2318 2066 bolum,
2351 2001 2493 2068 quod
2527 1999 2729 2069 injuste
2749 2017 2873 2054 eum
2898 2010 3072 2056 morte
3125 1999 3373 2055 atl'ecerit
3417 2000 3510 2069 qui
3562 2000 3687 2053 uul-

2113 2091 2215 2146 lius
2253 2093 2464 2161 peccati
2501 2093 2615 2161 ipse
2646 2107 2775 2147 reus
2809 2101 2949 2158 erat,
3007 2093 3177 2147 teneri
3260 2108 3290 2147 a
3345 2099 3524 2146 morte
3569 2091 3686 2161 ipsa

2115 2197 2241 2236 vere
2276 2181 2388 2236 vita
2432 2198 2539 2237 nou
2606 2183 2779 2252 potuit
2800 2181 2886 2249 ";
2956 2182 3051 2238 sed
3115 2191 3372 2250 tauquam
3427 2180 3690 2237 Dominus

2112 2275 2301 2346 gloriae
2330 2274 2618 2330 excellenti
2669 2258 2913 2343 potentia
2972 2277 3324 2328 tenebrarum
3386 2272 3692 2342 principem

2118 2383 2224 2420 una
2267 2383 2386 2419 eum
2443 2365 2708 2435 subjectis
2750 2367 2800 2421 ei
2858 2366 3228 2436 potestatibus
3291 2363 3692 2434 proﬂigavit”,

2115 2473 2414 2529 eorumque
2469 2458 2635 2514 robur
2680 2458 2962 2525 dissolvit;
2996 2468 3160 2528 atque
3217 2458 3270 2512 in
3302 2472 3427 2512 eum
3467 2456 3686 2510 modum

2118 2560 2432 2605 sanctorum
2475 2548 2696 2618 quidem
2746 2548 2961 2604 animas
2999 2547 3182 2620 (cujus
3212 2563 3308 2617 spe
3349 2548 3693 2612 tenebantur)

2119 2641 2383 2710 disruptis
2431 2640 2669 2694 vinculis
2728 2639 2988 2704 absolvit,
3031 2640 3413 2706 libertatisque
3469 2641 3694 2692 munere

2121 2730 2370 2795 donatas,
2398 2745 2506 2785 uua
2537 2745 2724 2784 secum
2777 2730 3032 2795 reduxit,
3066 2745 3362 2798 eorumque
3412 2737 3694 2796 praeterea,

2122 2821 2216 2890 qui
2249 2831 2378 2875 tunc
2406 2835 2597 2876 recens
2623 2820 2676 2874 in
2706 2819 3248 2875 eum.credideruut.
3291 2819 3698 2886 Resumptoque

2122 2928 2224 2968 suo
2269 2927 2499 2982 corpore
2543 2911 2830 2968 triduauus
2865 2911 3059 2968 mortis
3098 2910 3271 2966 victor
3317 2909 3534 2974 revixit,
3566 2925 3698 2964 cou-

2126 3004 2267 3060 tritis
2317 3005 2576 3074 principis
2609 3004 2777 3070 vasis,
2802 3019 2864 3060 ac
2905 3019 3006 3061 seu
3060 3003 3334 3072 captivum
3379 3003 3586 3059 carceri
3635 3016 3702 3056 ae
3779 3033 3785 3040 ι

2125 3098 2362 3154 vinculis
2394 3098 2621 3154 addixit.

2205 3276 2409 3332 Deinde
2449 3275 2612 3330 etiam
2646 3291 2705 3330 se
2735 3274 3022 3345 discipulis
3060 3275 3419 3345 conspicuum
3453 3270 3580 3328 fecit
3601 3311 3617 3336 ,
3647 3277 3704 3323 et

2136 3369 2502 3435 manducavit,
2535 3384 2599 3425 ac
2645 3368 2848 3439 palpari
2885 3370 3076 3434 voluit,
3108 3370 3178 3423 ob
3215 3368 3372 3422 tidem
3420 3381 3706 3422 resurrec-

2134 3462 2300 3515 ti0uis
2331 3459 2505 3515 solum
2531 3458 3054 3520 astruendam“,uti
3079 3457 3356 3523 diximus;
3388 3472 3453 3511 ac
3487 3458 3704 3513 demum

2133 3551 2344 3606 cunctis
2393 3551 2706 3606 videntibus
2756 3551 2813 3604 iu
2873 3549 3070 3604 coelum
3134 3548 3422 3612 ascendit,
3475 3561 3600 3602 cum
3649 3549 3704 3600 in

2134 3645 2283 3700 nullo
2307 3645 2387 3699 sic
2408 3659 2648 3713 unquam
2678 3643 3018 3714 contigisset.
3045 3639 3182 3696 Nam
3215 3639 3362 3696 Elias
3387 3650 3574 3710 raptus
3596 3651 3702 3703 est,

2135 3751 2242 3789 non
2293 3736 2344 3788 iu
2397 3735 2619 3799 ccelum,
2670 3733 2802 3797 sed,
2841 3751 2861 3784 ι
2920 3733 3078 3802 quasi
3115 3733 3169 3786 in
3218 3731 3414 3786 coelum
3456 3749 3475 3782 ι
3521 3739 3708 3799 raptus

2136 3825 2532 3898 perhibetur".
2558 3845 2576 3877 ι
2607 3823 2776 3879 Nemo
2806 3824 2953 3879 enim
2988 3823 3236 3881 ascendit
3259 3825 3313 3876 in
3345 3823 3566 3886 coelum,
3601 3822 3708 3875 nisi

2135 3919 2232 3988 qui
2277 3917 2554 3973 descendit
2593 3919 2661 3973 de
2697 3917 2925 3972 cmlo“.
2967 3936 2985 3969 ι
3017 3921 3095 3971 Ac
3139 3917 3360 3986 quidem
3389 3915 3558 3975 Elias,
3601 3914 3710 3968 alin

2137 4014 2489 4082 sublevante,
2534 4012 2786 4068 Christus
2832 4027 2984 4078 vero,
3026 4011 3140 4080 ipse
3169 4025 3201 4065 a
3236 4024 3296 4064 se
3335 4009 3612 4063 ferebatur
3655 4008 3708 4061 in

2138 4106 2360 4161 coelum.
2393 4104 2496 4170 Qui
2549 4103 2712 4174 igitur
2772 4123 2792 4156 ι
2847 4101 3242 4174 primogenitus
3271 4117 3340 4157 ex
3381 4101 3612 4155 mortuis
3658 4111 3713 4154 et

2136 4197 2390 4268 primitiae
2436 4195 2902 4261 dormientium",
2947 4214 2966 4247 ι
3003 4193 3179 4248 factus
3215 4195 3318 4260 sit,
3351 4207 3498 4262 spem
3552 4192 3710 4245 nobis

2139 4287 2390 4356 praebuit,
2419 4285 2536 4341 fore
2588 4296 2648 4341 ut
2689 4295 2743 4341 et
2774 4301 2872 4341 nos
2903 4286 3095 4340 eodem
3149 4286 3312 4340 modo
3340 4299 3707 4354 resurgamus.

2137 4378 2350 4448 ipsique
2379 4393 2560 4432 coram
2609 4377 2891 4441 sistamur,
2921 4378 3014 4447 qui
3050 4385 3237 4432 noster
3267 4386 3458 4431 auctor
3482 4375 3714 4430 exsistat
3815 4415 3817 4420 ς

2140 4469 2332 4523 salutis
2353 4468 2421 4534 ⁸⁸,
2445 4477 2504 4522 ιιι
2553 4479 2644 4523 aut
2677 4469 3037 4523 immortalem
3091 4467 3341 4535 gloriam,
3384 4476 3478 4522 aut
3513 4468 3716 4536 snpplL

470 4537 662 4635 μένους
702 4537 946 4616 ἀθάνατα
975 4577 988 4590 ·
1016 4537 1126 4613 fore;
1166 4558 1428 4629 δηλονότι,
1462 4537 2023 4628 καθὼςίπιστεύομεν.

2137 4562 2218 4616 cia
2246 4569 2609 4630 reportemus,
2628 4569 2756 4613 tunc
2777 4559 3198 4625 nimirum,cum
3227 4559 3392 4630 (sicut
3417 4538 3711 4613 credimus)

467 4655 528 4710 τὸ
560 4656 812 4725 δεύτερον
842 4652 1007 4706 πάλιν
1031 4650 1312 4704 ἐλεύσεται
1356 4648 1541 4719 κρῖναι
1578 4647 1785 4713 ζῶντας
1823 4650 1915 4702 καὶ
1954 4666 2039 4701 νε-

471 4749 658 4817 κρούς.
1133 4739 1138 4744 ’
1719 4797 1726 4814 η

551 4838 611 4890 '0
637 4836 819 4891 τοίνυν
849 4837 993 4890 κατά
1039 4837 1144 4906 τῆς
1190 4833 1542 4905 ἀνθρωπίνης
1575 4831 1790 4901 φύσεως
1821 4830 2043 4900 ἐπαιρό-

475 4946 658 4998 μενος,
691 4931 784 4983 καὶ
821 4929 920 4999 τὴν
964 4929 1288 4999 οἰκουμένην
1327 4925 1401 4988 ὡς
1445 4925 1664 4978 νοσσιὰν
1693 4921 2048 4992 καυχώμενος

474 5020 906 5091 καταλήψεσθαι,
936 5020 1030 5073 νῦν
1065 5019 1156 5087 ὑφ’
1197 5021 1228 5088 ὴ
1239 5017 1354 5088 μῶν
1384 5015 1713 5088 ὲμπαίζεται
1763 5018 1857 5069 καὶ⁵
1888 5015 2049 5082 γελᾶ-

473 5132 562 5166 ται
613 5115 721 5168 τῶν
772 5113 863 5166 τὸν
919 5111 1155 5182 Χριστὸν
1211 5110 1686 5180 προσκυνούντων,
1743 5109 1833 5160 τὸν
1885 5105 2048 5159 αὐτὸν

475 5204 610 5273 ὁμοῦ
640 5203 773 5256 Θεὸν
813 5203 907 5256 καὶ
938 5201 1244 5272 ἄνθρωπον,
1277 5203 1371 5254 καὶ
1403 5197 1670 5272 βοώντων,
1706 5219 1722 5250 ι
1771 5198 2047 5266 Ἐπεφάνη

477 5299 510 5366 ἡ
560 5299 722 5370 χάρις
753 5297 849 5350 τοῦ
902 5295 1040 5349 Θεοῦ
1089 5298 1120 5365 ἡ
1176 5297 1442 5365 σωτήριος
1492 5295 1661 5347 πᾶσιν
1713 5291 2043 5362 ἀνθρώποις,

479 5390 813 5444 παιδεύουσα
866 5390 1036 5460 ἡμᾶς,
1093 5387 1182 5441 ἵνα
1228 5387 1598 5456 ἀρνησάμενοι
1648 5385 1745 5454 τὴν
1790 5382 2046 5438 ἀσέϐειαν

480 5483 705 5546 καὶτὰς
754 5499 898 5552 κοσμ
926 5482 1027 5543 κάς
1056 5478 1374 5549 ἐπιθυμίας,
1420 5476 1712 5546 σωφρόνως
1753 5477 1849 5528 καὶ
1890 5477 2046 5527 556s-

481 5575 588 5640 ὄῶς
631 5575 888 5644 ζήσωμεν
931 5574 988 5625 ὲν
1039 5570 1117 5641 τῷ
1167 5570 1322 5622 αἰῶνι
1373 5566 1568 5638 τούτῳ.
1615 5585 1633 5618 ι
1688 5565 1887 5620 Οὐκέτι
1943 5565 2049 5635 γὰρ

555 5775 600 5808 ⁴⁶
639 5775 741 5830 lsa.
778 5790 892 5838 LIII,
923 5774 975 5828 5.

2141 4652 2380 4707 secundo
2412 4650 2608 4704 iterum
2642 4649 2820 4704 veniet
2851 4649 3003 4704 vivos
3032 4659 3192 4719 atque
3217 4661 3465 4704 mortuos
3502 4650 3717 4718 judica-

2144 4752 2323 4797 turus.
3426 4741 3432 4747 ’

2219 4833 2270 4889 Is
2318 4834 2482 4904 igitur
2531 4833 2624 4901 qui
2673 4830 2937 4886 adversus
2986 4831 3285 4886 humanum
3327 4847 3501 4904 genus
3531 4833 3722 4886 effere-

2154 4926 2340 4988 batur,
2396 4924 2594 4993 quippe
2653 4923 2744 4991 qui
2816 4922 2960 4977 velut
3015 4923 3203 4977 nidum
3224 4925 3289 4988 δ’,
3349 4939 3407 4978 se
3452 4932 3721 4978 turi-arum

2153 5015 2340 5069 orbein
2373 5014 2896 5082 comprehcnsurum
2939 5014 3296 5085 gloriabatur,
3329 5029 3358 5069 a
3389 5014 3545 5068 nobis
3577 5031 3721 5066 nituc

2152 5107 2351 5162 Christi
2388 5107 2479 5161 Dei
2503 5105 2666 5161 simul
2686 5106 3030 5177 hominisque
3057 5107 3354 5163 cultoribus
3377 5107 3621 5161 illuditur
3658 5122 3723 5157 ae

2153 5198 2451 5264 deridetur,
2493 5200 2690 5268 quippe
2711 5198 2803 5270 qui
2841 5200 3171 5255 clamemus:
3205 5218 3224 5252 ι
3257 5198 3519 5269 Apparuit
3550 5190 3721 5266 gratia

2155 5287 2250 5343 Dei
2281 5289 2539 5343 salutaris
2559 5289 2814 5344 oumibus
2843 5289 3173 5354 hominibus,
3209 5292 3465 5346 erudiens
3501 5304 3622 5357 nos,
3666 5299 3725 5344 ut

2157 5380 2488 5451 abnegantes
2517 5381 2846 5448 impietatem
2863 5391 2916 5436 et
2941 5383 3220 5438 saecularia
3237 5380 3524 5443 desideria,
3540 5381 3726 5435 sobrie

2157 5481 2209 5528 et
2227 5473 2312 5542 pie
2334 5472 2577 5528 vivamus
2600 5473 2654 5526 in
2681 5475 2784 5527 Iroc
2800 5475 2997 5530 sacculo
3015 5474 3099 5527 ‘9'.
3117 5493 3134 5524 ι
3161 5473 3276 5526 Non
3291 5472 3430 5525 enim
3446 5471 3554 5539 iam
3573 5473 3726 5527 deiu-

2157 5583 2284 5638 ceps
2370 5569 2526 5623 nobis
2582 5569 2931 5638 exprobrabit
2980 5585 3042 5623 ac
3105 5568 3528 5632 condemnabit,
3576 5571 3720 5638 quod

1051 5773 1094 5805 “
1127 5773 1341 5828 Culoss.
1379 5787 1460 5834 ιιι,
1491 5775 1543 5828 4.
1622 5772 1666 5804 ’δ’
1719 5775 1836 5827 Act.
1863 5789 1921 5839 ιι,
1951 5773 2022 5826 24

2126 5772 2166 5804 ⁸³
2199 5772 2327 5826 Luc.
2356 5787 2429 5831 ιιι,
2458 5772 2548 5826 2.9..
2585 5840 2588 5841 ν
2625 5770 2670 5841 ⁴ξ
2695 5771 2812 5823 Act.
2845 5770 2961 5841 1.3,
2995 5771 3050 5832 4,
3083 5769 3170 5841 9._
3213 5770 3256 5803 "
3290 5769 3354 5822 IV
3391 5769 3518 5841 Reg.
3546 5788 3604 5836 ιι,
3640 5773 3726 5826 Η.

399 5898 408 5905 ,
490 5845 533 5877 “
557 5844 714 5903 Juan.
746 5862 828 5912 ιιι,
867 5845 952 5901 13.
1028 5845 1068 5876 "
1097 5843 1306 5899 Coloss.
1347 5859 1384 5909 ι,
1419 5843 1479 5898 18
1511 5843 1669 5899 lC-or.
1708 5859 1779 5911 xi,
1817 5843 1906 5898 20.
1987 5843 2023 5873 ⁸⁸

2129 5843 2293 5908 ;(]υι·.
2337 5857 2386 5905 v,
2420 5841 2503 5894 10.
2583 5840 2758 5894 “15a.
2791 5839 2954 5901 χ.,ι.ι.

3029 5842 3099 5871 ⁵⁸⁸
3130 5839 3234 5894 'l‘it.
3273 5856 3328 5906 tt,
3364 5843 3446 5894 ll.
