4056 6266
387 380 501 473 ως

1649 404 2046 466 MANUELIS
2082 384 2407 467 camara

3522 404 3628 475 595

386 539 453 578 ne
506 537 649 575 unus
704 522 975 594 quispiam
1018 523 1121 586 sit,
1159 521 1251 591 qui
1286 520 1404 590 ejus
1439 500 1661 591 peccati
1688 518 1952 590 signaculi

2060 523 2195 593 ἡμῖν
2222 522 2472 577 όνειδίσει
2501 538 2558 575 τε
2585 523 2677 577 καὶ
2705 523 3040 591 κατακρινεῖ,
3080 523 3154 588 ῶς
3178 522 3351 587 οὐδείς
3385 524 3499 578 ἐστι
3531 524 3629 593 τῆς

381 628 575 683 expers
601 614 668 668 sit
692 653 707 677 ,
742 613 817 667 ita
859 613 1142 675 nimirum,
1176 621 1234 667 ut
1264 628 1328 668 eo
1365 611 1439 666 illi
1481 612 1951 667 communicantes

383 721 447 761 ac
476 705 636 769 socii,
674 705 776 759 sub
812 711 1079 772 potestate
1111 717 1177 757 ac
1205 702 1591 758 communione
1637 702 1810 772 ipsius
1849 702 1949 757 diri

386 797 574 853 mundi
593 796 820 852 rectoris
849 811 912 851 ac
932 794 1135 865 peccati
1165 793 1406 850 auctoris
1431 794 1740 850 necessario
1757 795 1949 850 simus.

390 888 665 943 Habemus
696 870 952 942 enim-ex
997 894 1187 943 nostro
1217 900 1415 955 genere
1461 886 1611 940 velut
1661 886 1948 941 donarium

384 980 725 1049 bestiamque
770 976 985 1042 offerre,
1021 993 1183 1049 quam
1242 978 1451 1036 scilicet
1497 978 1588 1035 Dei
1616 977 1787 1034 Filius
1813 979 1949 1034 citra

381 1086 598 1127 omnem
651 1071 859 1141 peccati
894 1070 1071 1127 labem
1121 1070 1419 1143 assumpsit
1450 1085 1667 1127 carnem
1693 1113 1708 1138 ,
1742 1072 1951 1140 perfec-

378 1172 491 1219 tum
518 1163 778 1219 nimirum
802 1163 1078 1219 hominem
1100 1203 1115 1227 ,
1139 1179 1251 1235 quo
1274 1179 1398 1219 cum
1422 1164 1589 1218 etiam
1622 1176 1951 1233 congressus

379 1254 577 1321 hostis,
607 1257 824 1326 penitus
859 1255 1183 1328 proﬂigatus
1211 1268 1293 1314 est
1324 1275 1338 1313 :
1381 1275 1399 1309 ι
1448 1256 1605 1312 Venit
1649 1256 1816 1319 enim,
1864 1258 1949 1310 in-

376 1344 517 1415 quit,
560 1349 816 1419 princeps
846 1348 1032 1404 mundi
1062 1348 1261 1417 hujus,
1293 1356 1349 1403 et
1372 1348 1424 1403 in
1456 1363 1542 1404 me
1570 1362 1678 1403 non
1712 1348 1951 1403 inveniet

376 1435 671 1506 quidquam
695 1438 763 1492 ³⁶.
803 1457 821 1490 ι
869 1437 936 1494 Et
970 1456 983 1493 :
1030 1459 1046 1491 ι
1084 1437 1239 1495 Nunc
1291 1438 1541 1509 princeps
1573 1436 1758 1492 mundi
1789 1436 1950 1507 hujus

376 1528 625 1597 ejioietur
654 1527 801 1585 foras
816 1529 883 1585 ⁸⁸.
913 1549 931 1583 ι

445 1706 501 1761 lu
537 1707 735 1763 erelum
765 1724 864 1779 ego
897 1718 1164 1780 receptus,
1201 1710 1506 1781 sedensque
1550 1728 1580 1767 a
1614 1710 1819 1765 dextris
1854 1709 1947 1765 Dei

378 1816 440 1856 ac
466 1798 665 1868 Patris,
700 1815 861 1870 quem
899 1802 1056 1857 nobis
1086 1817 1184 1872 per
1217 1816 1278 1859 se
1305 1803 1421 1873 ipse
1449 1801 1845 1870 reconciliavit,
1877 1801 1948 1858 ob

376 1900 661 1960 peccatum
721 1894 790 1948 ab
844 1908 908 1949 eo
957 1894 1166 1950 aversis
1223 1909 1288 1951 ac
1330 1910 1452 1952 cum
1497 1894 1687 1951 mundi
1740 1904 1954 1951 rectore

377 1980 586 2037 tradere
627 1966 852 2039 sociatis
877 1983 1178 2039 etiamnum
1230 1984 1396 2039 Deum
1431 1998 1495 2040 ac
1541 1982 1755 2040 Patrem
1789 1983 1957 2039 inter—

379 2073 541 2141 pellat
592 2089 691 2144 pro
740 2075 1023 2142 uobis,uti
1071 2077 1147 2131 ait
1182 2076 1383 2133 Paulus
1403 2077 1472 2132 ".
1504 2077 1583 2134 Ac
1639 2077 1858 2147 quidem
1891 2093 1955 2133 ea

378 2164 588 2221 ratione
621 2180 726 2236 qua
772 2176 856 2223 est
902 2167 1086 2234 homo,
1148 2167 1440 2231 obsecrat:
1485 2177 1547 2223 ut
1595 2179 1779 2223 autem
1828 2184 1953 2225 cum

378 2252 536 2311 Patre
567 2264 621 2311 ct
650 2255 855 2326 Spiritu
889 2272 1032 2314 unus
1075 2257 1216 2314 Deus
1250 2261 1366 2323 est,
1396 2257 1697 2328 supplicum
1729 2260 1958 2330 suscipit

380 2355 525 2401 vota.
540 2346 730 2417 Magna
750 2350 934 2419 itaque
953 2349 1264 2406 hominibus
1286 2349 1476 2405 collata
1494 2350 1954 2423 dignitas,magna

380 2438 1003 2510 iirlucia,ingenshonos.
1018 2438 1293 2497 Audenter
1309 2441 1453 2496 enim
1474 2442 1799 2507 dixerimus,
1816 2443 1955 2498 Deus

380 2528 693 2587 hominibus
746 2531 1058 2598 ministrat;
1119 2534 1283 2588 homo
1335 2533 1581 2588 omnium
1634 2535 1952 2605 angelorum

284 2654 291 2669 .
379 2621 631 2691 religioso
665 2620 927 2679 famulatu
971 2625 1313 2682 adoratnr'et
1346 2625 1579 2692 colitur,
1604 2626 1871 2683 habemus
1898 2624 1953 2685 in

378 2715 533 2771 cmlis
555 2714 775 2771 fratrem
798 2725 854 2772 et
877 2716 1136 2773 amicum.
1158 2717 1277 2787 ipse
1293 2718 1436 2773 enim
1462 2719 1669 2787 primus
1692 2720 1744 2774 in
1769 2710 1954 2777 multis

382 2806 642 2864 fratribus
680 2808 855 2864 voluit
912 2810 1197 2880 appellari.
1226 2810 1317 2863 Ait
1362 2810 1508 2865 enim
1544 2829 1556 2865 :
1594 2829 1612 2864 ι
1642 2809 1818 2867 Dicite
1845 2811 1954 2867 fra-

378 2899 551 2957 tribus
587 2901 720 2956 meis
736 2902 801 2955 ⁸³.
845 2919 863 2954 ι
896 2901 960 2956 Et
989 2918 1001 2955 :
1030 2921 1048 2955 ι
1078 2902 1193 2957 Non
1221 2902 1333 2970 jam
1376 2902 1586 2959 vocabo
1612 2918 1708 2959 vos
1740 2919 1950 2969 servos,

375 2991 470 3044 scil
514 2991 722 3048 amicos
741 2992 832 3072 ⁸⁸..
859 3013 877 3045 ι
913 2991 989 3047 Ita
1022 3006 1155 3048 sane
1194 3000 1254 3045 ut
1292 2992 1450 3048 nobis
1494 2994 1774 3065 contingat
1803 2997 1949 3065 quod

380 3080 578 3137 Paulus
632 3081 751 3137 ait:
793 3099 813 3134 ι
858 3081 1043 3137 Gratia
1097 3082 1294 3141 salvali
1351 3100 1565 3163 suptus,
1617 3096 1671 3142 et
1724 3102 1833 3142 non
1885 3103 1949 3142 ex

376 3172 635 3240 operibus
668 3172 884 3243 legis”.
923 3190 942 3225 ι
977 3172 1118 3239 Quid
1166 3174 1311 3229 enim
1366 3174 1458 3230 tali
1503 3190 1746 3247 unquam
1778 3177 1947 3248 gratia
1977 3163 2020 3219 C

378 3264 554 3333 majus
584 3263 769 3330 fuerit,
786 3263 930 3335 quod
964 3264 1257 3336 Deiﬂ‘ilius
1283 3275 1505 3337 propter
1529 3281 1631 3323 nos
1657 3281 1782 3323 cum
1814 3268 1949 3323 nihil

378 3358 477 3426 ipsi
533 3370 1018 3428 praerogassemus.
1049 3368 1245 3429 sponte
1302 3374 1401 3415 sua
1455 3360 1621 3415 bomo
1673 3358 1877 3424 factus,
1920 3375 1949 3414 a

376 3447 683 3505 simulacris
726 3456 778 3506 et
815 3464 1004 3507 errore
1036 3460 1202 3523 atque
1231 3451 1366 3524 legis
1390 3451 1585 3508 umbra
1618 3466 1717 3508 uos
1749 3452 1952 3507 libera-

376 3540 534 3604 verit,
576 3555 877 3614 verumque
922 3557 1024 3599 nos
1063 3558 1129 3600 ac
1172 3543 1384 3613 justum
1423 3542 1632 3600 cultum
1668 3543 1950 3617 docuerit;

378 3632 753 3703 mediatorque
802 3641 987 3691 noster
1031 3649 1096 3691 ac
1152 3635 1399 3706 pontifex
1435 3634 1635 3703 iactus,
1683 3634 1799 3706 ipse
1830 3651 1859 3691 a
1891 3650 1951 3690 se

376 3723 800 3795 chirographum
852 3726 1062 3796 peccati
1099 3726 1271 3783 nostri
1300 3726 1689 3796 disruperit“,
1731 3726 1949 3798 Deoque

376 3814 704 3883 admoverit,
756 3832 821 3872 ac
875 3832 998 3872 cum
1065 3817 1160 3873 illo
1213 3819 1667 3882 reconciliaverit,
1728 3820 1952 3889 suisque

381 3909 626 3965 fidelibus
680 3910 1141 3965 necessitudinem
1196 3927 1405 3979 secum,
1442 3914 1742 3968 mercedem
1781 3911 1951 3967 dona—

379 4000 535 4063 verit,
568 4008 630 4054 ut
664 3999 987 4053 ﬁrmissima
1016 4014 1110 4068 spe
1146 3999 1400 4054 sacculum
1431 4001 1535 4056 hoc
1582 4009 1946 4063 transeuntes,

378 4104 503 4143 cum
536 4090 1008 4158 cmigraverimus,
1040 4103 1104 4143 ac
1129 4098 1250 4157 post
1280 4104 1457 4144 rerum
1490 4088 1862 4143 univcrsitatis
1896 4088 1949 4169 in

254 4218 269 4235 ι
378 4182 645 4252 integrum
681 4182 1079 4236 restitutionem
1115 4194 1238 4235 cum
1265 4195 1331 4233 eo
1364 4194 1670 4235 versemur.

447 4465 543 4521 Est
569 4466 753 4535 itaque
796 4467 851 4520 in
884 4466 1103 4521 dextera
1143 4464 1231 4521 Dei
1267 4477 1321 4521 et
1357 4464 1553 4532 Patris,
1592 4486 1611 4519 ι
1648 4468 1740 4538 qui
1780 4479 1859 4524 est
1896 4468 1947 4523 in
1982 4493 2028 4552 ο

378 4559 500 4615 sinu
527 4559 703 4614 Patris
720 4560 785 4624 ,"
810 4578 829 4611 ι
867 4558 1118 4628 quamvis
1142 4558 1283 4613 inter
1313 4574 1411 4612 nos
1438 4558 1515 4613 uti
1547 4560 1821 4630 pollicitus
1842 4569 1947 4625 est,

380 4668 551 4723 usque
582 4651 646 4707 ad
690 4652 1220 4707 consummationem
1269 4651 1602 4727 versetur",
1624 4653 1869 4723 regitque
1897 4666 1949 4709 et

376 4744 577 4800 conﬂat
614 4753 857 4799 nostram
892 4742 1084 4803 vitam.
1116 4757 1239 4812 qua)
1271 4741 1325 4799 in
1362 4742 1686 4798 abscondito
1739 4745 1940 4800 intelli-

377 4838 621 4905 gitur";
667 4852 827 4906 quam
870 4844 921 4892 et
962 4835 1088 4891 inde
1119 4835 1231 4906 jam
1261 4850 1357 4906 per
1382 4844 1720 4890 sacramenta
1762 4836 1949 4908 auspi-

377 4942 601 4994 camur;
656 4928 1181 4982 consummationem
1237 4941 1366 4981 vero
1412 4926 1555 4983 illius
1599 4927 1653 4981 in
1705 4928 1943 4983 futurum

375 5026 793 5086 exspectamus,
837 5019 882 5073 si
925 5018 1087 5087 modo
1141 5034 1248 5072 non
1303 5018 1665 5088 negligentem
1721 5034 1942 5087 operam

375 5107 638 5162 adhibere
685 5108 1016 5170 videbimur,
1049 5117 1200 5163 tanta
1249 5108 1511 5163 nimirum
1565 5112 1841 5169 socordia.
1890 5119 1947 5161 ut

376 5201 588 5272 exigua:
640 5209 1112 5271 temporaneaaque
1159 5200 1453 5270 voluptatis
1510 5215 1697 5266 causa,
1738 5208 1946 5253 tantum

375 5308 578 5349 munus
624 5293 961 5363 prodamus,
1010 5292 1102 5347 sed
1137 5292 1285 5347 omni
1334 5291 1639 5361 diligentia,
1673 5308 1770 5362 per
1805 5293 1951 5347 illius

378 5385 627 5438 mandata
669 5384 737 5439 ab
787 5399 963 5454 eoque
994 5385 1188 5438 tradita
1229 5393 1590 5449 sacramenta,
1632 5385 1685 5436 in
1717 5384 1943 5451 patriam

376 5485 612 5531 nostram
648 5478 1061 5541 contendamus,
1095 5486 1259 5546 atque
1283 5476 1348 5530 azl
1380 5492 1498 5530 eam
1556 5492 1903 5531 recurramus
1927 5514 1947 5542 ,

375 5563 533 5632 eique
556 5573 613 5619 ut
640 5567 804 5637 capiti
830 5576 1088 5636 tanquam
1128 5566 1365 5619 membra
1397 5575 1698 5629 nectamur,
1721 5580 1783 5619 ac
1805 5566 1948 5619 sicut

450 5766 513 5794 ’θ’
546 5762 707 5817 Joau.
749 5780 858 5827 xw,
894 5766 983 5815 50.
1061 5765 1103 5795 ⁵¹
1137 5764 1292 5818 Juau.
1342 5780 1436 5827 xu,
1474 5766 1561 5815 51.

1672 5768 1715 5797 δ’
1755 5764 1908 5817 limit.
1954 5782 2064 5825 VIII,
2094 5767 2180 5818 35.

2054 616 2223 670 αὐτοῦ
2292 615 2588 686 σφραγῖδος
2654 615 2755 685 τῆς
2815 616 3093 687 ἁμαρτίας
3143 617 3433 687 ἀμέτοχος,
3483 615 3623 670 ὥστε

2054 709 2196 762 κατὰ
2224 708 2430 777 ταύτην
2471 706 2621 776 αὑτῷ
2652 706 3067 770 κοινωνοῦντας.
3098 706 3206 760 ὑπὸ
3237 708 3336 776 τὴν
3376 708 3624 773 ἐξουσίαν

2053 800 2149 853 καὶ
2199 798 2431 870 μετοχὴν
2458 798 2622 852 αὑτοῦ
2656 798 2750 852 τοῦ
2782 796 2958 852 δεινοῦ
3017 798 3462 870 κοσμοκράτορος
3519 800 3613 852 καὶ

2050 890 2297 961 ἀρχηγοῦ
2318 890 2417 956 τῆς
2451 888 2723 961 ἁμαρτίας
2752 889 3157 959 ἀναγκάζεσθαι
3182 888 3343 947 εἶναι.
3386 890 3622 961 Ἐχομεν

2051 981 2159 1053 γὰρ
2184 983 2250 1034 ἐκ
2277 976 2377 1050 τῆς
2408 981 2688 1050 ἡμετέρας
2728 979 2945 1047 φύσεως
2989 982 3180 1050 ὥσπερ
3230 982 3487 1049 ἀνάθημα
3528 980 3619 1033 καὶ

2053 1072 2246 1126 Θυσίαν
2278 1072 2679 1143 πριῦἀλλεσθαι
2724 1071 2823 1145 τὴν
2880 1072 2987 1126 sub
3037 1071 3130 1127 τοῦ
3164 1072 3296 1127 Υίοῦ
3344 1072 3439 1125 τοῦ
3482 1071 3617 1125 Θεοῦ

2051 1165 2491 1237 προσληφθεῖσαν
2525 1165 2704 1234 σάρκα
2727 1163 3152 1234 ἀναμαρτήτως,
3182 1164 3273 1217 τὸν
3292 1163 3498 1216 τέλειον
3529 1162 3619 1215 ἀν-

2053 1256 2271 1328 θρωπον
2297 1271 2310 1286 ο
2347 1249 2392 1324 ᾧ
2428 1255 2524 1308 καὶ
2554 1253 2882 1323 προσϐαλὼν
2925 1256 2954 1308 ὁ
3003 1254 3218 1326 ἐχθρὰ.
3277 1254 3619 1323 κατακράτος

2051 1346 2283 1417 ἡττήθη.
2324 1364 2343 1399 ι
2385 1346 2650 1417 Ἔρχεται
2673 1345 2807 1417 γὰρ,
2846 1363 2864 1398 ι
2898 1351 3087 1415 φησιν,
3134 1362 3152 1396 ι
3203 1345 3233 1399 ὁ
3284 1346 3471 1414 ἀρχων
3528 1343 3622 1397 τοῦ

2052 1439 2257 1507 κόσμου
2285 1436 2498 1501 τούτου,
2526 1436 2623 1490 καὶ
2656 1436 2715 1490 ἓν
2750 1437 2874 1510 ἔμοι
2921 1436 3146 1507 εὑρήσει
3201 1434 3373 1489 οὐδέν.
3407 1452 3426 1487 ι
3490 1436 3619 1501 Καὶ,

2057 1547 2076 1580 ι
2106 1528 2224 1582 Νῦν
2267 1532 2294 1583 ὁ
2353 1529 2537 1599 ἄρχων
2588 1526 2684 1581 τοῦ
2732 1529 2942 1598 κόσμου
2982 1526 3172 1581 τούτου
3220 1526 3621 1599 ἐκϐληθήσεται

2052 1620 2177 1687 seu.
2205 1637 2225 1673 ›

2133 1707 2490 1780 ’Δναληφθεὶς
2518 1707 2634 1774 οὖν,
2675 1707 2771 1761 καὶ
2802 1705 3036 1770 καθίσας
3066 1706 3126 1760 ὲν
3153 1704 3305 1778 δεξιᾷ
3350 1704 3448 1759 τοῦ
3479 1704 3617 1760 Θεοῦ

2053 1803 2150 1859 καὶ
2173 1802 2409 1873 Πατρὺς,
2441 1802 2500 1855 ὃν
2530 1803 2661 1871 ἡμῖν
2692 1801 2763 1854 δι’
2798 1798 2996 1855 ἑαυτοῦ
3041 1798 3399 1869 κατήλλαξαν,
3450 1798 3624 1853 ἀπαλ-

2056 1896 2430 1968 λοτριωθεῖσιν
2458 1895 2669 1948 ἐκείνου
2707 1893 2796 1948 διὰ
2821 1892 2922 1962 τὴν
2944 1893 3247 1963 ἁμαρτίαν,
3269 1892 3365 1943 καὶ
3405 1890 3485 1961 τῷ
3538 1906 3625 1943 κο-

2058 1991 2395 2060 σμοκράτορι
2429 1985 2831 2055 προστεθεῖσιν,
2878 1982 2962 2038 ἔτι
3010 1983 3105 2036 καὶ
3160 1980 3255 2035 νῦν
3307 1979 3623 2048 ἐντυγχάνει

2057 2080 2198 2151 ὑπὲρ
2229 2078 2388 2150 ἡμῶν
2410 2076 2488 2145 τῷ
2510 2075 2629 2147 Θεῷ
2651 2076 2746 2129 καὶ
2782 2075 2979 2144 [πατρὶ⁹
3012 2073 3162 2128 καθά
3198 2090 3334 2143 φησι
3387 2072 3620 2134 Παῦλος.

2054 2172 2169 2226 Καὶ
2197 2170 2272 2234 ὡς
2304 2169 2405 2240 μὲν
2436 2168 2743 2239 ἄνθρωπος,
2766 2166 3077 2236 παρακαλεῖ
3100 2181 3114 2195 ο
3146 2166 3221 2229 ὡς
3259 2165 3316 2219 δὲ
3363 2164 3491 2226 Θεὸς
3546 2157 3625 2225 εἷς

2059 2261 2314 2333 μετάτοῦ
2342 2261 2554 2333 [ἰατρὸς
2601 2261 2696 2314 καὶ
2728 2259 2822 2313 τοῦ
2870 2256 3211 2329 Πνεύματος,
3274 2257 3372 2321 τὰς
3415 2255 3623 2318 ἱκεσίας

2054 2355 2288 2425 δέχεται.
2320 2353 2478 2422 Μέγα
2499 2347 2590 2407 οὖν
2616 2352 2835 2422 ἀξίωμα
2867 2353 2978 2415 τοῖς
3024 2334 3333 2422 ἀνθρώποις
3386 2347 3585 2401 δέδωκε
3604 2359 3622 2377 '

2059 2443 2303 2514 μεγάλην
2329 2441 2662 2514 παρρησίαν,
2700 2439 2947 2509 μεγάλην
2976 2437 3165 2507 τιμήν.
3198 2436 3308 2489 Καὶ
3342 2434 3452 2503 γάρ
3493 2432 3647 2502 θαροΔ

2057 2538 2298 2610 ῥούντως
2337 2536 2407 2593 ἀν
2432 2536 2707 2605 εἴποιμεν,
2744 2533 2902 2586 Ἔστι
2934 2529 3067 2593 Θεὸς
3096 2526 3404 2598 ἀνθρώποις
3434 2527 3616 2579 διακο-

2053 2629 2223 2698 νήσας
2243 2643 2256 2658 °
2292 2627 2441 2680 ἔστιν
2468 2625 2756 2695 ἄνθρωπος
2785 2622 2890 2675 ὑπὸ
2910 2622 3131 2676 πάντων
3153 2616 3625 2688 προσκυνούμενος

2054 2720 2162 2774 τῶν
2192 2718 2443 2788 ἀγγέλων
2472 2729 2487 2749 ⁸
2523 2716 2671 2769 ἐστιν
2696 2716 2831 2786 ἡμῖν
2861 2715 2920 2767 έν
2946 2713 3195 2783 οὐρανοῖς
3249 2711 3474 2780 ἀδελφὸς
3530 2709 3625 2763 καὶ

2055 2814 2229 2884 φίλος.
2262 2812 2436 2873 Αὐτὸς
2466 2810 2573 2881 γὰρ
2604 2810 2663 2863 ὲν
2690 2807 2901 2873 πολλοῖς
2950 2807 3196 2877 ἀδελφοῖς
3254 2804 3470 2876 πρῶτος
3522 2820 3624 2856 κα-

2053 2904 2264 2959 λεῖσθαι
2285 2904 2540 2974 ἠξίωσεν.
2584 2919 2602 2954 ι
2635 2900 2843 2956 Εἴπατε
2880 2901 3008 2970 γὰρ,
3032 2916 3051 2950 ι
3088 2899 3242 2970 φησὶ,
3274 2916 3293 2950 ι
3332 2896 3469 2968 πρὸς
3500 2895 3625 2959 τοὺς

2053 2995 2316 3063 ἀδελφούς
2353 3011 2479 3066 μου.
2530 3010 2549 3045 ι
2582 2993 2714 3059 Καὶ,
2750 3009 2768 3041 ι
2804 2990 3002 3045 Οὐκέτι
3032 2990 3178 3060 ἡμᾶς
3200 2987 3352 3043 καλῶ
3382 2986 3623 3049 δούλους,
3678 3024 3689 3041 ι

2052 3089 2190 3144 ἀλλά
2219 3086 2427 3158 φίλους.
2476 3104 2494 3139 ι
2540 3085 2857 3155 ’Ὢσθ’ἡμῖν
2902 3084 2930 3137 ὃ
2970 3100 3101 3153 φησι
3129 3076 3342 3142 Παῦλος
3394 3080 3627 3151 συμϐαί-

2054 3196 2187 3235 νειν.
2220 3198 2239 3232 t
2276 3178 2478 3249 Χάριτι
2506 3176 2815 3249 δσώθημεν,
2848 3176 2943 3229 καὶ
2967 3176 3070 3228 οὐκ
3112 3174 3169 3241 ἐξ
3189 3172 3369 3244 ἔργων
3392 3172 3617 3242 νόμου.»

2052 3270 2118 3323 Τί
2152 3271 2263 3339 γάρ
2287 3270 2354 3325 ἀν
2388 3268 2475 3338 εῐη
2506 3268 2606 3336 τῆς
2629 3266 2889 3335 τοιαύτης
2926 3265 3151 3335 χάριτος
3194 3263 3400 3334 μεῖζον,
3440 3262 3474 3334 ἢ
3530 3262 3622 3315 τὸν

2052 3363 2181 3417 Υίδν
2210 3362 2304 3416 τοῦ
2331 3361 2468 3415 Θεοῦ
2490 3360 2560 3415 δι’
2590 3360 2737 3433 ἡμᾶς
2761 3359 2930 3430 μηδὲν
2966 3357 3485 3429 προεισενεγκόντας
3525 3355 3621 3409 ἀν-

2053 3453 2270 3523 θρωπον
2290 3451 2572 3525 γεγονέναι
2597 3450 2926 3521 θελήσαντα,
2955 3450 3066 3503 τῶν
3089 3448 3323 3503 εἰδώλων
3378 3450 3474 3502 καὶ
3524 3448 3623 3516 τῆς
3648 3460 3651 3461 ⁷

2055 3544 2265 3614 πλάνης
2288 3544 2382 3596 καὶ
2415 3543 2512 3612 τῆς
2543 3540 2639 3595 τοῦ
2670 3542 2839 3611 νόμου
2868 3541 3029 3603 σκιᾶς
3070 3541 3219 3610 ἡμᾶς
3269 3539 3577 3602 ἀπαλλάξαι
3606 3554 3619 3569 ·

2054 3637 2147 3688 καὶ
2183 3634 2283 3705 τὴν
2314 3631 2577 3705 ἀληθινὴν
2604 3635 2699 3688 καὶ
2719 3632 2938 3687 δικαίαν
2976 3629 3182 3696 διδάξαι
3231 3630 3506 3701 λατρείαν,
3531 3625 3624 3682 καὶ

2056 3731 2286 3801 μεσίτην
2318 3729 2413 3783 καὶ
2439 3726 2702 3798 ἀρχιερέα
2751 3725 2910 3797 ἡμῶν
2956 3725 3275 3795 γενόμενον,
3309 3725 3377 3777 δι’
3427 3722 3622 3777 ἑαυτοῦ

2053 3821 2112 3872 τὸ
2144 3818 2511 3889 χειρόγραφον
2550 3818 2649 3885 τῆς
2678 3816 2955 3887 ἁμαρτίας
2982 3815 3142 3886 ἡμῶν
3166 3815 3480 3886 διαρρῆξαι,
3531 3815 3626 3867 καὶ

2052 3912 2151 3982 τὴν
2180 3910 2317 3981 πρὸς
2347 3910 2440 3963 τὸν
2473 3909 2606 3964 Θεὸν
2636 3908 3009 3980 προσαγωγὴν
3040 3924 3099 3961 τε
3144 3908 3237 3961 καὶ
3267 3906 3615 3977 καταλλαγὴν

2054 4002 2395 4073 ἐργάσασθαι
2420 4019 2434 4034 ο
2469 4003 2562 4057 καὶ
2590 4000 2785 4072 μισθὸν
2809 3999 3165 4070 δωρήσασθαι
3213 4000 3329 4061 τοῖς
3364 3998 3623 4065 πειθομέ·

2052 4111 2164 4157 νοις
2222 4092 2492 4162 αὐτῷτὴν
2537 4092 2675 4163 πρὸς
2724 4091 2887 4145 αὐτὸν
2938 4090 3216 4143 οἱκείωσιν
3246 4105 3260 4120 ο
3306 4088 3447 4142 ὥστε
3486 4087 3624 4157 μετά

2055 4184 2423 4255 βεϐαιοτάτων
2455 4186 2690 4243 ἐλπίδων
2720 4185 2812 4239 τὸν
2842 4184 3013 4239 αἰῶνα
3046 4182 3234 4236 τοῦτον
3288 4181 3625 4251 περαιουμέ-

2054 4294 2199 4341 νους,
2224 4277 2362 4343 μετά
2401 4277 2501 4346 τὴν
2530 4278 2791 4332 ἀνάλυσιν
2819 4276 2914 4328 καὶ
2935 4274 3034 4346 τὴν
3065 4273 3155 4327 τοῦ
3181 4274 3379 4337 παντὸς
3410 4276 3620 4326 diaton-

2052 4370 2313 4423 τάστασιν
2341 4368 2494 4438 αὑτῷ
2528 4368 2851 4421 συνέσεσθαι
2885 4385 2901 4433 ;

2128 4461 2285 4516 Ἐστι
2334 4460 2516 4513 τοίνυν
2563 4461 2621 4512 ἐν
2659 4458 2809 4528 δεξιᾷ
2847 4459 2940 4512 τοῦ
2986 4460 3121 4514 Θεοῦ
3172 4462 3265 4515 καὶ
3302 4459 3513 4527 Πατρὶς
3550 4477 3567 4510 t
3598 4459 3626 4511 ὁ

2050 4551 2126 4603 ὢν
2159 4551 2238 4613 είς
2266 4551 2357 4603 τὸν
2390 4551 2591 4604 κόλπον
2620 4548 2715 4603 τοῦ
2753 4550 2985 4621 Πατρὺς,
3022 4570 3041 4602 ι
3087 4551 3265 4604 καίτοι
3300 4550 3421 4620 μεθ’
3468 4550 3624 4617 ἡμῶν

2050 4642 2125 4694 ὢν
2174 4640 2249 4705 ὡς
2285 4642 2553 4712 ὑπέσχετο
2584 4642 2689 4706 ἓως
2722 4643 2821 4711 τῆς
2852 4642 3208 4712 συντελείαςξο
3240 4643 3337 4695 καὶ
3354 4642 3627 4709 οἰκονομεῖ

2051 4736 2147 4787 καὶ
2174 4734 2456 4805 συνίστησι
2488 4733 2588 4805 τὴν
2639 4735 2921 4805 ἡμετέραν
2959 4733 3105 4803 ζωὴν
3154 4732 3253 4804 τὴν
3293 4738 3350 4785 ὲν
3397 4731 3626 4802 κρυπτῷ

2050 4826 2369 4895 νοουμένην,
2398 4825 2520 4896 ητις
2545 4825 2642 4898 τὴν
2681 4825 2856 4897 ἀρχὴν
2880 4825 3133 4881 ἐντεῦθεν
3155 4824 3243 4879 διὰ
3268 4824 3376 4877 τῶν
3428 4841 3500 4893 μυ
3512 4839 3627 4890 στη-

2051 4921 2182 4990 ρίων
2210 4921 2475 4991 λαμϐάνει
2505 4935 2519 4951 ·
2548 4920 2646 4992 τὴν
2667 4920 2948 4979 τελείωσιν
2977 4919 3034 4973 δὲ
3059 4920 3155 4977 ἐπὶ
3175 4917 3267 4972 τοῦ
3323 4916 3615 4988 μέλλοντος

2051 5013 2288 5082 δέχεται,
2327 5011 2393 5067 ἂν
2421 5012 2582 5075 μόνον
2615 5013 2690 5082 μὴ
2717 5011 2979 5081 φανῶμεν
3036 5010 3388 5081 ἀμελοῦντες,
3445 5011 3630 5064 τοσοῦ.

2052 5120 2165 5170 τον,
2187 5107 2325 5159 ὥστε
2351 5106 2555 5176 μικρᾶς
2586 5106 2781 5176 ἡδονῆς
2812 5104 2908 5157 καὶ
2930 5105 3270 5176 προσκαίρου
3298 5104 3463 5175 χάριν
3498 5121 3630 5174 προ-

2051 5197 2231 5251 δοῦναι
2275 5197 2373 5269 τὴν
2404 5198 2673 5267 τοσαύτην
2695 5196 3019 5268 εὐεργεσίαν
3048 5212 3065 5229 ⁶
3092 5198 3205 5251 ἀλλ’
3238 5196 3627 5266 ἐπιμελώμεθα

2053 5288 2142 5341 διά
2205 5289 2312 5343 τῶν
2368 5288 2601 5343 ἐντολῶν
2657 5290 2820 5343 αὐτοῦ
2882 5292 2979 5344 καὶ
3023 5291 3132 5344 τῶν
3176 5289 3629 5360 παραδεδομένων

2056 5381 2189 5450 ἡμῖν
2217 5380 2308 5433 ὑπ’
2342 5378 2507 5434 αὑτοῦ
2542 5382 2856 5450 μυστηρίων
2905 5377 3038 5449 πρὸς
3061 5380 3160 5451 τὴν
3204 5382 3440 5449 πατρίδα
3470 5381 3630 5450 ἡμῶν

2054 5473 2398 5539 ἐπείγεσθαι,
2433 5475 2531 5527 καὶ
2550 5476 2631 5536 είς
2671 5473 2836 5527 αὐτὸν
2887 5474 3209 5545 ἀνατρέχειν
3236 5490 3252 5507 ·
3313 5476 3408 5529 καὶ
3458 5476 3631 5544 τούτῳ

2054 5563 2128 5626 ὡς
2157 5566 2364 5634 κεφαλῇ
2393 5564 2643 5635 καθάπερ
2688 5566 2823 5635 μέλη
2854 5566 3224 5621 συνάπτεσθαι
3249 5580 3266 5597 ’
3322 5568 3413 5619 καὶ
3443 5566 3628 5634 ὥσπερ

2298 5767 2341 5797 ⁸³
2370 5768 2493 5821 Act.
2531 5784 2643 5829 xxi,
2679 5767 2768 5820 9.3.
2882 5765 3102 5821 "Joau.
3136 5783 3227 5835 xx,
3273 5769 3373 5835 £7;
3419 5784 3505 5832 xv,
3544 5767 3626 5823 15.

379 5833 420 5863 ⁸⁵
450 5832 643 5891 Ειιίιυδ.
680 5848 737 5891 ιι.
767 5836 818 5888 8.
894 5833 939 5863 "
972 5833 1183 5887 Coloss.
1221 5848 1280 5894 ll,
1313 5834 1402 5889 Ἡ.
1479 5834 1525 5863 ⁸⁷
1561 5834 1716 5889 Joan.
1748 5850 1783 5896 ι,
1816 5837 1867 5889 8.
1945 5837 1952 5866 ³

2053 5836 2219 5893 πιαιιίι.
2281 5852 2465 5897 xxvm.
2523 5838 2608 5890 ‘20.
2688 5837 2879 5892 l"Col.
2928 5853 3009 5898 ιιι.
3068 5841 3119 5892 5.
