4056 6266
389 384 499 460 591

1376 404 1475 464 DE
1508 402 1942 464 PRINClPllS
1973 403 2187 462 FIDEI
2229 404 2695 470 CA'i‘HOLlCAE.

2214 262 2275 286 ,δι’
2287 261 2305 281 '-

3513 412 3621 475 598

390 506 452 559 ὲν
479 506 707 579 ἀμπέλῳ
735 512 989 585 κλήματα
1014 515 1263 585 μένωμεν
1292 533 1307 548 ο
1342 518 1476 572 ἀλλά
1507 518 1582 588 μὴ
1628 516 1734 581 ἔξω
1766 516 1956 587 ῥιφέν-

2071 516 2310 582 palmites
2341 518 2393 572 in
2425 520 2533 573 vite
2562 534 2902 587 maneamus,
2927 535 3035 576 non
3062 536 3190 575 vero
3215 520 3361 575 foras
3383 522 3634 590 proiecti.

392 614 504 745 tego,
565 598 781 673 δαπάνη
820 605 993 676 πυρὸς
1046 606 1318 678 μηδέποτε
1365 608 1736 680 σδεννυμὲνου
1790 609 1962 677 γενώ-

392 707 458 745 με
497 709 553 745 α.

391 707 553 758 μετα.

987 839 1241 895 unus.
1273 843 1367 909 σι.

766 949 908 1018 Περί
954 948 1073 1005 τῶν
1124 950 1170 1013 ζ’
1193 956 1570 1024 μυστηρίων.

465 1060 829 1128 Παραδίδοται
863 1064 973 1137 γάρ
1004 1068 1140 1136 ἡμῖν
1180 1070 1277 1123 καὶ
1317 1070 1433 1124 θεῖά
1476 1086 1600 1124 τινα
1662 1069 1962 1138 μυστήρια,

390 1151 460 1205 δι’
479 1147 556 1207 ὦν
583 1152 759 1219 ἔξεστι
789 1160 1148 1227 τελουμένους
1173 1160 1517 1228 ἀγιάξεσθαι,
1548 1160 1674 1225 τοὺς
1697 1161 1777 1224 εἰς
1800 1159 1966 1216 αὑτὸν

394 1243 771 1315 πιστεύοντας,
806 1250 903 1301 καὶ
939 1249 999 1303 τὸ
1028 1250 1364 1321 ζητούμενον
1422 1251 1741 1323 κατορθοῦν.
1810 1253 1967 1309 Ἐπεὶ

393 1339 504 1408 γάρ
540 1342 567 1393 ὁ
592 1339 685 1393 τοῦ
713 1341 950 1410 Χριστοῦ
979 1342 1208 1403 θάνατος
1239 1342 1429 1415 ὥσπερ
1449 1362 1534 1407 τις
1560 1344 1829 1417 καθολικὴ
1878 1348 1964 1400 αἰ-

392 1431 486 1483 τία
544 1431 644 1502 τῆς
687 1432 1036 1505 ἀνθρωπίνης
1090 1434 1369 1507 σωτηρίας
1408 1436 1526 1490 ἔστί
1556 1453 1572 1470 ·
1619 1438 1703 1494 δεῖ
1757 1440 1815 1494 δὲ
1870 1440 1967 1511 τὴν

393 1523 627 1576 καθόλου
657 1524 842 1579 αἰτίαν
863 1519 1128 1596 ἁρμόζειν
1156 1528 1294 1599 πρὸς
1322 1529 1556 1583 ἕκαστον
1606 1530 1715 1586 τῶν
1763 1532 1966 1586 ἀποτε-

392 1616 681 1681 λεσμάτων
707 1633 721 1648 ·
777 1618 1081 1687 ἀναγκαῖον
1139 1616 1208 1692 ἦν
1257 1620 1478 1693 δοθῆναί
1521 1641 1645 1678 τινα
1700 1625 1969 1696 φάρμακα

392 1708 507 1769 τοῖς
526 1705 855 1777 ἀνθρώποις,
889 1705 1050 1765 δι’ὦν
1084 1711 1151 1766 ἀν
1184 1715 1528 1785 συνάπτηται
1557 1717 1772 1782 τούτοις
1810 1719 1843 1789 ἡ
1877 1717 1967 1772 διὰ

393 1798 487 1854 τὸν
518 1799 748 1856 θάνατον
787 1801 881 1857 τοῦ
929 1805 1171 1875 Χριστοῦ
1225 1808 1498 1881 γενομένη
1529 1812 1843 1883 εὐεργεσία,
1870 1812 1967 1867 καὶ

2069 608 2217 662 nullo
2244 625 2479 678 unquam
2508 620 2752 680 tempore
2782 611 3179 680 exstinguibiiis
3210 612 3350 681 ignis
3379 612 3636 681 pabulum

2066 701 2390 757 efﬁciamur.

2663 836 2894 893 CAPUT
2955 836 3040 893 Vl.

2492 951 2567 1007 De
2607 959 2805 1021 septem
2839 950 3213 1006 sacramentis.

2135 1063 2358 1121 Tradita
2406 1064 2550 1120 enim
2594 1064 2751 1120 nobis
2784 1074 2913 1120 sunt
2960 1064 3208 1134 quaedam
3237 1061 3422 1117 divina
3453 1076 3636 1117 sacra-

2066 1165 2271 1224 menta,
2291 1156 2491 1228 quibus
2507 1156 2633 1212 licet
2656 1156 2905 1212 initiatos
2931 1156 3409 1225 sanetiiicarb(eos
3431 1154 3642 1209 scilicet

2064 1249 2161 1319 qui
2218 1247 2271 1304 in
2331 1248 2506 1318 ipsum
2547 1247 2803 1317 credunt)
2854 1263 2920 1303 ac
2952 1247 3096 1317 quod
3130 1256 3213 1303 est
3245 1256 3493 1301 votorum
3529 1244 3644 1300 adi-

2064 1339 2221 1411 pisci.
2265 1338 2402 1407 Quia
2465 1337 2611 1394 enim
2659 1339 2863 1395 Christi
2935 1354 3083 1395 mors
3136 1339 3281 1392 velut
3319 1339 3643 1393 universalis

2066 1431 2312 1504 quaedam
2363 1446 2529 1488 causa
2565 1439 2649 1487 est
2674 1430 2927 1486 humanae
2957 1430 3174 1494 salutis,
3211 1443 3275 1485 ac
3311 1445 3535 1484 necesse
3560 1438 3645 1485 est

2067 1538 2288 1579 causam
2337 1524 2704 1579 universalem
2751 1523 2981 1595 singulis
3009 1522 3325 1592 quibuSQue
3361 1520 3644 1576 elleetihus

2066 1610 2275 1679 aptari,
2305 1610 2465 1681 plane
2509 1611 2882 1667 necessarium
2936 1616 3054 1664 erat
3079 1611 3159 1678 {ut
3189 1610 3434 1678 quaedam
3468 1606 3648 1661 homi-

2068 1700 2227 1755 nibus
2266 1700 2502 1756 remedia
2536 1701 2818 1766 darentur,
2855 1699 3056 1769 quibus
3088 1698 3411 1754 beneﬁcium
3439 1698 3643 1753 Christi

2069 1802 2244 1848 morte
2276 1801 2549 1862 paratum,
2586 1792 2691 1846 illis
2735 1790 3184 1859 coniungeretur,
3212 1798 3276 1843 ac
3304 1788 3504 1856 quibus
3531 1788 3644 1857 spi-

394 1891 458 1944 δι’
488 1886 566 1946 ὧν
584 1894 619 1964 ἠ
643 1857 993 1965 πνευματικῆ
1015 1857 1331 1954 συνίσταται
1357 1857 1655 1973 ζωὴικαθῐ
1668 1857 1967 1975 duci-ani;

2071 1884 2245 1942 ritalis
2272 1857 2623 1940 constituitur
2651 1883 2782 1948 vita,
2806 1857 2966 1937 velut?
2984 1881 3098 1935 fere
3122 1870 3358 1934 humana
3389 1881 3505 1949 ipsa
3537 1880 3644 1933 vita

394 1984 496 2053 τῆς
519 1987 867 2060 ἀνθρωπίνης
887 1990 1050 2061 ζωῆς.
1079 1991 1267 2048 Ταῦτα
1300 1993 1355 2048 δὲ
1384 1994 1454 2049 δι’
1493 1995 1772 2069 αἰσθητῶν
1814 1997 1957 2067 γίνε-

397 2076 521 2131 σθαι
563 2081 964 2153 παρεδόθησαν,
1005 2084 1086 2138 ὅτι
1143 2087 1239 2139 καὶ
1287 2086 1315 2139 δ
1371 2087 1659 2158 ἄνθρωπος
1704 2089 1965 2159 αἰσθητὸς

395 2168 491 2231 ὣν,
536 2171 622 2225 διὰ
675 2173 788 2226 τῶν
833 2174 1109 2245 αἰσθητῶν
1170 2179 1431 2246 ἀνάγεται
1486 2179 1623 2250 πρὸς
1668 2179 1736 2234 τά
1778 2181 1964 2251 νοητά.

404 2262 561 2329 Ἐπεὶ
590 2263 646 2316 δὲ
669 2265 725 2317 ἐν
754 2267 821 2337 τῇ
885 2266 1198 2340 ἀνθρωπίνῃ
1238 2268 1354 2339 ζωῇ
1400 2271 1559 2340 διπλῆ
1603 2270 1754 2338 τάξις
1814 2272 1967 2343 εὑρί-

398 2371 589 2409 σκεται
616 2356 729 2429 (7i)
761 2372 775 2385 '
810 2359 858 2410 οἰ
886 2358 983 2427 μὲν
1008 2360 1114 2429 γάρ
1166 2362 1274 2414 εἰσι
1312 2363 1541 2432 χορηγοὶ
1586 2365 1681 2416 καὶ
1716 2368 1967 2419 τακτικοὶ

393 2447 492 2517 τῆς
524 2448 841 2519 σωματικῆς
873 2449 1038 2520 ζωῆς,
1066 2450 1115 2503 οἰ
1147 2451 1539 2520 γεννῶντεςοοί
1570 2454 1626 2508 δὲ
1669 2455 1767 2523 τὴν
1809 2474 1967 2527 χορη-

394 2538 521 2606 γίαν
542 2539 818 2610 δεχόμενοι
846 2540 942 2595 καὶ
969 2540 1068 2613 τὴν
1096 2542 1269 2609 τάξιν,
1303 2543 1403 2615 τῆς
1434 2543 1965 2615 πόλεωςννομοθέται

396 2632 489 2685 καὶ
517 2631 776 2701 ἄρχοντες
803 2647 820 2663 ο
844 2631 986 2686 κατὰ
1019 2633 1205 2689 τοῦτον
1241 2633 1334 2691 τὸν
1366 2634 1566 2706 τρόπον
1602 2636 1698 2690 καὶ
1728 2637 1762 2709 ἡ
1801 2654 1964 2693 πνευ-

399 2722 604 2794 ματικὴ
637 2723 954 2780 συνίσταται
984 2722 1120 2796 ζωή.
1940 2719 1945 2722 ’

469 2898 679 2970 ΙὨσπερ
701 2898 796 2955 οῦν
821 2898 1052 2955 ἕκαστον
1078 2901 1187 2955 τῶν
1223 2901 1393 2956 ὄντων
1415 2902 1505 2957 διά
1530 2903 1626 2973 τῆς
1660 2904 1969 2987 γεννήσεως

393 2989 665 3059 λαμϐάνει
706 2990 805 3062 τὴν
852 2991 1022 3060 ζωὴν,
1068 2992 1212 3046 οὕτω
1258 2994 1401 3047 κατά
1453 2995 1553 3065 τὴν
1588 2995 1968 3066 πνευματικὴν

395 3081 543 3154 ζωὴν
582 3082 678 3136 καὶ
713 3084 875 3153 ἡμεῖς
917 3083 1342 3155 ἀναγεννὼμεθα
1372 3085 1459 3139 διά
1508 3086 1603 3140 τοῦ
1652 3087 1968 3158 βαπτίσμα·⁹

394 3192 487 3270 τος
513 3191 528 3205 ο
562 3174 701 3270 δπερ
736 3173 797 3270 οῦ
1042 3174 1145 3270 την
1187 3175 1522 3270 ⁴προγονικὴν
1573 3176 1755 3270 ἡμων-
1783 3176 1966 3249 άμαρ-
1993 3205 2040 3270 C

395 3266 518 3318 τίαν
563 3266 800 3337 ἀναιρεῖ,
838 3265 974 3321 ἀλλὰ
1026 3266 1120 3321 καὶ⁸
1167 3262 1268 3328 τάς
1318 3269 1613 3336 γενομένας
1664 3266 1757 3321 ὑπ’
1798 3270 1964 3324 αὐτοῦ

396 3357 491 3412 τοῦ
524 3357 947 3429 βαπτιζομίνου,
993 3357 1100 3426 πρὸ
1146 3358 1241 3411 τοῦ
1276 3358 1657 3429 βαπτίσματος
1684 3360 1961 3430 δηλονότι⁶

395 3450 456 3501 οὑ
501 3448 609 3519 μὴν
642 3448 741 3513 τὰς
796 3448 939 3518 μετὰ
985 3446 1159 3502 ταῦτα
1191 3450 1504 3519 γινομένας.
1562 3450 1672 3505 Καὶ
1726 3453 1857 3523 γάρ,
1888 3452 1965 3515 ὡς

395 3542 424 3593 ὁ
472 3540 737 3609 Θεολόγος
795 3541 931 3611 φησί
978 3540 1300 3610 Γρηγόριος,
1355 3541 1636 3610 ι’Δφεσιν
1688 3541 1803 3612 ἔχει
1856 3543 1967 3599 τῶν

396 3632 828 3704 ἡμαρτημένων,
866 3633 926 3687 οὐ
957 3632 1067 3685 τῶν
1094 3632 1584 3704 ἁμαρτανομένων.
1621 3652 1641 3686 ι

467 3725 543 3779 Τὸ
580 3725 679 3794 μὶν
724 3719 818 3778 οὖν
848 3724 1125 3794 ὁρώμενον
1182 3726 1241 3776 ὲν
1287 3722 1364 3794 τῷ
1426 3724 1769 3795 βαπτίσματι
1823 3724 1966 3796 ὕδωρ

396 3818 577 3871 ἐστίν’
615 3817 731 3887 ἠδὲ
784 3817 915 3885 ἁγία
972 3816 1145 3886 Τριὰς
1191 3815 1400 3885 νοητῶς
1444 3816 1717 3888 παροῦσα,
1768 3820 1846 3882 εἰς
1899 3818 1969 3890 ἢν

400 3906 756 3979 βαπτίζεσθαι
788 3904 1262 3974 προσετάχθημεν,
1293 3905 1574 3975 χαρίζεται
1609 3905 1707 3977 τὴν
1738 3908 1970 3977 ἀναγὲν-

398 3987 555 4071 νησιν
608 3999 848 4069 ταύτην·
892 3998 923 4051 δ
969 3997 1034 4068 δὴ
1091 3998 1372 4067 βάπτισμα
1426 3999 1519 4051 καὶ
1569 3998 1598 4051 δ
1648 4000 1882 4069 Χριστὸς
1915 4001 1973 4052 ἑ-

398 4092 705 4146 δαπτίσατο
726 4105 744 4125 ο
776 4090 875 4160 οὐχ
924 4088 999 4152 ὡς
1031 4088 1357 4157 καθάρσεως
1385 4089 1660 4159 δεόμενος,
1710 4090 1828 4143 ἀλλ’
1880 4091 1970 4146 ἵνα

397 4182 495 4253 τὴν
552 4180 831 4250 ἡμετέραν
887 4178 1212 4248 ἀνακαινίσῃ
1266 4178 1450 4247 φύσιν,
1513 4180 1607 4234 καὶ
1654 4180 1841 4253 διδάξῃ
1875 4183 1970 4237 καὶ

398 4274 487 4322 τὸν
515 4269 717 4338 τρόπον
764 4267 860 4320 τοῦ
913 4267 1121 4321 τελείου
1173 4267 1548 4337 βαπτίσματος
1572 4285 1588 4301 ο
1621 4270 1691 4324 τά
1723 4271 1832 4340 γὰρ
1866 4274 1970 4342 πρὸ

396 4362 613 4428 τούτου,
639 4362 813 4414 τύπου
842 4363 938 4413 καὶ
980 4359 1302 4428 ἑτοιμασίας
1352 4358 1510 4429 λόγον
1553 4360 1768 4430 ἔχοντα,
1799 4363 1969 4434 ἀτελῆ

395 4450 537 4526 ἦσαν
576 4469 592 4486 ·
657 4453 748 4507 ὅτε
798 4455 896 4508 καί⁸
948 4452 1009 4505 τὸ
1067 4452 1370 4522 μυστήριον
1423 4453 1813 4525 ἀνεφανερὼθη
1868 4457 1970 4527 τῆς

2070 1973 2356 2031 conﬂatur.
2394 1974 2521 2031 Hac
2576 1989 2708 2030 vero
2761 1988 2859 2043 per
2914 1972 3134 2028 sensilia
3188 1972 3303 2026 fieri
3352 1971 3648 2026 traditione

2070 2066 2401 2136 accepimus,
2447 2064 2591 2136 quod
2645 2072 2701 2119 et
2753 2065 2919 2119 homo
2967 2079 3092 2119 cum
3165 2062 3386 2119 sensilia
3427 2063 3519 2126 sit,
3550 2075 3648 2132 per

2071 2157 2310 2222 sensilia,
2347 2156 2412 2211 ad
2444 2171 2507 2213 ea
2539 2172 2660 2227 quae
2701 2156 2968 2227 spiritalia
3020 2166 3167 2219 sunt,
3203 2156 3469 2227 erigatur.
3501 2157 3642 2223 Quia

2072 2265 2201 2305 vero
2242 2251 2297 2305 in
2338 2251 2572 2305 humana
2607 2249 2717 2305 vita
2779 2248 2981 2320 duplex
3041 2248 3281 2305 occurrit
3332 2248 3504 2313 ordo,
3551 2248 3646 2302 alii

2070 2343 2217 2399 enim
2275 2350 2403 2399 sunt
2449 2344 2541 2413 qui
2575 2342 3018 2408 subministrant,
3049 2342 3412 2409 ordinemque
3452 2357 3649 2410 corpo-

2070 2436 2237 2492 ralem
2274 2436 2441 2490 vitam
2469 2436 2688 2507 (nempe
2717 2436 3018 2508 parentes),
3066 2436 3159 2491 alii
3188 2450 3317 2491 vero
3366 2434 3459 2506 qui
3514 2434 3647 2491 sub-

2072 2527 2532 2585 ministrationem
2583 2527 2945 2599 ordinemque
3001 2529 3328 2599 suscipiant,
3360 2529 3452 2597 qui
3487 2526 3647 2581 nimi-

2071 2634 2191 2674 rum
2216 2619 2488 2675 eivitatem
2509 2618 2721 2692 legibus
2739 2618 3061 2686 instituunt,
3084 2634 3148 2675 ae
3176 2634 3275 2689 pro
3298 2619 3650 2699 magistratus

2070 2730 2189 2770 eam
2253 2714 2436 2770 officio
2483 2724 2698 2785 regunt.
2728 2716 2811 2770 Ad
2861 2715 3110 2772 eumdem
3142 2715 3364 2772 modum
3390 2713 3649 2785 spiritalis

2069 2806 2180 2863 vita
2212 2805 2591 2863 constituitur.

2142 2898 2612 2966 Quemadmodum
2654 2899 2821 2970 igitur
2867 2914 3209 2969 unaquaeque
3239 2912 3330 2955 res
3361 2913 3461 2969 per
3484 2913 3650 2967 gene-

2073 2991 2339 3046 rationem
2363 2991 2530 3046 vitam
2556 2992 2786 3062 accepit,
2815 2992 2896 3048 sic
2931 3006 3032 3047 nos
3070 3006 3290 3062 quoque
3335 2990 3638 3046 secundum

2072 3082 2370 3154 apiritaiem
2406 3084 2574 3139 vitam
2614 3099 2711 3155 per
2734 3084 3063 3154 baptismum
3094 3096 3503 3153 regeneramur,
3536 3099 3644 3151 quo

2074 3186 2183 3230 non
2214 3175 2389 3231 solum
2422 3190 2452 3230 a
2482 3176 2676 3246 primis
2734 3174 3055 3247 parentibus
3108 3184 3392 3230 contracta
3439 3173 3645 3244 peccati

2072 3267 2222 3322 labes
2247 3265 2513 3334 aufertur,
2541 3267 2634 3323 sed
2682 3276 2737 3323 et
2764 3267 3030 3338 quidquid
3057 3267 3133 3321 illi
3162 3267 3480 3322 delictorum
3506 3281 3650 3319 com-

2074 3359 2300 3415 missum
2334 3360 2405 3413 sit
2438 3360 2529 3429 qui
2558 3374 2622 3414 eo
2642 3358 3048 3426 initiatur,ante
3062 3358 3391 3426 baptismum
3416 3357 3643 3413 scilicet.

2072 3466 2182 3506 non
2200 3465 2318 3522 quae
2336 3461 2458 3520 post
2480 3450 2656 3519 ipsum
2674 3444 3106 3504 committuntur.
3136 3448 3204 3502 Ut
3236 3449 3381 3502 enim
3414 3452 3484 3502 a't
3517 3448 3653 3500 (ἰτρ-

2072 3543 2259 3613 gorius
2284 3541 2623 3611 Theologus:
2648 3560 2665 3593 ι
2689 3539 3074 3595 “emissionem
3112 3539 3271 3595 habet
3300 3554 3486 3596 eorum
3517 3540 3654 3593 duli-

2073 3641 2419 3704 ctorumquae
2434 3631 2721 3688 commissa
2735 3642 2880 3695 sunt,
2906 3647 3009 3686 non
3033 3646 3154 3701 quae
3173 3633 3371 3686 commi
3401 3640 3607 3686 tuntur.
3624 3649 3646 3684 ι

2144 3726 2297 3794 Quod
2348 3725 2513 3795 igitur
2560 3724 2616 3778 in
2657 3723 2931 3794 baptismo
2960 3723 3317 3793 conSpicuum
3373 3732 3476 3788 cst,
3507 3738 3658 3792 aqua-

2074 3829 2176 3886 est,
2223 3827 2411 3873 sancta
2462 3817 2676 3871 trinitas
2728 3831 2861 3873 vero
2892 3815 3211 3886 spiritaliter
3268 3816 3535 3870 assistens
3568 3818 3646 3885 (in

2062 3897 2238 3979 ‘quam
2286 3908 2547 3977 baptizari
2589 3916 2920 3977 przeecptum
2956 3903 3292 3974 accepimus)
3332 3906 3471 3959 hanc
3503 3920 3652 3973 rege-

2078 4000 2413 4056 nerationem
2447 3998 2657 4055 tribuit.
2709 3996 2881 4065 Quem
2923 3997 3254 4068 baptismum
3293 3996 3457 4050 etiam
3494 3997 3653 4050 Chri-

2079 4101 2196 4147 stus
2227 4090 2505 4162 suscepit;
2529 4105 2635 4146 non
2669 4091 2827 4160 quasi
2862 4091 2976 4160 ipse
3012 4089 3400 4143 emundatioue
3440 4087 3651 4158 indige-

2078 4193 2182 4248 ret,
2218 4183 2311 4239 sed
2345 4190 2403 4237 ut
2438 4191 2688 4237 naturam
2734 4189 2976 4236 nostram
3025 4180 3310 4234 innovaret
3342 4194 3404 4233 ac
3445 4179 3651 4233 instau-

2077 4288 2245 4343 raret,
2295 4277 2625 4345 modumque
2657 4290 2757 4329 nos
2782 4273 3006 4342 perfecti
3035 4273 3381 4343 baptismatis
3409 4272 3651 4327 doceret.

2062 4370 2209 4437 Quae
2260 4370 2403 4425 enim
2455 4370 2636 4439 priera
2676 4368 3017 4433 exstiterant,
3049 4384 3173 4423 cum
3205 4367 3388 4436 ﬁgurae
3414 4380 3477 4421 ac
3513 4380 3652 4434 prae-

2077 4461 2377 4532 parationis
2448 4461 2715 4514 rationem
2774 4458 3057 4522 haberent,
3094 4457 3410 4527 imperfecta
3460 4466 3651 4520 erant,

396 4545 558 4613 άγίας
610 4542 863 4613 Τριάδος,
907 4541 1002 4595 τοῦ
1056 4543 1154 4611 μὲν
1207 4542 1605 4612 βαπτιζομένου
1639 4544 1771 4598 Υἰοῦ
1827 4547 1967 4615 ἀγα-

2075 4553 2291 4623 quando
2312 4550 2564 4604 nimirum
2591 4549 2752 4603 etiam
2778 4559 2979 4604 sancta:
3009 4546 3294 4603 Trinitatis
3330 4546 3651 4617 mysterium

399 4635 607 4688 πᾶσθαι
644 4634 796 4704 παρὰ
822 4632 917 4686 τοῦ
946 4633 1159 4703 Πατρὸς
1202 4633 1629 4705 ὁμολογηθέντος
1658 4636 1746 4689 διὰ
1776 4638 1964 4708 φωνῆς

398 4728 476 4789 εἰς
540 4727 633 4779 τὸν
687 4727 824 4794 ἀέρα
891 4722 1258 4797 τυπωθείσής,
1297 4718 1421 4779 οιαὶ
1469 4727 1569 4789 τὰς
1617 4726 1967 4799 ἀνθρωπίνας

400 4818 571 4882 ἀκοὰς
628 4818 1022 4888 πληρωσάσης,
1071 4816 1167 4870 τοῦ
1215 4819 1273 4872 δὲ
1318 4818 1480 4886 ἁγίου
1540 4820 1858 4891 Πνεύματος
1911 4824 1969 4877 ὲν

395 4911 524 4963 εῖδει
565 4910 864 4979 σωματικῷ
908 4910 1241 4980 περιστερᾶς
1288 4910 1381 4964 ἐπὶ
1425 4909 1517 4964 τὸν
1569 4910 1971 4983 βαπτιζόμενον

398 5004 797 5064 καταπτάντος.

468 5093 637 5147 Πάλιν
667 5094 790 5145 ἐπεὶ
819 5093 879 5145 τὸ
906 5090 1168 5161 γεννηθὲν
1193 5092 1281 5145 διὰ
1301 5095 1402 5163 τῆς
1434 5092 1719 5162 αὐξήσεως
1748 5094 1843 5148 ἐπὶ
1869 5094 1969 5164 τὴν

394 5183 746 5252 ὀφειλομένην
792 5183 1071 5251 ποσότητα
1126 5184 1388 5253 καταντᾷ,
1434 5182 1637 5235 δίδοται
1687 5183 1785 5235 καὶ
1834 5185 1967 5254 ἡμῖν

394 5275 669 5341 τελειότης
727 5272 1110 5342 πνευματικῆς
1177 5273 1361 5342 ἰσχύος
1418 5274 1506 5326 διά
1561 5274 1662 5342 τῆς
1710 5274 1805 5328 τοῦ
1863 5278 1967 5345 μύ-

400 5383 491 5435 ρου
524 5365 635 5437 (72)
667 5365 899 5434 κρίσεως
926 5380 940 5396 ο
970 5366 1028 5433 ἐν
1050 5364 1222 5433 τούτῳ
1271 5364 1380 5436 γὰρ
1409 5364 1683 5419 δείκνυται
1716 5383 1965 5437 πνευμα-

396 5456 522 5525 τικὴ
555 5456 731 5525 ἰσχὺς,
758 5456 889 5509 ὅταν
917 5454 1025 5525 τὴν.
1057 5454 1153 5509 τοῦ
1184 5456 1422 5524 Χριστοῦ
1451 5456 1636 5509 πίστιν
1674 5457 1966 5527 τολμῶμεν

398 5546 630 5600 ἐνώπιον
653 5548 871 5602 πάντων
899 5547 1184 5618 ὁμολογεῖν
1203 5563 1218 5580 ο
1249 5548 1346 5600 καὶ
1379 5546 1453 5619 μὴ
1486 5548 1574 5601 διά
1601 5565 1719 5602 τινα
1773 5549 1962 5620 αἰσχύ-

468 5753 579 5818 (Ἠ)
615 5752 776 5821 tireg.
814 5761 954 5807 orat.
986 5752 1077 5807 40.

2071 4646 2406 4701 declaratum
2451 4651 2555 4708 est,
2591 4641 2748 4707 Filio,
2826 4640 2920 4709 qui
2980 4639 3378 4708 baptizabatur,
3414 4650 3652 4711 paterna

2074 4754 2205 4793 voce
2234 4737 2287 4790 in
2317 4749 2443 4789 acre
2478 4733 2730 4795 formata,
2751 4730 3153 4798 hominumque
3186 4742 3345 4782 aures
3374 4727 3649 4805 implente,

2075 4830 2194 4898 ejus
2242 4825 2551 4881 dilectionis
2597 4824 2931 4893 prazconium
2997 4822 3270 4888 habente;
3338 4838 3402 4875 ac
3444 4821 3650 4891 Spiritu

2078 4929 2269 4973 sancto
2301 4918 2353 4970 in
2392 4917 2569 4986 specie
2601 4915 2878 4985 corporali
2923 4914 3191 4969 columba:
3234 4912 3289 4967 in
3338 4913 3515 4984 ipsum
3556 4914 3651 4967 de,

2080 5012 2396 5065 scendente.

2148 5099 2357 5154 Rursus
2391 5112 2536 5163 vero,-
2570 5097 2695 5166 quia
2728 5096 2872 5166 quod
2906 5107 3093 5150 natum
3118 5106 3222 5162 est,
3256 5112 3350 5167 per
3386 5114 3650 5166 augmen-

2077 5199 2188 5244 tum
2220 5190 2284 5243 ad
2320 5190 2555 5244 debitam
2597 5189 2817 5243 devenit
2840 5189 3227 5259 quantitatem,
3253 5190 3409 5243 nohis
3435 5205 3650 5260 quoque

2075 5298 2169 5351 per
2204 5288 2466 5352 unguenti
2500 5282 2809 5336 unctionem
2846 5282 3105 5352 spiritalis
3139 5282 3354 5335 roboris
3388 5281 3649 5348 perfectio

2071 5374 2369 5429 confertur.
2408 5374 2465 5428 in
2513 5376 2615 5428 hoc
2665 5375 2809 5428 enim
2861 5376 3040 5429 elucet
3091 5374 3336 5444 spiritale
3387 5371 3551 5425 robur
3582 5388 3647 5425 ac

2068 5465 2350 5535 perfectio,
2377 5481 2501 5520 cum
2532 5465 2734 5519 Christi
2768 5464 2927 5519 fidem
2954 5466 3007 5518 in
3038 5473 3331 5533 conspectu
3360 5462 3642 5514 hominum

2069 5554 2308 5610 confiteri
2358 5556 2641 5621 audemus,
2684 5570 2783 5610 nec
2835 5555 2944 5609 ullo
2989 5554 3193 5623 pudore
3232 5561 3327 5607 ant
3366 5566 3509 5608 metu
3547 5569 3641 5608 seu

466 5825 579 5893 (7.!)
617 5818 1302 5893 Unguentisacramcntum
1345 5818 1515 5876 nostri
1569 5829 1765 5878 vocant
1816 5821 2321 5879 Confirmationcm.
