4056 6266
325 404 431 473 601

1343 413 1440 471 DE
1477 413 1906 473 i’RlNClPllS
1948 412 2160 474 FIDE]
2201 412 2669 474 CATHOLlCIE.

3495 410 3602 473 602

328 541 428 576 του
455 539 468 554 ο
503 540 523 573 ι
559 522 654 574 καὶ
682 522 844 592 μέχρι
873 522 964 576 τοῦ
989 521 1084 577 νῦν
1110 523 1295 592 ἐξάγει
1323 525 1388 578 τὰ
1417 525 1525 578 ῐδια
1568 525 1908 594 βλαστήματα

2022 528 2228 582 dixisse
2263 545 2278 580 :
2315 546 2334 578 ‹
2393 525 2602 580 Educet
2645 534 2789 579 terra
2820 524 3042 579 herbam
3088 521 3313 586 freni“;
3365 541 3383 573 ›
3417 524 3599 576 hacte-

325 615 404 685 τῷ
426 613 552 680 Θείῳ
581 616 962 684 προστάγματι
1007 617 1442 686 συνελαυνομένη
1500 618 1592 670 καὶ
1623 611 1902 686 ίδυναμου·

329 705 470 778 μένη
505 722 518 737 ·
543 705 686 759 οὕτω
709 707 802 758 καὶ
835 705 993 759 τοῦτο
1013 707 1412 775 ὑπηρετοῦντος
1440 707 1534 760 τοῦ
1567 708 1757 777 ἱερέως
1816 725 1907 761 πι-

327 797 593 866 στεύομεν
624 796 874 864 γίνεσθαι
907 815 920 830 ·
954 798 1096 851 ὥστε
1124 801 1216 851 τδν
1243 799 1406 869 ἄρτον
1441 800 1522 862 εἰς
1553 799 1712 869 σῶμα
1742 797 1905 852 αὑτοῦ

323 887 531 940 καὶτὸν
561 881 706 961 οἶνον.
731 887 810 950 εἰς
864 881 1005 958 αἷμα
1032 887 1196 942 αὐτοῦ
1232 889 1660 958 μεταϐάλλεσθαι
1693 890 1780 944 διὰ
1809 890 1906 960 τὴν

322 978 418 1032 τοῦ
451 978 700 1042 εἰπόντος
726 977 975 1048 δύναμιν.
1003 981 1110 1033 Καὶ
1137 979 1212 1044 ὥς
1250 998 1414 1050 φησιν
1440 981 1468 1034 ὀ
1494 981 1637 1045 θεῖος
1696 982 1906 1050 Χρυσό-

325 1085 525 1137 στομος
554 1068 688 1140 (75),
729 1087 747 1121 ι
793 1070 985 1140 Σχῆμα
1015 1069 1438 1141 μόνον-πληρῶν
1475 1059 1588 1140 (76)
1617 1073 1849 1140 ἕστηκεν
1879 1075 1906 1126 ὁ

327 1160 511 1230 tapeti;
539 1178 554 1192 ’
579 1163 612 1231 ὴ
643 1162 700 1216 δὲ
728 1161 958 1232 δύναμις
993 1163 1142 1215 πᾶσα
1167 1162 1275 1216 τῶν
1301 1163 1473 1230 λόγων
1503 1165 1673 1219 ἐστίν.
1713 1185 1732 1216 ι
1797 1167 1906 1218 Atio

322 1253 415 1316 τὸς
441 1253 552 1324 γὰρ
578 1255 822 1325 εἴρηκεν,
853 1274 871 1308 ι
927 1255 1050 1309 Ἐὰν
1090 1258 1163 1326 μὴ
1201 1257 1413 1326 φάγητε
1436 1258 1532 1328 τὴν
1585 1259 1760 1326 σάρκα
1810 1258 1904 1311 τοῦ

324 1344 456 1396 Υίοῦ
485 1345 578 1398 τοῦ
613 1345 925 1416 ἀνθρώπου,
962 1348 1052 1399 καὶ
1079 1347 1239 1417 πίητε
1273 1347 1438 1400 αὑτοῦ
1489 1349 1550 1401 τὺ
1601 1344 1762 1415 αἷμα,
1793 1331 1908 1402 οὐκ

325 1435 478 1504 ἔχετε
506 1436 650 1506 ζωὴν
672 1438 729 1489 ἑν
756 1438 991 1500 ἑαυτοῖς.
1031 1437 1094 1491 'H
1133 1439 1241 1509 γὰρ
1264 1439 1402 1508 σάρξ
1435 1457 1538 1508 μου
1559 1439 1768 1510 ἀληθής
1791 1441 1904 1493 ἐστι
1929 1486 1938 1495 .

327 1527 549 1597 βρῶσις.
583 1547 603 1580 ι
638 1528 750 1581 Καὶ
770 1529 954 1592 πάλιν,
1012 1548 1030 1581 ι
1081 1528 1144 1583 '0
1197 1529 1426 1599 τρώγων
1467 1547 1535 1599 με
1594 1530 1842 1597 ζήσεται.
1882 1549 1902 1581 ι

227 1617 230 1620 ”
325 1619 492 1673 Ὅθεν
517 1621 683 1689 χωρὶς
715 1621 893 1689 πάσης
923 1620 1249 1690 ἀμφιϐολίας
1279 1619 1527 1689 μετέχειν
1559 1621 1736 1673 αὐτῶν
1755 1619 1905 1688 ὀφεί-

323 1708 512 1777 λομεν,
542 1707 788 1780 καθαρὰν
817 1710 910 1762 καὶ
941 1708 1164 1778 βεϐαίαν
1197 1710 1325 1777 περὶ
1355 1709 1536 1763 αὐτῶν
1580 1709 1793 1778 ἔχοντες
1821 1709 1909 1761 πί·-

327 1785 447 1855 σξιν
483 1815 498 1830 ⁶
522 1804 640 1865 καὶ,
667 1801 743 1865 ὥς
788 1808 891 1854 ¹Ιτου
927 1803 1089 1871 φησὶν
1114 1803 1142 1854 ὁ
1171 1801 1312 1864 θεῖος
1344 1801 1730 1872 Χρυσόστομος
1765 1803 1904 1870 (77),

325 1892 469 1947 οὕτω
503 1893 836 1947 διατίθεσθαι
861 1893 1092 1949 ἕκαστον
1118 1895 1230 1958 τοῖς
1255 1893 1420 1956 θείοις
1469 1892 1907 1963 προσερχόμενον

329 1987 670 2055 μυστηρίοις,
735 1987 924 2056 ὥσπερ
982 1988 1092 2040 ἀπὸ
1149 1989 1247 2057 τῆς
1296 1989 1391 2041 τοῦ
1428 1975 1637 2057 Κυρίου
1667 1986 1908 2055 πλευρᾶς

324 2077 533 2126 τούτων
565 2075 1066 2146 μεταλαμϐάνοντα.
1107 2077 1168 2129 Εἰ
1203 2077 1275 2146 μὴ
1316 2079 1425 2148 γὰρ
1451 2077 1593 2130 οὕτω
1630 2077 1757 2146 περὶ
1788 2075 1909 2128 τού-

324 2183 434 2219 των
468 2166 824 2238 πιστεύομεν,
843 2169 904 2221 οὐ
949 2168 1108 2235 μόνον
1146 2169 1296 2222 οὐδὲν
1345 2171 1472 2239 παρ’
1520 2169 1699 2222 αὐτῶν
1756 2169 1908 2238 ὠφε-

326 2255 566 2325 λούμεθα
589 2257 682 2310 διὰ
707 2256 804 2328 τὴν
845 2257 1104 2311 ἀπιστίαν
1137 2260 1316 2330 ἡμῶν,
1352 2259 1488 2314 ἀλλὰ
1515 2260 1608 2312 καὶ
1647 2261 1728 2322 είς
1779 2263 1909 2314 αἰω-

329 2348 449 2401 νίαν
482 2348 808 2420 κατάκρισιν
841 2352 1014 2404 ταῦτα
1041 2351 1544 2422 μεταλαμϐάνεται.
1601 2351 1674 2406 Τὸ
1703 2352 1748 2405 δ’
1775 2353 1906 2405 αὐτὸ

327 2439 384 2492 δὲ
419 2439 724 2510 συμϐαίνει,
759 2442 854 2494 καὶ
881 2443 928 2495 εἰ
951 2442 1151 2513 πλῆθος
1178 2439 1182 2442 ’
1205 2442 1620 2514 ἁμαρτημάτων
1667 2443 1904 2513 ἔχοντες,

333 2531 500 2600 μηδὲν
553 2531 1031 2602 προκαθαρθέντες
1095 2533 1301 2587 τούτων
1393 2534 1929 2605 μεταλαμϐάνομεν.·

331 2621 439 2673 Καὶ
472 2620 582 2691 γὰρ
617 2622 791 2690 ὅμοιοι
821 2621 1046 2693 δόξομεν
1079 2626 1191 2688 τοῖς
1223 2623 1568 2695 σπαράκτσις
1602 2625 1695 2678 τοῦ
1724 2624 1910 2695 σῶμα-

328 2731 438 2788 τοςς
486 2712 581 2767 τοῦ
634 2713 891 2782 Χριστοῦ.
953 2718 1044 2768 Διό
1090 2734 1253 2786 φησιν
1310 2720 1338 2771 ὁ
1388 2720 1529 2781 θεῖος
1560 2719 1904 2782 Ἀπόστολος,

334 2823 354 2858 ι
393 2808 745 2873 Δοκιμαζέτω
777 2806 1006 2870 ἕκαστος
1031 2809 1243 2874 ἑαυτὸν,
1273 2811 1366 2861 καὶ
1394 2809 1564 2872 οὕτως
1599 2813 1661 2864 ὲκ
1693 2812 1785 2864 τοῦ
1808 2813 1908 2880 ἄρ·

329 2915 423 2952 του
481 2900 727 2966 ὲσθιὲτω,
789 2900 884 2953 καὶ
941 2903 1006 2953 ἐκ
1050 2900 1143 2954 τοῦ
1176 2903 1435 2971 ποτηρίου
1465 2903 1657 2956 πιὲτω.
1695 2921 1714 2954 ι
1779 2905 1903 2968 Καὶ,

335 3011 354 3044 ι
401 2993 462 3046 Ὀ
485 2993 718 3056 ἀναξίως
743 2993 1175 3062 μεταλαμϐάνων
1197 2993 1288 3046 τοῦ
1320 2991 1572 3064 σώματοξ
1603 2995 1700 3048 καὶ
1738 2996 1908 3063 αἵμα-

327 3096 419 3142 τος
453 3080 542 3132 τοῦ
572 3079 810 3151 Χριστοῦ
846 3080 1023 3150 κρίμα
1047 3082 1227 3152 ὲαυτῷ
1253 3083 1424 3137 ἐσθίει
1451 3085 1544 3137 καὶ
1588 3085 1754 3149 πίνει,
1814 3086 1907 3138 καὶ

329 3169 512 3239 ῑνοχος
541 3171 691 3225 ἔσται
712 3172 805 3225 τοῦ
835 3171 1084 3242 σώματος
1112 3175 1208 3226 καὶ
1227 3173 1456 3244 αἵματος
1490 3175 1584 3228 τοῦ
1607 3177 1867 3246 Χριστοῦ,
1885 3197 1902 3228 ι

401 3262 546 3330 Πρὸς
567 3263 692 3323 τοὺς
720 3262 899 3316 τοίνυν
928 3261 1321 3334 διαποροῦντας
1343 3265 1473 3332 περὶ
1503 3265 1604 3336 τῆς
1656 3267 1764 3320 ἀπὸ
1810 3267 1910 3320 τοῦ

329 3349 496 3420 ἄρτου
525 3353 732 3422 καὶ-τοῦ
761 3350 905 3405 οἴνου
940 3353 1020 3416 εἰς
1043 3353 1104 3405 τὸ
1134 3353 1294 3427 σῶμα
1334 3355 1428 3409 καὶ
1452 3352 1596 3426 αἷμα
1647 3357 1744 3411 τοῦ
1778 3359 1912 3428 Χρι-

331 3441 458 3495 στοῦ
506 3443 813 3514 μεταϐολῆς
866 3443 965 3515 τὴν
1019 3443 1247 3516 δύναμιν
1278 3446 1370 3500 τοῦ
1417 3447 1552 3502 Θεοῦ
1615 3450 1913 3518 προϐαλλό-

333 3535 496 3602 μεθα.
552 3536 615 3588 Ei
658 3535 766 3607 γὰρ
813 3536 1135 3606 ὁμολογοῦσι
1187 3539 1279 3594 τὸν
1309 3538 1442 3593 Θεὸν
1496 3541 1898 3610 παντοδύναμον

333 3621 494 3690 εἶναι,
532 3624 682 3677 οὐδὲν
712 3624 870 3678 τοῦτο
890 3625 1334 3698 διαπορήσουσιν.
1370 3628 1430 3680 Ei
1465 3628 1572 3697 γὰρ
1631 3629 1773 3682 κατὰ
1822 3629 1912 3681 δύο

332 3732 499 3785 ναμιν
521 3715 755 3787 φυσικὴν
785 3719 818 3788 ή
850 3717 1186 3788 ὑποκειμένη
1215 3719 1308 3772 τοῦ
1337 3719 1498 3788 ἀέρος
1533 3719 1633 3792 ὒλη
1689 3721 1909 3774 δύναται

332 3809 473 3860 κατὰ
491 3807 550 3860 τὸ
579 3803 716 3871 εἶδος
752 3809 1106 3878 μεταϐάλλειν
1130 3810 1207 3872 εἰς
1234 3808 1366 3880 πῦρ,
1406 3808 1588 3879 πολλῷ
1638 3811 1840 3879 μᾶλλον
1872 3812 1904 3880 ή

331 3898 422 3952 τοῦ
452 3898 588 3952 Θεοῦ
620 3899 870 3971 δύναμις,
902 3901 979 3966 ὡς
1005 3901 1134 3971 ὃλην
1155 3902 1253 3972 τὴν
1277 3901 1468 3956 οὐσίαν
1501 3901 1612 3955 τῶν
1645 3904 1912 3972 πραγμά-

330 3991 438 4042 τὼν
457 3991 802 4060 παρήγαγεν,
832 3993 892 4044 οὐ
919 3992 1038 4044 κατ’
1058 3989 1196 4054 εῐδος
1231 3993 1388 4061 μόνον
1421 3995 1717 4062 μεταϐαλεῖ
1742 4009 1756 4025 ο
1777 3995 1912 4049 ἀλλὰ

334 4081 395 4132 τὸ
433 4081 790 4150 ὑποκείμενον
817 4081 938 4134 ὅλον
959 4082 1053 4136 τοῦ
1071 4083 1237 4152 ἄρτου
1259 4083 1354 4136 καὶ
1381 4083 1475 4136 τοῦ
1505 4085 1647 4138 οἴνου
1665 4087 1743 4148 εἰς
1783 4087 1918 4138 ὑπο-

335 4172 584 4241 κείμενον
650 4174 827 4245 σάρκα
871 4176 969 4228 καὶ
995 4216 1003 4223 .
1029 4169 1170 4246 αἷμα
1213 4177 1597 4244 μεταποιήσει.
1650 4177 1710 4230 Ei
1741 4177 1796 4231 δέ
1823 4167 1916 4242 ’τις

337 4268 497 4320 πάλιν
533 4265 621 4319 διὰ
647 4266 716 4320 τὰ
733 4269 799 4337 τῇ
852 4267 1101 4338 αἰσθήσει
1153 4269 1458 4339 φαινόμενα
1512 4272 1611 4341 τῇ,
1636 4272 1908 4344 μεταϐολῇ

335 4357 506 4429 ταύτῃ
541 4356 834 4423 διαπιστεῖ,
863 4359 1192 4411 κατανοείτω
1223 4361 1305 4412 ὅτι
1333 4359 1402 4412 τὰ
1443 4360 1562 4414 θεῖα
1589 4362 1722 4430 ἡμῖν
1769 4362 1915 4417 οὕτω

1997 635 2224 681 .nusque
2252 619 2434 672 divino
2459 618 2794 692 impellente,
2815 632 2878 671 ac
2890 616 2998 669 vim
3023 616 3291 682 pra-benis
3310 611 3598 683 prrccepto,

2011 708 2256 777 germina
2280 723 2382 762 sua
2407 708 2673 771 educere;
2717 708 2796 761 sic
2849 719 3067 774 quoque
3116 704 3259 758 istud
3302 704 3600 757 sacerdotis

2010 801 2316 855 ministerio
2333 802 2650 871 contingere
2677 798 2952 854 credimus
2969 838 2982 861 ,
3005 804 3129 849 utet
3150 798 3305 865 panis
3323 796 3376 849 in
3401 811 3600 873 corpus

2010 891 2148 958 ejus,
2185 903 2240 946 et
2267 893 2454 946 vinum
2491 893 2544 947 in
2584 892 2904 962 sanguinem
2948 896 3357 950 convertantur,
3385 888 3453 941 ob
3480 889 3599 955 ejus

2009 985 2100 1055 qui
2131 984 2269 1038 dixit
2291 987 2610 1051 potentiam.
2658 983 2722 1036 Et
2751 993 2809 1037 ut
2834 983 2910 1037 ait
2941 967 3544 1052 divus'Chrysostomus
3581 995 3597 1032 :

2016 1096 2033 1128 ι
2083 1075 2202 1132 Stat
2252 1079 2506 1130 sat-erdos
2561 1077 2738 1130 solum
2801 1075 3030 1130 formam
3089 1077 3321 1141 implens
3370 1081 3470 1126 :at
3519 1072 3600 1124 vis

2009 1170 2189 1223 omnis
2237 1171 2526 1223 verborum
2572 1176 2672 1222 est.
2714 1187 2732 1220 ›
2791 1167 2909 1236 Ipse
2959 1167 3102 1222 enim
3163 1167 3298 1220 dixit
3348 1150 3440 1218 τ’(
3487 1162 3598 1215 Nisi

2010 1261 2477 1316 manducaveritis
2495 1275 2713 1314 carnem
2736 1259 2855 1313 Filii
2884 1259 3120 1313 hominis
3144 1264 3196 1312 et
3215 1257 3463 1312 biberitis
3482 1255 3601 1321 ejus

2009 1355 2351 1423 sanguinem,
2403 1368 2514 1407 non
2573 1352 2844 1406 habebitis
2877 1353 3043 1405 vitam
3091 1353 3143 1404 in
3188 1350 3360 1404 vobis.
3391 1367 3409 1400 ›
3461 1349 3600 1402 Caro

2009 1444 2152 1498 enim
2199 1456 2320 1498 mea
2377 1458 2538 1497 verus
2584 1453 2670 1496 est
2720 1442 2894 1496 cibus.
2938 1460 2956 1493 ι
3008 1441 3074 1494 Ει
3122 1455 3366 1504 rursum,
3423 1458 3441 1489 ι
3491 1437 3597 1504 Qui

2009 1537 2301 1591 manducat
2393 1551 2512 1602 me,
2584 1535 2811 1589 vivet".
2858 1554 2876 1586 ι
2939 1534 3123 1600 Itaque
3190 1534 3327 1587 citra
3380 1546 3597 1584 omnem

2009 1629 2413 1698 dubitationem
2468 1627 2558 1681 illa
2631 1626 2893 1681 debemus
2959 1624 3278 1691 percipere,
3342 1621 3599 1674 mundam

2011 1719 2334 1788 ﬁrmamque
2382 1719 2448 1772 de
2488 1719 2598 1771 illis
2626 1717 2894 1772 habentes
2937 1716 3118 1770 ﬁdem.
3160 1713 3222 1767 Et
3268 1723 3326 1767 ut
3361 1713 3599 1782 quodam

2011 1812 2133 1865 loco
2180 1810 2506 1880 aitgdivinus
2535 1810 2979 1880 Chrysostomus,
3022 1808 3102 1862 sic
3147 1807 3387 1876 quisque
3417 1805 3602 1858 animo

2011 1905 2232 1960 aﬂ'ectus
2259 1903 2322 1957 ad
2360 1903 2544 1956 divina
2581 1904 2810 1956 accedat
2845 1903 3105 1972 mysteria
3138 1915 3318 1968 operae
3366 1898 3601 1968 pretium

2011 1981 2096 2050 est
2128 2010 2142 2047 :
2180 2013 2199 2045 ι
2239 1994 2312 2046 Ac
2349 1994 2394 2047 si
2428 2007 2490 2046 ex
2523 1994 2647 2080 i’pso
2674 1993 2884 2046 Domini
2915 1993 3084 2046 latere
3116 1991 3421 2045 bausturus
3455 1989 3546 2042 sit.
3581 2007 3598 2038 ι

2011 2086 2124 2140 Nisi
2174 2087 2317 2141 enim
2365 2100 2486 2140 eam
2521 2079 2590 2139 de
2632 2083 2743 2138 illis
2777 2083 2934 2138 [idem
2986 2081 3365 2141 habuerimus,
3402 2079 3600 2133 nedum

2010 2177 2145 2232 nihil
2199 2192 2264 2232 ex
2319 2178 2400 2232 eis
2451 2176 2662 2231 fructus
2709 2189 3110 2243 consequemur
3141 2173 3212 2226 ob
3243 2181 3487 2227 nostram
3518 2170 3604 2223 iu-

2009 2269 2408 2334 credulitatem,
2453 2282 2644 2322 verum
2679 2266 2843 2320 etiam
2894 2267 2960 2318 ad
3009 2273 3271 2318 aeternam
3318 2264 3433 2317 haec
3476 2277 3602 2317 con-

2009 2359 2411 2416 demnationem
2479 2372 2786 2413 sumemus.
2844 2355 3105 2424 idemque
3182 2354 3496 2425 contingit,
3553 2353 3602 2406 si

2010 2457 2381 2521 praegravante
2443 2457 2792 2517 peccatorum
2857 2446 3112 2509 sarcina,
3179 2444 3355 2514 iisque
3416 2443 3604 2497 inultis

2009 2528 2393 2604 obruti,'nulla
2433 2538 2633 2606 praevia
2663 2536 3075 2598 emendatione,
3106 2551 3168 2590 ea
3207 2535 3595 2605 purcipiamus.

2013 2631 2222 2686 Etenim
2279 2632 2348 2684 iis
2394 2631 2604 2686 similes
2659 2630 2990 2693 videbimur,
3021 2629 3112 2698 qui
3145 2629 3359 2682 Domini
3403 2643 3606 2697 corpus

2012 2728 2336 2781 dilacerant.
2372 2723 2578 2778 Idcirco
2621 2722 2697 2776 ait
2729 2723 3026 2790 Apostolus
3063 2738 3077 2774 :
3122 2740 3140 2772 ι
3183 2721 3382 2774 Probet
3422 2729 3602 2774 autem

2011 2815 2246 2882 scipsum
2289 2811 2474 2874 homo,
2528 2817 2582 2864 et
2641 2811 2722 2864 sic
2783 2807 2889 2860 diei
2951 2822 3092 2876 pane
3145 2807 3238 2859 illo
3284 2808 3415 2860 edat
3453 2819 3507 2859 et
3540 2809 3607 2859 de

2012 2901 2182 2956 calice
2211 2897 2442 2953 bibat“.
2468 2916 2486 2950 ι
2520 2897 2619 2951 Et:
2656 2914 2675 2946 ι
2706 2895 2807 2962 Qui
2839 2895 3060 2964 indigne
3091 2894 3374 2960 pnesuinit
3400 2909 3604 2961 corpus

2010 3002 2064 3048 et
2115 2990 2434 3060 sanguinem
2479 2989 2710 3050 Christi,
2761 2987 3028 3058 judicium
3077 2986 3179 3041 sibi
3229 2987 3521 3039 inanitur-at
3554 2995 3608 3039 et

2014 3084 2168 3150 bibit,
2193 3082 2407 3152 eritque
2437 3095 2563 3136 reus
2588 3080 2835 3150 corporis
2864 3087 2916 3134 et
2953 3078 3238 3149 sanguinis
3261 3077 3556 3133 Christi".
3583 3095 3602 3127 ι

2089 3256 2170 3311 Ad
2215 3237 2312 3312 eos
2339 3272 2467 3327 ergo
2495 3257 2586 3326 qui
2614 3256 2866 3311 dubitant
2892 3255 2958 3309 de
2990 3254 3346 3310 conversione
3373 3255 3526 3319 panis
3553 3261 3609 3307 et

2018 3350 2128 3403 viui
2158 3349 2211 3404 in
2255 3350 2454 3405 Christi
2485 3364 2682 3419 corpus
2713 3359 2765 3402 et
2810 3348 3152 3418 sanguinem,
3179 3347 3278 3400 Dei
3305 3349 3607 3416 potentiam

2018 3444 2367 3513 opponimus.
2426 3441 2562 3496 Nam
2615 3442 2661 3496 si
2701 3441 2869 3494 Deum
2920 3442 3350 3509 omnipotentem
3414 3455 3612 3510 agnos-

2022 3543 2174 3597 cunt,
2209 3533 2356 3586 nulla
2416 3531 2494 3586 rei
2553 3531 2717 3597 hujus
2765 3531 2997 3585 harrebit
3044 3531 3336 3584 dubitatio.
3362 3531 3416 3585 Si
3463 3533 3608 3586 enim

2023 3625 2258 3680 naturali
2290 3625 2341 3679 vi
2394 3624 2638 3693 subjecta
2673 3623 2816 3676 aeris
2851 3625 3076 3676 materia
3109 3624 3160 3676 in
3192 3625 3368 3692 ignem
3409 3626 3608 3677 mutari

2019 3717 2232 3786 potest};
2310 3715 2508 3779 potiori
2577 3713 2735 3783 longe
2808 3715 3024 3769 ratione
3098 3713 3192 3769 Dei
3255 3714 3448 3780 virtus,
3514 3718 3608 3782 qui

2020 3785 2237 3860 omnem
2313 3818 2495 3860 rerum
2589 3803 2956 3858 substantiam
3039 3803 3343 3874 produxit,
3409 3785 3660 3858 nedum-

2021 3898 2322 3955 secundum
2382 3896 2654 3966 speciem,
2685 3911 2872 3951 verum
2921 3896 3084 3951 etiam
3143 3906 3308 3949 totam
3354 3896 3507 3964 panis
3555 3905 3613 3951 et

2022 3991 2133 4046 vini
2169 3990 2556 4054 substantiam,
2586 3989 2639 4042 iu
2693 3987 2877 4044 carnis
2923 4003 2986 4042 ac
3025 3987 3315 4056 sanguinis
3350 3989 3609 4042 substan-

2022 4083 2150 4136 tiam
2182 4081 2437 4135 mutabit.
2477 4081 2570 4135 Sin
2601 4091 2783 4134 autem
2829 4095 3021 4134 rursus
3045 4079 3266 4145 aliquis,
3289 4079 3364 4158 'ob
3394 4094 3456 4133 ea
3489 4094 3611 4147 quas

2019 4173 2204 4230 sensui
2224 4180 2510 4243 apparent,
2538 4173 2666 4226 huic
2691 4171 3135 4226 transmutatioui
3169 4171 3395 4238 abrogat
3423 4171 3605 4234 tidem,

2020 4267 2222 4338 cogitet
2267 4263 2674 4320 divinatnobis
2745 4264 2815 4316 ita
2883 4262 3144 4333 proponi,
3203 4271 3260 4316 ut
3316 4263 3605 4317 sensilium

2021 4373 2204 4412 rerum
2255 4356 2539 4410 involucro
2573 4355 2785 4410 obtecta
2815 4355 2943 4409 sint.
2975 4355 3143 4422 quue
3184 4354 3320 4408 adeo
3355 4354 3405 4406 in
3437 4367 3605 4406 causa

338 4446 725 4516 προϐάλλονται
750 4446 825 4508 ὡς
850 4446 954 4499 ὑπὸ
980 4447 1442 4518 παραπετάσμασι
1466 4451 1575 4512 τοῖς
1598 4448 1899 4520 αἰσθητοῖς.

2014 4459 2117 4515 est,
2145 4465 2242 4502 cur
2265 4449 2368 4502 sub
2406 4446 2562 4516 panis
2587 4446 2806 4516 vinique
2833 4445 3096 4516 symbolis
3123 4446 3271 4513 (qum
3299 4444 3454 4498 nobis
3480 4459 3605 4497 esca

392 4623 458 4693 ,⁸⁸
487 4625 622 4680 Gen.
663 4643 703 4691 ι,
744 4623 829 4679 Η.

403 4788 516 4855 (75)
540 4789 736 4858 Eadem
766 4804 904 4858 pene
931 4790 1081 4842 hom.
1103 4788 1170 4842 83
1193 4787 1452 4858 ittMatlh.
1476 4797 1536 4858 et
1568 4787 1620 4838 in
1647 4786 1750 4838 [ad
1773 4786 1903 4840 Cor.

403 4858 516 4928 (7,6)
566 4855 782 4928 Σχῆμά
825 4860 1020 4928 μόνον
1059 4857 1330 4923 πληρῶν.
1389 4855 1572 4910 Solum
1625 4873 1903 4928 personam

334 4927 595 4992 implens;
648 4926 842 4996 nempe
890 4927 1170 4983 Christum
1231 4935 1628 4996 reprmsentans
1675 4926 1906 4995 ejusque

335 5013 622 5068 personam
675 4999 825 5054 velut
870 4999 1123 5068 induens,
1173 5013 1274 5051 nec
1320 4999 1474 5068 quasi
1513 5012 1667 5068 asc,
1719 4997 1812 5068 sed
1849 5005 1907 5047 ut

333 5065 477 5122 dicta
513 5069 580 5122 ab
611 5068 704 5123 illo
732 5068 895 5123 verba
920 5067 1226 5138 proferens,
1258 5067 1458 5138 quibus
1492 5065 1694 5138 ubique
1729 5065 1907 5138 Chry-

335 5146 613 5194 sostomus
643 5141 750 5191 vim
785 5135 937 5191 illam
963 5137 1362 5191 transmutaudi
1395 5150 1546 5190 sarra
1578 5136 1802 5204 pignora
1852 5135 1904 5188 in

334 5208 537 5263 Christi
564 5222 766 5276 corpus
788 5217 846 5262 et
880 5208 1200 5274 sanguinem
1229 5206 1436 5276 tribuit.
1467 5204 1638 5276 Graeci
1675 5205 1766 5276 alii
1795 5204 1908 5258 fere

335 5293 363 5346 a
389 5275 723 5333 Datltascetio
745 5284 800 5331 et
833 5293 906 5331 vn
947 5277 1182 5346 synodo,
1213 5275 1564 5345 ὲπιφοίτησιν
1601 5275 1909 5341 (aduentum

339 5345 574 5416 Spiritus
605 5347 797 5414 sancti)
831 5347 903 5400 ita
931 5345 1144 5413 urgent,
1175 5347 1362 5399 utnisi
1389 5346 1507 5413 ejus
1528 5346 1906 5416 invocatione,

337 5414 498 5483 quam
529 5432 722 5474 eorum
752 5417 988 5485 Iiturgite
1049 5417 1249 5470 habent
1272 5425 1393 5485 post
1426 5415 1590 5485 verba
1622 5414 1904 5468 Dominica

339 5486 430 5541 diu
479 5496 606 5543 ante
650 5484 1021 5556 prolaﬁta,’non
1070 5486 1296 5556 omnino
1328 5484 1671 5540 Dominieum
1706 5500 1906 5553 corpus

341 5571 400 5609 ac
428 5555 772 5628 sanguinem,
795 5555 963 5628 inque
988 5570 1051 5628 ea
1086 5555 1470 5628 symbolorum
1497 5556 1905 5628 transmutatio-

343 5642 462 5680 nvm
498 5624 684 5696 (quam
719 5637 773 5682 et
807 5625 896 5680 illa
928 5624 1043 5696 ficri
1070 5625 1398 5694 exposcunt)
1425 5625 1712 5696 vidcantur
1749 5639 1914 5696 agno-

341 5691 520 5751 scere.—
538 5691 722 5762 Quam
769 5691 1428 5765 qumstiqnemftractavit
1477 5693 1535 5747 P.
1578 5691 1699 5765 Jac.
1745 5691 1912 5748 Guar.

344 5765 542 5822 sodalis
569 5768 766 5822 menso
793 5764 1127 5834 μακαρίτης,
1160 5765 1212 5817 in
1246 5765 1472 5818 Eucliol.
1500 5764 1698 5832 aliique
1725 5765 1914 5831 dispu~

346 5845 517 5894 tantes
555 5850 678 5892 cum
717 5833 825 5892 avi
865 5833 1132 5906 sequioris
1160 5834 1384 5892 Grzccis.
1414 5833 1823 5891 Illustrissimus
1853 5851 1915 5888 ac

907 4624 952 4655 ”
979 4623 1138 4680 Joan.
1163 4642 1237 4690 vr,
1272 4626 1356 4690 54,
1383 4625 1472 4690 55,
1497 4625 1586 4681 58.
1664 4625 1708 4657 “
1740 4627 1903 4684 lCor.
1943 4642 2016 4689 XI,
2056 4627 2147 4679 ιε’-8.

2225 4624 2270 4655 ⁸⁵
2303 4625 2432 4678 ibid.
2465 4625 2556 4683 29.

2015 4786 2510 4842 revercndissimus
2569 4785 2891 4840 Parisiensis
2952 4784 3194 4850 areliiep.
3271 4781 3465 4834 Petrus
3537 4783 3602 4833 de

2017 4857 2195 4912 Marca
2226 4858 2254 4908 ὁ
2285 4857 2603 4926 μακαρίτης
2633 4855 2713 4910 sic
2757 4854 3408 4926 interpretabatur.cum
3461 4867 3610 4926 qum-

2013 4928 2210 4981 SliOtIiS
2258 4922 2474 4979 nodum
2515 4922 2730 4980 solvere
2761 4936 3079 4983 conaretur,
3118 4932 3176 4977 ut
3223 4923 3449 4984 diceret,
3502 4922 3606 4973 Pa-

2016 5007 2126 5077 tres
2161 4998 2318 5077 quasi
2355 5012 2525 5077 unum
2559 4995 2690 5065 quid
2725 4995 3007 5077 accepisse
3043 4994 3305 5075 quidquid
3359 4995 3496 5046 ritus
3525 5000 3610 5077 est

2016 5062 2276 5135 Iiturgici,
2309 5077 2362 5121 et
2404 5065 2500 5136 Δ(υτ.
2547 5062 2645 5120 nos
2693 5062 2975 5132 vocamus)
3025 5062 3279 5136 canonis,
3339 5078 3438 5136 nec
3471 5062 3607 5115 satis

2017 5130 2336 5191 distinxisse
2393 5130 2523 5205 quid
2580 5150 2812 5204 qumque
2867 5130 2991 5203 pars
3058 5134 3296 5205 eliiciat;
3359 5133 3410 5205 in
3490 5146 3602 5199 quo

1980 5208 2176 5277 paulo
2217 5204 2480 5262 subtilius
2512 5205 2789 5260 laboravit
2827 5220 3064 5274 sequens
3119 5204 3600 5277 Scholastii-orum
3697 5217 3700 5220 λ

2007 5274 2274 5331 sedulitas
2307 5296 2318 5330 :
2355 5292 2518 5344 quam
2575 5277 2748 5344 ipsam
2798 5277 2942 5329 intra
2987 5290 3118 5330 suos
3155 5274 3418 5344 terminos
3455 5285 3605 5321 coer-

2007 5361 2133 5400 cere
2174 5341 2489 5412 convetiiat,
2519 5341 2725 5415 quibus
2755 5356 2811 5403 et
2845 5346 3056 5418 praeivit
3102 5357 3332 5418 magnus
3359 5341 3604 5418 Chryso-

2007 5427 2242 5482 stemus,
2275 5418 2358 5471 vir
2397 5413 2550 5472 certe
2596 5418 2726 5470 mihi
2782 5413 3315 5486 σχολαστικώτατος,
3353 5413 3518 5486 cuius
3550 5418 3601 5459 et

2008 5479 2380 5542 scliolasticvn
2407 5528 2420 5552 ,
2477 5479 2906 5555 methodumqite
2944 5481 3248 5556 disserendi
3285 5493 3349 5530 ac
3395 5479 3601 5556 distin-

2009 5558 2232 5627 guendi.
2268 5547 2611 5627 solerter-que
2637 5547 2906 5610 enodaiidi
2945 5550 3340 5627 qumjperplexa
3372 5547 3600 5625 videant.

2013 5621 2126 5691 tur,
2157 5628 2207 5681 in
2235 5628 2355 5681 aliis
2399 5621 2646 5690 Patrum,
2680 5642 2878 5694 league
2921 5621 3222 5690 prtcsertim
3259 5621 3597 5686 Augustino,

2014 5700 2343 5751 desiderem.

2089 5770 2199 5839 (77)
2241 5768 2514 5834 Ηυηιηδό.
2550 5768 2598 5818 in
2638 5765 2790 5817 Jouu.
