4056 6266
468 380 575 446 603

470 587 755 640 horridum
808 603 872 643 ac
932 590 1205 646 insuetum
1277 595 1462 650 sensui
1522 597 1817 653 videretur.
1891 601 2044 657 [laud

472 690 654 732 tamen
691 695 801 733 rem
830 682 1007 749 specie
1029 690 1186 739 tenus
1210 699 1275 739 ac
1303 685 1472 754 figura
1497 689 1610 757 geri
1640 691 2045 749 existimamus.

470 769 672 825 Potens
703 770 845 823 enim
878 780 982 834 est,
1014 782 1073 826 ιιι
1119 773 1379 844 diximus,
1411 777 1578 846 Deus,
1636 790 1750 836 tum
1804 784 2046 853 subjecta

470 863 610 915 dona
634 871 1022 931 transmutare,
1053 875 1279 937 tumque
1310 885 1505 945 rursus
1532 872 1711 942 priora
1742 875 2047 933 accidentia

471 964 815 1006 conservare.

537 1128 816 1201 Contingit
876 1131 1059 1203 itaque
1119 1136 1423 1206 spiritalem
1486 1141 1657 1197 vitam
1725 1144 2049 1205 afﬁnitatem

467 1219 760 1287 quamdam
805 1232 858 1275 et
891 1224 1304 1283 similitudinem
1342 1244 1467 1287 cum
1509 1235 1785 1304 corporali
1823 1237 2049 1296 habere.

469 1308 938 1375 Quemadmodum
984 1317 1128 1372 enim
1174 1321 1225 1373 in
1269 1321 1357 1376 illa
1393 1326 1673 1381 naturales
1704 1328 1849 1384 vires
1891 1331 2053 1387 intel-

470 1399 735 1470 liguutur,
771 1405 974 1473 quibus
1026 1408 1231 1478 aliquid
1276 1406 1549 1469 nascatur
1586 1426 1644 1473 et
1694 1432 1962 1490 augeatur
1987 1437 2053 1479 ac

469 1491 782 1557 nutriatur,
822 1496 901 1550 sic
971 1507 1022 1551 et
1074 1499 1128 1553 in
1188 1501 1315 1556 ista.
1374 1503 1654 1574 Baptisma
1714 1510 1883 1575 enim,
1940 1527 2053 1581 quo

460 1580 732 1649 spiritalis
814 1585 1055 1644 hominis
1129 1596 1472 1661 regeneratio
1546 1608 1860 1669 prastatur,
1923 1580 2050 1659 cum

468 1674 722 1742 gignendi
780 1677 1038 1737 facultate
1098 1687 1377 1742 convenit.
1430 1688 1702 1763 Unguenti
1765 1694 2050 1763 perfusio,

1737 386 2136 462 MANUELI‘S
2196 402 2500 467 CALECE

469 503 729 549 consueta
784 498 889 565 est)
940 499 1054 553 lucc
1111 501 1375 557 sumenda
1426 503 1753 572 tradiderit,
1799 525 1867 564 ne
1919 510 2049 579 quid

2160 513 2326 568 Ὅθεν
2372 516 2461 570 διὰ
2512 515 2607 571 τοῦ
2661 517 2826 588 ἄρτου
2875 520 2967 572 καὶ
3019 518 3113 572 τοῦ
3144 518 3288 572 οίνου
3332 519 3430 590 τῆς
3467 521 3734 592 συνήθους

3625 407 3731 471 604

2147 608 2180 677 ἠ
2191 609 2281 675 μίν
2303 608 2559 677 βρώσεως
2584 610 2814 664 δέδωκεν
2842 611 3069 665 ἐκείνων
3129 610 3592 682 μεταλαμϐάνειν,
3649 615 3735 668 ἵνα

2152 700 2229 771 μὴ
2259 701 2411 767 ξένον
2440 719 2494 754 τι
2542 702 2636 755 καὶ
2660 701 2831 771 ἄηθες
2877 704 2943 772 τῇ
2993 701 3247 772 αἰσθήσει
3291 702 3459 774 δοκῇ·
3505 705 3566 756 οὗ
3630 706 3735 775 μὴν

2150 793 2271 846 οὐδὲ
2325 792 2465 848 κατά
2514 794 2815 863 φαντασίαν
2871 793 3113 862 γίνεσθαι
3184 794 3344 850 τοῦτο
3384 796 3733 866 πιστεύομεν.

2151 882 2386 946 Δυνατδς
2424 883 2557 953 γὰρ,
2590 884 2665 947 ὡς
2699 884 2942 954 εἴπομεν,
2980 883 3010 935 ὁ
3037 885 3169 948 Θεδς
3203 884 3299 939 καὶ
3344 885 3404 938 τδ
3436 887 3733 955 ὑποκείμε-

2150 990 2241 1027 νον
2273 973 2650 1043 μεταϐάλλειν,
2682 976 2774 1028 καὶ
2798 975 2867 1029 τὰ
2897 976 3161 1049 πρότερον
3196 977 3584 1047 συμϐεϐηκότα
3633 981 3737 1033 πά·

2150 1063 2235 1117 λιν
2260 1064 2559 1134 διατηρεῖν.

2222 1156 2523 1227 Συμϐαίνει
2541 1157 2722 1211 τοίνυν
2765 1157 2862 1226 τὴν
2921 1157 3304 1229 πνευματικὴν
3358 1157 3505 1231 ζωὴν
3542 1158 3735 1214 ἀναλο-

2152 1250 2271 1316 γεῐν
2294 1250 2359 1319 τῇ
2392 1251 2703 1320 σωματικῇ.
2743 1249 2957 1320 Ὠσπερ
2985 1251 3097 1322 γὰρ
3125 1252 3183 1305 ὲν
3214 1252 3400 1325 ἐκείνῃ
3424 1253 3487 1305 τδ
3542 1270 3734 1322 γεννη-

2152 1343 2306 1397 τικὸν
2330 1340 2424 1395 καὶ
2453 1340 2743 1411 αὐξητικὸν
2768 1343 2865 1395 καὶ
2889 1342 3203 1410 θρεπτικὸν,
3250 1344 3307 1397 αί
3348 1346 3582 1413 φυσικαὶ
3633 1338 3733 1399 a6-

2151 1448 2239 1487 ται
2273 1432 2550 1502 δυνάμεις,
2590 1432 2960 1504 θεωροῦνται,
2981 1431 3125 1486 οὕτω
3174 1434 3272 1488 καὶ
3305 1435 3362 1488 ὲν
3393 1434 3596 1507 ταύτῃ.
3660 1437 3734 1490 τὸ

2157 1526 2257 1595 μὲν
2283 1524 2393 1594 γὰρ
2426 1524 2732 1595 βάπτισμα,
2778 1525 2848 1578 δι’
2897 1519 2961 1581 οῦ
2998 1526 3031 1595 ἡ
3073 1525 3244 1596 νοητὴ
3298 1526 3394 1599 τοῦ
3441 1528 3732 1599 ἀνθρώπου

2154 1616 2510 1686 ἀναγέννησις
2530 1614 2764 1684 γίνεται,
2800 1616 3056 1686 ἀναλογεῖ
3100 1620 3167 1688 τῇ
3210 1620 3502 1689 γεννητικῇ
3538 1634 3553 1650 ·
3599 1621 3634 1691 ἠ
3677 1620 3733 1674 δὲ

2154 1704 2249 1760 τοῦ
2278 1706 2449 1777 μύρου
2480 1707 2683 1777 χρίσις,
2712 1704 2782 1760 δι’
2814 1698 2875 1759 οῦ
2906 1707 2939 1775 ἡ
2970 1706 3320 1775 πνευματικὴ
3367 1706 3599 1777 αὔξησις
3639 1709 3733 1762 ἐπὶ

469 1781 579 1832 quo
622 1769 863 1838 spiritale
893 1785 1242 1844 augmentum
1282 1780 1349 1834 ad
1384 1782 1685 1850 perfectum
1725 1787 1891 1842 robur
1922 1803 2049 1858 per-

2153 1769 2367 1851 τελείαν
2576 1769 2806 1864 ἄγουσα,
2833 1798 2900 1867 τῇ
2927 1769 3199 1868 αὐξητικῇ
3231 1812 3247 1828 ⁶
3344 1798 3402 1852 δὲ
3426 1769 3730 1868 μετάληψις

470 1858 657 1926 ducit,
716 1878 841 1918 cum
910 1869 1144 1937 augendi
1222 1871 1505 1930 facultate.
1564 1875 2049 1936 Sacramentorum

2157 1887 2267 1941 τῶν
2301 1858 2678 1957 ἁγιασμᾶτων,
2712 1858 2944 1958 δι’-οῦηή
2992 1858 3338 1960 πνευματικῆ
3391 1858 3594 1962 τροφὴ,

468 1955 776 2024 perceptio,
829 1973 934 2027 qua
998 1962 1264 2031 spiritalis
1330 1966 1489 2023 cibus
1560 1970 1871 2038 praebetur,
1927 1987 2053 2027 cum

469 2046 829 2102 nutrimento.

538 2137 752 2195 Rursus
784 2156 916 2194 vero
949 2141 1207 2210 quoniam
1242 2144 1445 2201 accidit
1469 2147 1634 2203 etiam
1680 2150 2049 2219 impedimen-

473 2240 589 2285 tum
617 2232 839 2299 aliquod
870 2234 923 2287 in
961 2234 1066 2287 vita
1096 2237 1391 2306 corporali,
1421 2249 1694 2309 quatenus
1724 2259 1868 2316 aegra
1899 2247 2055 2316 quis-

470 2337 577 2391 que
639 2324 946 2379 valetudine
990 2326 1231 2393 exsistit,
1285 2334 1602 2387 necessario
1660 2335 1779 2405 ejus
1829 2338 1921 2406 qui
1974 2339 2056 2395 sic

469 2429 613 2483 aegre
666 2415 849 2477 habet,
873 2418 1116 2473 eXIerius
1171 2420 1379 2489 petitis,
1418 2424 1676 2481 remediis
1742 2432 2051 2498 reparanda

469 2520 564 2559 seu
605 2506 835 2561 fovenda
875 2508 1126 2563 valetudo
1155 2521 1259 2567 est.
1294 2510 1348 2567 Id
1383 2528 1512 2568 vero
1542 2516 1707 2571 etiam
1737 2520 1790 2571 iu
1818 2521 2052 2589 spiritali

469 2598 577 2651 vita
612 2599 1016 2655 consideratur.
1068 2601 1240 2659 llomo
1272 2605 1419 2659 enim
1460 2607 1606 2676 quod
1626 2610 1839 2665 arbitrii
1872 2612 2050 2669 facul-

472 2699 580 2744 tate
624 2693 885 2760 przeditus
929 2702 1036 2759 est,
1069 2710 1298 2764 peccare
1357 2706 1557 2767 potest,
1587 2715 1713 2756 cum
1762 2715 1914 2759 extra
1966 2721 2054 2761 ra-

470 2782 636 2840 tionis
692 2793 885 2853 metas,
918 2800 1082 2842 secus
1131 2802 1199 2845 ac
1246 2798 1341 2846 cst
1375 2791 1607 2850 suadeat
1662 2797 2050 2867 mysteriorum

468 2875 667 2942 quibus
731 2878 1046 2948 impartitus
1090 2890 1214 2949 est,
1269 2884 1482 2954 puritas
1525 2894 1690 2957 atque
1749 2891 2050 2958 sanctitas,

470 2967 677 3037 aliquid
729 2971 925 3039 egerit.
954 2970 1237 3041 Siquidem
1299 2975 1469 3046 igitur
1523 2979 1788 3046 aegritudo
1840 2982 1955 3039 haec
1988 2999 2052 3038 ac

470 3061 748 3131 perversio
777 3061 829 3114 in
854 3062 1038 3115 animo
1069 3063 1247 3118 solum
1282 3066 1600 3137 contigerit,
1638 3084 1735 3138 per
1780 3075 2052 3140 paeniten-

2157 1980 2423 2052 θρεπτικῇ
2448 1978 2721 2048 ἀναλογεῖ.

2226 2162 2397 2217 Πάλιν
2447 2162 2634 2235 ἐπειδὴ
2671 2161 2958 2234 συμϐαίνει
3013 2162 3110 2217 καὶ
3161 2164 3418 2236 ιμπόδιον
3464 2172 3594 2238 περὶ
3622 2170 3730 2239 ,τὴν

2158 2253 2475 2325 σωματικὴν
2554 2254 2700 2325 ζωὴν
2725 2295 2741 2322 ,
2796 2254 2932 2309 καθὸ
2986 2254 3220 2309 ἕκαστον
3271 2256 3525 2311 ἀσθενεῖ·
3566 2260 3732 2328 ἀναγ-

2155 2344 2329 2407 καίως
2385 2346 2664 2415 εἰσάγεται
2708 2346 2817 2401 ἀπὸ
2868 2346 2977 2401 τῶν
3027 2346 3228 2412 ἔξωθεν
3281 2348 3436 2419 ἠτοῦ
3486 2350 3729 2416 ἀσθενῶς

2157 2436 2358 2501 ζῶντος
2394 2436 2680 2509 θεραπεία.
2710 2439 2880 2492 Τοῦτο
2909 2437 2967 2492 δὲ
2999 2438 3287 2507 θεωρεῖται
3315 2443 3410 2495 καὶ
3439 2441 3581 2495 κατὰ
3631 2442 3729 2511 τὴν

2157 2530 2539 2599 πνευματικὴν
2570 2528 2739 2600 ζωήν.
2777 2529 2839 2583 '0
2880 2530 2991 2600 γὰρ
3021 2530 3332 2600 ἄνθρωπος,
3389 2533 3525 2586 διότι
3584 2534 3729 2587 ἐστὶν

2157 2618 2530 2686 αὐτεξούσιος,
2564 2620 2786 2674 δύναται
2821 2621 3183 2695 ἁμαρτάνειν,
3218 2626 3346 2681 ὅταν
3381 2624 3486 2693 ἔξω
3521 2625 3613 2680 τοῦ
3644 2626 3731 2681 λό-

2155 2724 2255 2777 γου
2297 2709 2515 2782 καὶτῆς
2541 2709 2868 2777 ἀκολουθίας
2921 2712 3033 2767 τῶν
3088 2712 3404 2784 ληφθέντων
3454 2715 3605 2784 αὐτῷ
3636 2733 3732 2786 μυ-

2158 2797 2621 2877 στηρίωνθὲνεργῇ
2654 2822 2731 2858 τι.
2795 2805 2856 2859 Et
2890 2804 2994 2871 μὲν
3022 2800 3118 2861 οῦν
3150 2807 3208 2860 ὲν
3240 2809 3306 2877 τῇ
3336 2806 3481 2878 ψυχῇ
3516 2807 3728 2876 γίνεται

2159 2894 2318 2964 μόνον
2350 2894 2383 2963 ἡ
2423 2893 2678 2949 ἀσθένεια
2718 2893 2861 2965 αῦτη
2893 2895 3054 2966 καὶή
3103 2897 3459 2967 παρατροπὴ,
3508 2897 3597 2951 διὰ
3637 2895 3729 2951 τοῦ

2159 2984 2463 3055 μυστηρίου
2484 2983 2585 3055 τῆς
2608 2985 2899 3054 μετανοίας
2924 2985 3328 3055 ἐπανορθοῦται
3361 3004 3378 3020 ·
3415 2990 3465 3042 εί
3506 2987 3565 3042 δὲ
3620 2988 3731 3042 ἀπὸ

2153 3076 2252 3145 τῆς
2285 3078 2343 3131 ὲν
2373 3077 2439 3147 τῇ
2468 3075 2614 3147 ψυχῇ
2652 3077 2927 3147 ἁμαρτίας
2953 3078 3047 3132 ἐπὶ
3096 3079 3159 3132 τὸ
3192 3079 3352 3150 σῶμα
3390 3081 3424 3151 ἡ
3455 3080 3732 3149 ξάσθένεια

366 3212 375 3222 ,
472 3154 561 3206 the
599 3164 1005 3209 sacramentum
1031 3157 1377 3213 emendatur.
1397 3158 1494 3214 Sin
1518 3171 1702 3215 autem
1734 3178 1761 3216 a
1802 3175 2045 3233 peccato,

2153 3166 2416 3219 διαϐαίνει
2437 3165 2524 3219 διὰ
2552 3166 2612 3220 τὸ
2651 3167 2927 3239 συμφέρον
2953 3168 3047 3222 τοῦ
3077 3169 3175 3241 τὴν
3210 3169 3488 3241 ἁμαρτίαν
3530 3187 3730 3224 πεποι-

470 3260 581 3313 quo
615 3246 827 3301 laborat
860 3248 1095 3313 animus,
1137 3250 1407 3319 egritudo
1446 3251 1512 3305 ad
1572 3268 1776 3324 corpus
1822 3258 2047 3321 transit,

471 3340 614 3406 quod
675 3340 755 3395 sic
828 3341 903 3409 illi
965 3342 1225 3398 conducit
1283 3345 1376 3413 qui
1439 3357 1722 3414 peccatum
1774 3349 2051 3404 commisit

473 3434 639 3501 (saepe
670 3433 813 3486 enim
847 3434 1137 3503 contingit,
1165 3436 1489 3503 aegritudine
1519 3438 1772 3493 laborare
1812 3439 2048 3516 aliquem

2156 3257 2351 3325 ηκότος
2383 3257 2622 3327 (καὶγὰρ
2646 3258 2908 3323 πολλάκις
2934 3260 3153 3314 ἀσθενεῖ
3195 3279 3279 3325 τις
3324 3261 3394 3316 δι’
3436 3262 3732 3333 ἁμαρτίας,

2158 3349 2244 3401 ἵνα
2270 3347 2660 3419 σωφρονισθῇ),
2715 3350 3111 3419 ἐπανορθοῦται
3153 3352 3243 3405 διὰ
3286 3353 3381 3407 τοῦ
3435 3353 3732 3424 μυστηρίου

2157 3438 2252 3491 τοῦ
2280 3437 2583 3506 εὐχελαίου,
2648 3436 2677 3490 δ
2710 3438 2999 3494 τελευταία
3027 3440 3245 3510 λέγεται
3277 3441 3456 3511 χρίσις
3493 3441 3628 3511 (78).

474 3535 691 3592 propter
726 3534 964 3592 peccata,
993 3536 1052 3579 ut
1087 3526 1416 3597 erudiatur),
1442 3528 1764 3583 emendatur
1787 3544 1881 3598 per
1910 3528 2221 3584 unctionem
2254 3528 2430 3584 sancti
2465 3526 2592 3582 olei.
2617 3542 2777 3597 quam
2804 3536 3103 3584 extremam
3159 3532 3473 3586 unctionem
3516 3539 3729 3596 vocant,

549 3615 715 3670 Datur
746 3618 906 3686 igitur
936 3621 1319 3687 peccatoribus
1354 3630 1479 3691 post
1502 3623 1931 3693 baptisma,qua:
1958 3639 2055 3691 per

478 3710 852 3778 paenitentiam
881 3718 937 3765 et
961 3711 1367 3768 confessionem
1423 3723 1735 3784 praestatur,
1764 3716 1978 3770 curatio
2001 3724 2056 3769 et

425 3786 433 3795 ”
474 3800 814 3857 emendatio.
848 3802 961 3857 Non
986 3805 1351 3883 datnr‘autem
1382 3821 1445 3860 ea
1472 3807 1721 3868 curandi,
1759 3807 1901 3875 quod
1928 3807 2054 3876 quis

476 3893 667 3947 eodem
705 3910 898 3950 rursus
923 3895 1248 3967 baptismate
1279 3898 1549 3963 donetur,
1583 3914 1679 3966 per
1724 3899 1867 3951 buiic
1907 3899 2055 3952 scili-

477 3995 564 4036 cet
619 3984 862 4039 modum.
892 3986 1028 4051 Quia
1058 3987 1202 4040 enim
1239 4003 1335 4056 per
1370 3980 1637 4056 baptisma
1667 4004 1790 4042 eum
1832 3988 2054 4043 Christo

478 4075 628 4129 cruci
660 4078 1009 4147 coufigimur,
1068 4089 1127 4132 ut
1197 4082 1273 4132 ait
1335 4082 1656 4150 Apostolus,
1715 4100 1733 4133 ι
1775 4083 2055 4152 Quotquot

478 4168 731 4236 baptizati
760 4185 949 4224 sumus
986 4171 1037 4224 in
1071 4171 1309 4235 Christo,
1344 4173 1396 4224 iu
1442 4182 1617 4228 morte
1671 4175 1844 4241 ipsius
1872 4176 2050 4244 ιιειριίο

474 4260 584 4317 ,ιιιιί
622 4260 893 4314 sumus“.
920 4280 938 4312 ι
977 4262 1042 4314 Ει
1072 4277 1281 4327 rursus,
1320 4282 1339 4313 ‹
1370 4262 1688 4331 Consepulti
1729 4265 1893 4334 igitur
1924 4281 2049 4321 cum

474 4365 546 4404 eo
593 4366 781 4404 sumus
811 4367 907 4421 per
938 4352 1268 4420 baptismum
1289 4354 1359 4407 ⁸⁷.
1393 4374 1411 4404 ι
1445 4354 1601 4409 Sicut
1648 4369 1755 4409 non
1798 4358 2052 4413 convenit

2225 3623 2437 3675 Δίδοται
2466 3621 2646 3674 τοίνυν
2681 3622 2791 3684 τοῖς
2822 3622 3200 3693 ἁμαρτάνουσι
3237 3622 3375 3691 μετὰ
3425 3624 3485 3676 τὸ
3540 3623 3731 3694 βάπτιο

2159 3718 2317 3786 σμαή
2358 3714 2445 3768 διὰ
2474 3714 2572 3783 τῆς
2620 3713 2909 3781 μετανοίας
2950 3713 3045 3766 καὶ
3105 3712 3511 3783 ὲξαγορεύσεως
3566 3713 3728 3782 θεραο

2158 3809 2285 3861 πεία
2336 3808 2432 3861 καὶ
2480 3805 2870 3875 ἐπανόρθωσις.
2898 3807 2972 3859 Οὐ
2991 3804 3188 3858 δίδοται
3223 3805 3277 3859 δὲ
3324 3806 3460 3876 αὕτη
3486 3807 3521 3874 ἡ
3564 3804 3729 3875 θερα-

2158 3901 2289 3955 πεία
2310 3901 2398 3954 διὰ
2420 3900 2514 3952 τοῦ
2545 3899 2705 3953 πάλιν
2754 3899 2815 3952 τδ
2851 3900 2984 3953 αὐτὸ
3033 3898 3317 3969 βάπτισμα
3366 3897 3727 3967 βαπτισθῆναι

2156 3992 2297 4045 κατὰ
2320 3991 2509 4045 τοῦτον
2537 3991 2628 4043 τὸν
2655 3992 2879 4060 τρόπον.
2915 3990 3068 4042 Ἐπεὶ
3115 3988 3223 4059 γὰρ
3276 3987 3727 4057 συσταυροὺμεθα

2162 4083 2238 4154 τῷ
2264 4083 2485 4154 Χριστῷ
2507 4083 2597 4135 διὰ
2618 4082 2712 4135 τοῦ
2744 4082 3143 4152 βαπτίσματος,
3184 4080 3260 4143 ὥς
3322 4098 3489 4151 φησιν
3512 4082 3540 4133 ὁ
3573 4081 3726 4133 Ἀπό-

2114 4194 2117 4197 ί
2163 4175 2362 4239 στολος,
2399 4191 2421 4225 ι
2453 4175 2609 4227 Ὅσοι
2635 4173 3047 4243 ἐϐαπτίσθημεν
3097 4172 3177 4235 είς
3220 4172 3473 4243 Χριστδν,
3524 4175 3605 4235 είς
3639 4173 3729 4225 τὸν

2161 4265 2390 4320 θάνατον
2418 4264 2579 4320 αὑτοῦ
2605 4265 3036 4335 ἐϐαπτίσθημεν,
3075 4282 3095 4317 ι
3140 4265 3235 4318 καὶ
3286 4265 3467 4330 πάλιν,
3507 4283 3527 4315 ι
3571 4266 3731 4317 Συνεσ-

2159 4357 2412 4428 τάφημεν
2435 4352 2528 4411 οῦν
2556 4357 2704 4427 αὐτῷ
2738 4357 2825 4410 διὰ
2862 4356 2958 4410 τοῦ
3009 4356 3388 4426 βαπτίσματος
3409 4372 3424 4387 ο
3462 4374 3480 4407 ι
3543 4355 3729 4422 ὥσπερ

473 4441 755 4495 Christum
790 4444 971 4498 denuo
1004 4445 1270 4515 crueiligi,
1295 4446 1375 4501 sic
1416 4462 1587 4516 neque
1622 4459 1907 4517 peccantes
1933 4462 2049 4520 post

2158 4454 2250 4504 τὸν
2307 4451 2547 4521 Χριστὸν
2604 4450 2980 4521 ἀνασταυροῦν
3021 4449 3081 4502 οὐ
3131 4450 3417 4519 προσήκει,
3444 4446 3590 4500 οὕτω
3638 4449 3729 4512 καὶ

480 4534 816 4603 baptismum
860 4552 958 4609 par
994 4548 1076 4601 est
1111 4536 1305 4593 iterum
1359 4540 1642 4617 baptizari.
1682 4540 1758 4599 Ac
1788 4541 1931 4596 sicut
1961 4543 2053 4614 qui

555 4723 599 4754 “
632 4725 783 4780 llom.
823 4742 896 4789 vr,
957 4725 1046 4780 54.
1129 4727 1172 4758 ⁸⁷
1223 4726 1434 4783 Coloss.
1474 4730 1649 4790 ψη.

552 4937 661 4999 (78)
719 4939 792 4988 "0
847 4934 1162 4988 τελευταία
1205 4935 1446 5003 λέγεται
1507 4936 1726 5003 χρίσις.
1789 4935 1876 4987 5ῗιε
1940 4951 2038 4987 usu

480 5008 765 5070 mmlerno,
793 5018 1082 5059 extremam
1129 5005 1431 5060 unctionem
1477 5015 1692 5066 vocant.
1735 5021 1857 5073 qua:
1902 5005 2042 5057 auti-

478 5077 661 5140 quiori
698 5079 879 5144 potius
909 5077 1087 5135 unctio
1119 5076 1477 5142 inﬁrmorum,
1502 5074 1827 5143 afﬁniusquc
1861 5075 2041 5127 verbis

478 5145 664 5205 θείεινὺὶ
701 5161 735 5216 εν
762 5144 1004 5202 Ἀσθενεῖ
1044 5162 1129 5207 τις
1177 5147 1232 5196 ἐν
1272 5147 1399 5216 ὑμῖν
1431 5161 1446 5210 ;
1483 5145 1803 5214 ln/irmalur
1831 5146 1946 5213 quis
1987 5144 2041 5216 in

480 5216 668 5272 vobis?
714 5215 884 5281 Quam
943 5231 1130 5269 vocem
1190 5214 1360 5285 liquet
1407 5216 1652 5283 usurpari
1705 5216 1809 5285 de,
1847 5214 2042 5282 quovis

484 5287 643 5350 paulo
690 5285 1124 5353 languidioribus
1176 5284 1405 5345 viribus.
1447 5300 1513 5336 ex
1566 5284 1886 5354 aegritudine
1936 5298 2043 5350 qua

483 5357 720 5420 laborat,
753 5356 853 5409 etsi
897 5370 1003 5407 non
1063 5356 1287 5408 omnino
1327 5354 1606 5422 depositus
1655 5354 1748 5416 sit,
1780 5363 1834 5407 et
1887 5354 2044 5419 cujus

483 5427 755 5492 proxima,
802 5425 912 5493 jam
963 5435 1188 5493 tumque
1244 5424 1425 5478 futura
1478 5438 1625 5478 mors
1671 5433 2042 5492 exspectatur.

484 5496 687 5563 Nempe
726 5496 1054 5549 sacramenti
1084 5495 1311 5548 effectus
1345 5493 1542 5546 inllrmi
1584 5494 1842 5546 relevatio
1868 5504 1949 5547 est
1976 5506 2046 5563 ac

483 5562 712 5626 sanitas,
765 5580 858 5632 per
889 5564 1108 5617 modum
1143 5564 1425 5616 medicina
1465 5573 1667 5629 aegroto
1714 5562 2045 5630 praestanda,

488 5634 674 5701 illique
703 5649 732 5686 a
767 5638 875 5686 Deo
905 5632 1269 5701 impetranda,
1308 5634 1353 5685 si
1386 5634 1546 5685 modo
1575 5647 1637 5685 ex
1668 5634 1786 5701 ejus
1817 5632 2046 5684 rationi-

488 5703 590 5755 bus
627 5704 717 5762 sit,
767 5718 868 5756 nec
898 5703 1006 5753 alio
1036 5702 1211 5755 ferant
1239 5703 1419 5754 divina
1465 5702 1724 5755 decreta:
1764 5702 1848 5753 cui
1892 5702 2048 5753 insti-

488 5782 606 5821 tuto
633 5780 688 5822 et
732 5774 822 5822 lini
858 5787 963 5823 non
992 5773 1125 5823 satis
1157 5786 1459 5839 congruere
1491 5771 1722 5829 videtur.
1759 5773 1902 5837 quod
1933 5779 2044 5822 tum

497 5843 710 5899 demum
739 5851 969 5907 aegrotus
999 5850 1249 5907 ungatur,
1273 5857 1395 5893 cum
1427 5842 1512 5894 vix
1559 5840 1661 5894 nisi
1692 5842 1951 5894 miraculo
1983 5841 2049 5894 ad

2161 4542 2287 4605 τοὺς
2337 4541 2479 4611 μετὰ
2528 4540 2587 4594 τὸ
2642 4541 2925 4613 βάπτισμα
2954 4540 3300 4612 ἁμαρτόντας
3342 4539 3403 4593 οὐ
3448 4538 3532 4591 δεῖ
3571 4538 3727 4592 πάλιν

2150 4933 2385 5003 pristina
2443 4935 2633 5008 munia
2681 4933 2920 4998 reparari
2962 4941 3159 5008 potest.
3212 4931 3300 4985 Sic
3338 4938 3485 5008 certe
3514 4927 3722 5008 .(_‘.r.eei.

2150 4999 2334 5060 statim
2370 5017 2435 5057 ac
2468 4999 3292 5073 aliquisimgrotat._subestque
3336 4999 3556 5073 aliquod
3608 4999 3724 5051 vite

2151 5074 2467 5134 discrimen,
2506 5069 2605 5126 nec
2635 5069 2773 5126 adeo
2804 5069 3537 5141 propinquum,sacerdotes
3564 5080 3721 5141 sacro

2151 5144 2242 5198 illo
2294 5143 2401 5196 ritu
2438 5137 2825 5217 ‘peruncturos
2883 5137 3183 5217 advocant;
3224 5153 3323 5194 nec
3374 5137 3540 5217 semel
3590 5138 3721 5217 dun-

2152 5222 2321 5271 taxat.
2354 5212 2450 5266 sed
2486 5222 2539 5267 et
2572 5212 2791 5280 saepius,
2832 5212 3021 5265 eadem
3052 5211 3215 5266 etiam
3266 5224 3365 5263 nec
3412 5210 3719 5280 intermissa

2146 5283 2493 5356 argritudine,
2542 5277 2686 5352 quod
2718 5297 2747 5356 ει
2781 5282 3104 5356 Latinorum
3134 5297 3197 5356 ae
3246 5277 3714 5356 nostratium-"usu

2150 5345 2414 5407 revinetius
2465 5345 2601 5406 εειί
2655 5353 2784 5420 quin
2830 5360 2884 5405 et
2919 5352 3139 5429 _no_stris
3172 5351 3226 5402 in
3282 5349 3522 5429 diversis.
3566 5345 3719 5429 libris

2148 5424 2441 5476 ritualibus
2462 5423 2580 5491 ejus
2604 5419 2932 5475 saeramenti
2968 5420 3104 5473 ritus
3126 5419 3382 5491 nonnihil
3412 5419 3596 5491 varius
3619 5421 3718 5467 est.

2149 5492 2422 5546 Probandi
2445 5561 2458 5566 _
2486 5486 2741 5566 maxime,
2764 5560 2775 5566 _
2802 5491 2897 5566 qui
2942 5497 3161 5566 Δξιξειθριρ
3224 5489 3447 5566 gravius
3507 5486 3721 5566 allecto.

2148 5577 2380 5631 eamque
2408 5561 2479 5615 ob
2502 5576 2613 5615 rem
2648 5555 2989 5635 Eucharistia
3012 5555 3082 5613 2m
3102 5555 3369 5635 viaticum
3401 5555 3721 5635 muniendo,

2156 5622 2307 5700 prius
2339 5632 2658 5685 unctionem
2693 5630 3055 5700 adhibendam
3095 5629 3327 5700 jubent;
3373 5643 3495 5695 qua:
3530 5626 3601 5678 sit
3632 5622 3727 5675 ali-

2154 5698 2654 5776 quid-poenitcn‘ti:e
2698 5713 2761 5753 ac
2806 5699 2922 5776 ejus
2955 5702 3099 5752 velut
3138 5698 3639 5776 _t_‘.omplementum,
3671 5701 3724 5776 et

2156 5769 2220 5825 ad
2270 5769 2693 5833 Eueharistiam,
2726 5769 2946 5836 perinde
2976 5770 3283 5838 aCﬁ'cliqua
3326 5769 3509 5820 omnia
3540 5774 3723 5817 sacra-

2158 5851 2358 5903 mcnia,
2389 5849 2445 5893 ut
2472 5840 2524 5893 in
2561 5839 2720 5892 linem
2751 5839 3053 5894 ordinetur.
