4056 6266
242 416 352 479 605

1243 423 1340 483 DE
1383 423 1815 485 FRINCIPIIS
1853 428 2065 488 FiDEl
2106 430 2583 498 CATHOLICﬂ.

3414 445 3528 511 606

244 532 660 598 ὰναϐαπτὲζειν.
699 534 808 589 Καὶ
831 535 1022 607 ὥσπερ
1057 537 1106 588 οἱ
1139 537 1232 602 τῆς
1275 539 1514 607 φυσικῆς
1541 540 1633 592 καὶ
1658 557 1846 610 σωμα-

1959 546 2258 599 naturalem
2295 561 2359 603 ac
2389 548 2728 618 corporalem
2758 550 2924 606 vitam
2978 567 3074 623 per
3120 557 3528 624 generationem

242 627 405 697 τικῆς
430 625 575 696 ζωῆς
600 626 691 681 διὰ
736 629 1045 697 γεννήσεως
1077 629 1356 698 τυχόντες,
1416 630 1484 684 ἂν
1545 632 1834 700 ἐμπέσωσι

246 713 390 790 νόσῳ
418 720 525 773 τινὶ
564 718 958 790 ἑναντιουμένῃ
979 722 1044 789 τῇ
1080 720 1267 790 τελείᾳ
1324 720 1499 794 ταύτῃ
1548 722 1686 793 ζωῇ,
1735 723 1837 777 όύκ

249 811 693 882 άναγεννὼμενοι
718 810 902 875 πάλιν,
933 812 1053 866 ἀλλ’
1086 813 1261 884 ἑτέρῳ
1278 814 1465 886 τρόπῳ
1496 814 1837 879 ἀλλοιώσεως

250 904 675 974 θεραπεύονται,
713 904 1188 975 ἀπαλλαττόμενοι
1219 907 1319 976 τῆς
1345 906 1502 960 νόσου
1540 924 1554 937 ·
1576 906 1719 961 οὕτω
1743 908 1839 963 καὶ

251 999 387 1067 πρὸς
414 998 478 1052 τὸ
508 997 817 1067 βάπτισμα,
845 1001 1229 1070 πνευματικὴν
1256 1000 1424 1055 οὖσαν
1450 1002 1836 1072 ἀσαγέννησιν,

250 1089 577 1159 ἀνακάμψαι
606 1091 669 1144 οὐ
695 1090 951 1144 δύνανται
985 1106 1001 1122 ⁸
1030 1091 1081 1146 iv
1134 1092 1459 1163 ἐξαλείψωσι
1508 1093 1772 1164 δηλονότι,
1802 1093 1839 1149 ἃ

255 1184 399 1253 μετὰ
424 1184 487 1238 τὸ
521 1184 808 1255 βάπτισμα
842 1185 1176 1256 εἰργάσαντο
1208 1187 1605 1258 ἁμαρτήματα.
1638 1190 1737 1243 Διὰ
1782 1188 1841 1242 δὲ

251 1293 353 1345 της
390 1274 689 1345 μετανοίας
713 1272 874 1328 τοῦτο
893 1274 1128 1344 γίνεται.
1182 1277 1282 1339 Τίς
1312 1276 1369 1329 δὲ
1420 1277 1451 1328 ὁ
1498 1278 1699 1349 τρόπος
1728 1276 1842 1347 ἶτῆς

254 1367 574 1436 μετανοίας,
633 1365 731 1419 καὶ
775 1366 920 1421 πόσα
942 1367 1115 1437 αὐτῆς
1144 1368 1252 1421 είσι
1285 1368 1451 1439 μέρη,
1506 1369 1603 1422 καὶ
1648 1366 1839 1432 ποίους

252 1458 409 1517 τινὰς
444 1440 588 1512 εἶναι
621 1456 851 1530 διττοὺς
881 1458 964 1522 είς
991 1457 1155 1512 τοῦτο
1194 1459 1566 1529 τεταγμένους
1596 1473 1842 1533 πνευμα-

252 1549 447 1614 τικοῦς
481 1550 684 1619 ἄνδρας
719 1551 863 1620 (79)°
898 1550 995 1604 καὶ
1021 1552 1138 1616 ποτις
1156 1553 1281 1616 τοὺς
1318 1550 1717 1621 μετανοοῦντας
1749 1552 1843 1606 αὖ·

253 1643 367 1705 τοῖς
398 1640 809 1713 προσέρχεσθαι
842 1641 944 1708 δεῖ,
971 1642 1065 1697 καὶ
1097 1644 1205 1697 τίνι
1257 1644 1450 1715 τρόπῳ
1481 1643 1584 1715 τὴν
1635 1643 1844 1697 τούτων

255 1734 562 1806 θεραπείαν
592 1736 836 1790 ἐπινοεῖν
869 1752 885 1767 ·
916 1736 1014 1790 καὶ
1039 1734 1159 1799 πῶς
1194 1735 1311 1791 ἐστι
1341 1736 1452 1790 τῶν
1510 1736 1846 1808 ἁμαρτημά-

230 1843 368 1885 των
424 1826 866 1896 ὲλευθεροῠσθαι,
912 1827 1106 1898 ἑτέρας
1164 1828 1233 1882 ἂν
1296 1828 1382 1897 είη
1438 1830 1842 1899 πραγματείας’

1945 639 2089 692 nacti
2128 647 2278 704 sunt,
2310 640 2360 694 si
2395 642 2451 695 in
2504 643 2759 698 morbum
2824 646 3065 715 aliquem
3119 647 3375 717 perfectae
3404 651 3531 707 huic

1944 731 2066 784 vitze
2095 731 2476 788 adversantem
2511 736 2944 802 inciderint,non
2977 739 3125 809 quod
3166 740 3349 798 denuo
3371 760 3533 815 gene-

1945 831 2155 887 rentur,
2195 822 2290 877 sed
2324 824 2431 881 alio
2470 825 2869 884 immntationis
2927 830 3115 897 modo,
3163 834 3357 889 morbo
3392 835 3531 890 libe-

1945 925 2135 968 rantur
2163 923 2325 985 atque
2351 927 2648 987 sanantur;
2669 919 2749 975 sic
2779 921 2893 976 fieri
2927 924 3136 993 nequit,
3169 935 3229 980 ut
3258 926 3528 996 baptisma

1946 1005 2090 1077 (quae
2112 1006 2371 1077 spiritalis
2397 1011 2676 1078 generatio
2697 1011 2801 1082 est)
2828 1021 3153 1083 reparatur;
3184 1025 3244 1069 ut
3260 1016 3528 1072 nimirum

1945 1109 2169 1168 peccata
2214 1107 2339 1169 post
2367 1100 2701 1169 baptismum
2731 1102 3028 1158 commissa
3077 1103 3170 1158 illo
3219 1105 3529 1172 deleantur,

1946 1191 2041 1246 sed
2074 1190 2126 1246 id
2150 1201 2442 1261 praestatur
2486 1210 2579 1264 per
2613 1195 3015 1258 penitentiam.
3042 1195 3278 1263 Quinam
3306 1212 3435 1253 vero
3458 1200 3533 1254 sit

1946 1285 2281 1355 pmnitentize
2311 1286 2527 1353 modus,
2553 1297 2754 1359 quotve
2787 1289 2909 1359 ejus
2942 1300 3148 1362 partes,
3180 1291 3371 1361 quales
3398 1291 3526 1347 item

1947 1390 2067 1431 esse
2119 1384 2400 1447 oporteat,
2430 1378 2522 1447 qui
2570 1379 2696 1435 huic
2726 1380 2942 1436 muneri
2999 1380 3239 1451 praefecti
3285 1381 3403 1437 sint
3428 1381 3528 1436 viri

1949 1467 2242 1539 Spiritales,
2278 1482 2342 1525 ac
2371 1472 2648 1536 quomodo
2679 1471 3009 1542 poenitentes
3049 1474 3115 1528 ad
3149 1487 3245 1529 eos
3275 1473 3536 1529 accedere

1950 1559 2186 1615 debeant
2240 1578 2256 1616 :
2306 1576 2427 1631 quae
2462 1577 2656 1617 eorum
2711 1562 2904 1620 salutis
2944 1564 3310 1632 excogitanda
3358 1566 3533 1632 ratio;

1951 1664 2128 1719 quove
2178 1650 2341 1707 modo
2375 1667 2405 1705 a
2438 1651 2687 1723 peccatis
2710 1654 2994 1724 contingat
3033 1655 3280 1722 liberari,
3306 1655 3537 1712 alterius

1951 1754 2131 1809 opera!
2165 1742 2269 1807 sit;
2305 1752 2669 1813 praeterquam
2705 1743 2856 1812 quod
2912 1745 3245 1815 spiritalium
3289 1747 3537 1802 virorum

1954 1848 2019 1887 ex
2061 1841 2209 1889 recta
2251 1835 2459 1889 ratione
2485 1836 2684 1892 horum
2723 1835 3013 1892 arbitrium
3046 1846 3133 1894 est
3162 1853 3228 1894 ac
3249 1838 3537 1909 dispensa-

255 1919 437 1982 ἄλλως
491 1932 552 1972 τε
592 1918 698 1981 καὶ
727 1920 1125 1988 πνευματικῶν
1152 1906 1367 1992 ἀνδρῶν
1399 1920 1461 1973 τὸ
1486 1920 1659 1973 ταῦτα
1701 1921 1845 1974 διαι-

1959 1924 2067 1989 tio,
2096 1938 2218 1994 quae
2253 1933 2307 1979 et
2366 1925 2692 1996 intelligent,
2725 1925 2818 1997 qui
2881 1927 3169 1985 doctorum
3220 1903 3539 2000 hoc-argu-

258 2009 363 2079 τᾷν
386 2007 528 2062 κατὰ
560 2007 719 2077 λόγον
764 2010 945 2079 ὀρθὸν,
1010 2011 1149 2082 ὅπερ
1194 2012 1274 2074 είς
1334 2010 1643 2082 κατάληψιν
1692 2011 1847 2065 ἔσται

259 2101 374 2165 τοῖς
409 2100 625 2154 ἐπιοῦσι
654 2103 754 2164 τὰς
779 2100 891 2155 τῶν
919 2100 1258 2158 διδασκάλων
1288 2104 1527 2174 γραφάς.

319 2190 509 2247 σἘπεὶ
555 2193 635 2259 δὲ,
667 2194 925 2264 καθάπερ
973 2197 1224 2264 εῖπομεν,
1256 2197 1321 2250 ὲκ
1372 2197 1470 2265 τῆς
1511 2197 1610 2265 τῆς
1656 2194 1840 2266 ψυχῆς

261 2286 585 2358 ἀρρωστίας
616 2285 776 2349 νόσος
812 2302 901 2349 τις
953 2287 1049 2339 ἐπὶ
1088 2288 1149 2341 τὸ
1198 2287 1358 2359 σῶμα
1404 2289 1699 2342 διαδίδοται
1757 2288 1847 2342 διὰ

261 2378 363 2450 τὴν
392 2378 528 2447 πρὸς
552 2377 758 2449 ἄλληλα
786 2378 975 2451 σχέσιν
1000 2398 1058 2432 τε
1094 2381 1188 2434 καὶ
1215 2381 1589 2451 συμπάθειαν,
1616 2381 1710 2434 τοῦ
1744 2380 1849 2434 σὼ-

266 2487 438 2544 ματος
469 2471 612 2538 λέγω
645 2473 739 2525 καὶ
769 2474 869 2539 τῆς
914 2473 1114 2544 ψυχῆς,
1165 2473 1291 2544 ἣτις
1321 2474 1387 2541 δὴ
1415 2473 1570 2537 νόσος
1600 2473 1668 2526 δι’
1698 2474 1849 2543 ὠφέ-

264 2568 422 2620 λειαν
453 2565 689 2633 γίνεταιο
712 2565 938 2630 κόλασις
967 2566 1075 2637 γάρ
1100 2565 1336 2620 ἐστι’διὰ
1366 2568 1462 2637 τὴν
1486 2566 1850 2638 ὀφειλομένην

266 2657 420 2730 αὐτῷ
448 2657 751 2728 τιμωρίαν,
806 2658 969 2728 μόνον
999 2659 1048 2711 εί
1097 2659 1195 2729 τὴν
1232 2658 1551 2730 ἀρρωστίαν
1591 2661 1796 2731 ταύτην
1825 2661 1853 2714 ὁ

267 2750 558 2821 ἄνθρωπος
613 2733 957 2820 εὐχαρίστως
990 2750 1241 2823 ὑπομένῃ
1268 2767 1284 2784 ο
1340 2750 1605 2815 πολλάκις
1638 2752 1695 2805 δὲ
1748 2753 1854 2806 ὑπὸ

264 2843 473 2913 ταύτης
504 2843 665 2896 νόσου
704 2843 1062 2912 ὲμποδίζεται
1102 2845 1130 2896 ὁ
1163 2842 1451 2912 ἄνθρωπος
1482 2845 1562 2907 εἰς
1592 2844 1654 2896 τδ
1684 2844 1853 2915 ἐργά-

270 2934 473 2988 σασθαι
506 2933 571 2986 τδ
595 2933 825 3002 ἀγαθὸν,
864 2932 962 2988 καὶ
988 2933 1078 2987 διὰ
1105 2931 1201 2986 τοῦ
1234 2931 1445 3001 ἀγαθοῦ
1479 2931 1643 3005 ἔργου
1672 2937 1857 3001 ἐπιτυ-

267 3028 386 3097 κεῖν
421 3025 525 3094 τῆς
554 3024 938 3096 πνευματικῆς
977 3023 1283 3094 σωτηρίας·
1315 3023 1521 3077 δίδοται
1560 3023 1621 3077 τὸ
1649 3024 1860 3097 μυστή-

270 3135 392 3190 ριον
419 3117 519 3188 τῆς
570 3116 889 3180 τελευταίας
920 3116 1181 3188 χρίσεως,
1212 3115 1386 3188 ἤγουν
1430 3115 1492 3171 τὸ
1532 3115 1810 3188 εὐχέλαιον
1836 3132 1853 3149 ·

270 3214 411 3283 ὅπερ
437 3209 537 3266 καὶ
574 3209 706 3266 αὐτὸ
731 3197 1086 3280 πνευματική
1116 3208 1334 3273 ίατρεία
1366 3208 1536 3275 ἐστὶν,
1569 3208 1657 3262 ίνα
1686 3207 1859 3263 ἀπαλ-

272 3301 602 3374 λαττώμεθα
640 3300 742 3371 τῆς
774 3298 871 3354 τοῦ
920 3301 1174 3370 σώματος
1202 3302 1538 3372 ἀρρωστίας,
1579 3300 1705 3372 ἣτις
1757 3301 1854 3370 ὲμο

271 3394 537 3464 ποδισμδς
569 3397 779 3463 γίνεται
817 3393 956 3463 πρὸς
1001 3393 1069 3448 τά
1103 3382 1456 3463 πνευματικὰ
1513 3392 1673 3465 ἔργα.
1717 3393 1859 3464 Περὶ

272 3484 350 3545 ὧν
376 3490 405 3542 ὁ
436 3486 583 3550 θεῖος
604 3485 905 3550 ἀπόστολος
931 3485 1159 3557 γράφει,
1192 3504 1212 3537 ι
1233 3485 1483 3539 Ἀσθενεῖ
1500 3502 1585 3547 τις
1617 3487 1674 3538 ὲν
1697 3486 1858 3555 ὑμῖν;

278 3577 753 3652 προσκαλεσάσθω
770 3577 900 3642 τοὺς
923 3577 1332 3648 πρεσϐυτέρους
1365 3577 1467 3647 τῆς
1510 3576 1861 3645 Ἐκκλησίας,

286 3674 377 3730 καὶ
409 3670 765 3738 εὒξάσθωσαν
804 3669 892 3724 ἐπ’
923 3669 1110 3737 αὐτὸν,
1142 3670 1457 3739 ἀλείφοντες
1492 3667 1657 3720 αὐτὸν
1698 3666 1864 3736 ἐλαίῳ

281 3768 340 3819 ὲν
383 3764 464 3836 τῷ
494 3763 723 3835 ὀνόματι
754 3760 851 3817 τοῦ
886 3762 1096 3834 Κυρίου
1123 3777 1138 3792 ⁶
1175 3761 1270 3815 καὶ
1304 3761 1438 3831 εὐχὴ
1481 3760 1583 3830 τῆς
1630 3759 1865 3822 πίστεως

282 3858 445 3911 σώσει
496 3856 591 3909 τὸν
625 3855 928 3925 κάμνοντα,
970 3855 1065 3907 καὶ
1102 3843 1291 3925 ἐγερεῖ
1341 3853 1506 3906 αὐτὸν
1553 3853 1580 3904 ὁ
1616 3851 1862 3923 Κύριοςο

282 3951 384 4004 κᾶν
414 3947 696 4021 ἁμαρτίας
800 3946 1147 4019 πεποιηκὼς,
1175 3946 1511 4017 ἀφεθήσεται
1541 3945 1712 4015 αὐτῷ.
1743 3963 1763 3997 ι
1804 3944 1868 3997 Εἰ

282 4040 339 4095 δὲ
371 4038 448 4109 μὴ
479 4036 909 4091 ἀπαλλάττοιντο
943 4032 1034 4090 διὰ
1078 4035 1273 4088 τούτου
1321 4034 1425 4104 τῆς
1478 4033 1568 4087 τοῦ
1616 4033 1869 4102 σώματος

284 4129 618 4203 ἀρρωστίας,
679 4129 781 4181 οὐκ
818 4127 1095 4183 αἰτιᾶσθαι
1134 4127 1220 4181 δεῖ
1263 4126 1364 4197 τὴν
1413 4125 1510 4179 τοῦ
1562 4125 1868 4196 μυστηρίου

282 4221 476 4276 τούτου
501 4219 757 4292 δύναμιν.
804 4218 1074 4284 Πολλάκις
1101 4218 1211 4290 γάρ
1244 4206 1341 4272 καί
1375 4216 1435 4271 τὸ
1468 4215 1870 4289 θεραπευθῆναι

290 4311 624 4385 σωματικῶς
677 4312 817 4383 πρὸς
870 4311 997 4375 τοὺς
1050 4310 1219 4374 ἀξίως
1248 4309 1313 4363 ἰδ
1368 4310 1669 4382 μυστήριον
1715 4307 1872 4362 τοῦτο

289 4405 674 4472 λαμϐάνοντας
698 4403 798 4456 οὐκ
840 4401 956 4455 εστι
984 4403 1259 4472 χρήσιμον
1302 4400 1439 4472 πρὸς
1479 4400 1579 4472 τὴν
1624 4416 1872 4471 πνευμα-

1956 2026 2141 2072 mento
2178 2018 2379 2087 scripta
2420 2018 2672 2087 legerint.

2027 2196 2168 2264 Quia
2205 2213 2351 2265 vero,
2390 2205 2449 2253 ut
2527 2198 2869 2265 dicebamus,
2914 2216 2979 2255 ex
3014 2199 3182 2255 animi
3223 2202 3542 2271 aegritudine

1958 2290 2184 2346 morbus
2216 2289 2437 2361 quidam
2475 2290 2530 2344 in
2580 2305 2780 2361 corpus
2833 2291 3179 2355 diffunditur,
3227 2295 3295 2347 ob
3346 2309 3537 2348 eorum

1961 2384 2147 2453 (animi
2180 2384 2392 2439 scilicet
2441 2398 2505 2438 ac
2554 2384 2830 2455 corporis)
2868 2394 3115 2440 mutuam
3167 2386 3540 2440 habitudinem

1961 2490 2024 2529 ac
2057 2474 2559 2542 necessitudinem;
2616 2477 2710 2546 qui
2746 2477 2940 2546 utique
2994 2478 3222 2533 morbus
3270 2479 3388 2533 utili
3447 2476 3544 2533 Dei

1961 2566 2190 2621 consilio
2226 2565 2503 2637 provenit.
2535 2565 2750 2622 Etenim
2780 2569 3071 2637 castigatio
3101 2578 3205 2634 est,
3256 2570 3325 2624 ob
3378 2585 3498 2624 eam
3528 2610 3545 2635 ,

1962 2656 2117 2722 cujus
2147 2654 2311 2710 homo
2343 2670 2469 2711 reus
2502 2666 2607 2721 est,
2645 2672 2900 2726 pinnam;
2936 2660 2982 2715 si
3016 2664 3178 2715 modo
3207 2660 3328 2731 ejus
3369 2660 3546 2717 morbi

1964 2748 2071 2801 vim
2106 2762 2230 2802 cum
2262 2748 2562 2817 gratiarum
2598 2750 2813 2804 actione
2860 2751 3205 2806 sustinuerit.
3236 2751 3389 2807 llaud
3423 2756 3548 2807 raro

1963 2849 2142 2894 tamen
2173 2853 2271 2908 per
2298 2853 2419 2893 eam
2451 2839 2833 2910 aegritudinem
2866 2841 3158 2912 impeditur
3182 2842 3344 2898 homo
3375 2859 3440 2897 ne
3459 2844 3553 2898 bo-

1964 2948 2093 2987 num
2132 2941 2406 3001 operetur,
2437 2947 2500 2987 ac
2531 2947 2599 2987 ne
2624 2935 2930 3005 operando,
2961 2934 3266 3005 spiritalem
3312 2935 3545 2990 salutem

1965 3032 2335 3094 consequatur
2358 3042 2374 3091 ;
2400 3023 2610 3103 idcirco
2636 3036 2896 3081 extrema:
2928 3028 3203 3083 unctionis
3232 3041 3546 3083 sacramen-

1971 3124 2084 3169 tum
2121 3116 2247 3186 (olei
2285 3116 2493 3171 scilicet
2520 3115 2733 3186 junctis
2761 3118 3015 3187 precibus
3049 3116 3318 3189 inunctio)
3361 3118 3545 3173 datur.

1966 3209 2171 3278 Estque
2204 3208 2467 3278 spiritalis
2498 3209 2612 3264 haec
2644 3210 2886 3277 'curatin,
2921 3218 3036 3265 uta
3064 3211 3315 3280 corporis
3349 3210 3549 3266 morbo

1962 3302 2279 3367 liberemur,
2316 3301 2410 3371 qui
2444 3301 2836 3372 impedimento
2869 3310 2953 3357 est
2981 3317 3052 3357 ne
3087 3303 3357 3372 spiritalia
3381 3318 3547 3370 opera

1964 3404 2313 3465 prmstemus.
2351 3391 2427 3447 De
2456 3394 2661 3462 quibus
2710 3392 2925 3448 divinus
2971 3393 3264 3462 Apostolus
3293 3393 3491 3448 scribit
3534 3412 3551 3447 :

1971 3506 1989 3539 ι
2037 3476 2348 3540 infirmatur
2399 3486 2524 3555 quis
2568 3484 2623 3539 in
2678 3484 2876 3540 vobis?
2927 3485 3154 3540 inducat
3211 3487 3554 3557 presbyteros

1968 3577 2248 3643 Ecclesiae,
2295 3583 2349 3630 et
2380 3585 2538 3630 orent
2569 3591 2732 3644 super
2768 3591 2890 3630 eum
2915 3619 2930 3641 ,
2972 3585 3237 3646 tingentes
3276 3593 3400 3632 eum
3433 3578 3557 3636 oleo

1968 3650 2278 3726 in'nomine
2310 3666 2575 3721 Domini:
2609 3649 2663 3720 et
2710 3667 2889 3721 oratio
2922 3667 3046 3721 fidei
3100 3668 3333 3723 salvabit
3382 3683 3557 3735 (egro—

1968 3770 2108 3829 tum,
2127 3760 2370 3843 eteriget
2394 3774 2519 3813 eum
2547 3756 2845 3824 Dominus;
2870 3768 2921 3813 et
2948 3760 2997 3813 si
3025 3760 3076 3813 in
3103 3762 3341 3830 peccatis
3365 3760 3553 3825 fuerit,

1972 3851 2324 3908 remittentur
2362 3849 2411 3904 ei
2446 3848 2516 3905 ⁸⁸.
2552 3868 2570 3901 ι
2614 3848 2710 3903 Sin
2747 3857 2929 3903 autem
2968 3850 3133 3919 aliqui
3173 3850 3337 3921 hujus
3368 3854 3419 3906 vi
3466 3868 3554 3906 sa-

1971 3944 2230 4001 cramenti
2261 3960 2291 3999 a
2321 3944 2570 4013 corporis
2594 3943 2782 3998 morbo
2812 3943 3039 3997 minimc
3063 3944 3383 4010 liberantur,
3410 3945 3556 4000 haud

1973 4044 2154 4090 tamen
2199 4034 2251 4090 id
2291 4033 2369 4088 illi
2401 4033 2643 4087 dandum
2691 4032 2822 4087 vitio
2871 4034 2965 4088 sit.
3018 4034 3175 4104 Saepe
3209 4034 3353 4089 enim
3386 4035 3558 4091 etiam

1972 4139 2197 4195 corpore
2228 4123 2448 4188 sanari,
2488 4124 2571 4177 vel
2621 4122 2668 4178 si
2709 4123 2871 4191 digne
2919 4136 3331 4180 sacramentum
3386 4126 3561 4195 aliqui.

1975 4217 2303 4289 suscipiant,
2356 4215 2425 4271 ad
2478 4216 2787 4287 spiritalem
2842 4218 3073 4272 salutem
3128 4233 3238 4273 non
3275 4219 3557 4273 canducit.

1975 4308 2135 4364 Forte
2164 4307 2309 4362 enim
2344 4321 2442 4361 nec
2486 4320 2583 4376 pro
2622 4320 2688 4360 eo
2720 4321 2785 4362 ac
2817 4308 2947 4362 utile
2997 4317 3104 4373 est,
3156 4309 3406 4379 corporis
3461 4310 3562 4364 illa.

1978 4401 2214 4456 sanitate
2242 4406 2489 4453 utentur.
2518 4394 2636 4451 Non
2669 4405 2849 4452 tamen
2884 4399 3033 4454 inani
3068 4411 3270 4456 conatu
3298 4402 3569 4471 nulloque

293 4497 457 4567 τικὴν
489 4496 789 4568 σωτηρίαν.
821 4496 983 4558 Ἴσως
1015 4495 1124 4564 γὰρ
1151 4492 1275 4548 οὐδὲ
1299 4494 1601 4563 χρήσονται
1628 4492 1694 4565 τῇ
1715 4492 1852 4562 imit

1977 4492 2161 4548 fructu
2194 4499 2604 4574 sacramentum
2629 4492 2981 4561 suscipiunt;
3011 4494 3226 4548 tametsi
3259 4494 3575 4564 corporalis

295 4590 429 4660 πρὸς
449 4588 512 4642 τὸ
542 4588 841 4659 συμφέρον.
869 4588 945 4641 Οὐ
980 4588 1170 4658 μέντοι
1192 4587 1489 4656 ἀνωφελῶς
1530 4585 1695 4642 πάλιν
1716 4585 1852 4639 τοῧτι

1980 4584 2186 4642 sanitas
2217 4598 2320 4638 non
2352 4596 2637 4654 sequntur.
2669 4584 2832 4640 Juvat
2861 4586 3007 4641 enim
3052 4587 3362 4641 secundum
3393 4586 3573 4641 alium

294 4681 690 4751 λαμϐάνουσιν,
727 4680 776 4732 εί
810 4681 905 4733 καὶ
953 4679 1029 4751 μὴ
1064 4682 1099 4749 ὴ
1132 4679 1422 4750 σωματικὴ
1451 4678 1720 4751 Θεραπεία
1749 4680 1852 4733 άκο

1984 4674 2227 4730 modum.
2246 4674 2562 4744 lncorporei
2597 4691 2830 4746 namque
2856 4677 3030 4732 morbi
3054 4677 3326 4746 (pronitas
3354 4677 3575 4731 scilicet

296 4773 573 4844 λουῦήσει.
614 4772 829 4843 Ὠφελεῖ
868 4772 980 4842 γὰρ
1010 4771 1131 4825 κατ’
1162 4771 1323 4824 ἄλλον
1370 4772 1591 4842 τρόπον.
1632 4772 1723 4833 Είς
1776 4770 1852 4840 μὲ·

1983 4767 2051 4822 ad
2080 4767 2306 4832 malum,
2339 4766 2578 4837 bonique
2623 4769 2920 4838 praestandi
2956 4769 3263 4840 neglectus)
3295 4769 3570 4837 pcenitens

299 4866 409 4935 γάρ
456 4864 559 4920 τὰς
608 4862 940 4934 ἀσωμάτους
979 4863 1193 4927 νόσους,
1229 4863 1437 4928 αἵτινές
1482 4864 1625 4917 εἰσιν
1656 4862 1852 4916 εὐκολί‹

1988 4856 2076 4911 tia:
2123 4854 2503 4923 medicamine,
2539 4857 2617 4911 uti
2652 4858 2913 4935 diximus,
2952 4860 3193 4914 curanda
3229 4867 3381 4917 sunt.
3427 4860 3570 4923 Quin

301 4958 439 5028 πρὸς
489 4957 552 5011 τὸ
599 4958 790 5026 κακὸν,
840 4957 1071 5029 ἀμέλεια
1109 4956 1247 5028 πρὸς
1285 4954 1347 5011 τὸ
1380 4956 1605 5031 ἀγαθὸν,
1641 4952 1735 5011 διὰ
1780 4954 1849 5029 τῆ

1993 4959 2175 5011 tamen
2212 4948 2410 5014 homo,
2439 4964 2546 5021 qua
2580 4950 2664 5021 vel
2698 4951 2911 5011 laborat
2953 4952 3205 5022 segnitie,
3242 4954 3320 5007 vel
3369 4952 3582 5023 quibus

377 5118 420 5150 ⁸⁸
447 5121 567 5174 Jac.
604 5132 656 5185 v,
674 5117 765 5177 14.

380 5278 495 5350 (79)
549 5272 1004 5350 ῌνξνματικοίξς
1033 5271 1283 5350 ἄνδρας.
1326 5270 1417 5350 Sic
1454 5271 1629 5327 δι’ωεὶ
1661 5285 1758 5326 eos
1788 5285 1852 5325 vo

1982 5271 2099 5350 haec
2130 5270 2446 5350 disciplina,
2477 5270 2666 5350 plures
2694 5278 2878 5350 tamen
2929 5268 2983 5324 in
3015 5268 3578 5350 barathrumtrtnliu.

310 5338 455 5413 cant,
480 5338 579 5417 'qui
613 5338 727 5417 illis
760 5361 791 5399 a
818 5338 994 5417 sacris
1023 5338 1461 5417 confessionibus
1497 5353 1645 5417 sunt,
1681 5350 1734 5396 et
1762 5355 1881 5417 ρυε-
1980 5341 2114 5417 dum
2164 5338 2634 5417 maluntvulnera
2670 5340 2894 5417 _cel_are,
2938 5355 3104 5417 quam
3164 5338 3457 5417 austeriori
3492 5338 3584 5393 illi-

315 5410 557 5475 iiitentiis
584 5415 862 5487 pmfeeti;
904 5413 1149 5484 plerique
1183 5413 1292 5488 illis
1325 5411 1577 5466 monachi
1610 5410 1875 5488 sacerdo-
1980 5411 2286 5488 disciplina;
2318 5410 2987 5488 subjacere.Latinorum
3028 5411 3189 5488 longe
3215 5410 3423 5488 mitior.
3452 5422 3571 5488 .qua

317 5490 393 5544 tio
436 5479 730 5559 fulgentes,
774 5479 921 5555 quos
950 5479 1339 5559 ἱερομονάχους
1367 5492 1590 5559 vocant.
1629 5480 1742 5536 Nec
1771 5480 1883 5535 fere
1983 5479 2098 5536 fere
2126 5479 2310 5536 omiria
2342 5479 2930 5559 confessariiarbitrio
2975 5483 3413 5559 permittuntur;
3448 5479 3580 5559 ipso.

315 5561 471 5615 aliter
501 5546 1079 5629 (Ramex-canonum
1106 5546 1290 5629 rigore
1320 5550 1570 5629 judicant
1592 5567 1612 5629 _;
1643 5566 1880 5620 quorum
1983 5560 2164 5629 tamen
2217 5567 2324 5606 non
2379 5554 2606 5629 omnino
2654 5552 2849 5629 libero,
2898 5546 3320 5629 sed_aequitatis
3360 5546 3582 5629 legibus.

316 5619 555 5685 codicem
579 5629 636 5682 in
661 5635 917 5699 promptu
949 5619 1174 5691 habent,
1197 5619 1333 5699 dum
1370 5619 1746 5699 cor’ifessioncs
1777 5636 1879 5699 au-
1990 5623 2249 5699 astricto,
2278 5638 2376 5692 pro
2402 5624 2612 5699 scilicet
2646 5623 2883 5699 ratione,
2928 5619 3210 5699 ipsiusque
3254 5619 3577 5699 pmnitetttis

319 5703 496 5762 iliunt,
527 5705 587 5753 ut
636 5686 702 5752 ei
750 5686 859 5767 illo
892 5709 1104 5767 pugnas,
1152 5686 1223 5746 τὰ
1255 5691 1527 5767 ἐπιτίμια,
1558 5691 1879 5767 decernant.
1994 5686 2251 5767 facultate
2279 5686 2342 5748 ac
2379 5692 2581 5767 modo;
2615 5708 2700 5757 ne,
2730 5691 2874 5767 quod
2906 5686 3100 5767 salutis
3133 5686 3436 5767 remedium
3463 5696 3570 5749 est.

324 5769 414 5825 Sic
440 5761 507 5825 ex
541 5767 651 5824 illis
678 5764 861 5822 audivi
892 5761 985 5835 qui
1029 5763 1460 5835 Grecorunrusi
1484 5761 1883 5835 .lamiliaritate
1994 5779 2105 5833 pra:
2138 5765 2376 5820 humana
2410 5763 2698 5834 fragilitate
2721 5765 2815 5815 tiat
2847 5761 3019 5813 ruitur:
3049 5761 3292 5814 occasio.

322 5849 450 5901 sunt
489 5838 637 5912 apud
667 5852 764 5895 eos
811 5832 966 5894 missi
1012 5834 1317 5906 apostolici.
1350 5832 1528 5906 thue
1579 5842 1765 5889 sancta
1817 5832 1888 5886 sit
