4056 6266
502 372 611 437 607

1747 361 2144 426 ΜΛΝΗΕΙᾹὸ
2180 362 2510 428 CALEC/E.

3668 365 3777 433 608

507 486 692 544 szrculi
757 486 926 542 variis
982 487 1131 543 euris
1194 485 1544 547 distrahitur,
1601 490 1738 553 quas
1791 483 2035 538 dicebam
2068 532 2084 558 ,

2199 483 2509 552 μετανοίας,
2539 482 2616 545 ὡς
2661 483 2913 552 εἴπομέν,
2964 481 3044 535 δεῖ
3082 481 3409 553 θεραπεύειν
3435 498 3449 515 ·
3484 481 3609 536 ἐπεὶ
3663 483 3716 537 δὲ
3747 487 3777 537 ὀ

506 579 881 651 aegritudines,
913 579 966 632 in
1000 579 1182 648 seipso
1232 578 1467 648 perfecte
1500 593 1608 632 non
1652 585 1850 642 sanat,
1887 574 2084 631 Sacra-

509 684 752 725 mentum
787 672 890 725 hoc
932 669 998 723 ad
1051 669 1286 724 salutem
1336 669 1545 723 homini
1586 667 1774 723 datum
1808 675 1924 732 est;
1981 678 2089 734 quo

509 761 767 816 nimirum
810 760 926 829 ejus
957 759 1314 830 susceptione
1346 759 1399 822 id
1442 760 1668 830 impleat
1691 798 1705 821 ,
1735 759 1883 829 quod
1918 757 1984 812 ad
2023 757 2089 811 il-

509 853 614 907 lius
647 852 948 907 curationis
976 891 992 916 ,
1041 868 1207 921 quam
1253 859 1474 923 prtestat
1525 853 1870 922 pmnitentia,
1913 852 2091 922 perfe-

509 943 743 996 ctionem
781 941 1216 1009 desiderabatur,
1251 944 1492 1014 ejusque,
1523 942 1894 1000 damnationis
1937 953 2090 999 reatu

507 1033 792 1097 liberetur,
827 1021 915 1086 cui
951 1034 1152 1088 idcirco
1192 1034 1466 1089 obnoxius
1505 1041 1586 1089 est
1610 1073 1624 1098 ,
1658 1018 1784 1104 quia
1817 1036 2092 1104 poeniten-

513 1125 598 1178 tiae
626 1140 893 1178 canunem
936 1140 1048 1180 non
1080 1125 1326 1197 peregit;
1366 1135 1422 1179 ut
1471 1126 1684 1180 scilicet
1733 1127 1872 1180 nihil
1923 1127 1977 1180 in
2024 1142 2092 1182 eo

510 1217 788 1271 residuum
815 1217 906 1280 sit,
929 1232 1037 1286 quo
1061 1217 1281 1274 animus
1303 1219 1573 1274 excedens
1599 1218 1836 1273 futuram
1863 1219 2096 1290 gloriam

510 1311 771 1378 consequi
807 1309 1158 1379 impediatur.

585 1491 852 1543 Praeterea
881 1489 1265 1558 contingitnec
1293 1491 1626 1558 meminisse,
1651 1508 1750 1548 nec
1779 1509 1907 1549 vero
1935 1508 2097 1549 nosse

513 1595 635 1648 quae
652 1580 776 1648 quis
808 1579 1288 1634 commisitomnia
1328 1591 1573 1650 peccata,
1605 1591 1655 1635 ut
1691 1597 1788 1658 per
1818 1583 2091 1654 paeniten-

515 1670 644 1724 tiam
681 1670 770 1723 illa
807 1670 990 1724 delere
1025 1670 1220 1739 possit.
1264 1671 1406 1736 Quin
1437 1682 1491 1726 et
1518 1672 1838 1740 quotidiana
1873 1682 2098 1744 peccata

517 1773 667 1823 sunt,
689 1761 807 1817 sine
837 1762 1036 1832 quibus
1053 1762 1169 1816 ﬁeri
1201 1779 1307 1816 non
1341 1772 1516 1832 potest
1551 1772 1607 1817 ut
1633 1764 1740 1818 vita
1775 1765 1893 1820 hate
1925 1776 2096 1822 trans-

516 1850 697 1919 igatur
732 1866 744 1902 :
793 1850 990 1920 quibus
1029 1851 1286 1905 onmibus
1322 1851 1627 1906 necessario
1650 1867 1748 1921 per
1774 1851 1878 1907 hoc
1911 1867 2094 1908 sacra-

515 1951 753 1995 mentum
785 1942 1136 1996 emundatur.
1163 1942 1316 1997 Unde
1342 1952 1396 1996 et
1425 1943 1571 1996 addit
1604 1961 1616 1997 :
1652 1962 1670 1995 ι
1711 1946 1774 1998 Εῑ
1808 1947 1851 1999 si
1888 1946 1942 1998 in
1970 1960 2096 2014 pec-

512 2035 655 2088 catis
702 2032 900 2099 fuerit,
954 2033 1299 2088 dimittentur
1343 2034 1415 2089 ei.
1453 2053 1472 2087 ι
1509 2033 1665 2089 Unde
1699 2035 1870 2106 liquet
1905 2051 2095 2091 sacra-

515 2131 759 2177 mentum
795 2124 902 2179 hoc
931 2134 1238 2180 extremum
1269 2140 1412 2191 esse,
1444 2126 1589 2180 velut
1633 2127 1839 2183 scilicet
1876 2122 2098 2198 spirita-

515 2218 581 2272 lis
612 2219 804 2274 omnis‘
843 2219 1152 2275 sanationis
1203 2221 1578 2290 signaculum;
1615 2237 1848 2292 esseque
1883 2223 1968 2277 his
2002 2223 2094 2292 qui

514 2313 708 2367 morbo
737 2312 984 2366 laborant
1010 2313 1412 2380 adhibendum;
1448 2329 1511 2368 ac
1542 2315 1815 2384 prmcipue
1844 2315 1971 2380 illis,
2001 2314 2094 2384 qui

511 2418 637 2456 eum
665 2445 680 2469 ,
723 2403 881 2472 cujus
916 2403 992 2456 rei
1029 2413 1186 2458 erant
1213 2445 1226 2466 ,
1261 2418 1526 2459 canonem
1564 2420 1668 2459 non
1718 2404 2093 2472 expleverunt.

501 2494 760 2562 'Esseqne
804 2495 938 2548 adeo
974 2494 1172 2549 iterum
1205 2495 1312 2550 illis
1346 2495 1740 2560 adhibendum,
1776 2495 1822 2550 si
1855 2494 1909 2548 in
1941 2509 2093 2548 eam-

515 2584 638 2637 dem
673 2587 1050 2639 necessitatem
1085 2586 1425 2642 devenerint.
1461 2586 1606 2640 Nihil
1636 2588 1782 2642 enim
1815 2594 1984 2652 vetat,
2025 2593 2096 2643 ob

519 2683 727 2728 naturae
757 2674 1126 2730 infirmitatem
1151 2717 1166 2738 ,
1198 2675 1328 2744 quin
1367 2676 1528 2731 homo
1563 2677 1615 2730 in
1663 2676 1850 2730 eadem
1902 2677 2097 2732 delicta

519 2768 828 2833 relahatur;
881 2777 940 2823 ut
989 2777 1042 2823 et
1094 2769 1293 2837 saepius
1325 2768 1516 2823 eodem
1565 2768 1868 2825 curationis
1899 2784 2099 2840 genere

516 2859 754 2930 indigeat
792 2876 805 2912 :
847 2861 920 2914 uti
961 2861 1125 2915 etiam
1164 2860 1432 2930 contingit
1462 2861 1517 2913 in
1546 2860 1655 2914 vita
1686 2862 1953 2930 corporali
1983 2901 2000 2927 ,
2036 2862 2090 2916 in

513 2967 622 3020 qua
655 2952 854 3006 eardem
894 2952 1153 3006 accidunt
1175 2951 1546 3022 aegritudines,
1577 2952 1877 3024 eademque
1907 2971 2099 3013 rursus

513 3044 624 3098 illis
653 3045 908 3100 curandis
939 3044 1247 3101 adhibenda
1278 3043 1518 3099 remedia
1551 3052 1696 3100 sunt.

588 3308 830 3375 Rursus,
867 3312 993 3382 quia
1040 3312 1340 3382 corporalis
1382 3313 1510 3368 vitae
1555 3322 1828 3384 auctores,
1870 3318 2102 3389 ejusque

514 3401 863 3458 ordinatores
906 3419 1001 3458 seu
1041 3412 1302 3470 rectores,
1355 3404 1574 3460 duobus
1626 3407 1804 3466 modis
1851 3411 2104 3463 conside-

516 3503 736 3561 rantur;
773 3494 854 3548 vel
893 3496 1100 3550 scilicet
1149 3497 1452 3552 secundum
1507 3507 1720 3554 naturae
1773 3499 2100 3557 foecundita-

517 3597 648 3650 lem,
683 3588 826 3656 quod
863 3598 1072 3657 spectat
1102 3589 1167 3643 ad
1212 3599 1507 3658 parentes;
1541 3603 1632 3645 aut
1668 3593 1969 3647 secundum
2006 3609 2103 3662 po-

515 3680 723 3734 liticum
759 3681 1000 3751 regimen
1037 3699 1100 3736 ac
1133 3683 1497 3754 principatum
1524 3724 1540 3750 ,
1582 3685 1646 3739 ad
1680 3688 1801 3739 vitte
1835 3687 2102 3756 tranquil-

516 3771 717 3827 litatem
751 3789 1048 3844 pacemque
1078 3777 1532 3840 conservandam,
1566 3778 1711 3846 quod
1749 3794 1939 3849 regum
1978 3796 2100 3833 mu-

515 3867 661 3920 neris
704 3877 788 3920 est
818 3881 880 3919 ae
918 3867 1334 3937 magistratuum
1370 3886 1382 3922 :
1421 3869 1500 3924 sic
1533 3884 1752 3939 quoque
1788 3870 1840 3924 in
1873 3871 2100 3939 spiritali

514 3959 645 4020 vita,
685 3969 808 4011 sunt
867 3959 956 4028 qui
1013 3959 1434 4013 subministrent
1459 3961 1545 4028 {ac
1585 3962 1902 4016 custodiant
1943 3964 2107 4033 spiri-

514 4051 675 4104 talem
709 4050 876 4104 vitam
905 4069 919 4117 ;
969 4051 1130 4119 idque
1172 4051 1246 4103 illi
1298 4051 1529 4119 spiritali
1559 4052 1826 4108 duntaxat
1861 4056 2105 4111 ministe-

517 4144 597 4198 rio
624 4152 907 4212 praestant,
940 4144 1084 4214 quod
1115 4152 1323 4213 spectat
1347 4143 1410 4196 ad
1437 4143 1644 4196 ordinis
1675 4155 2102 4214 sacramentum;

515 4244 751 4303 suntque
783 4235 917 4286 adeo
939 4233 1116 4301 qui.et
1150 4232 1449 4299 spiritalem
1483 4232 1646 4286 simul
1677 4243 1730 4288 et
1755 4237 2100 4304 corporalem

515 4325 681 4377 vitam
727 4321 1056 4386 conferant,
1107 4324 1248 4393 quod
1285 4323 1375 4376 illo
1413 4333 1757 4379 sacramento
1789 4335 2102 4396 praestatur,

515 4431 627 4483 quo
663 4415 743 4467 vir
775 4430 1020 4482 uxorque
1067 4417 1396 4469 conveniunt
1448 4425 1507 4470 ut
1554 4416 1758 4485 prolem
1816 4419 2092 4488 gignant,

518 4505 879 4574 religiosaque
911 4505 1101 4572 pietate
1131 4520 1193 4558 ac
1227 4506 1316 4558 Dei
1348 4506 1492 4560 cultu
1536 4507 1838 4562 enutriant.
1873 4508 2091 4580 Alioqui

515 4596 659 4649 enim
701 4597 886 4662 nequit
923 4596 1035 4649 tieri
1081 4605 1137 4650 ut
1187 4597 1486 4650 humanum
1520 4613 1715 4665 genus,
1751 4599 1878 4653 dum
1914 4615 2099 4656 rerum

518 4687 632 4741 inec
669 4690 1001 4743 univcrszlas
1028 4689 1092 4742 ad
1131 4700 1444 4744 extremum
1499 4691 1842 4757 immutetur,
1884 4708 2099 4761 perma-

519 4794 660 4836 neat.
702 4782 854 4849 Quod
891 4785 1016 4838 item
1063 4785 1261 4854 nuptim
1291 4784 1423 4838 nihil
1457 4786 1810 4855 turpitudinis
1841 4790 2095 4860 habeant;

517 4892 824 4946 quanquam
847 4877 990 4931 enim
1017 4877 1296 4946 virginitas
1323 4875 1558 4932 nobilior
1581 4888 1683 4941 est,
1711 4880 1848 4934 haud
1871 4883 2098 4950 proinde

513 4969 876 5023 cxsecrabiles
925 4967 1124 5037 nuptiae
1163 4966 1407 5036 nihilque
1451 4967 1805 5024 honorabiles
1837 4973 1906 5025 ω.
1941 4971 2098 5029 Unde

513 5068 569 5113 ct
599 5058 852 5114 Christus
891 5073 988 5113 sua
1012 5074 1104 5112 eas
1128 5059 1412 5127 praesentia
1447 5059 1738 5115 honoravit
1774 5063 1825 5115 in
1848 5063 1998 5120 Cana
2025 5067 2090 5120 ⁷⁸.

516 5152 594 5207 Ex
625 5150 834 5203 ratione
877 5159 1054 5203 tamen
1080 5164 1202 5203 cum
1229 5148 1348 5205 aliis
1382 5151 1637 5204 utendum
1667 5166 2092 5224 sacramentum,

516 5255 630 5299 tttm
667 5246 794 5300 isto.
826 5245 880 5299 Si
913 5245 1059 5300 enim
1098 5245 1180 5300 vel
1210 5246 1262 5298 in
1303 5245 1407 5299 hoc
1436 5246 1520 5300 vel
1556 5247 1610 5299 in
1643 5247 1872 5316 reliquis
1897 5288 1910 5309 ,
1947 5251 2091 5320 quod

513 5340 584 5392 sit
612 5352 677 5391 ex
712 5338 921 5393 ratione
954 5338 1168 5390 (leliciat
1195 5378 1210 5403 ,
1247 5336 1448 5389 nedum
1481 5336 1681 5389 nullam
1719 5337 1952 5395 afferunt
1986 5343 2092 5396 uti-

513 5425 744 5494 litatem,
778 5445 964 5484 verum
997 5431 1162 5485 etiam
1209 5431 1389 5484 alieno
1432 5443 1462 5482 a
1512 5429 1722 5486 ratione
1777 5447 1878 5488 usu
1924 5435 2092 5505 pluri-

515 5537 659 5576 mum
696 5524 854 5580 nobis
884 5525 1144 5580 damnum
1188 5532 1398 5578 creant.

587 5615 659 5670 De
692 5617 796 5671 illis
830 5619 1014 5688 itaque
1048 5617 1433 5684 sacramentis,
1467 5635 1585 5688 qua:
1615 5619 1772 5676 nobis
1803 5619 1948 5707 data_
1965 5628 2092 5676 sunt

596 5792 644 5823 "
685 5791 845 5848 llebr.
907 5813 1027 5860 xm,
1069 5797 1122 5851 4.
1199 5800 1242 5833 ⁷ο
1289 5797 1444 5856 Joan.
1487 5817 1547 5861 ιι,
1586 5805 1636 5859 l.

2191 573 2479 643 ἅνθρωπος
2510 574 2542 643 ἧ
2582 573 2670 627 διὰ
2707 573 2985 645 ρᾳθυμίαν
3015 574 3048 643 ἢ
3080 573 3184 627 διὰ
3201 574 3329 638 τοὺς
3370 573 3650 637 ποικίλους
3678 574 3775 626 τοῦ

2194 658 2312 728 βίου
2337 661 2757 730 περισπασμοὺς
2783 663 2842 714 οὺ
2873 661 3094 724 τελείως
3115 660 3414 732 θεραπεύει
3441 662 3542 724 τὰς
3587 679 3777 728 προει-

2196 751 2529 820 ρημέναςὲν
2580 752 2730 823 αὐτῷ
2756 754 3096 826 ἀρρωστίας,
3132 755 3225 806 ἐπὶ
3277 755 3524 826 σωτηρίᾳ
3569 753 3632 806 τὸ
3669 772 3773 821 μυ-

2195 842 2417 912 στήριον
2448 843 2607 898 τοῦτο
2638 845 2716 914 τῷ
2748 845 3022 916 ἀνθρώπῳ
3066 847 3295 908 δέδοται,
3337 845 3477 898 ὥστε
3527 846 3776 915 ἀναπλη-

2197 933 2426 1004 ροῦσθαι
2454 936 2764 991 διὼτούτου
2791 937 2853 990 τδ
2874 939 3069 1001 ἀτελὲς
3093 938 3193 1006 τῆς
3213 937 3515 1006 θεραπείας
3533 939 3773 1007 ἐκείνης,

2192 1027 2227 1098 ἢ
2289 1027 2378 1081 διὰ
2426 1030 2716 1098 μετανοίας
2772 1030 3002 1098 ἐγίνετο,
3058 1030 3152 1082 καὶ
3209 1027 3634 1098 ὲλευθεροῦσθαι
3675 1031 3778 1096 τῆς

2194 1117 2496 1190 καταδίκης
2531 1121 2627 1190 τῆς
2656 1120 3018 1190 ὀφειλομένης
3042 1119 3213 1190 αὐτῷ,
3244 1119 3324 1172 ὅτι
3349 1118 3450 1171 οὐκ
3485 1119 3770 1170 ἐτελείωσε

2193 1209 2287 1263 τὸν
2315 1209 2414 1279 τῆς
2447 1212 2739 1277 μετανοίας
2768 1211 2990 1265 κανόνα·
3037 1210 3128 1264 ἵνα
3162 1209 3330 1279 μηδὲν
3364 1211 3422 1262 ὲν
3455 1208 3605 1276 αὐτῷ
3638 1209 3773 1261 ἀπο-

2193 1299 2388 1372 λειφθῇ
2431 1301 2733 1373 δυνάμενον
2768 1305 2827 1356 ὲν
2849 1305 2915 1374 τῇ
2944 1302 3110 1370 ἐξόδῳ
3139 1302 3238 1370 τῆς
3270 1301 3450 1370 ψυχῆς
3482 1301 3774 1370 ἐμποδίσαι

2194 1393 2401 1464 ταύτην
2428 1393 2520 1448 τοῦ
2549 1396 2733 1466 τυχεῖν
2761 1395 2862 1464 τῆς
2895 1393 3201 1464 μελλούσης
3236 1393 3418 1464 δόξης.

2267 1487 2342 1540 Οὐ
2397 1486 2503 1556 μὴν
2550 1487 2686 1541 ἀλλὰ
2735 1488 2828 1540 καὶ
2867 1486 3160 1555 συμϐαίνει
3223 1487 3365 1556 μήτε
3410 1486 3776 1557 μνημονεύειν

2199 1579 2335 1649 μήτε
2361 1578 2654 1648 γινώσκειν
2677 1581 2856 1633 πάντα
2884 1579 2984 1632 ὅσα
3012 1578 3220 1649 ἔπραξά
3252 1595 3340 1642 τις
3371 1579 3772 1648 ἁμαρτήματα,

2198 1669 2340 1723 ὥστε
2383 1669 2642 1724 δύνασθαι
2676 1669 2768 1723 διὰ
2805 1671 3098 1739 μετανοίας
3147 1669 3323 1723 ταῦτα
3372 1669 3804 1738 ἐξαλείφεσθαι.-

2201 1763 2324 1814 Elei.
2361 1762 2418 1816 δὲ
2450 1761 2543 1815 καί
2575 1779 2698 1815 τινα
2749 1762 3098 1831 καθημερινὰ
3135 1761 3537 1831 ἁμαρτήματα,
3571 1755 3647 1814 ὧν
3676 1779 3782 1830 χω-

2201 1851 2284 1922 ρὶς
2312 1851 2412 1904 οὐκ
2463 1850 2584 1904 ἐστι
2619 1850 2715 1903 τὸν
2742 1850 2860 1921 βίον
2889 1850 3082 1903 τοῦτον
3114 1849 3365 1904 διελθεῖν·
3396 1844 3472 1904 ὧν
3495 1851 3714 1903 πάντων
3753 1852 3782 1901 ὁ

2196 1941 2486 2011 ἄνθρωπος
2535 1941 2853 2009 ἀναγκαίως
2907 1942 3234 2012 καθαίρεται
3283 1940 3372 1994 διὰ
3431 1941 3628 1994 τούτου
3687 1941 3780 1994 τοῦ

2201 2033 2531 2109 μυστηρίου,
2569 2033 2659 2086 Διδ
2699 2033 2792 2086 καὶ
2824 2031 3176 2105 προστίθησι,
3230 2050 3250 2084 ι
3283 2032 3403 2086 Κᾶν
3435 2032 3714 2103 ἁμαρτίας

2197 2121 2536 2193 πεποιηκὼς,
2591 2123 2927 2195 ἀφεθήσεται
2984 2122 3158 2194 αὐτῷ.
3190 2141 3210 2175 ι
3271 2123 3435 2176 Ὅθεν
3492 2123 3652 2192 δῆλον
3699 2125 3779 2178 ὅτι

2197 2214 2503 2268 τελευταῖόν
2535 2216 2653 2269 ἐστι
2681 2215 2740 2268 τὸ
2767 2216 3070 2288 μυστήριον
3098 2215 3275 2281 τοῦτο,
3293 2214 3481 2285 ὥσπερ
3510 2217 3778 2286 ἐπισφρα-

2198 2320 2374 2374 γισμα
2421 2304 2600 2375 πάσης
2639 2304 2738 2372 τῆς
2795 2306 3180 2376 πνευματικῆς
3235 2305 3513 2375 ίατρείας·
3574 2307 3670 2359 καὶ
3697 2308 3776 2359 ὅτι

2198 2398 2310 2460 τοῖς
2343 2395 2630 2451 ἀσθενοῦσι
2662 2400 2964 2468 προσάγειν
3007 2399 3107 2451 Gai."
3145 2389 3240 2452 καὶ
3290 2390 3492 2468 μᾶλλον
3525 2392 3777 2465 ἐκείνοις,

2200 2485 2249 2540 οἳ
2301 2485 2365 2544 δι’
2402 2487 2690 2542 ἀσθένειαν
2722 2487 2824 2540 οὐκ
2842 2469 3244 2556 ἐξεπλήρωσαν
3289 2488 3378 2541 τὸν
3429 2489 3780 2558 ὀφειλόμενον

2200 2577 2382 2642 αὐτοῖς
2419 2577 2620 2638 κανόνα
2646 2593 2660 2610 ⁶
2699 2579 2793 2632 καὶ
2817 2579 2900 2632 ὅτι
2929 2579 3042 2641 τοῖς
3072 2578 3256 2641 αὐτοῖς
3284 2581 3446 2633 πάλιν
3465 2581 3544 2635 δεῖ
3572 2583 3782 2652 προσά-

2201 2689 2343 2739 γειν,
2379 2673 2427 2726 εί
2455 2673 2593 2741 πρὸς
2627 2673 2728 2744 τὴν
2766 2671 2964 2743 ὁμοίαν
2996 2671 3202 2726 ἔλθοιεν
3239 2675 3508 2744 ἀνάγκην.
3549 2676 3783 2730 Δύναται

2201 2764 2312 2834 γὰρ
2374 2767 2401 2817 ὁ
2452 2765 2746 2836 ἄνθρωπος
2801 2765 2918 2828 τοῖς
2977 2768 3164 2828 αὐτοῖς
3227 2766 3388 2820 πάλιν
3466 2767 3781 2838 άτοπήμασι

2203 2857 2563 2928 περιπίπτειν
2610 2857 2700 2910 διὰ
2732 2857 2832 2926 τὴν
2863 2857 2964 2928 τῆς
3015 2856 3232 2932 φύσεως
3289 2857 3574 2912 ἀσθένειαν
3597 2876 3610 2889 ·
3645 2860 3780 2912 ὥστε

2190 2949 2299 3004 ,καὶ
2331 2949 2591 3011 πολλάκις
2629 2947 2708 3018 τῷ
2739 2945 2891 3018 αὐτῷ
2935 2946 3126 3018 τρόπῳ
3167 2949 3264 3016 τῆς
3323 2949 3617 3019 θεραπείας
3649 2950 3782 3019 χρῆ-

2205 3041 2350 3093 σθαι’
2385 3039 2636 3110 καθάπερ
2695 3039 2792 3092 καὶ
2846 3039 2903 3092 ὲν
2936 3041 3000 3108 τῇ
3046 3041 3336 3110 σωματικῇ
3388 3039 3501 3110 ζωῇ
3541 3041 3610 3092 τά
3645 3040 3782 3094 αὐτὰ

2129 3137 2173 3196 (‘,
2204 3131 2612 3202 ἀρρωπτὴματα
2669 3129 2978 3200 συμϐαίνει,
3031 3130 3127 3185 καὶ
3177 3129 3340 3184 πάλιν
3392 3133 3504 3196 τοῖς
3570 3133 3774 3203 ὁμοίοις

2204 3225 2602 3296 θεραπεύονται
2634 3226 2977 3294 φαρμάκοις.

2278 3323 2445 3377 Πάλιν
2471 3324 2597 3375 ἐπεὶ
2635 3323 2685 3376 oi
2719 3324 2950 3392 χορηγοὶ
2980 3324 3076 3376 καὶ
3105 3328 3356 3378 τακτικοί
3394 3325 3496 3395 τῆς
3543 3343 3784 3395 σωματι-

2207 3417 2308 3485 κῆς
2337 3415 2483 3483 ζωῆς
2505 3416 2669 3485 διχῶς
2697 3415 3056 3486 θεωροῦνται’
3083 3417 3389 3483 τουτέστιν,
3429 3417 3462 3487 ἢ
3509 3419 3653 3472 κατά
3689 3419 3780 3486 τὴν

2205 3509 2302 3578 τῆς
2334 3503 2552 3577 φύσεως
2585 3508 2948 3580 γονιμότητα,
3003 3509 3142 3579 ὅπερ
3199 3508 3316 3562 ἐστὶ
3346 3509 3456 3563 τῶν
3482 3511 3708 3577 γονέων,
3748 3512 3778 3580 ἢ

2205 3599 2348 3653 κατὰ
2387 3600 2486 3670 τὴν
2520 3601 2807 3670 πολιτικὴν
2839 3602 3064 3671 ἀρχὴν,’
3094 3601 3162 3655 δι’
3195 3596 3352 3673 ﬁgite.
3381 3603 3658 3672 εἰρηνικὸν
3687 3605 3779 3672 τῆς

2207 3694 2355 3762 ζωῆς
2392 3697 2764 3766 συντηρεῖται,
2795 3695 2932 3764 ὅπερ
2982 3696 3094 3758 τοῖς
3136 3694 3415 3764 βασιλεῦσι
3448 3695 3544 3749 καὶ
3576 3696 3774 3768 ἄρχου-

2208 3805 2293 3840 σιν
2324 3787 2540 3856 ἀνήκει·
2573 3784 2718 3840 οὕτω
2753 3785 2850 3840 καὶ
2890 3786 2948 3839 ἐν
2983 3789 3047 3857 τῇ
3084 3789 3436 3857 πνευματικῇ
3490 3783 3628 3856 ζωῇ,
3676 3788 3779 3842 εἰσὶ

2211 3878 2310 3948 μὲν
2339 3876 2574 3947 χορηγοὶ
2601 3877 2696 3931 καὶ
2723 3876 3046 3946 φυλακτικοὶ
3078 3877 3178 3945 τῆς
3210 3879 3592 3946 πνευματικῆς
3641 3874 3777 3945 ζωῆς

2208 3967 2351 4021 κατά
2399 3968 2496 4038 τὴν
2532 3968 2913 4038 πνευματικὴν
2941 3967 3221 4021 διακονίαν
3273 3968 3457 4036 μόνον,
3487 3968 3623 4037 ὅπερ
3668 3967 3774 4019 ἐστὶ

2207 4055 2300 4110 τοῦ
2339 4059 2644 4128 μυστηρίου
2684 4059 2794 4110 τῶν
2839 4057 3084 4122 τάξεων·
3129 4059 3225 4112 καὶ
3268 4057 3574 4128 ’θεωρεῖται
3629 4057 3776 4110 τοῦτ(-

2209 4151 2267 4204 ὲν
2305 4151 2416 4214 τοῖς
2447 4150 2764 4220 ἀρχιερεῦσι
2798 4149 2907 4203 καὶ-
2945 4151 3060 4213 τοῖς
3112 4149 3295 4212 ἄλλοις
3323 4151 3635 4218 οἰκονόμοις
3686 4151 3776 4220 τῆς

2208 4244 2590 4312 πνευματικῆς
2623 4238 2922 4303 πολιτείας*
2950 4242 3058 4295 εἰσί⁵
3083 4241 3141 4295 δὲ
3187 4243 3282 4296 καὶ
3314 4243 3457 4297 κατά
3489 4243 3588 4314 τὴν
3615 4260 3774 4296 πνευ-

2211 4334 2449 4406 ματικὴν
2477 4335 2625 4405 ζωὴν
2676 4334 2817 4405 ὁμοῦ
2853 4335 2949 4388 καὶ
2999 4335 3338 4405 σωματικήν
3371 4334 3400 4388 ὃ
3453 4337 3667 4403 γίνεται
3699 4334 3776 4388 διὰ
3819 4319 3838 4343 ³

2207 4427 2303 4482 τοῦ
2337 4426 2666 4498 μυστηρίου,
2725 4426 2850 4480 καθ’
2896 4426 2924 4480 ὃ
2973 4427 3333 4498 συνέρχονται
3363 4427 3390 4478 ὁ
3441 4427 3582 4497 ἀνὴρ
3629 4427 3774 4480 καὶὴ

2205 4519 2365 4588 γυνὴ,
2391 4517 2537 4571 ὥστε
2566 4516 2826 4587 γεννῆσαι
2852 4515 3045 4569 τέκνον
3075 4516 3170 4569 καὶ
3216 4515 3525 4585 ἀναθρέψαι
3577 4519 3657 4578 εἰς
3689 4516 3769 4586 τὴι

2204 4608 2296 4662 τοῦ
2321 4609 2456 4663 Θεοῦ
2480 4610 2759 4679 λατρείαν.
2796 4607 3004 4666 Ἀλλως
3053 4610 3160 4678 γὰρ
3194 4608 3294 4660 οὐκ
3348 4607 3464 4661 ἐστι
3503 4608 3774 4677 διαμένειν

2201 4701 2262 4754 τὸ
2291 4701 2634 4773 ἀνθρώπινον
2667 4702 2824 4768 γένος
2871 4702 3034 4771 μέχρι
3080 4701 3178 4766 τῆς
3210 4700 3304 4752 τοῦ
3342 4701 3545 4763 παντὸς
3594 4701 3688 4753 ἐπὶ
3722 4700 3773 4752 τὸ

2203 4793 2429 4864 ἔσχατον
2451 4793 2811 4856 ἀλλοιώσεως*
2835 4794 2929 4846 καὶ
2951 4794 3033 4846 ὄτι
3053 4795 3228 4861 γάμος
3251 4792 3349 4845 οὐκ
3371 4791 3518 4844 ἔστιν
3535 4791 3772 4860 αἰσχρόν·

2200 4883 2262 4936 οὐ
2293 4883 2404 4953 γὰρ
2452 4883 2501 4936 εί
2557 4882 2893 4955 ἡπαρθενία
2946 4880 3300 4951 τιμιώτερον,
3355 4879 3648 4949 βδελυκτὸν
3689 4879 3769 4930 καί

2200 4975 2400 5044 ἄτιμον
2433 4975 2494 5028 τὸ
2525 4975 2620 5028 τοῦ
2643 4975 2849 5045 γάμου.
2876 4975 2969 5026 Διὸ
3004 4976 3100 5026 καὶ
3139 4973 3167 5023 ὁ
3208 4971 3442 5042 Χριστὸς
3473 4957 3635 5023 αὐτὸν
3670 4971 3768 5022 ἐτί-

2204 5081 2376 5137 μησεν
2430 5067 2488 5121 ὲν
2521 5067 2678 5136 Κανᾷ
2724 5068 2789 5135 τῇ
2840 5064 3040 5118 ἑαυτοῦ
3083 5063 3380 5134 παρουσίᾳ.
3446 5063 3593 5131 Πλὴν
3638 5062 3767 5114 κατὰ

2199 5158 2359 5226 λόγον
2388 5158 2470 5212 δεῖ
2498 5157 2593 5210 καὶ
2621 5159 2734 5220 τοῖς
2765 5156 2945 5219 ἄλλοις
2974 5158 3068 5210 καὶ
3099 5156 3274 5224 τούτῳ
3301 5154 3560 5226 χρῆσθαι.
3589 5155 3648 5206 El
3673 5153 3767 5220 γὰρ

2197 5249 2259 5303 τὸ
2299 5248 2444 5302 κατά
2472 5250 2630 5318 λόγον
2658 5248 2855 5302 ἄπεστι
2893 5246 2989 5303 καὶ⁵
3021 5249 3113 5302 ἐπὶ
3161 5250 3356 5302 τούτου
3391 5246 3488 5299 καὶ¹
3529 5245 3623 5296 ἐπὶ
3673 5244 3767 5295 τῶν

2203 5341 2380 5394 ἄλλων
2411 5340 2749 5411 μυστηρίων,
2780 5339 2840 5392 οὐ
2871 5339 3034 5412 μόνον
3059 5339 3211 5394 οὐδὲν
3235 5336 3618 5408 ὠφελούμεθα,
3644 5334 3766 5390 ἀλλὰ

2202 5433 2298 5487 καὶ
2332 5433 2684 5503 βλαπτόμεθα
2710 5432 2840 5501 παρ’
2871 5422 3051 5485 αὖτῶν
3077 5430 3165 5484 διὰ
3192 5429 3294 5501 τὴν
3341 5430 3538 5497 ἄλογον
3580 5429 3767 5498 χρῆσιν

2200 5531 2235 5602 ἡ
2247 5529 2382 5598 μῶν.

2274 5620 2409 5692 Περὶ
2436 5621 2536 5691 μὲν
2566 5615 2660 5674 οῦν
2677 5619 2782 5674 τῶν
2815 5613 3263 5689 παραδεδομένων
3288 5616 3422 5687 ἡμῖν
3451 5623 3764 5685 μυστηρίων
