4096 6292
315 354 421 415 ((9

1341 359 1438 419 DE
1481 355 1902 419 PRINCIPIIS
1941 347 2653 419 FIDEI‘CATHOLICB.

3476 366 3582 428 6'0

319 471 398 530 εἰς
455 467 818 538 ἀναγέννησιν
868 471 960 522 καὶ
1011 469 1308 540 θεραπείαν
1337 471 1438 540 τῆς
1467 468 1742 541 ἡμετέρας
1793 467 1882 540 φύε

1998 467 2063 522 ad
2093 478 2301 523 naturae
2331 477 2534 524 nostrae
2569 469 2801 540 spiritali
2843 471 2952 526 vita
3003 473 3469 542 regenerationem
3513 493 3580 532 ac.

316 577 450 622 σεως
487 560 633 614 κατά
665 560 767 632 τὴν
792 564 1168 634 πνευματικὴν
1196 563 1343 634 ζωὴν
1383 563 1539 617 ταῦτ’
1571 565 1630 616 ἐν
1659 565 1892 633 ἐπιτομῇ

253 664 261 668 ·
312 651 628 722 διήλθομεν·
662 652 732 704 τὰ
759 651 814 705 δέ
847 653 1120 722 βαθύτερα
1157 655 1250 706 καὶ
1277 655 1583 725 λεπτότερα
1620 657 1678 707 ἐν
1709 654 1896 719 αὐτοῖς

315 745 430 804 τοῖς
458 743 558 810 τὴν
585 742 739 797 θείαν
769 745 1015 814 μετιοῦσι
1043 746 1288 818 Γραφὴν,
1329 735 1423 802 καὶ
1472 749 1587 810 τοῖς
1641 746 1893 801 διδασκά-

316 819 438 896 λοις
467 837 562 904 τῆς
622 837 717 890 τοῦ
773 837 908 892 Θεοῦ
958 839 1288 910 Ἐκκλησίας
1322 843 1650 914 τρανότερον
1685 843 1892 931 ἀνακαι-

267 973 270 976 .
318 923 674 993 λιιφθὴσεται.

387 1014 690 1083 Παρέδοντο
720 1017 776 1071 δέ
811 1019 904 1071 καὶ
933 1021 1036 1073 ὑπὸ
1064 1021 1156 1074 τοῦ
1193 1019 1444 1074 διαϐόλου
1471 1026 1749 1093 μυστήριά
1771 1042 1893 1079 τινα

312 1104 484 1174 ἐναγῆ
537 1105 658 1159 κατ’
693 1107 856 1162 αὐτὸν
880 1111 994 1172 τοῖς
1041 1111 1103 1164 τὸ
1134 1112 1308 1180 ὄνομα
1345 1114 1438 1166 τοῦ
1468 1115 1600 1168 Υίοῦ
1629 1117 1724 1169 τοῦ
1753 1117 1890 1170 Θεοῦ

312 1196 677 1265 ἀρνουμένοις
712 1201 806 1253 καὶ
831 1201 930 1271 τὴν
958 1203 1380 1275 ἐνανθρώπησιν
1413 1206 1604 1272 αὑτοῦ,
1637 1211 1730 1262 καὶ
1757 1211 1893 1265 ὑπο-

309 1291 667 1359 ταττομένοις
701 1294 853 1362 αὐτῷ
893 1294 970 1366 τῷ
998 1296 1252 1367 διαϐόλῳ,
1305 1299 1336 1368 ἢ
1390 1299 1484 1351 καὶ
1519 1300 1623 1352 ὑπὸ
1678 1299 1756 1370 τῷ
1794 1301 1888 1354 τοῦ

309 1382 447 1435 Θεοῦ
475 1385 704 1454 ὀνόματι
737 1388 829 1439 ὑπ’
876 1387 1087 1442 ἐκείνου
1128 1391 1185 1442 ἐν
1225 1391 1508 1456 εὐσεϐείας
1538 1394 1889 1463 προσχήματι

307 1473 719 1544 ἀπατωμένοις.
764 1479 875 1531 Καὶ
923 1479 1033 1550 γάρ
1066 1481 1162 1533 καὶ
1213 1483 1364 1552 παρά
1392 1484 1604 1546 τούτοις
1635 1485 1741 1538 εἰσὶ
1794 1487 1890 1539 καὶ

309 1568 554 1633 νηστεῖαι
581 1568 674 1620 καὶ
700 1567 914 1622 τελεταὶ
949 1573 1044 1623 καὶ
1081 1572 1270 1642 ἑορταὶ
1316 1573 1410 1627 καὶ
1441 1575 1766 1639 ἀπολούσεις
1796 1577 1890 1631 καὶ

308 1657 486 1724 φῶτα,
519 1661 600 1722 εἰς
630 1659 860 1729 ἄγγελον
902 1664 1083 1732 φωτὸς
1118 1665 1212 1718 τοῦ
1265 1667 1507 1737 πονηροῦ
1553 1669 1743 1722 ἐαυτὸν
1795 1685 1891 1738 με·

305 1750 843 1818 τασχηματίζοντος·
900 1755 1078 1834 καίτοι
1133 1758 1231 1811 καὶ
1291 1760 1425 1828 ἡμῖν
1460 1760 1567 1814 εἰσι
1601 1761 1757 1830 φῶτα
1793 1761 1890 1816 καὶ

307 1841 622 1911 ensesue-
655 1845 772 1898 ἀλλ’
813 1845 876 1899 οῦ
923 1848 1170 1916 τοιαῦτα,
1202 1851 1364 1905 ὁποῖα
1391 1851 1442 1905 οί
1473 1852 1756 1926 μάρτυρες
1787 1855 1889 1922 τῆς

305 1930 567 2001 ἀληθείας
617 1937 676 1988 ἐν
721 1939 844 2000 ταῖς
896 1940 1170 2008 φυλακαῖς
1220 1941 1434 2010 ἐώρων,
1469 1945 1612 2014 ἅπερ
1646 1941 1759 1998 ἐσθ’
1800 1947 1889 2000 ὅτε

304 2025 397 2076 καὶ
455 2026 560 2078 ὑπο
608 2026 718 2082 τῶν
764 2030 1014 2084 ἀπίστων
1047 2032 1358 2098 ἐϐλέποντο,
1398 2035 1478 2098 εἰς
1511 2037 1734 2108 ἔλεγχον
1788 2040 1891 2108 μὲν

302 2113 484 2168 αὐτῶν
527 2119 620 2171 καὶ
667 2121 1016 2190 κατάκρισιν,
1073 2124 1156 2186 είς
1190 2123 1388 2193 θάρσος
1423 2127 1480 2179 δὲ
1527 2127 1630 2196 τῆς
1663 2129 1890 2182 ἐκείνων

300 2202 502 2274 ψυχῆς,
558 2206 652 2258 καὶ
686 2208 984 2279 ἀρραϐῶνα
1016 2213 1111 2266 καὶ
1141 2213 1334 2268 ἐλπίδα
1383 2215 1478 2268 καὶ
1514 2215 1889 2289 πληροφορίαν

300 2295 402 2364 τῆς
450 2295 752 2366 μελλούσης
807 2302 1008 2365 αὐτοὺς
1069 2303 1389 2368 ἐκδέξεσθαι
1453 2310 1885 2381 μακαριότητος,

305 2385 400 2438 καὶ
449 2387 528 2452 είς
567 2389 792 2456 ἔνδειξιν
835 2394 929 2445 τοῦ
962 2395 1045 2448 ὅτι
1104 2398 1172 2450 τὰ
1223 2400 1375 2468 παρὰ
1428 2401 1537 2455 τῶν
1589 2403 1886 2472 μαρτύρων

303 2476 440 2546 ἔργα
490 2480 763 2553 ἀποδοχῆς
800 2483 990 2555 ἔτυχον
1037 2488 1192 2556 παρά
1228 2490 1306 2559 τῷ
1355 2490 1496 2560 Θεῷ.
1561 2492 1777 2547 Ἐκεῖνα
1827 2494 1885 2547 δὲ

1917 1803 1964 1864 Β

2000 560 2364 624 curationem,
2394 560 2509 616 haec
2542 561 2646 638 sub
2675 563 2995 631 compendio
3019 567 3427 635 percurrimus:
3455 583 3580 634 qua

2001 664 2127 703 vero
2169 651 2222 703 in
2255 653 2337 706 eis
2367 652 2565 707 altiora
2602 661 2733 708 sunt
2766 661 2820 707 et
2855 654 3158 718 subtiliora,
3193 656 3277 711 his
3306 658 3401 726 qui
3433 659 3576 713 dit-i-

1998 756 2099 796 nas
2131 742 2440 812 Scripturas
2496 745 2708 814 legent,
2742 754 2796 799 et
2826 746 2893 797 ah
2919 743 3180 801 Ecclesiae
3210 747 3305 802 Dei
3331 748 3574 803 doctori-

2000 833 2101 889 bus
2141 835 2346 890 clarius
2377 836 2664 891 manifesta
2697 836 2853 892 licnt.

2067 1009 2210 1074 Quin
2244 1003 2408 1065 etiam
2450 1027 2479 1065 a
2514 1012 2730 1067 diabolo
2766 1012 2996 1068 scelesta
3027 1013 3296 1082 quaedam,
3333 1030 3430 1083 pro
3459 1015 3577 1085 ejus

1995 1102 2233 1164 ratione,
2291 1104 2486 1156 tradita
2543 1115 2882 1158 sacramenta
2919 1117 3046 1159 sunt
3077 1121 3140 1160 ac
3173 1109 3427 1176 mysteria
3455 1148 3468 1170 ,
3508 1108 3578 1161 iis

1993 1195 2086 1261 qui
2129 1193 2249 1247 Filii
2283 1194 2377 1248 Dei
2427 1209 2625 1248 nomen
2664 1197 2940 1266 abuegant
2987 1211 3050 1249 ac
3083 1198 3224 1266 quod
3279 1197 3369 1251 ille
3415 1199 3579 1250 homo

1995 1283 2172 1341 factus
2197 1296 2298 1348 est,
2335 1288 2546 1356 ipsique
2585 1289 2804 1342 diabolo
2835 1303 2955 1343 sese
2986 1289 3320 1358 mancipant,
3357 1297 3452 1343 aut
3480 1291 3576 1359 qui

1991 1381 2155 1436 etiam
2189 1382 2292 1436 sub
2315 1381 2408 1436 Dei
2440 1383 2661 1438 nomine
2690 1384 2911 1452 pietatis
2941 1384 3087 1438 larva
3120 1384 3188 1437 ab
3215 1399 3280 1438 eo
3309 1385 3576 1438 seducun-

1995 1480 2101 1526 tur.
2141 1471 2275 1526 Nam
2309 1473 2449 1542 apud
2485 1473 2586 1528 hos
2634 1489 2853 1542 quoque
2883 1473 3086 1545 jejunia
3136 1484 3265 1536 sunt
3311 1484 3365 1529 et
3405 1491 3576 1531 czere-

1993 1565 2193 1620 moniae
2221 1566 2599 1636 festorumque
2629 1566 2919 1632 solemnia,
2948 1577 3004 1621 et
3032 1568 3288 1623 lustrales
3309 1567 3576 1636 etpiatio-

1993 1669 2092 1710 nes
2123 1663 2178 1710 et
2209 1655 2444 1722 lumina;
2476 1657 2604 1710 dum
2663 1657 2951 1720 nimirum,
2995 1673 3054 1713 se
3107 1658 3475 1726 nequissimus
3519 1659 3572 1710 in

1992 1747 2246 1818 angelum
2300 1749 2439 1804 lucis
2473 1751 2823 1818 transﬁgurat
2857 1750 2926 1814 ",
2957 1765 3269 1819 quanquam
3305 1767 3373 1806 ne
3411 1752 3576 1806 nobis

1993 1841 2212 1910 quidem
2253 1841 2456 1896 desunt
2482 1841 2688 1896 lumina
2735 1851 2790 1896 et
2837 1842 3275 1908 illustrationes;
3313 1844 3454 1898 haud
3489 1854 3573 1898 ta-

1993 1947 2119 1988 men
2152 1933 2336 2003 qualia
2370 1933 2617 1991 veritalt's
2652 1942 2818 1988 testes
2852 1934 3050 2005 (sancti
3081 1935 3337 2008 nimirum
3373 1947 3575 2008 marty-
3627 1959 3634 1971 ι

1990 2028 2103 2095 res)
2135 2025 2189 2079 in
2221 2025 2516 2095 ergastulis
2547 2025 2832 2081 constituti
2866 2006 3112 2081 viderqu
3141 2045 3157 2093 ;
3205 2043 3324 2097 quae
3355 2039 3407 2083 et
3441 2006 3578 2100 ipsis

1989 2116 2321 2187 quandoque
2361 2117 2673 2174 inﬁdelibus
2723 2130 3015 2188 conspecta
3054 2129 3216 2184 sunt,
3269 2122 3336 2176 ad
3382 2138 3574 2178 eorum

1989 2209 2376 2264 reviueendam
2457 2209 2820 2279 pervicaciam
2888 2226 2953 2264 ac
3015 2214 3570 2281 condemnationem;

1987 2310 2412 2370 sanctorumque
2448 2302 2640 2356 fiducia
2672 2301 2950 2370 augendos
3002 2304 3248 2366 animos,
3299 2306 3570 2362 arrhabo-

1988 2410 2221 2465 nemque
2267 2409 2331 2450 ac
2377 2409 2528 2463 spem
2565 2403 2880 2463 certamque
2916 2396 3383 2464 exspectationem
3437 2413 3574 2468 prae-

1987 2485 2266 2548 standam,
2307 2493 2613 2554 exceptura:
2658 2485 2783 2538 illos
2817 2485 3134 2551 beatitatis;
3165 2501 3228 2540 ac
3259 2487 3477 2543 demum
3512 2498 3573 2542 ut

301 2567 535 2637 θόρυϐον
559 2573 653 2625 καὶ
678 2575 930 2644 ταραχὴν
953 2576 1051 2650 καὶ
1078 2579 1282 2647 τρόμον
1305 2581 1594 2650 ἐμποιοῦσι
1624 2586 1690 2652 τῇ
1712 2584 1881 2654 ψυχῇ.

1988 2577 2114 2631 inde
2144 2575 2493 2637 claresceret,
2531 2584 2830 2643 martyrum
2860 2587 3023 2642 opera
3054 2590 3118 2630 ac
3147 2577 3432 2644 passiones
3465 2576 3574 2631 Deo

302 2661 468 2715 Ὅθεν
500 2663 756 2718 τοσοῦτον
815 2667 1168 2736 διαφέρουσιν
1214 2671 1487 2742 ἀλλήλων,
1546 2675 1722 2729 ὅτιτά
1788 2676 1882 2744 μὶν

1986 2676 2204 2735 accepta
2241 2681 2382 2719 esse.
2419 2665 2515 2717 Illa
2547 2679 2672 2716 vero
2723 2679 2786 2716 ac
2838 2665 3106 2719 diabolica
3157 2667 3400 2720 animum
3451 2677 3570 2720 tur-

297 2753 547 2823 ἡμέτερα
595 2756 876 2826 μυστήρια
907 2759 1164 2828 ἀληθιναί
1191 2762 1301 2812 είσι
1333 2764 1657 2832 καθάρσεις,
1697 2765 1882 2819 ἀναϐι-

1986 2756 2142 2823 bant,
2173 2766 2546 2824 terroremque
2574 2769 2639 2808 ac
2681 2755 2958 2808 horrorem
2986 2754 3262 2823 ingerunt.
3286 2757 3574 2825 Tantoque

309 2842 580 2904 ϐάζουσαι
624 2845 774 2913 ἡμᾶς
803 2846 940 2914 πρὸς
967 2848 1218 2916 οὐρανὸν,
1249 2853 1340 2903 καὶ
1393 2854 1753 2920 προξενοῦσαι
1785 2856 1882 2925 τὴν

1990 2851 2102 2905 haec
2141 2865 2172 2903 a
2224 2864 2284 2904 se
2335 2847 2566 2902 invicem
2609 2847 2814 2902 distant
2862 2847 3183 2902 discrimine
3210 2887 3226 2911 ,
3265 2857 3325 2902 ut
3385 2862 3572 2903 nostra

302 2931 400 2983 τοῦ
432 2933 565 2984 Θεοῦ
601 2934 906 3003 βασιλείαν,
964 2938 1060 2990 καὶ
1090 2937 1312 2994 ἐνοῦσαι
1363 2942 1513 3014 αύτῷ
1539 2943 1616 3012 τῷ
1645 2945 1784 3015 Θεῷ,
1819 2947 1882 3000 ἂν

1987 2942 2244 3011 mysteria
2274 2956 2339 2996 ac
2356 2950 2700 2996 sacramenta
2757 2955 2900 2995 verte
2922 2940 3033 2995 sint
3060 2941 3410 2998 lustrationes
3451 2957 3573 3011 quae

309 3023 473 3090 μόνον
502 3023 600 3093 τὴν
652 3027 1036 3096 προσήκουσαν
1066 3030 1352 3084 εὐλάϐειαν
1380 3035 1691 3089 καὶ-πίστιν
1745 3037 1882 3108 έχω-

1989 3031 2038 3084 in
2075 3031 2273 3087 caelum
2302 3031 2622 3100 provehant,
2660 3029 2866 3098 Deique
2893 3045 3119 3100 regnum
3151 3032 3478 3096 concilient,
3505 3046 3571 3086 ac

308 3130 409 3183 μεν
448 3115 582 3185 πρὸς
612 3117 710 3186 τὴν
740 3119 1139 3189 παραδοδείσαν
1169 3123 1301 3193 ἡμῖν
1348 3124 1442 3178 ὑπ’
1471 3127 1637 3180 αύτοῦ
1672 3129 1877 3197 πίστιν,

1986 3123 2086 3194 ipsi
2129 3124 2242 3178 Deo
2290 3123 2575 3188 eouniant,
2625 3122 2673 3177 si
2719 3124 2879 3177 modo
2932 3123 3103 3177 solum
3155 3115 3570 3178 conuenientem

299 3204 399 3254 καὶ
423 3205 784 3276 φυλάττωμεν
812 3209 980 3278 αὐτὴν
1009 3209 1178 3278 ὑγιῶς
1207 3213 1298 3266 καὶ
1328 3214 1508 3284 λόγοις
1549 3220 1648 3273 καὶ
1673 3219 1877 3292 ἔργοιςο

302 3295 364 3346 αἱ
387 3295 440 3348 δὲ
467 3296 575 3349 τῶν
605 3297 711 3362 ἔξω
737 3300 1060 3373 καθάρσεις,
1093 3299 1204 3357 οἷαί
1235 3309 1342 3360 είσι
1389 3310 1496 3362 τῶν
1523 3313 1880 3384 ἀρνουμένων

293 3385 390 3437 τὸν
423 3386 549 3438 Υἱὸν
574 3390 668 3440 τοῦ
698 3389 833 3441 Θεοῦ
871 3392 965 3443 καὶ
992 3395 1089 3462 τὴν
1122 3395 1403 3465 σάρκωσιν
1435 3401 1627 3466 αὑτοῦ,
1657 3404 1794 3474 πρὸς
1821 3405 1879 3456 τὸ

301 3481 493 3544 σκότος
543 3481 601 3533 τδ
656 3482 921 3552 ἐξώτερον
952 3485 1166 3555 ἄγουσι,
1205 3492 1298 3544 καὶ
1330 3493 1426 3544 τοῦ
1457 3495 1708 3548 διαϐόλου
1745 3497 1880 3566 κληο

304 3573 570 3643 ρονόμους
622 3575 994 3644 ἐργάζονταισ
1047 3582 1294 3646 ἐκείνους
1353 3585 1619 3652 δηλονότι,
1682 3589 1880 3650 οἵτινες

299 3665 660 3736 ἀπατώμενοι
689 3669 784 3720 καὶ
811 3668 1158 3739 πλανώμενοι
1191 3675 1320 3744 παρ’
1349 3677 1515 3729 αὐτοῦ
1569 3679 1620 3730 δι
1665 3679 1882 3732 εἰδωλο-

297 3752 557 3822 λατρείας
586 3759 687 3831 καὶ
710 3757 886 3811 ἄλλων
918 3760 1080 3814 τινῶν
1112 3764 1549 3835 πεπλανημένων
1570 3767 1877 3838 δογμάτων,

298 3848 396 3898 καὶ
421 3847 508 3900 διὰ
541 3849 650 3901 τῶν
685 3852 951 3922 μυσαρῶν
978 3853 1144 3906 αὑτοῦ
1172 3855 1492 3928 καθάρσεων
1521 3862 1880 3931 προσέχουσιν

303 3937 455 4006 αύτῷ
481 3955 494 3968 ο
525 3939 559 4009 ἢ
610 3943 728 4008 καὶ,
777 3942 854 4005 ὡς
903 3944 1206 4013 νομίζουσι,
1246 3948 1338 4002 τὸν
1369 3949 1500 4002 Θεὸν
1544 3952 1877 4020 ἐπισφαλῶς,

298 4031 402 4081 καὶ
431 4033 529 4100 οὐχ
567 4030 642 4093 ὡς
692 4033 794 4096 δεῖ,
854 4038 1273 4104 προσκυνοῦσιν.
1312 4040 1450 4095 Ὀσα
1507 4043 1603 4112 μὲν
1650 4037 1744 4097 οὖν
1771 4046 1880 4100 ἀπὸ

304 4120 545 4210 πίστεως
595 4125 979 4194 ἀναμφιϐόλως
1029 4129 1404 4202 ὁμολογοῦμεν
1435 4135 1692 4206 περὶτῆς
1741 4154 1877 4210 σαρ-

297 4207 528 4272 κώσεως
555 4212 648 4264 τοῦ
692 4213 822 4267 Υἱοῦ
872 4216 966 4269 τοῦ
1000 4219 1160 4284 Θεοῦ,
1215 4221 1369 4274 ταῦτ’
1417 4226 1536 4278 ἐστὶ
1593 4228 1662 4280 τὰ
1713 4207 1878 4298 κεφα-

297 4298 692 4375 λαιωδέστερα.

911 4402 955 4454 Κ
967 4404 1162 4458 ΕΦΑΛ.
1202 4404 1276 4460 Z'.

1986 3218 2242 3288 pietatem
2274 3215 2548 3286 iidemque
2579 3230 2707 3286 erga
2751 3217 3007 3270 traditam
3047 3215 3209 3269 nubis
3240 3216 3308 3269 ab
3343 3215 3463 3284 ipso
3508 3215 3568 3268 ii-

1981 3314 2102 3367 dem
2159 3313 2478 3375 habeamus,
2527 3327 2829 3380 sanamquc
2875 3329 2996 3367 eam
3029 3311 3214 3366 verbis
3261 3313 3464 3380 pariter
3517 3319 3571 3364 et

1981 3405 2238 3474 operibus
2271 3405 2678 3459 custodiamus.
2732 3404 2982 3458 Profante
3028 3417 3156 3456 vero
3203 3401 3568 3470 expiationes,

1981 3497 2169 3564 quales
2195 3504 2322 3548 sunt
2349 3509 2538 3548 eorum
2567 3493 2658 3561 qui
2695 3493 2784 3547 Dei
2819 3493 3017 3547 Filium
3055 3493 3284 3560 ejusque
3317 3492 3569 3544 incarna-

1983 3573 2190 3640 tionem
2219 3593 2444 3653 negant,
2473 3583 2538 3637 ad
2591 3583 2847 3638 tenebras
2892 3593 3190 3640 exteriores
3220 3582 3452 3648 ducunt,
3505 3596 3570 3635 ac

1981 3676 2186 3732 diaboli
2220 3675 2458 3730 heredes
2489 3675 2926 3742 eiiiciunt;-illos
2965 3675 3176 3730 scilicet
3223 3675 3320 3744 qui
3373 3675 3441 3729 ab
3492 3688 3564 3728 eo

1981 3769 2190 3824 seducti
2221 3779 2516 3837 error-eque
2559 3767 2735 3823 abacti
2772 3781 2866 3837 per
2896 3767 3264 3822 idololatriam
3327 3778 3383 3821 et
3429 3765 3569 3820 alias

1985 3861 2252 3930 quasdam
2282 3861 2448 3916 falsas
2478 3861 2775 3923 doctrinas,
2804 3858 3036 3928 ejusque
3075 3859 3440 3913 exsecrandas
3484 3858 3569 3912 ln-

1981 3952 2297 4014 strationes,
2353 3954 2591 4006 animum
2629 3950 2677 4006 ei
2731 3951 3057 4016 attendunt;
3112 3950 3192 4005 vel
3250 3951 3462 4018 etiam,
3504 3961 3566 4005 ut

1980 4042 2295 4110 opinantur,
2347 4041 2729 4112 superstitiose
2779 4041 3048 4112 falsoque,
3101 4056 3202 4096 nec
3257 4053 3314 4096 ut
3369 4043 3562 4106 decet,

1983 4132 2148 4186 Deum
2179 4132 2427 4187 adorant.
2473 4130 2606 4198 Quae
2639 4146 2803 4202 porro
2842 4147 2906 4186 ex
2947 4132 3050 4187 lide
3087 4133 3224 4188 citra
3253 4133 3416 4187 ullam
3456 4133 3562 4187 du-

1979 4221 2298 4278 bitationem
2332 4224 2395 4278 de
2422 4221 2540 4278 Filii
2577 4223 2670 4278 Dei
2715 4223 3093 4279 incarnatione
3121 4224 3421 4290 credimus,
3459 4224 3563 4280 ista

1979 4313 2424 4384 compendiosius
2455 4314 2652 4369 tradita
2685 4326 2834 4369 sunt.

2580 4403 2809 4459 CAPUT
2852 4403 2962 4458 νη.

305 4501 436 4557 Ἔτι
467 4506 600 4573 περὶ
631 4507 741 4576 τῆς
772 4511 1141 4579 -σαρκώσεως
1183 4517 1251 4568 ἐκ
1306 4520 1528 4586 λόγων,
1582 4520 1661 4584 ὠς
1713 4521 1880 4576 ἐνδέ-

1986 4522 2166 4575 ΑάΙιιιε
2189 4521 2251 4575 de
2281 4520 2667 4585 incarnatione,
2707 4533 2772 4572 ea:
2795 4519 3060 4572 rationum
3091 4528 3366 4573 monitum
3399 4535 3560 4588 quan-

1037 4601 1186 4637 εται.

1037 4601 1186 4637 stat.

379 4664 495 4720 Ἵνα
525 4668 580 4720 δέ
617 4670 710 4723 καὶ
740 4670 897 4740 λόγον
945 4600 1162 4744 ἐχῗομεν
1200 4650 1596 4746 συμφωνοῦντα
1638 4681 1768 4749 ἡμῖν
1797 4683 1876 4746 είς

209 4777 230 4792 κ
295 4780 368 4815 τα
399 4766 629 4836 ἀπδτῆς
663 4769 920 4835 πίστεως,
955 4774 1048 4824 καὶ
1089 4773 1175 4826 ἵνα
1206 4775 1335 4827 ὅταν
1366 4792 1447 4837 τις
1486 4775 1594 4826 τῶν
1628 4777 1876 4830 ἀπίστων

296 4855 540 4926 ὀνειδίζῃ
593 4860 726 4928 ἡμῖν
761 4860 885 4924 Πῶς
940 4862 1171 4933 λέγομεν
1205 4865 1286 4917 ὅτι
1348 4865 1375 4916 ὁ
1433 4864 1558 4926 Υἱὸς
1602 4864 1693 4917 τοῦ
1740 4865 1874 4919 Θεοῦ

294 4949 591 5019 ἐσαρκώθη
624 4951 720 5003 καὶ
745 4953 1002 5019 ἀπέθανε,
1042 4955 1223 5022 λέγειν
1272 4955 1504 5026 ἔχωμεν,
1545 4957 1668 5010 Ὅτι
1723 4958 1874 5012 οὐδὲν

297 5037 503 5091 ἄτοπον
532 5040 837 5106 ἀκολουθεῖ,
875 5044 1010 5097 ἀλλά
1063 5047 1156 5097 καὶ
1211 5046 1552 5101 δικαιότατον
1589 5049 1683 5101 καὶ
1737 5065 1876 5118 πρε-

297 5133 670 5199 πωδέστατον,
709 5137 806 5188 καὶ
841 5135 940 5188 οὐκ
963 5137 1137 5202 ἄλλως
1165 5139 1272 5191 ἔδει
1321 5140 1603 5208 γενέσθαι,
1640 5140 1871 5210 λέγομεν

297 5221 428 5292 ἥδη.

378 5315 619 5385 (havspr
657 5317 815 5371 τοῦτο
866 5321 1030 5372 πᾶσιν
1076 5321 1402 5390 ἀνθρώποις,
1455 5322 1536 5374 ὅτι
1581 5325 1646 5376 τὰ
1680 5323 1872 5391 λογικά

301 5403 506 5486 πάντα,
535 5405 756 5474 ἄγγελοι
789 5411 880 5461 καὶ
907 5412 1206 5479 ἀνθρωττοι,
1242 5411 1329 5464 διὰ
1354 5413 1509 5480 λόγου
1539 5414 1824 5482 ἐνεργοῦσι
1853 5431 1866 5446 ·

297 5498 399 5551 καὶ
439 5497 669 5564 μάλιστα
717 5505 948 5572 φανερὸν
990 5504 1084 5557 ἐπὶ
1133 5505 1241 5556 τῶν
1287 5505 1583 5574 οἰκοδόμων
1640 5506 1869 5558 καὶτῶν

296 5588 482 5644 ἄλλων
504 5593 762 5660 τεχνιτῶν
785 5596 1021 5650 πάντων,
1042 5597 1100 5649 Ὀ
1128 5597 1231 5667 γὰρ
1255 5597 1529 5666 οἰκοδόμος
1556 5599 1867 5668 συλλαμϐά-

374 5776 421 5810 ⁹¹
449 5778 493 5833 ll
520 5777 758 5837 (ἔοι-..κῃ
790 5772 879 5826 Μ.

2527 4599 2638 4642 tum
2674 4606 2750 4642 res
2783 4591 3006 4657 patitur.

2045 4682 2109 4737 Ut
2140 4697 2268 4736 vero
2297 4684 2461 4736 etiam
2495 4680 2770 4734 rationem
2800 4681 2850 4731 in
2903 4680 3010 4732 illis
3044 4693 3165 4747 qua
3205 4688 3331 4733 sunt
3363 4680 3428 4732 de
3456 4679 3563 4733 llde

1974 4773 2594 4834 nobisconsentientem
2634 4770 2954 4832 habeamus,
2993 4778 3049 4824 et
3097 4780 3152 4822 ut
3207 4785 3329 4822 cum
3369 4768 3560 4821 intide-

1975 4864 2106 4920 lium
2140 4863 2343 4933 aliquis
2382 4859 2820 4931 exprobraverit,
2869 4858 3157 4925 Quomodo
3205 4858 3300 4913 Dei
3355 4857 3557 4912 Filium

1975 4935 2318 5008 incarnatum
2351 4963 2516 5021 atque
2551 4965 2822 5005 mortuum
2853 4967 2974 5006 esse
3011 4951 3297 5017 dicamus;
3332 4967 3561 5020 respou~

1975 5052 2103 5102 dere
2127 5048 2400 5116 possimus
2434 5062 2447 5097 :
2477 5045 2683 5097 nullum
2716 5046 2840 5096 inde
2870 5045 3166 5098 absurdum
3197 5047 3351 5113 sequi
3377 5061 3390 5109 ;
3423 5047 3559 5113 quin

1987 5139 2126 5193 istud
2165 5147 2278 5192 tum
2321 5138 2689 5206 iustissimum
2721 5152 2842 5192 esse
2893 5146 3005 5190 tum
3057 5139 3506 5192 decentissimum
3541 5176 3558 5200 ,

1977 5249 2075 5287 nec
2108 5248 2218 5286 rem
2247 5233 2400 5287 aliter
2440 5235 2554 5301 geri
2587 5225 2861 5298 debuisse,
2897 5235 2970 5287 eti
2991 5252 3058 5285 llll
3091 5234 3344 5287 dii-imus.

2049 5326 2278 5379 Cunctis
2331 5326 2682 5380 manifestum
2724 5329 3197 5387 mortaTihus—esl,
3235 5323 3418 5377 omnia
3463 5335 3552 5370 ra-

1984 5421 2131 5472 tione
2172 5420 2396 5487 praedita
2439 5421 2686 5489 (angelos
2721 5422 2932 5474 scilicet
2959 5433 3119 5488 atque
3151 5413 3419 5476 homines)
3461 5424 3558 5478 per

1983 5511 2248 5563 rationem
2286 5513 2502 5579 operari
2529 5528 2541 5576 ;
2571 5526 2633 5564 ac
2664 5513 2986 5577 cumprimis
3017 5526 3101 5560 res
3149 5507 3198 5556 in
3237 5502 3343 5554 illis
3377 5503 3555 5552 niani-

1986 5605 2116 5656 it’a‘lil
2145 5616 2246 5663 est,
2283 5603 2375 5672 qui
2421 5604 2568 5658 aedes
2597 5603 2867 5656 aediﬁcant
2891 5641 2908 5666 ,
2939 5615 3003 5652 ac
3046 5592 3268 5660 reliquis
3298 5589 3555 5644 omnibus
