4096 6292
554 387 656 455 διι

1826 381 2222 441 MANUELIS
2253 380 2560 440 CALECzE

3718 374 3829 439 ("12

554 523 883 579 artificibus.
911 524 1260 579 Arcltitectus
1286 524 1433 578 enim
1454 521 1912 577 exstruendarum
1940 520 2138 574 aedium

2253 534 2326 571 νει
2349 520 2407 573 ἐν
2437 518 2514 588 τῷ
2537 516 2734 571 ἑαυτοῦ
2762 515 2835 587 νῷ
2853 515 2915 569 τὸ
2944 512 3082 578 εἶδος
3104 513 3201 569 καὶ
3219 514 3317 585 τὴν
3338 514 3486 567 θέσιν
3511 512 3613 584 τῆς
3636 515 3817 582 aulo-3.

553 612 790 667 fortnam
826 613 1101 683 situmque
1143 622 1326 668 mente
1377 628 1475 669 sua
1521 613 1798 683 concipit;
1851 612 2041 680 sicque
2075 625 2138 662 ac

536 705 721 759 talem
757 704 980 758 domum
1015 703 1390 759 aedificandam
1422 709 1607 758 animo
1635 704 1907 774 designat,
1938 704 2139 772 illaque

557 795 859 849 instructus
890 794 1100 848 ratione
1125 794 1381 850 aedificat.
1419 794 1499 850 Ac
1526 809 1747 861 rursus,
1777 808 1841 848 ea
1872 807 2002 848 casu
2035 790 2138 845 ali-

555 902 665 956 quo
705 886 995 952 dissoluta,
1035 901 1133 957 per
1172 886 1419 941 eamdem
1451 900 1558 956 qua
1592 886 1749 956 prius
1787 884 2139 949 considerat,

555 992 621 1032 ac
654 976 956 1032 secundum
977 978 1225 1033 eamdem
1254 977 1521 1031 rationem
1561 977 1832 1031 instaurat
1858 992 1872 1041 ;
1904 976 1950 1031 si
1977 975 2141 1029 modo

558 1070 631 1121 ita
664 1070 851 1123 animo
892 1076 1247 1136 comparatus
1277 1075 1380 1133 est,
1420 1076 1480 1119 ut
1504 1067 1749 1121 eamdem
1785 1069 1837 1120 in
1885 1068 2142 1122 omnibus

556 1175 681 1213 cum
709 1163 892 1230 priore
913 1160 1098 1227 illique
1122 1159 1355 1213 similem
1382 1158 1606 1213 domum
1637 1161 1761 1215 velit
1788 1158 2140 1214 retedificare.

557 1250 685 1305 “me
720 1261 899 1305 autem
935 1252 1077 1329 ratip
1106 1268 1203 1307 seu
1257 1266 1441 1306 sermo
1498 1252 1730 1306 interior
1774 1251 1975 1307 dicitur
2009 1251 2144 1306 resi-

558 1342 805 1408 densque
844 1341 898 1395 in
951 1343 1173 1405 animo;
1224 1355 1287 1394 ac
1335 1356 1444 1409 prae
1494 1341 1740 1410 reliquis,
1773 1340 1850 1394 uti
1880 1340 2139 1406 diximus,

561 1431 650 1483 Dei
688 1430 971 1484 Sermonis
1002 1446 1097 1485 seu
1130 1428 1293 1484 Verbi
1327 1430 1508 1501 imago
1536 1438 1640 1487 est.
1671 1430 1778 1485 Per
1809 1430 1953 1484 hunc
1982 1430 2132 1483 enim

558 1522 637 1577 sic
682 1522 733 1574 in
797 1521 980 1576 animo
1035 1521 1362 1578 residentem
1406 1535 1713 1577 sermonem
1764 1536 1829 1576 ac
1880 1520 2142 1575 rationem

2242 628 2342 681 σης
2360 612 2561 675 οἰκίας,
2582 610 2666 663 ὃτι
2690 609 2869 662 τοιάδε
2893 625 2979 671 τις
3000 610 3096 661 καὶ
3127 608 3307 662 τοιάδε
3333 607 3601 679 προσήκει
3620 606 3833 659 οἰκοδο-

2242 703 2510 773 μηθῆναι,
2529 702 2625 757 καὶ
2654 702 2723 757 δι’
2749 701 2961 759 ἐκείνου
2992 702 3087 754 τοῦ
3116 701 3281 767 λόγου
3306 700 3514 768 ταύτην
3532 698 3833 767 οἰκοδομεῖ,

2240 788 2303 849 οὗ
2332 796 2431 847 καὶ
2463 795 2730 865 πρότερον
2765 794 2860 846 καὶ
2891 792 3033 847 κατὰ
3061 791 3152 845 τὸν
3184 792 3348 845 αὑτὸν
3378 791 3559 859 λόγον,
3602 792 3652 844 εἰ
3685 792 3837 843 κατὰ

2240 890 2425 954 πάντα
2446 888 2546 958 τὴν
2575 886 2747 958 αὐτὴν
2769 887 2950 940 οἰκίαν
2976 887 3041 954 τῇ
3080 883 3325 955 προτέρᾳ
3357 883 3453 936 καὶ
3481 882 3677 951 ὁμοίαν
3704 882 3839 951 30'5-

2243 980 2398 1033 λεται
2427 977 2927 1046 ἀνοικοδομεῖνΧὈ
2957 976 3010 1028 δὲ
3040 974 3283 1037 τοιοῦτος
3320 975 3475 1039 λόγος
3503 973 3722 1041 λέγεται
3751 974 3811 1023 ἐν

2242 1069 2513 1131 διάθετος·
2541 1069 2599 1130 6;
2631 1069 2726 1121 καὶ
2754 1065 2956 1136 μᾶλλον
2977 1063 3088 1117 τῶν
3132 1064 3309 1118 ἄλλων
3338 1063 3503 1117 εῐκὼν
3536 1065 3707 1126 ἐστιν,
3756 1062 3837 1125 ὡς

2245 1161 2487 1229 εἴρηται,
2520 1158 2615 1211 τοῦ
2648 1159 2826 1224 Λόγου
2858 1157 2953 1209 τοῦ
2978 1156 3136 1211 Θεοῦ.
3173 1156 3333 1209 Κατὰ
3373 1154 3566 1209 τοῦτον
3606 1155 3713 1224 γὰρ
3741 1158 3836 1207 τὶν

2245 1252 2551 1308 ἐνδιάθετον
2578 1251 2741 1319 λόγον
2772 1250 2868 1303 καὶ
2896 1250 3107 1317 λογικοὶ
3134 1248 3425 1319 λεγόμεθα,
3468 1249 3580 1301 εἴτε
3630 1247 3838 1317 κοιμὼ-

2250 1344 2421 1413 μεθα,
2461 1344 2572 1396 εἴτε
2624 1341 2945 1410 σιωπῶμεν,
3001 1339 3060 1392 οὐ
3116 1341 3257 1392 κατὰ
3308 1331 3400 1391 τὸν
3451 1340 3834 1409 προφορικόν·

2244 1428 2402 1501 οὗτος
2441 1436 2552 1505 γὰρ
2582 1434 2683 1487 οὐκ
2710 1434 2795 1488 ἀει
2826 1435 2969 1487 ἐστι.
2995 1432 3185 1499 Πολλῷ
3213 1427 3307 1487 οὖν
3332 1434 3360 1485 6
3384 1432 3692 1496 ἐνδιάθετός
3718 1436 3839 1486 ἐστι

2244 1527 2339 1580 τοῦ
2373 1524 2716 1597 προφορικοῦ
2770 1524 3126 1596 τιμιώτερος,
3180 1523 3238 1587 ὃς
3284 1525 3372 1578 διὰ
3430 1525 3694 1595 ῥημάτων
3742 1527 3841 1578 καὶ

558 1615 854 1671 rationales
883 1615 1141 1679 dicimur,
1190 1615 1307 1669 sive
1342 1614 1671 1679 dormimus,
1705 1614 1820 1668 sive
1850 1622 2098 1668 tacemus
2129 1629 2144 1679 ;

2253 1618 2530 1688 ὀνομάτων
2555 1615 2757 1683 ἔξωθεν
2785 1616 3144 1687 προφέρεται.
3176 1609 3347 1678 Οὗτος
3380 1617 3490 1687 γὰρ
3516 1615 3587 1668 δι’
3624 1619 3836 1669 ἐκεῖνον

558 1725 667 1762 non
706 1724 801 1778 per
834 1723 957 1762 eum
994 1708 1085 1776 qui
1140 1723 1236 1764 ore
1269 1707 1566 1777 profertur.
1620 1707 1721 1762 Hic
1767 1708 1911 1762 enim
1962 1722 2146 1762 sermo

2253 1708 2590 1775 συνίσταται,
2626 1710 2722 1763 καὶ
2746 1708 2953 1780 τρόπον
2981 1709 3104 1761 τινὰ
3136 1704 3662 1777 ουμϐεϐηκόςέστιν
3694 1709 3841 1764 ὲκεί-

559 1815 665 1853 non
698 1815 911 1868 semper
940 1810 1043 1855 est.
1079 1801 1272 1855 Sermo
1315 1800 1483 1869 igitur
1526 1801 1760 1855 interior
1788 1811 1843 1854 et
1871 1800 1925 1854 in
1961 1800 2147 1855 animo

2253 1818 2345 1871 νῳ.
2376 1801 2475 1853 Διά
2498 1799 2665 1853 τοῦτο
2690 1800 2752 1852 οὐ
2799 1798 3059 1852 τοσοῦτόν
3089 1801 3238 1852 ἐστιν
3275 1800 3477 1860 οἰκεῖος
3507 1800 3535 1851 6
3572 1816 3842 1870 προφορι-

557 1893 805 1946 residens
842 1892 1001 1959 longe
1046 1894 1284 1948 nobilior
1314 1908 1571 1951 sermone
1608 1894 1884 1964 prolatitio
1915 1902 2019 1959 est,
2048 1887 2142 1963 qui

2253 1868 2346 1955 κός
2375 1892 2536 1957 λόγος
2560 1891 2639 1954 εἰς
2668 1891 3024 1961 παράδειγμα
3062 1892 3157 1943 καὶ
3204 1892 3390 1943 εἰκόνα
3417 1890 3513 1942 τ,ὖ
3542 1868 3718 1958 Λόγου

564 1985 773 2039 scilicet
800 1998 899 2054 per
934 1986 1098 2039 verba
1138 1986 1386 2055 quaedam
1423 1996 1587 2056 atque
1624 1988 1846 2041 nomina
1900 1988 2143 2041 exterius

558 2078 855 2146 profertur.
886 2076 986 2132 Hic
1015 2079 1162 2132 enim
1196 2086 1418 2147 propter
1443 2079 1596 2132 illum
1621 2078 1894 2139 consistit,
1916 2093 1980 2132 ac
2007 2093 2143 2147 quo-

557 2168 851 2224 dammodo
878 2168 958 2222 illi
988 2169 1247 2223 accidens
1279 2168 1514 2222 exsistit.
1569 2166 1817 2237 Iliaeque
1850 2168 1985 2222 adeo
2040 2167 2099 2221 llt
2126 2206 2141 2231 ,

559 2271 621 2316 ut
650 2271 767 2314 non
802 2260 884 2315 sic
928 2271 1054 2327 apte
1088 2276 1153 2314 ac
1202 2261 1589 2314 convenienter
1624 2261 1929 2329 prolatitius
1962 2275 2145 2316 sermo

558 2353 616 2406 in
652 2351 960 2419 exemplum
991 2361 1306 2405 assumatur
1337 2365 1401 2403 ac
1431 2351 1790 2405 simulacrum
1822 2351 1991 2405 divini
2024 2349 2147 2406 Ser-

560 2444 741 2499 monis
780 2458 874 2496 seu
912 2441 1112 2508 Verbi;
1149 2443 1243 2497 sed
1274 2450 1329 2496 ttt
1355 2443 1538 2509 potius
1569 2442 1662 2512 qui
1693 2442 1747 2496 in
1778 2444 1966 2497 animo
1998 2443 2142 2498 resi-

555 2535 671 2600 det,
697 2544 752 2587 ut
775 2535 868 2602 qui
908 2534 1146 2587 nobilior
1175 2533 1265 2588 sit.
1296 2532 1430 2587 Nam
1459 2534 1623 2589 etiam
1658 2534 1923 2592 debemus
1958 2536 2138 2591 divina

558 2635 955 2695 repraesentare
1007 2640 1075 2680 ex
1110 2625 1200 2690 iis,
1228 2639 1461 2696 quorum
1508 2627 1680 2697 major
1710 2629 2025 2698 praestantia
2050 2630 2141 2685 sit.

559 2717 710 2772 Nihil
744 2732 911 2788 porro
941 2718 993 2780 in
1032 2718 1231 2773 creatis
1266 2728 1443 2774 mente
1474 2728 1659 2773 nostra
1686 2760 1700 2783 ,
1730 2720 1786 2775 in
1821 2726 2147 2792 eaque;ser-

561 2823 726 2864 mone
758 2824 821 2862 ac
853 2809 1020 2862 verbo
1050 2823 1145 2863 seu
1190 2807 1404 2862 ratione
1424 2848 1440 2871 ,
1476 2812 1825 2876 praastantius
1858 2806 2102 2866 occurrit
2128 2826 2167 2897 ς.

561 2903 708 2956 unde
740 2902 906 2955 etiam
940 2901 1105 2969 hujus
1141 2901 1354 2955 ratione
1392 2901 1555 2955 homo
1585 2902 1787 2957 dicitur
1812 2902 1993 2975 imago
2029 2903 2145 2960 Dei.

562 2992 956 3047 Verumtamen
991 2992 1079 3046 hic
1105 3006 1325 3060 quoque
1357 2992 1512 3046 valde
1556 3008 1584 3045 a
1640 2993 1732 3047 Dei
1790 2995 2053 3051 Sermone
2083 3011 2148 3051 ac

561 3082 749 3157 Verbo
777 3083 982 3138 deficit.
1015 3083 1108 3137 Dei
1144 3085 1291 3137 enim
1325 3082 1521 3138 Sermo
1554 3084 1669 3152 ipse
1700 3101 1824 3139 vere
1871 3088 2146 3145 exsistens

561 3191 627 3231 ac
676 3175 864 3230 efficax
920 3185 1040 3241 est;
1086 3175 1141 3229 in
1190 3177 1374 3229 animo
1405 3183 1589 3230 autem
1641 3178 1910 3242 residens,
1948 3184 2145 3238 mentis

563 3268 821 3321 accidens
870 3276 974 3322 est.
1030 3266 1108 3320 Ex
1144 3267 1211 3322 iis
1243 3267 1388 3321 enim
1420 3283 1542 3337 qua:
1575 3268 1751 3325 oculis
1788 3270 2038 3326 videntur
2073 3289 2139 3330 ac

562 3368 744 3414 mente
785 3359 1182 3429 intelliguntur,
1215 3374 1412 3414 sensus
1456 3375 1622 3429 opera
1672 3364 1836 3414 tuenti
1877 3362 2139 3433 advenit;

562 3450 809 3518 quandiu
864 3449 1074 3505 scilicet
1116 3462 1369 3504 versatur
1405 3451 1458 3503 in
1506 3463 1738 3519 corpore
1789 3452 1977 3522 illique
2016 3469 2145 3509 con-

560 3541 753 3609 juncta
790 3553 895 3596 est.
933 3542 1142 3596 idcirco
1168 3543 1331 3595 etiam
1366 3541 1720 3612 imperfectus
1749 3554 1856 3607 est,
1891 3546 1983 3615 qui
2018 3562 2149 3615 pau-

2251 1984 2388 2038 Θεοῦ
2426 1983 2832 2054 λαμϐάνεσθαι,
2888 1984 3027 2037 ἀλλὰ
3074 1984 3279 2054 μᾶλλον
3326 1983 3355 2035 6
3399 1984 3712 2047 ἐνδιάθετος
3765 1985 3842 2048 ὡς

2250 2074 2605 2146 τιμιώτεροςο
2634 2076 2759 2128 ἐπεὶ
2788 2077 2886 2129 καὶ
2925 2076 3034 2131 ἀπὸ
3065 2075 3175 2127 τῶν
3226 2076 3575 2145 τιμιωτέρων
3620 2077 3839 2145 ὀφείλο-

2256 2185 2357 2238 μεν
2384 2168 2453 2220 τὰ
2478 2167 2600 2220 θεῖα
2652 2167 2966 2233 εἰκονίζειν.
3024 2168 3368 2236 Τιμιὼτερον
3404 2166 3460 2220 δέ
3492 2166 3588 2219 τοῦ
3617 2168 3675 2218 ἐν
3707 2168 3843 2237 ἡμῖν

2252 2260 2345 2313 νοῦ
2379 2260 2476 2313 καὶ
2505 2260 2666 2329 λόγου
2702 2260 2801 2313 οὐκ
2833 2259 2981 2314 ἔστιν
3011 2260 3069 2313 ἐν
3098 2263 3212 2322 τοῖς
3236 2261 3555 2329 κτίσμασιν·
3585 2260 3711 2313 ὅθεν
3746 2264 3844 2314 καὶ

2253 2351 2397 2403 κατά
2442 2350 2605 2404 τοῦτο
2652 2350 2879 2418 λέγεται
2914 2350 2941 2401 6
2979 2350 3271 2420 ἄνθρωπος
3322 2349 3490 2403 εἰκὼν
3537 2350 3633 2403 τοῦ
3679 2350 3838 2407 Θεοῦ.

2252 2444 2365 2498 Καὶ
2388 2444 2498 2513 γὰρ
2527 2443 2651 2497 κατ’
2684 2443 2873 2496 εἰκόνα
2909 2442 3180 2513 ἐπλάσθη.
3214 2443 3358 2511 Πλὴν
3391 2444 3488 2497 καὶ
3510 2438 3662 2506 οὗτος
3695 2447 3842 2499 πάνυ

2254 2536 2511 2591 λείπεται
2533 2536 2631 2588 τοῦ
2665 2536 2841 2603 Λόγου
2867 2533 2962 2589 τοῦ
2990 2535 3149 2589 Θεοῦ.
3190 2535 3251 2589 '0
3281 2537 3381 2607 μὲν
3406 2538 3515 2608 γὰρ
3542 2540 3844 2594 ἐνυππόστα-

2250 2643 2343 2689 τος
2399 2627 2497 2679 καὶ
2530 2625 2787 2694 ἐνεργήςο
2825 2626 2852 2678 6
2911 2624 2967 2679 δὲ
2998 2625 3308 2690 ἐνδιάθετος
3350 2627 3699 2698 συμϐεϐηκός
3722 2628 3842 2684 ἐστι

2250 2716 2330 2786 τῷ
2374 2715 2470 2786 νῷ.
2516 2716 2653 2769 ’Λπδ
2678 2718 2789 2784 γὰρ
2815 2715 2923 2768 τῶν
2949 2716 3246 2785 ὁρωμένων
3281 2719 3377 2769 καὶ
3404 2719 3717 2788 νοουμένων
3749 2720 3843 2775 διὰ

2250 2809 2351 2878 τῆς
2375 2807 2687 2881 αἰσθήσεως
2735 2807 3051 2875 ἐπιγίνεται
3080 2806 3160 2879 τῷ
3188 2808 3286 2879 νῷ,
3332 2809 3531 2878 ἐφόσον
3571 2811 3710 2880 μετὰ
3740 2810 3846 2864 σώ-

2257 2900 2429 2970 ματός
2464 2901 2603 2954 ἐστι.
2647 2899 2740 2953 Διὸ
2787 2900 2885 2952 καὶ
2923 2900 3122 2971 ἀτελής
3170 2902 3291 2954 ἐστι
3339 2904 3462 2956 κατ’
3495 2903 3677 2971 ὀλίγον
3710 2920 3849 2973 συμ-

2254 2995 2597 3065 πλεκόμενος
2631 2998 2726 3049 καὶ
2783 2996 3034 3065 ὕστερος.
3093 2996 3238 3049 Αὐτὸ
3289 2998 3399 3066 γὰρ
3450 2998 3511 3051 τὸ
3543 2998 3847 3069 δυνάμενον

2254 3091 2394 3142 νοεῖν
2425 3088 2519 3141 καὶ
2550 3089 2577 3141 6
2612 3089 2777 3155 τόπος
2830 3088 2939 3142 τῶν
2967 3089 3177 3159 νοητῶν
3206 3089 3366 3145 εἱδῶν
3419 3092 3572 3145 ἐστιν
3617 3092 3645 3144 6
3694 3090 3845 3154 νοῦς,

2252 3180 2312 3242 6;
2344 3183 2494 3233 ἐστιν
2542 3180 2721 3235 οὐσία.
2755 3182 2836 3234 Τὰ
2858 3182 2915 3234 δὲ
2937 3181 3016 3252 τῷ
3048 3182 3126 3254 νῷ
3152 3182 3219 3236 δι’
3246 3182 3452 3236 ἑαυτῶν
3475 3184 3848 3251 ἐπιγινόμενα

2258 3272 2367 3324 ἀπὸ
2388 3272 2498 3326 τῶν
2521 3272 2725 3339 ἔξωθεν
2743 3272 2972 3344 ὕστερον
2998 3275 3365 3347 συνεργούσης
3392 3273 3491 3341 τῆς
3516 3273 3845 3341 αξσθήσεως

2258 3365 2397 3434 μετά
2437 3364 2538 3435 τὴν
2560 3366 2843 3420 τελείωσιν
2883 3364 2980 3419 τοῦ
3011 3366 3308 3437 ὀργανικοῦ
3342 3365 3610 3434 σώματος,
3660 3363 3837 3417 ταῦτα

2256 3456 2434 3510 πάντα
2464 3460 2575 3512 εἰσὶ
2618 3454 3043 3527 συμϐεϐηκότα(
3075 3456 3168 3512 Διὸ
3198 3462 3295 3513 καὶ
3325 3453 3413 3511 τὴν
3452 3455 3622 3510 πολλὰ
3655 3458 3835 3511 ἰδόντα

2262 3550 2558 3621 πολυμαθῆ
2584 3550 2843 3623 λέγομεν.

564 3637 712 3691 latim
741 3644 1083 3700 contexatur,
1109 3641 1346 3703 ortuque
1373 3634 1643 3703 posterior
1667 3637 1759 3690 sit.
1808 3635 1987 3703 Ipsum
2012 3639 2156 3692 enim
2200 3655 2364 3710 penes
2404 3643 2547 3711 quod
2585 3643 2923 3715 intelligendi
2987 3643 3256 3710 facultas,
3311 3658 3375 3699 ac
3423 3644 3575 3701 locus
3636 3645 3849 3716 Specie-

566 3743 686 3783 rum
710 3744 828 3797 quae
854 3729 905 3782 in
940 3726 1268 3782 intellectum
1293 3727 1519 3793 cadunt,
1548 3742 1704 3784 mens
1732 3737 1838 3795 est,
1864 3745 1985 3799 quae
2045 3732 2352 3789 substantia
2387 3744 2491 3813 est.
2530 3737 2657 3797 Quae
2718 3749 2900 3793 autem
2943 3748 3131 3809 postea
3168 3738 3334 3791 menti
3363 3753 3461 3792 sua
3523 3737 3575 3791 vi
3617 3740 3684 3793 ab
3751 3752 3852 3794 ex'

564 3820 860 3874 terioribus
899 3832 1096 3872 sensus
1122 3832 1306 3887 opera,
1342 3831 1573 3887 corpore
1616 3818 1730 3887 jam
1784 3820 2005 3889 organis
2036 3822 2301 3892 perfecto,
2366 3826 2694 3897 adveniunt,
2726 3840 2919 3887 cuncta
2948 3834 3060 3887 hate
3126 3830 3431 3888 accidentia
3487 3843 3636 3888 sunt.
3695 3833 3851 3889 Unde

559 3911 727 3964 etiam
763 3908 999 3977 eumqui
1032 3908 1203 3961 multa
1238 3906 1409 3971 novit,
1438 3909 1605 3961 multa
1632 3908 1853 3963 doctum
1886 3911 2140 3975 dicimus,
2183 3930 2279 3972 seu
2315 3919 2409 3988 qui
2437 3923 2607 3977 tnulta
2642 3922 2917 3979 didicerit.

643 4006 781 4070 Quia
831 4002 1000 4072 igitur
1052 4000 1216 4055 etiam
1271 3999 1414 4054 Deus
1470 4002 1760 4056 rationalis
1809 4012 1927 4070 (seu
1986 4006 2163 4074 magis

569 4097 842 4152 Sermone
878 4091 1167 4161 Verbaque
1199 4091 1482 4162 praatlitus)
1535 4100 1661 4147 est:
1704 4109 1769 4148 ac
1806 4094 1898 4163 qui
1939 4094 2165 4150 diflitea-

2345 3996 2500 4069 ⁶Επεὶ
2529 4017 2713 4069 τοίνυν
2760 4018 2857 4070 καὶ
2910 4018 2938 4070 6
2984 4016 3119 4079 Θεός
3172 4019 3289 4071 ἐστι
3335 4017 3579 4087 λογικὸς,
3627 4020 3657 4075 6
3693 4024 3849 4094 παρὰ

2254 4103 2477 4159 πάντων
2529 4108 2911 4178 ὁμολογεῖται⁶
2947 4109 2977 4162 6
3032 4109 3091 4164 δὲ
3122 4111 3298 4181 Λόγος
3343 4110 3513 4166 αὑτοῦ
3563 4113 3664 4167 οὐκ
3729 4114 3846 4167 ἔστι

566 4198 657 4243 tur
685 4186 868 4241 nullus
899 4186 1016 4252 est';
1050 4197 1151 4237 nec
1179 4183 1300 4250 ejus
1331 4181 1524 4237 Sermo
1554 4198 1619 4241 ac
1644 4181 1881 4239 Verbum
1908 4186 2147 4243 accident

2258 4197 2610 4269 συμϐεϐηκός
2650 4201 2734 4269 (τὸ
2760 4202 2869 4273 γὰρ
2918 4204 2977 4257 ἐν
3019 4201 3096 4274 τῷ
3126 4203 3245 4275 Θεῷ
3276 4204 3627 4277 συμϐεϐηκὸς
3664 4205 3848 4275 λέγειν

568 4287 652 4333 est
688 4274 1011 4346 (absurdum
1045 4274 1250 4343 quippe
1280 4283 1338 4327 ut
1369 4274 1538 4327 ullum
1581 4278 1636 4329 iu
1666 4275 1776 4331 Deo
1804 4277 2021 4333 dicatur
2066 4295 2161 4335 ac-

2256 4287 2506 4361 ἄτοπον)’
2533 4291 2652 4343 ἀλλ’
2672 4294 2819 4346 ἔστιν
2839 4293 3207 4359 ἐνυπόστατος
3238 4296 3331 4349 καὶ
3354 4296 3467 4361 ζῶν
3492 4298 3589 4351 καὶ
3611 4298 3841 4365 τέλειοςο

564 4366 809 4439 cidens),
838 4366 933 4422 sed
969 4381 1096 4420 vere
1126 4365 1401 4421 exsistens
1425 4374 1480 4422 et
1525 4366 1714 4445 vivens
1742 4368 2147 4442 perfectumque

2256 4378 2347 4432 διὰ
2375 4382 2531 4435 τοῦτο
2562 4382 2795 4455 λέγομεν
2826 4386 2910 4439 ὅτι
2942 4388 2970 4440 6
3015 4385 3150 4450 Θεὸς
3171 4388 3261 4443 διὰ
3295 4389 3391 4442 τοῦ
3440 4389 3634 4443 ἑαυτοῦ
3667 4392 3843 4459 Λόγου

567 4472 691 4525 est;
724 4458 931 4512 idcirco
961 4456 1197 4512 dicimus
1228 4455 1397 4512 Deum
1447 4473 1542 4527 per
1567 4459 1803 4516 Verbum
1831 4477 1993 4518 suum
2022 4481 2157 4519 cun-

2257 4471 2328 4524 τὰ
2347 4472 2523 4527 πάντα
2546 4476 2822 4547 ἐποίησεν.
2856 4477 2917 4531 Εἰ
2940 4477 3071 4546 γοῦν
3092 4476 3162 4532 δι’
3193 4479 3361 4534 αὐτοῦ
3388 4481 3608 4549 ἐγένετο
3638 4484 3841 4550 πάντα,

528 4574 545 4585 ο
566 4563 657 4605 eia
682 4549 1022 4605 condidisse.
1057 4550 1194 4603 Cum
1217 4564 1349 4620 ergo
1380 4565 1476 4619 per
1512 4551 1689 4622 ipsum
1722 4551 1865 4609 facta
1896 4556 2008 4611 sint
2031 4571 2147 4610 om-

2260 4565 2361 4618 καὶ
2412 4568 2440 4618 6
2484 4539 2773 4639 ἄνθρωπος
2822 4569 2892 4624 δι’
2923 4539 3090 4625 αὑτοῦ
3127 4572 3376 4643 ἐπλάσθη
3398 4539 3518 4637 ,.δι’
3552 4575 3719 4628 αὑτοῦ
3753 4539 3845 4630 καλ

568 4648 683 4710 nia,
712 4660 775 4701 ac
802 4659 895 4716 per
923 4645 1052 4700 illud
1089 4645 1251 4699 homo
1277 4644 1453 4700 factus
1478 4644 1641 4702 fuerit
1674 4657 1839 4718 atque
1866 4650 2153 4719 formatus,

568 4750 666 4805 per
698 4737 877 4807 ipsum
916 4734 1297 4801 nihilominus,
1336 4750 1464 4791 eum
1497 4738 1589 4808 qui
1623 4741 1896 4795 contritus
1934 4741 2110 4797 fuerat
2138 4781 2153 4806 ,

510 4900 525 4909 -
567 4828 908 4885 t-ottvrniens
936 4827 1038 4882 fuit
1066 4829 1305 4899 reparari
1337 4848 1348 4882 :
1376 4845 1469 4899 per
1493 4830 1639 4887 hunc
1667 4833 1880 4887 scilicet
1907 4838 2154 4891 modum.

568 4922 708 4987 Quia
742 4924 888 4977 enim
924 4924 1222 4977 lmmanum
1260 4939 1433 4995 genus
1462 4939 1529 4979 ex
1563 4925 1671 4981 illis
1702 4935 1811 4991 est,
1835 4942 1958 4998 qua:
1985 4944 2014 4981 a
2046 4927 2156 4983 Deo

572 5016 783 5068 ratione
819 5016 1024 5068 utentia
1062 5018 1283 5071 condita
1326 5026 1487 5082 sunt;
1532 5019 1697 5074 homo
1740 5031 2018 5089 quatenus
2066 5037 2157 5076 ra-

572 5107 723 5160 tione
757 5107 1023 5175 liberique
1059 5109 1273 5162 arbitrii
1312 5109 1572 5164 facultate
1608 5114 1891 5180 praaditus,
1927 5113 2157 5184 reliquis

570 5198 893 5252 inanimatis
923 5208 975 5251 ct
1005 5199 1260 5254 animatis
1293 5199 1581 5270 brtttisque
1612 5201 1984 5258 animantibus
2019 5219 2157 5272 prae-

565 5291 756 5355 cellit;
801 5290 944 5365 quod
999 5289 1125 5342 item
1189 5290 1293 5343 alia
1346 5300 1567 5359 propter
1608 5292 1884 5348 hominem
1938 5295 2156 5350 condita

570 5392 726 5447 sunt,
758 5391 817 5435 ut
862 5396 956 5449 per
990 5382 1257 5435 rationem
1296 5389 1350 5434 et
1390 5383 1678 5437 scientiam
1726 5385 1835 5439 illis
1867 5386 2054 5455 praesit
2083 5387 2154 5441 ".

571 5477 742 5530 Bruta
774 5490 1011 5544 namque
1058 5474 1358 5529 animantia
1396 5476 1543 5531 nullo
1592 5478 1825 5533 c0nsi|io
1860 5480 2043 5533 omnia
2075 5477 2155 5533 fa-

567 5573 720 5625 t-innt
744 5573 813 5626 ad
843 5588 965 5640 qua:
1004 5578 1313 5633 moventur,
1353 5571 1587 5624 naturali
1617 5572 1666 5625 vi
1699 5572 1751 5626 in
1786 5571 1874 5626 illa
1907 5572 2154 5640 incitata;

573 5665 720 5717 haud
759 5680 918 5719 secus
954 5681 1016 5718 ac
1041 5674 1187 5719 terra
1220 5675 1273 5718 et
1301 5665 1533 5719 arbores
1566 5668 1686 5718 sine
1719 5666 1931 5720 ratione
1977 5673 2032 5719 et
2064 5679 2158 5719 vo-

572 5751 780 5808 luntate
826 5771 890 5807 ac
925 5757 1154 5810 consilio
1189 5755 1543 5811 fructificant.
1581 5755 1792 5811 Idcirco
1824 5758 2157 5828 conveniens

570 5856 712 5911 erat,
746 5860 864 5900 eam
898 5848 1105 5905 homini
1155 5866 1341 5905 curant
1377 5847 1670 5913 adhiberi,
1726 5864 1834 5917 qua
1872 5865 2156 5921 reparare-

2260 4657 2619 4727 συντριϐέντα
2652 4661 2816 4715 πάλιν
2878 4662 3122 4734 ἔπρεπεν
3169 4664 3333 4719 αὐτὸν
3366 4666 3838 4735 ἀνακαινισθῆναι.

2265 4748 2515 4821 Ἔπρεπε
2540 4750 2596 4804 δὲ
2626 4754 2767 4808 κατὰ
2799 4753 2981 4812 τοῦτο.
3032 4757 3191 4811 Ἐπεὶ
3236 4758 3345 4829 γὰρ
3395 4759 3465 4813 τὰ
3492 4760 3688 4830 λογικὰ
3728 4762 3842 4813 κτί-

2260 4854 2445 4911 σματα
2474 4842 2817 4915 οἰᾶνθρωποι
2845 4849 3171 4918 τιμιώτερόν
3201 4851 3317 4905 ἐστι
3348 4852 3459 4905 τῶν
3482 4842 3669 4905 ’ἄλλων
3704 4851 3841 4921 ἀξύ-

2259 4949 2370 5001 χων
2403 4934 2499 4988 καὶ
2534 4935 2796 5007 ἐμψύχων
2828 4942 2922 4993 καὶ
2950 4940 3161 5010 ἀλόγων
3192 4942 3369 5009 ζώων,
3415 4943 3610 5003 καθότι
3639 4946 3784 4998 ἐστὶν
3810 4946 3841 4998 6

2260 5023 2554 5095 ἄνθρωπος
2584 5027 2804 5097 λογικὸν
2828 5034 2923 5086 καὶ
2952 5034 3329 5103 αὐτεξούσιον,
3366 5037 3462 5091 καὶ
3489 5037 3572 5089 ὅτι
3606 5038 3674 5089 τὰ
3704 5036 3838 5090 ἄλλα

2260 5116 2348 5170 διὰ
2399 5120 2491 5172 τὸν
2527 5121 2812 5192 ἄνθρωπον
2861 5126 3128 5193 ἐγένοντο,
3186 5128 3272 5182 ἵνα
3330 5128 3471 5201 ἄρχῃ
3532 5130 3708 5185 αὐτῶν
3753 5130 3841 5183 διὰ

2260 5211 2422 5280 λόγου
2455 5212 2551 5266 καὶ
2574 5214 2851 5282 γνώσεως·
2883 5217 2951 5271 τὰ
2977 5219 3086 5289 γὰρ
3119 5220 3290 5291 ἄλογα.
3342 5220 3457 5286 ζῶα
3491 5222 3613 5291 δίχα
3646 5222 3839 5293 βουλῆς

2262 5304 2473 5356 ποιοῦσι
2502 5306 2610 5358 πᾶν
2644 5308 2722 5370 εὶς
2752 5308 2889 5375 ὅπερ
2926 5308 2992 5362 ἂν
3023 5311 3309 5382 κινηθῶσι,
3334 5316 3401 5383 τῇ
3439 5317 3645 5384 φυσικῇ
3676 5313 3838 5368 δυνά-

2265 5410 2353 5463 μει
2412 5394 2550 5464 πρὸς
2609 5396 2780 5449 ταῦτα
2840 5401 3155 5469 κινούμενα,
3219 5403 3339 5455 καθ’
3372 5404 3429 5457 ὃν
3462 5406 3667 5473 τρόπον
3698 5406 3731 5473 ἡ
3766 5402 3838 5474 γῆ

2262 5487 2452 5539 καὶτὰ
2501 5487 2694 5557 δένδρα
2745 5489 2958 5557 ἀλόγως
2991 5493 3084 5546 καὶ
3135 5494 3519 5564 ἀπροαιρέτως
3572 5497 3668 5549 καὶ
3714 5494 3839 5564 δίχα

2263 5575 2459 5645 βουλῆς
2495 5578 2930 5650 καρποφορούσι·
2970 5582 3058 5634 διὰ
3108 5583 3270 5636 τοῦτο
3318 5583 3559 5654 ἔπρεπεν
3615 5587 3699 5637 ἵνα
3744 5588 3841 5640 καὶ

2260 5667 2360 5737 την
2392 5669 2711 5738 ἐπιμέλειαν
2739 5674 2765 5722 6
2794 5672 3081 5742 ἄνθρωπος
3107 5673 3244 5745 εὕρῃ
3289 5678 3367 5739 εἰς
3416 5677 3476 5729 τὸ
3519 5677 3843 5744 ἐπανορθω-

2260 5757 2444 5828 θῆναι,
2478 5761 2571 5813 mi.
2631 5762 2831 5831 μᾶλλον
2864 5763 2897 5833 ἢ
2931 5766 3090 5835 εἰπερ
3116 5766 3244 5819 ἄλλο
3295 5784 3348 5819 τι
3397 5766 3509 5820 τῶν
3540 5768 3842 5838 ὁρωμένων

2265 5852 2581 5919 κτισμάτων
2616 5852 2893 5907 συνέϐαινε
2933 5859 3264 5911 καταπεσεῖν
3300 5856 3394 5912 καὶ
3428 5857 3793 5930 συντριϐῆναι
3822 5876 3839 5891 ·
