4056 6266
307 459 546 531 ἐπείπερ
576 462 606 515 6
634 463 922 537 ἄνθρωπος
954 468 1056 539 τῆς
1086 470 1352 545 ἀληθινῆς
1380 476 1502 532 ὀδοῦ
1538 480 1634 534 καὶ
1673 482 1891 550 εὐθείας

304 552 586 624 ἐξετράπη
647 556 742 611 καὶ
791 559 1069 633 ἐπλανήθη
1105 567 1196 617 καὶ.
1228 568 1556 626 ἐκπέπτωκε
1591 574 1692 644 τῆς
1740 580 1891 649 παρὰ

305 644 399 697 τοῦ
437 646 577 700 Θεοῦ
621 649 873 721 δοθείσης
903 656 1053 727 αὐτῷ
1098 660 1287 730 τιμῆς.
1335 663 1649 738 Ἑπλανήθη
1699 670 1756 722 δὲ

305 738 556 804 ἐξέπεσε,
590 740 728 797 διότι
770 746 871 800 οὐκ
903 750 1248 806 ἐπολιτεύετο
1277 754 1469 828 ὥσπερ
1511 759 1699 825 ἔταξεν
1728 764 1891 818 αὐτὸν

303 829 331 879 6
353 828 487 892 Θεὸς
514 829 574 895 ἐξ
610 833 808 904 ἀρχῆς·
842 835 957 890 ἀλλ’
994 839 1076 893 ὅτι
1106 840 1208 910 τὴν
1256 844 1454 899 ἑαυτοῦ
1487 847 1730 918 θέλησιν,
1769 850 1890 922 ἥτις

302 918 506 987 ὤφειλε
529 923 717 993 ζητεῖν
750 928 818 980 τὰ
845 929 1099 1000 οὐράνια,
1134 933 1453 1007 διέστρεφεν
1486 942 1515 994 6
1555 918 1845 1014 ἄνθρωπος
1866 955 1884 977 δ

302 1016 399 1067 καὶ
428 1017 552 1071 ἀντὶ
575 1018 672 1072 τοῦ
706 1021 932 1093 ἀγαπᾷν
980 1028 1077 1080 καὶ
1109 1028 1284 1084 θέλειν
1332 1033 1507 1089 ταῦτα
1552 1038 1647 1093 καὶ
1680 1039 1883 1110 ζητεῖν,

302 1106 603 1174 ᾑρετὶσατο
635 1114 701 1165 τὰ
731 1115 893 1185 γήϊνα
930 1120 1022 1172 καὶ
1055 1125 1346 1192 σωματικά
1370 1141 1386 1159 ·
1412 1128 1513 1193 τάς
1553 1106 1764 1202 ὀρέξεις
1788 1106 1886 1189 καῖ

301 1198 605 1269 ἐπιθυμίας
642 1208 736 1259 και
768 1208 965 1278 ἡδονὰς
994 1213 1095 1277 τὰς
1126 1215 1381 1285 ἀλόγους.
1416 1198 1669 1291 Ὠρμησε
1702 1224 1759 1279 δέ
1789 1227 1884 1281 ιπι

298 1290 484 1359 τοῦτο,
516 1294 709 1369 ἐπειδὴ
744 1302 771 1353 6
798 1300 1086 1373 ἄνθρωπος
1112 1307 1461 1376 αὐτεξούσιος
1493 1314 1761 1387 ἐπλάσθη,
1787 1320 1880 1373 καὶ

298 1384 400 1452 τῆς
437 1387 639 1459 ἀρετῆς
693 1391 794 1445 οὐκ
846 1396 1144 1467 εἰσήγαγεν
1190 1402 1218 1454 6
1259 1399 1393 1464 Θεὸς
1435 1403 1684 1478 ἀνάγκην
1714 1384 1772 1462 ἐν
1799 1410 1878 1482 τῷ

297 1473 597 1547 ἀνθρώπῳ,
658 1480 725 1533 ἵν’
756 1482 854 1556 ἔχῃ
913 1487 1181 1557 στέφανον
1236 1494 1332 1546 καὶ
1369 1473 1678 1568 τιμὴνίκαῖ
1727 1473 1878 1566 ἄξιον

294 1564 391 1617 τὸν
423 1569 638 1636 μισθὸν,
670 1572 746 1638 ὡς
775 1577 992 1633 οἴκοθεν
1016 1582 1076 1634 τὸ
1108 1584 1312 1652 ἀγαθὸν
1342 1564 1800 1661 προαιρούμενος.

1316 357 1890 430 ΒΕΞΡΒΙΝΟΙΡΙΙΞ
1922 374 2134 435 FIDE!
2169 377 2643 456 CATHOLICzE.

1798 674 1892 725 καὶ

1920 498 1964 556 Α
1998 492 2121 561 ιυτζς
2152 494 2349 563 potiori
2381 502 2645 560 nimirum
2682 508 2915 576 ratione,
2946 525 3111 583 quam
3144 518 3189 572 si
3220 520 3388 575 ullum
3419 524 3565 582 aliud

1997 596 2305 648 creatorum
2340 595 2639 653 visibilium
2666 600 2860 658 collabi
2890 608 3207 679 contigisset
3226 626 3292 667 ac
3317 620 3563 685 conteri;

1996 680 2141 747 quod
2178 684 2267 740 ille
2310 702 2340 742 a
2371 704 2499 746 vera
2531 701 2790 765 rectaque
2818 697 2903 752 via
2940 698 3232 758 deﬂexerat
3262 715 3312 759 et
3332 721 3568 763 .exerra-

1995 782 2166 835 verat.
2208 784 2372 846 atque
2400 782 2469 836 ab
2514 783 2724 840 honore
2759 786 2863 842 sibi
2892 788 3153 848 divinitus
3181 809 3445 855 concesso
3474 816 3568 857 ex-

1993 863 2225 921 ciderat.
2270 870 2565 929 Exerrarat
2598 893 2727 932 vero
2754 886 2807 934 et
2836 882 3140 952 exciderat,
3172 890 3319 958 quod
3351 907 3457 947 non
3491 896 3565 950 ita

1990 957 2159 1013 vitam
2208 962 2548 1034 instituerat,
2584 980 2642 1025 ut
2674 985 2704 1025 a
2756 973 3022 1046 principio
3059 978 3134 1033 illi
3183 957 3328 1039 Deus
3361 989 3569 1041 consti-

1994 1055 2215 1117 tuerat;
2255 1055 2350 1110 sed
2397 1060 2540 1125 quod
2569 1051 2902 1119 voluntatem
2947 1083 3100 1123 suam
3129 1110 3142 1134 ,
3176 1087 3293 1141 quae
3321 1076 3567 1131 coelestia

1988 1151 2233 1207 quaerere
2279 1145 2567 1216 debuerat,
2603 1164 2982 1223 perverterat;
3016 1175 3252 1232 cumque
3288 1166 3403 1224 haec
3443 1169 3565 1225 dili-

1985 1245 2112 1299 gere
2152 1249 2216 1291 ac
2252 1239 2387 1294 velle
2417 1251 2468 1295 et
2498 1258 2743 1313 quaerere
2782 1259 3081 1319 oporteret,
3123 1262 3337 1312 terrena
3370 1270 3423 1315 et
3445 1275 3564 1316 cor-

1985 1326 2193 1390 poralia
2227 1332 2558 1402 praetulerat,
2594 1338 2913 1406 cupiditates
2945 1355 3188 1403 sectatus
3214 1357 3266 1403 et
3292 1351 3558 1407 desideria

1986 1430 2049 1470 ac
2086 1416 2341 1476 libidines
2391 1440 2438 1479 a.
2462 1428 2674 1484 ratione
2705 1431 2864 1503 longe
2905 1435 3283 1499 abhorrentes.
3342 1444 3396 1498 ld
3432 1460 3559 1500 vero

1985 1507 2151 1565 homo
2191 1528 2484 1584 aggressus
2516 1530 2639 1589 est,
2671 1527 2817 1594 quod
2859 1525 3121 1588 facultate
3158 1535 3368 1589 arbitrii
3396 1553 3562 1591 orna-

1985 1610 2074 1656 tus
2106 1603 2376 1665 formatus
2407 1611 2605 1685 fuerat,
2640 1632 2740 1673 nec
2767 1620 2816 1674 ei
2848 1621 2992 1678 Deus
3022 1624 3238 1683 virtutis
3258 1632 3558 1685 necessita-

2361 1664 2367 1665 γ
2410 1664 2441 1665 κν
2473 1664 2605 1683 --ῆἿ
2642 1664 2740 1673 ..--
2768 1664 2816 1674 ι.
2848 1664 2992 1678 ισνυυ
3031 1664 3238 1683 unum.
3258 1664 3558 1685 ιιιιυιιδωιιι-

292 1670 410 1727 tem,
435 1664 728 1736 indiderat,
776 1681 838 1727 ut
869 1690 1128 1733 coronam
1157 1690 1211 1737 et
1242 1681 1508 1741 honorem
1538 1687 1871 1765 dignamque
1908 1699 2216 1757 mercedem
2260 1719 2707 1781 consequeretur,
2743 1727 2800 1771 ut
2833 1719 2928 1788 qui
2994 1720 3108 1790 ipse
3148 1737 3178 1776 a
3227 1737 3287 1778 se
3354 1724 3558 1780 bonum

292 1760 513 1790 n':nnon\l

287 1760 536 1830 eligeret.

360 1853 521 1908 Κατὰ
553 1857 654 1928 τὴν
704 1857 922 1934 θέλησιν
949 1863 1045 1918 οῦν
1084 1868 1253 1923 αὑτοῦ
1286 1874 1314 1926 6
1352 1872 1644 1946 ἄνθρωπος
1692 1880 1851 1935 ἐπλα-

2037 1883 2149 1940 Sua
2181 1885 2365 1957 itaque
2398 1888 2678 1949 voluntate
2704 1894 2868 1951 homo
2920 1913 3218 1969 erraverat,
3250 1906 3554 1963 secundum

289 1945 452 2016 νήθη,
487 1948 611 2003 καθ’
643 1949 724 2023 δή
776 1955 1055 2027 τελειότης
1079 1962 1176 2015 τοῦ
1232 1945 1525 2036 ἀνθρώπου
1562 1970 1878 2044 θεωρεῖται,

288 2036 388 2090 καὶ
413 2038 685 2111 ὠλίσθησε
712 2046 807 2098 καὶ
832 2047 1058 2114 ἐξέπεσε
1089 2053 1190 2123 τῆς
1206 2055 1367 2129 δόξης
1390 2061 1482 2115 τοῦ
1504 2036 1877 2138 Θεοῦ,-δηλον·;

284 2129 367 2180 ότι
430 2129 521 2183 διὰ
579 2134 679 2203 τὴν
741 2134 1190 2215 διεστραμμένην
1250 2147 1474 2221 θέλησιν
1529 2129 1750 2210 αὐτοῦ·-
1795 2159 1876 2212 διὸ

284 2219 379 2271 καὶ
410 2220 781 2297 κατεδικάσθη
824 2227 919 2281 τὸν
946 2230 1199 2305 θάνατον,
1239 2239 1320 2294 ὅτι
1365 2219 1569 2317 θνητὴν
1620 2243 1735 2319 εἷχε
1767 2250 1873 2320 φύ·

1979 1992 2144 2046 quam
2194 1979 2434 2036 hominis
2466 1982 2731 2053 perfectio
2758 1992 3158 2073 consideratur,
3194 2007 3361 2068 atque
3390 2016 3420 2055 a
3456 2000 3555 2058 Dei

1976 2066 2150 2135 gloria
2178 2070 2498 2140 exciderat;
2530 2076 2601 2131 ob
2634 2066 2948 2147 perversam
2980 2085 3236 2141 nimirum
3263 2106 3416 2146 suam
3454 2107 3553 2148 vo-

1975 2154 2269 2214 luntatem.
2296 2160 2666 2228 Quamobrem
2702 2171 2866 2227 etiam
2894 2177 3086 2232 mortis
3117 2178 3410 2239 damnatus
3440 2195 3546 2249 est,

1971 2248 2120 2315 quod
2150 2252 2370 2307 mortali
2403 2264 2598 2311 natura
2632 2262 2895 2329 praeditus
2924 2275 3062 2331 erat,
3097 2266 3365 2335 eiusmodi
3397 2248 3548 2330 acili;

285 2327 395 2378 σιν,
419 2312 732 2388 δυναμένην
765 2319 1160 2395 ἀποθνήσκειν.
1197 2330 1379 2406 Ὅπερ
1412 2312 1536 2391 διὰ*
1560 2312 1851 2414 φιλανθρω.

285 2406 424 2432 Α-..
475 2407 692 2432 ιηληη-
726 2410 813 2432 --ρ
844 2412 909 2432 ο-
953 2414 978 2426 η
1039 2420 1063 2432 ..
1211 2422 1224 2432 .
1301 2426 1348 2432 --
1376 2426 1387 2432 -
1603 2427 1629 2432 η

1989 2312 2004 2315 ν
2632 2312 2657 2329 ε
2706 2312 2891 2317 -___-__
2928 2312 3062 2331 -__-,
3099 2312 3365 2335 .,-..........
3397 2312 3548 2330 ...η-
3613 2334 3619 2339 ,

1969 2347 2058 2393 cet
2104 2355 2227 2411 quae
2269 2345 2412 2399 mori
2454 2358 2663 2417 posset.
2718 2351 2874 2420 Quod
2921 2356 3098 2426 ipsum
3154 2363 3397 2432 impensa
3448 2366 3544 2423 Dei
3594 2392 3597 2393 ν

284 2406 424 2458 πίαν
474 2407 697 2475 ἐγένετο
725 2410 817 2464 τοῦ
843 2412 1003 2482 Θεοῦ,
1039 2420 1129 2477 ἵνα
1160 2422 1238 2495 μὴ
1287 2406 1632 2504 ἀθάνατονήῆ
1664 2431 1726 2488 τὺ
1761 2406 1851 2490 και

2121 2406 2137 2411 ,
2454 2406 2471 2417 ,
2726 2406 2761 2420 ,,
2816 2406 2874 2409 η
2923 2406 3098 2426 τη---
3155 2406 3397 2432 ....,,ν..υ..
3448 2406 3544 2423 ν..

1969 2431 2313 2500 humanitate
2344 2451 2408 2493 ac
2430 2440 2717 2499 clementia
2742 2444 2948 2503 factum
2982 2460 3089 2517 est,
3115 2468 3183 2509 ne
3209 2456 3408 2511 malum
3443 2460 3546 2513 im-

286 2496 407 2562 κὸν,
461 2498 597 2559 ἀλλὰ
625 2502 871 2573 παύηται
898 2508 999 2579 τῆς
1020 2511 1328 2584 ἁμαρτίας⁹
1369 2496 1725 2595 μεμνημένος
1769 2528 1851 2583 τοῖ

286 2586 520 2616 ο-..1.--..
541 2591 630 2616 ..-ἱ
661 2593 956 2616 -Α-ε--ε---.η
1069 2602 1082 2616 ι
1142 2605 1157 2616 ι
1262 2609 1306 2616 --
1352 2612 1363 2616 -
1454 2612 1463 2616 -
1577 2614 1589 2616 -
1635 2615 1640 2616 ,
1781 2615 1785 2616 ,

2176 2496 2185 2500 _
2586 2496 2595 2497 ,
2742 2496 2947 2503 mn“-
2985 2496 3089 2517 -_-,
3115 2496 3183 2509 ..ν
3445 2496 3539 2513 η..-

1966 2522 2201 2577 mortale
2249 2522 2412 2593 foret,
2460 2530 2556 2584 sed
2602 2536 2869 2602 peccandi
2910 2538 3073 2596 finem
3122 2543 3286 2599 homo
3313 2546 3539 2616 faceret,

285 2586 522 2643 θανάτου
541 2591 634 2645 καὶ
659 2593 996 2665 φοϐούμενος
1024 2602 1211 2661 αὐτόν.
1262 2586 1518 2684 Καὶ-γάρ
1541 2586 1659 2669 ¹διὰ
1703 2586 1851 2672 τοῦτξ

2397 2586 2407 2593 .
2602 2586 2620 2602 ,
2650 2586 2661 2587 κ
2684 2586 2869 2591 -νη-ν-
2910 2586 3073 2596 —-v--
3122 2586 3284 2599 --νιυν
3313 2586 3539 2616 ιιι-νυ·ιό

1963 2625 2127 2680 quem
2181 2617 2374 2673 mortis
2420 2625 2685 2679 memoria
2746 2628 2977 2701 ejusque
3029 2646 3207 2693 metus
3261 2639 3316 2694 in
3361 2642 3541 2697 oilicio

275 2681 376 2751 τὴν
398 2682 581 2755 ψυχὴν
627 2686 705 2758 τῷ
735 2687 919 2762 θνητῷ
947 2681 1538 2771 σώματισυνέπλεξεν,
1589 2707 1679 2775 ἵν’,
1731 2710 1851 2765 ὅταν

2770 2681 2976 2701 ,__,_-
3029 2681 3207 2693 ---ην
3361 2681 3537 2697 νων...

1961 2704 2289 2761 contineret.
2331 2707 2467 2764 Nam
2500 2720 2555 2767 et
2593 2712 2718 2771 ideo
2741 2723 2959 2776 mortali
2984 2728 3202 2796 corpori
3231 2731 3537 2800 coniunxe-

277 2778 588 2852 προαιρεθῇ
619 2782 689 2837 τὰ
719 2782 903 2853 φαῦλα
956 2787 1046 2842 διὰ
1073 2790 1176 2862 τὴν
1207 2793 1692 2869 αὐτεξουσιότητα,
1752 2822 1861 2858 πα-

276 2868 543 2939 ραχρῆμα
581 2872 1026 2947 καταδικάζηται
1062 2879 1431 2950 ἀποθνήσκων
1470 2888 1560 2942 διὰ
1588 2868 1696 2960 τὴν
1726 2890 1858 2964 θνηο

271 2963 477 3035 τότητα
522 2968 620 3020 τοῦ
664 2968 920 3041 σώματος
941 2991 956 3006 ·
1000 2976 1142 3049 ὅπερ
1170 2976 1370 3049 ἔμελλε
1399 2980 1619 3049 πάντως
1655 2963 1857 3041 ἀθάνα-

268 3072 361 3111 τον
385 3052 551 3125 εῖναι,
586 3062 637 3114 εἱ
671 3065 975 3137 προῃρεῖτο
1002 3067 1070 3123 τὰ
1101 3070 1309 3139 ἀγαθὰ,
1362 3075 1459 3127 καὶ
1490 3074 1593 3128 ἆπε
1605 3093 1635 3144 ρ
1665 3078 1693 3129 6
1721 3078 1856 3143 Θεὸς

267 3144 545 3206 ἐϐούλετο.
606 3152 787 3217 Μέσος
847 3153 957 3227 γὰρ
1027 3158 1357 3231 θνητότητος
1407 3167 1504 3221 καὶ
1548 3165 1851 3234 ἀθανασίας

268 3238 540 3312 ἐπλάσθη.
588 3244 649 3297 Ὀ
676 3244 736 3299 δὲ
769 3247 950 3303 Σατάν
972 3251 1034 3304 ού
1077 3254 1447 3329 κατεδικάσθη
1481 3259 1848 3331 ἀποθνήσκειν

266 3331 520 3387 ἐκπεσὼν
554 3338 647 3390 τοῦ
678 3339 838 3405 Θεοῦ,
861 3343 943 3395 ὅτι
993 3343 1197 3419 θνητὴν
1222 3348 1407 3418 φύσιν,
1448 3350 1639 3425 ὥσπερ
1660 3356 1846 3427 ἡμεῖς,

263 3425 365 3476 οὐκ
394 3421 536 3496 εἶχε,
568 3426 873 3504 δυναμένην
908 3436 1297 3509 ἀποθνήσκειν,
1325 3443 1424 3496 Διά
1470 3421 1649 3499 ταῦτα
1680 3421 1774 3501 καὶ

266 3516 364 3583 μὲν
409 3516 701 3588 ἄνθρωπος
736 3530 993 3594 μετανοεῖ
1043 3533 1396 3603 μεμνημένος
1443 3535 1536 3590 τοῦ
1588 3536 1842 3609 θανάτου,

264 3609 356 3661 καὶ
392 3611 553 3664 τοῦτο
578 3619 755 3670 ποιεῖν
782 3618 1011 3674 δύναται
1044 3623 1240 3691 ἐφόσον
1272 3625 1337 3697 ζῇ
1393 3629 1533 3698 μετά
1582 3630 1678 3683 τοῦ
1736 3633 1843 3687 σώ-

262 3718 436 3770 ματος
482 3704 578 3758 τοῦ
603 3709 945 3779 μεταϐλητοῦ
979 3715 1174 3768 τούτου
1206 3732 1221 3748 ο
1258 3720 1398 3787 μετὰ
1428 3719 1485 3772 δὲ
1539 3721 1633 3774 τὸν
1680 3723 1844 3778 θάνα-

257 3809 350 3846 τον
379 3796 441 3849 οῦ
470 3796 782 3868 δυνήσεται,
813 3803 929 3857 ἀλλ’
963 3804 1233 3876 ἄτρεπτος
1283 3809 1582 3866 διατελέσει
1611 3814 1841 3869 διαπαν-

256 3886 370 3952 τὸς,
402 3889 505 3959 τὴν
536 3890 810 3963 λαχοῦσαν
839 3895 1028 3968 χώραν
1071 3900 1223 3973 αύτῷ
1254 3903 1501 3975 κατέχων
1531 3919 1550 3938 ⁶
1576 3909 1604 3960 6
1636 3908 1694 3962 δὲ
1723 3909 1840 3963 δαε-

259 3996 378 4049 μων
411 3982 473 4035 ού
504 3988 762 4052 μετανοεῖ
788 3987 875 4042 διὰ
903 3990 965 4042 τὸ
995 3991 1095 4060 τῆς
1128 3993 1330 4049 ἑαυτοῦ
1382 3998 1601 4067 φύσεως
1625 4002 1838 4073 ἀμετά-

254 4072 478 4145 ὄλητον.
535 4078 602 4132 Ὃ
657 4081 767 4153 γὰρ
851 4082 1085 4150 θάνατος
1148 4088 1208 4141 ἐν
1271 4089 1603 4162 ἀνθρώποις,
1672 4072 1837 4153 τοῦτο

253 4163 534 4230 ἔκπτωσις
567 4169 625 4223 ἐν
654 4170 935 4241 ἀγγέλοις.

334 4348 493 4402 Ἐπεὶ
525 4346 622 4405 οὗν
660 4354 1013 4426 ὁμολογεῖται
1041 4360 1125 4414 ὄτι
1166 4365 1319 4435 παρὰ
1339 4368 1435 4422 τοῦ
1491 4370 1628 4427 Θεοῦ
1689 4378 1833 4431 κατά

247 4439 340 4492 τὸν
376 4443 657 4512 πρέποντα
698 4446 981 4517 κρίνονται
1012 4452 1194 4522 λόγον,
1224 4454 1434 4528 ἔπρεπε
1455 4464 1518 4515 τὸ
1553 4463 1830 4537 ἀνθρώπι-

246 4547 337 4583 νον
370 4532 868 4605 ἐπανορθώσασθαι
904 4539 1122 4612 νόσημα
1147 4545 1239 4598 διὰ
1281 4546 1377 4601 τοῦ
1405 4548 1605 4605 ἑαυτοῦ
1626 4532 1825 4625 Ᾰόγου,

244 4622 314 4676 δι’
346 4616 409 4676 οὗ
445 4626 539 4678 καὶ
563 4626 806 4699 ὲξαρχῆς
831 4627 1000 4702 ἡτῶν
1030 4634 1338 4707 ἀνθρώπων
1366 4640 1615 4713 ἐπλάσθη
1641 4616 1827 4715 φύσις.

259 4716 416 4770 Ἐπεὶ
449 4716 590 4772 δὲτὸ
622 4722 838 4793 νόσημα
868 4724 980 4778 τῶν
1030 4726 1339 4798 ἀνθρώπων
1367 4732 1400 4801 ή
1427 4734 1697 4807 ἁμαρτία.
1736 4732 1827 4807 ἦν,

245 4807 385 4878 δπερ
426 4811 732 4882 ἐνήργησεν
782 4816 814 4886 ἡ
850 4818 998 4889 κακὴ
1036 4817 1276 4890 θέλησις,
1333 4822 1574 4895 ἔπρεπεν
1616 4828 1701 4882 ἵνα
1733 4830 1828 4883 καὶ

244 4901 689 4971 ἡέπανόρθωσις
725 4907 901 4961 οἰκεία
966 4911 1063 4964 καὶ
1114 4913 1432 4984 ἁρμόζουσα
1584 4922 1722 4990 πρὸς
1764 4924 1825 4975 τὸ

246 4994 467 5063 νόσημα
493 5011 508 5026 ο
564 4995 754 5069 ὥσπερ
808 5004 904 5056 καὶ
936 5003 985 5055 οἱ
1026 5005 1205 5074 ἰατροὶ
1236 5006 1334 5071 τὰς
1374 5008 1668 5080 θεραπείας
1690 5015 1822 5069 ἀνα-

239 5082 438 5151 λόγους
477 5087 693 5141 ποιοῦσι
734 5091 873 5160 πρὸς
898 5093 957 5146 τὸ
980 5094 1192 5165 νόσημα
1216 5101 1310 5151 καὶ
1341 5099 1433 5155 τὸν
1457 5102 1813 5160 ἀσθενοῦντα.

241 5176 353 5228 Καὶ
381 5178 491 5247 γάρ
516 5196 668 5248 φασι,
715 5201 733 5234 ‹
780 5184 860 5236 Τὰ
900 5186 1120 5240 ἐναντία
1144 5188 1253 5243 τῶν
1284 5191 1543 5248 ἐναντίων
1586 5195 1815 5265 ἰάματα.

240 5267 399 5321 Οὕτω
432 5270 477 5322 δ’
503 5270 570 5324 ἂν
595 5267 663 5344 ἦν
690 5276 872 5331 οἰκεία
910 5279 1005 5331 καὶ
1067 5280 1386 5351 ἁρμόζουσα
1441 5287 1474 5357 ή
1523 5288 1817 5357 θεραπεία,

239 5359 376 5427 εἴγε
403 5363 431 5414 ό
460 5362 559 5432 μὲν
589 5365 875 5436 ἄνθρωπος
926 5370 1064 5424 καθὸ
1114 5375 1464 5441 αὐτεξούσιος
1497 5379 1677 5448 οἰκείᾳ
1735 5380 1820 5432 θε-

236 5450 394 5519 λήσει
421 5459 720 5527 προῃρεῖτο
748 5462 808 5512 τδ
858 5461 1069 5530 ἀγαθόν
1105 5480 1119 5496 ο
1162 5467 1285 5519 ἐπεὶ
1324 5469 1418 5521 καὶ
1447 5471 1624 5541 οῖκειςι
1657 5473 1817 5543 θελή-
1852 5496 1854 5498 ν

238 5559 325 5594 σει
356 5546 639 5617 προῃρέθη
665 5550 724 5600 τὸ
766 5551 938 5605 κακόν
960 5569 975 5584 ο
1006 5555 1039 5624 ἡ
1077 5554 1131 5609 δέ
1167 5556 1388 5628 θέλησις
1438 5561 1629 5627 αὑτοῦ,
1666 5564 1721 5615 ei
1753 5582 1812 5633 γε

234 5633 618 5690 κατευωδοῦτο
652 5642 746 5693 καὶ
782 5645 1148 5703 κατευθύνετο
1205 5648 1343 5722 πρὸς
1401 5651 1497 5721 τὴν
1548 5654 1664 5709 ὁδὸν
1717 5655 1812 5710 τοῦ

312 5813 355 5845 τ’
386 5814 527 5872 Gen.
575 5831 613 5884 ι,
650 5818 741 5872 26.

1958 2801 2046 2849 rat
2094 2795 2359 2867 animam,
2395 2810 2476 2868 ut,
2528 2803 2577 2860 si
2630 2821 2739 2878 qua
2791 2814 3052 2881 praeditus
3083 2795 3223 2873 ierat
3275 2795 3537 2882 facultate

1959 2884 2196 2952 arbitrii,
2250 2890 2392 2946 mala
2443 2893 2687 2967 eligeret,
2739 2901 3027 2959 confestim
3077 2910 3269 2965 mortis
3314 2922 3523 2968 senten-

1954 2976 2110 3042 tiam,
2141 2994 2372 3051 corpore
2424 2988 2666 3057 mortali,
2724 2991 3057 3064 incurreret,
3112 3002 3254 3069 quod
3306 3008 3533 3060 omnino

1954 3064 2264 3124 immortale
2316 3067 2563 3131 futurum
2608 3087 2746 3147 erat,
2793 3083 2839 3138 si
2876 3077 3042 3152 bona,
3071 3064 3392 3158 etuquzeex
3438 3093 3532 3150 Dei

1952 3168 2138 3213 essent
2164 3161 2447 3219 voluntate
2469 3178 2814 3239 praeoptaret.
2839 3171 3048 3232 Medius
3072 3178 3217 3234 enim
3244 3186 3527 3239 mortalem
3602 3196 3613 3219 λ

1954 3248 2096 3305 inter
2123 3261 2178 3307 et
2210 3254 2572 3314 immortalem
2601 3272 2801 3339 sortem
2846 3267 3100 3326 conditus
3134 3270 3332 3329 fuerat.
3359 3276 3528 3333 Satau

1950 3358 2104 3409 vero,
2160 3362 2281 3404 cum
2311 3366 2379 3405 ex
2427 3350 2541 3409 Deo
2581 3358 2863 3423 exciderit,
2909 3363 3054 3418 haud
3106 3374 3285 3420 tamen
3327 3372 3529 3427 mortis

1948 3435 2241 3494 damnatus
2293 3451 2415 3509 est,
2467 3445 2614 3514 quod
2660 3452 2877 3505 mortali
2930 3464 3161 3522 natura,
3201 3458 3344 3513 sicut
3390 3477 3519 3528 nos,

1948 3532 2211 3598 praeditus
2240 3548 2351 3588 non
2386 3546 2526 3604 erat,
2555 3555 2662 3609 qua
2696 3542 2906 3598 scilicet
2950 3546 3085 3601 mori
3119 3562 3324 3617 posset.
3358 3550 3525 3609 [linc-

1945 3636 2053 3691 que
2087 3624 2224 3679 adeo
2254 3636 2358 3690 est,
2403 3638 2464 3684 ut
2496 3631 2682 3697 homo,
2732 3636 2923 3691 mortis
2958 3652 3189 3707 memor,
3224 3645 3521 3714 pwniteat;

1944 3713 2175 3785 ejusque
2207 3720 2284 3774 rei
2336 3720 2415 3776 illi
2448 3721 2682 3782 facultas
2727 3734 2831 3793 est,
2880 3731 3126 3799 quandiu
3163 3746 3415 3791 versatur
3462 3713 3519 3794 in

1943 3809 2192 3864 mutabili
2223 3812 2327 3868 hoc
2361 3828 2592 3885 corpore
2620 3835 2635 3872 :
2685 3829 2810 3888 post
2838 3831 3069 3877 mortem
3105 3840 3256 3893 vero,
3290 3830 3521 3885 minime

1940 3896 2125 3955 futura
2164 3911 2270 3969 est,
2305 3904 2400 3960 sed
2452 3920 2669 3978 semper
2700 3910 3057 3969 immutabilis
3093 3916 3219 3980 erit,
3251 3932 3374 3973 eum
3419 3922 3515 3990 qui

1941 3989 2017 4044 illi
2071 3992 2328 4061 obtigerit
2383 3996 2563 4052 locum
2615 4001 2885 4058 retinens.
2932 4003 3151 4061 Daemon
3185 4024 3315 4063 vero
3362 4013 3511 4068 nulla

1936 4084 2262 4155 poenitentia
2293 4087 2535 4156 ducitur,
2565 4106 2672 4161 qua
2716 4095 2982 4173 praeditus
3010 4109 3205 4158 natura
3247 4102 3513 4163 immobili

1937 4184 2041 4231 est.
2074 4174 2232 4243 Quod
2278 4181 2427 4237 enim
2473 4197 2622 4241 mors
2657 4184 2977 4245 hominibus
3008 4199 3114 4257 est,
3147 4191 3201 4247 id
3239 4208 3399 4251 casus
3427 4209 3515 4252 est

1939 4270 2169 4338 angens.

2006 4362 2147 4429 Quia
2190 4363 2358 4435 igitur
2401 4368 2742 4440 exploratum
2773 4383 2878 4442 est,
2908 4380 3260 4436 convenienti
3292 4397 3388 4438 eos
3424 4399 3511 4438 ra-

1934 4455 2083 4513 tione
2130 4472 2161 4512 a
2211 4458 2320 4515 Deo
2363 4461 2600 4531 iudicari
2640 4482 2655 4520 :
2696 4465 2923 4523 decebat
2972 4485 3070 4540 per
3117 4471 3237 4543 ejus
3274 4472 3510 4531 Verbum

1932 4547 2157 4603 humani
2192 4553 2408 4619 generis
2434 4552 2632 4624 depelli
2680 4561 2934 4614 morbum
2969 4571 3137 4632 atque
3176 4567 3380 4632 sanari,
3409 4583 3507 4638 per

1935 4641 2079 4709 quod
2126 4642 2291 4697 etiam
2342 4657 2371 4697 a
2427 4646 2700 4717 principio
2751 4651 2991 4706 humana
3034 4667 3229 4709 natura
3272 4659 3511 4715 formata

1914 4724 2130 4787 fuerat.
2164 4732 2300 4800 Quia
2335 4749 2467 4789 vero
2500 4739 2725 4795 morbus
2758 4740 2847 4795 ille
2874 4753 3157 4812 peccatum
3181 4757 3318 4814 erat,
3347 4751 3509 4819 cujus

1929 4825 2143 4880 auctori
2198 4827 2340 4882 mala
2392 4829 2647 4886 voluntas
2700 4833 3008 4901 exstiterat,
3062 4836 3292 4894 decebat
3338 4851 3396 4896 ut
3448 4855 3509 4900 et

1926 4918 2143 4972 curatio
2183 4920 2405 4988 propria
2437 4931 2586 4976 esset
2613 4936 2681 4977 at:
2720 4938 2821 4993 pro
2866 4927 3045 4983 morbi
3095 4931 3310 4990 ratione
3336 4948 3509 5006 appo-

1924 5009 2050 5063 sita.
2083 5009 2168 5064 Uti
2203 5011 2365 5064 etiam
2414 5012 2634 5077 medici,
2671 5030 2769 5096 pro
2795 5018 2974 5074 morbi
3000 5030 3161 5093 atque
3187 5029 3377 5096 aegroti
3412 5046 3504 5084 ra-

1924 5102 2073 5156 tione
2108 5102 2284 5157 solent
2326 5104 2586 5163 adhibere
2628 5084 2893 5179 rem'edia,
2927 5127 3157 5182 quorum
3188 5118 3320 5175 illud
3350 5136 3507 5176 com-

1922 5209 2086 5249 mune
2136 5194 2355 5249 effatum
2404 5213 2475 5250 τι
2516 5198 2805 5258 Contraria
2855 5210 3256 5266 contrariorum
3329 5215 3505 5269 medi—

1917 5294 2189 5342 camenta.
2226 5306 2245 5340 ›
2287 5286 2378 5344 Sic
2413 5306 2541 5346 vero
2590 5307 2815 5365 propria
2849 5309 3085 5369 aptaque
3121 5305 3306 5358 futura
3338 5322 3501 5359 cura-

1919 5377 1994 5431 tio
2020 5386 2158 5439 erat,
2182 5378 2226 5433 si
2262 5379 2446 5443 homo,
2482 5396 2588 5450 qua
2622 5385 2836 5440 ratione
2882 5386 3037 5442 liberi
3063 5389 3273 5443 arbitrii
3318 5389 3493 5443 facul-

1921 5479 2031 5524 tate
2065 5471 2330 5539 praeditus
2356 5481 2460 5539 est,
2491 5475 2710 5544 propria
2736 5478 3016 5533 voluntate
3040 5480 3240 5534 bonum
3270 5481 3496 5549 eligeret

1926 5563 2149 5632 (quippe
2182 5564 2275 5635 qui
2321 5563 2437 5632 ipse
2487 5570 2707 5639 propria
2738 5571 2926 5625 eadem
2971 5572 3246 5627 voluntate
3290 5576 3500 5632 malum

1923 5655 2181 5728 elegerat)
2210 5656 2434 5729 ejusque
2469 5660 2581 5729 ipsa
2613 5662 2866 5718 voluntas
2912 5663 3206 5735 (siquidem
3237 5665 3329 5721 illa
3366 5683 3497 5739 pro-
