4096 6292
511 349 612 415 615

1792 336 1955 401 MAN
1967 336 2193 398 UELIS
2231 332 2537 394 CALECIE

3673 325 3774 392 016

516 470 854 539 speraretur,
911 469 1173 528 recteque
1226 456 1281 512 in
1333 453 1550 511 honesti
1611 451 1699 507 via
1756 450 2098 522 procederet)

2207 448 2395 514 καλοῦ,
2426 448 2524 501 καὶ
2554 444 2625 499 τὰ
2647 445 2878 518 οὑρανια
2931 443 3027 499 xui.
3048 442 3170 496 θεῖα
3230 439 3442 512 ⁴ίγινάτια,
3497 440 3782 515 μισήσασα

514 550 756 607 coelestia
781 551 1075 620 divinaque
1112 548 1381 617 diligeret,
1429 546 1556 600 odio
1588 544 1795 599 habens
1825 557 1889 597 ac
1924 542 2096 612 proji-

517 643 690 710 ciens,
732 657 855 712 quas
897 649 1026 696 ante
1067 640 1208 695 mala
1244 639 1512 694 voluerat.
1548 636 1705 692 Sicut
1736 635 1883 689 enim
1907 632 2121 695 voluny

513 735 643 789 tatis
677 734 952 803 perversio
977 740 1082 797 est,
1115 732 1299 786 odisse
1332 730 1475 784 bona
1511 746 1525 783 :
1563 728 1642 783 sic
1670 726 1790 798 ejus
1825 726 2097 782 rectitude

513 836 617 886 εει,
648 823 840 878 eadem
873 823 1125 893 diligere.
1154 820 1281 876 Haec
1307 822 1451 875 enim
1500 820 1666 874 homo
1699 819 1744 874 si
1786 826 2092 888 praestaret,

514 914 736 968 omnino
772 914 993 985 prepria
1027 920 1214 968 essent
1250 919 1505 981 aptaque,
1539 925 1605 966 ac
1638 910 1718 966 sic
1752 909 2098 965 emendatio-

513 1020 640 1061 nem
674 1005 918 1061 nancisci
951 1014 1155 1075 posset.

580 1093 845 1164 Angelum
894 1107 1059 1162 porro
1103 1091 1157 1148 id
1198 1099 1463 1162 praestare
1504 1106 1614 1145 non
1661 1089 1910 1156 decebat,
1946 1088 2096 1158 quod

511 1184 790 1254 proprium
823 1185 1049 1239 minime
1086 1182 1331 1236 futurum
1366 1191 1504 1236 erat.
1528 1180 1638 1236 Nec
1669 1182 1814 1235 enim
1847 1196 1942 1252 per
1970 1196 2095 1235 eum

513 1275 676 1328 homo
719 1274 899 1328 fuerat
935 1273 1213 1334 conditus,
1254 1282 1313 1327 ut
1338 1288 1433 1341 per
1456 1286 1579 1328 eum
1621 1272 1898 1328 contritus
1935 1287 2096 1342 repa-

517 1373 734 1417 raretur
782 1382 798 1419 :
850 1378 951 1419 nec
1009 1366 1102 1433 qui
1167 1372 1515 1434 peccaverat,
1566 1363 1908 1419 curationem
1974 1372 2095 1419 erat

513 1457 868 1524 quaesiturus,
902 1454 995 1510 sed
1031 1471 1128 1526 pro
1160 1456 1270 1510 alio
1305 1454 1483 1521 alius;
1524 1454 1670 1524 quod
1714 1469 1821 1509 non
1848 1454 1983 1510 satis
2027 1456 2094 1510 ad

511 1545 735 1615 justitiae
774 1554 891 1599 erat
925 1559 1175 1600 normam
1218 1553 1492 1601 exactum.
1535 1542 1605 1598 At
1637 1558 1816 1613 neque
1857 1551 1917 1599 ut
1945 1544 2100 1614 quis-

513 1651 677 1706 quam
734 1636 1018 1691 hominum
1053 1649 1167 1690 rem
1198 1645 1486 1705 praestaret
1513 1635 1630 1690 ﬁeri
1679 1643 1913 1705 poterat,
1948 1636 2096 1706 quod

511 1741 705 1781 omnes
739 1735 963 1797 peccato
996 1726 1205 1783 obnixii
1241 1735 1446 1782 essent.
1497 1725 1712 1782 Etenim
1760 1727 1940 1797 ipsum
1992 1728 2097 1784 hoc

511 1920 831 1978 nascantur,
857 1928 923 1968 ex
956 1914 1258 1983 primorum
1284 1921 1574 1985 parentum
1600 1923 1825 1984 peccato
1854 1915 2091 1970 descen-

2203 545 2299 596 καὶ
2336 540 2694 613 ἀπορρίψασα
2725 539 2795 593 τὰ
2827 538 3030 608 φαῦλα,
3065 538 3208 606 άπερ
3229 534 3461 605 ἠθέλησε
3476 535 3779 605 πρότερον.

2200 637 2416 706 Ὥσπερ
2452 635 2565 705 γὰρ
2600 634 2634 703 ἡ
2664 631 2967 703 διαστροφὴ
2998 630 3100 700 τῆς
3127 627 3402 698 θελήσεώς
3431 629 3552 680 ἐστι
3581 626 3643 680 τὸ
3686 644 3780 695 μι-
3842 700 3852 711 .

2206 731 2321 782 σεῖν
2346 728 2416 781 τὰ
2440 720 2611 791 καλὰ,
2637 724 2809 786 οὕτως
2848 725 2882 795 ἡ
2916 722 3145 793 ὀρθότης
3178 721 3349 789 αὑτῆς
3403 717 3465 772 τὸ
3515 717 3586 773 τὰ
3636 719 3779 794 καλά

2198 821 2443 892 ἀγαπᾷν.
2479 817 2667 873 Ταῦτα
2696 817 2805 887 γάρ
2842 816 3003 885 εἴπερ
3032 817 3060 869 ό
3106 813 3396 884 ἄνθρωπος
3423 811 3618 877 ἐποίει,
3646 812 3779 866 πάν-

2197 928 2306 976 τως
2344 906 2486 979 ἦσαν
2518 910 2696 963 οίκεϊα
2721 908 2819 962 καὶ⁸
2851 907 3180 977 ἁρμόζοντα,
3212 906 3309 960 καὶ
3357 902 3533 965 οὕτως
3553 902 3773 958 ἐδύνατο

2197 1003 2297 1074 τὴν
2325 1001 2708 1072 ἐπανόρθωσιν
2737 1000 2943 1071 εὑρεῖν.
3094 1009 3097 1012 ‘

2271 1093 2541 1162 Ἀγγελον
2579 1093 2677 1163 μὲν
2708 1087 2804 1146 οὖν
2830 1090 2989 1145 τοῦτο
3043 1090 3270 1161 ποιῆσαι
3299 1090 3403 1145 οὐκ
3456 1088 3587 1155 εδει,
3646 1090 3778 1144 διότι

2196 1178 2464 1234 ἀνοίκειον
2486 1175 2574 1251 ἦν.
2621 1178 2763 1234 Οὔτε
2795 1180 2906 1250 γὰρ
2928 1180 2994 1233 δι’
3043 1178 3215 1234 αὑτοῦ
3250 1179 3469 1246 ἐγένετο
3501 1180 3530 1231 ὁ
3562 1178 3778 1249 ἀνθρω-

2199 1288 2322 1337 πος,
2366 1271 2454 1325 ἵνα
2511 1272 2607 1324 καὶ
2651 1270 2720 1324 δι’
2773 1271 2939 1324 αὐτοῦ
3016 1268 3345 1351 συντριϐεὶς
3378 1267 3737 1341 ἐπανορθωθῇ
3762 1284 3776 1298 ’

2196 1362 2321 1416 οὔτε
2376 1362 2435 1426 ὃς
2489 1362 2708 1433 ἥμαρτε
2758 1360 2858 1432 τὴν
2910 1361 3208 1432 θεραπείαν
3256 1359 3451 1435 ἔμελλε
3499 1359 3780 1430 ζητήσειν,

2197 1454 2336 1509 ἀλλά
2361 1454 2523 1518 ἄλλος
2557 1455 2680 1508 ἀντὶ
2708 1453 2874 1507 ἄλλου
2897 1469 2912 1488 ο
2940 1453 3083 1525 ὅπερ
3112 1453 3213 1507 οὑκ
3244 1449 3314 1525 ἦν
3352 1453 3588 1508 δίκαιον.
3619 1453 3780 1508 ’Λλὶά

2205 1546 2317 1617 μὴν
2347 1546 2469 1600 οὐδέ
2496 1563 2617 1599 τινα
2649 1545 2938 1615 ἄνθρωπον
2970 1546 3196 1601 δυνατὸν
3221 1540 3290 1616 ἦν
3335 1544 3498 1599 τοῦτο
3536 1545 3779 1615 ἐργάσα-

2200 1638 2352 1703 σθαι,
2385 1637 2521 1692 διότι
2579 1638 2782 1703 πάντες
2835 1639 3012 1710 ἔνοχοι
3059 1634 3200 1711 ἦσαν
3227 1640 3294 1709 τῇ
3348 1637 3616 1709 ἁμαρτίᾳ.
3673 1638 3784 1692 Καὶ

2197 1728 2309 1798 γὰρ
2341 1729 2474 1782 αὑτὸ
2507 1729 2728 1798 πρῶτον
2753 1728 2816 1781 τὸ
2846 1728 2906 1793 ἐξ
2955 1727 3149 1799 ἀνδρὸς
3195 1727 3284 1781 διὰ
3316 1726 3580 1796 γυναικὸς
3642 1729 3782 1797 μετά

398 1868 407 1875 .
509 1821 772 1890 primum,
800 1821 946 1891 quod
987 1837 1052 1877 ex
1082 1823 1201 1877 viro
1228 1837 1326 1893 per
1375 1822 1658 1878 mulierem
1692 1838 1818 1878 cum
1866 1823 2094 1878 libidine

2207 1817 2406 1882 πάθους
2428 1818 2727 1887 γεννᾶσθαι
2764 1819 2830 1873 ἐκ
2889 1819 2992 1888 τῆς
3044 1817 3468 1890 προπατορικῆς
3506 1819 3783 1888 ἁμαρτίας

2195 1908 2498 1984 κατάγεται
2521 1926 2537 1941 ο
2570 1906 2716 1964 ὥστε
2746 1911 2796 1963 εί
2843 1908 2919 1981 μὴ
2948 1908 3091 1964 κατά
3127 1926 3182 1962 τι
3212 1908 3383 1979 ἄλλοι
3423 1909 3568 1963 κατὰ
3619 1908 3781 1961 τοῦτο

507 2003 623 2070 dit;
677 2012 757 2068 ut,
799 2003 885 2059 vel
927 2002 975 2058 si
1024 2005 1353 2094 aliwninia
1402 2005 1688 2071 deessent,
1739 2006 1845 2061 hoc
1897 2004 2090 2061 saltem

2207 2000 2326 2069 γοῦν
2354 2000 2586 2065 ἕκαστος
2612 2000 2862 2071 ἁμαρτίᾳ
2923 2000 3233 2055 ὑπόκειται.
3270 2001 3374 2055 Διὰ
3430 1999 3594 2054 τοῦτο
3647 2001 3779 2070 γοῦν

511 2108 704 2150 omnes
735 2102 958 2165 peccato
1005 2095 1373 2165 subiacerent.
1423 2096 1636 2153 Idcirco
1684 2095 1848 2152 etiam
1880 2097 2092 2152 daemon

509 2185 818 2239 animarum
874 2192 1191 2240 sanctorum
1253 2200 1480 2258 compos
1516 2195 1670 2253 erat,
1731 2186 1878 2257 quod
1913 2187 2096 2242 nullus

510 2274 797 2329 hominum
842 2289 871 2328 a
912 2284 1139 2344 peccato
1185 2276 1412 2330 omnino
1449 2276 1584 2332 liber
1612 2277 1948 2345 exsistebat;
1985 2293 2097 2349 prae

446 2366 455 2373 '
509 2351 632 2433 ejus
671 2363 933 2418 nimirum
965 2365 1263 2419 insatiabili
1296 2363 1598 2434 cupiditate
1642 2366 1960 2436 iniustaque
2004 2381 2091 2421 ra-

511 2455 747 2523 pacitate
777 2469 842 2509 ac
873 2456 1081 2525 peccati
1122 2455 1505 2524 similitudine,
1555 2474 1662 2529 qua
1715 2459 1791 2513 illi
1823 2475 1948 2515 cum
1996 2459 2097 2515 ho-

514 2546 757 2603 minibus
792 2546 938 2617 (aliis
965 2547 1111 2617 plus,
1137 2549 1260 2605 aliis
1288 2551 1494 2623 minus)
1519 2552 1910 2609 commercium
1938 2559 2056 2607 erat
2080 2571 2095 2607 :

514 2651 692 2707 eoque
721 2640 1049 2696 commercio
1089 2643 1240 2714 regni
1270 2644 1356 2700 sui
1404 2643 1620 2714 signum
1654 2657 1720 2699 ae
1752 2642 2095 2713 signaculum

512 2730 748 2800 (peccati
788 2731 1016 2807 scilicet)
1066 2727 1120 2789 in
1168 2735 1248 2791 eis
1280 2735 1538 2800 habebat,
1594 2743 1653 2790 ut
1683 2746 1737 2791 et
1778 2733 1923 2806 juris
1955 2751 2103 2807 quae-

511 2823 637 2877 dam
673 2822 789 2877 haec
821 2825 1032 2893 species
1063 2834 1228 2881 esset.
1265 2824 1318 2880 ld
1363 2840 1493 2880 vero
1522 2826 1687 2880 etiam
1734 2828 1915 2883 avaris
1953 2825 2099 2897 inju-

517 2916 728 2983 stisque
790 2919 1105 2985 raptoribus
1160 2916 1450 2985 inolitum;
1511 2933 1726 2988 semper
1779 2919 2099 2977 occasiones

518 3015 794 3071 quaerunt,
829 3013 889 3058 ut
918 3020 1041 3075 quae
1084 3006 1359 3061 minorum
1406 3018 1536 3064 sunt
1578 3022 1643 3063 ac
1668 3009 2001 3074 vicinorum,
2032 3012 2101 3085 ab

2196 2090 2294 2144 καὶ
2318 2089 2596 2162 ἐγκρατὴς
2622 2084 2690 2162 ἦν
2716 2092 2743 2144 ό
2766 2090 2978 2161 δαίμων
3030 2089 3142 2144 τῶν
3181 2089 3373 2160 ψυχῶν
3409 2090 3521 2145 τῶν
3578 2091 3778 2158 ἁγίων,

2195 2183 2277 2237 ὅτι
2323 2182 2503 2246 οὐδεὶς
2538 2181 2846 2254 ἀνθρώπων
2873 2181 3304 2253 ἀπηλλαγμένος
3336 2177 3406 2254 ἦν
3432 2184 3782 2238 παντάπασιν

2198 2272 2480 2344 ἁμαρτίας
2510 2273 2598 2326 διὰ
2628 2274 2726 2343 τὴν
2759 2273 3069 2344 ἀπληστίαν
3093 2271 3263 2327 αὑτοῦ
3293 2273 3393 2328 καὶ
3434 2273 3535 2345 τὴν
3560 2274 3784 2328 πλεονε-

2201 2360 2348 2429 ξίαν,
2379 2363 2475 2417 καὶ
2503 2362 2598 2417 διά
2626 2361 2725 2434 τὴν
2748 2364 3051 2434 ὁμοιότητα
3082 2364 3185 2434 τῆς
3214 2363 3519 2433 ἁμαρτίας,
3569 2363 3695 2417 καθ’
3718 2365 3784 2435 ῆν

2198 2454 2310 2515 τοῖς
2358 2452 2668 2525 ἀνθρώποις
2717 2452 3015 2519 ἐκοινώνει,
3048 2457 3160 2517 τοῖς
3206 2453 3307 2526 μὲν
3354 2453 3539 2509 πλεῖον
3576 2457 3688 2521 τοῖς
3728 2454 3787 2510 δέ

2199 2544 2449 2613 ἔλαττον,
2476 2547 2572 2601 καί⁵
2593 2548 2731 2602 καθὸ
2765 2550 2945 2613 αὑτοῖς
2964 2550 3238 2604 ἐκοινώνει
3264 2552 3488 2619 σημεῖον
3505 2551 3600 2605 καὶ
3618 2567 3790 2620 σφρα-

2200 2638 2326 2706 γῖδα
2354 2641 2413 2693 ἐν
2461 2640 2647 2704 αὐτοῖς
2720 2637 2833 2712 εἶχε
2879 2642 2980 2713 τῆς
3032 2642 3226 2696 ἑαυτοῦ
3290 2642 3595 2714 βασιλείας,
3628 2660 3785 2699 τουτ-
3880 2640 3887 2645 ’

2202 2732 2350 2787 ἐστιν
2372 2722 2649 2805 ἁμαρτίας
2676 2750 2690 2764 ·
2711 2730 2854 2788 ὥστε
2889 2735 2982 2788 καὶ
3012 2734 3309 2807 δικαίωμα.
3335 2734 3508 2789 Τοῦτο
3533 2734 3590 2788 δὲ
3617 2737 3711 2790 καὶ
3738 2736 3789 2790 οί

2209 2825 2535 2878 πλεονέκται
2568 2823 2837 2893 ποιοῦσιν,
2874 2825 3133 2897 ἀφορμὰς
3190 2826 3543 2897 εὑρίσκοντες
3581 2820 3671 2883 ἀεὶ
3716 2830 3789 2883 τὰ

2201 2915 2309 2969 τῶν
2341 2916 2646 2971 ἐλαττόνων
2704 2918 2802 2971 καὶ
2849 2918 3274 2985 γειτνιαζόντων
3316 2923 3647 2994 παρασπᾷν,
3697 2923 3793 2980 καὶ

2203 3007 2379 3061 ταῦτα
2440 3008 2653 3062 ἐαυτῶν
2708 3008 3077 3079 κληρονομίαν
3132 3012 3329 3066 ποιεῖν.
3397 3012 3548 3066 Ἔδει
3596 3013 3793 3079 ,λοιπὸν

518 3094 600 3146 eis
625 3094 837 3158 avulsa,
885 3094 1111 3150 ditionis
1152 3111 1267 3152 sua:
1301 3098 1552 3167 jurisque
1579 3098 1835 3156 efﬁciant.
1866 3100 2101 3161 Necesse

2207 3100 2493 3170 ἄνθρωπον
2520 3102 2640 3154 τινὰ
2661 3088 2917 3170 γενέσθαι
2968 3090 3362 3174 ἀναμάρτητον
3407 3105 3608 3174 πάντη,
3641 3106 3788 3159 ὥστε

518 3183 738 3235 demum
769 3192 883 3237 erat
909 3184 1198 3252 quemdam
1231 3187 1493 3243 exsistere
1530 3190 1806 3245 hominem
1839 3189 1908 3245 ab
1946 3194 2097 3247 omni

518 3286 745 3339 prorsus
781 3257 1007 3341 peccato
1049 3274 1371 3340 immunem,
1408 3286 1467 3331 ut
1500 3291 1610 3331 non
1641 3293 1769 3334 suos
1799 3278 1919 3350 ipse
1951 3280 2104 3336 defe-

502 3373 639 3417 .etus
664 3364 1037 3418 emendandos
1068 3364 1316 3433 haberet,
1358 3367 1451 3423 sed
1480 3368 1710 3425 aliorum
1738 3370 1793 3425 in
1825 3385 1885 3427 se
1915 3387 2104 3428 susce-

516 3458 626 3528 ptis
656 3457 918 3528 peccatis,
954 3473 1054 3529 pro
1093 3458 1175 3516 eis
1225 3460 1367 3531 apud
1401 3459 1569 3518 Deum
1612 3463 1979 3535 satisfaceret,
2012 3466 2102 3522 cui

518 3553 772 3608 homines
819 3552 1029 3608 inimici
1064 3552 1354 3625 hostesque
1385 3567 1583 3626 erant;
1618 3559 1764 3629 quod
1811 3559 1953 3615 mala
1988 3568 2102 3616 tum

516 3659 627 3714 quo
655 3645 971 3714 diligebant,
1006 3655 1118 3700 tum
1152 3656 1207 3702 et
1236 3647 1494 3716 agebant.

594 3736 662 3792 Ut
709 3739 893 3806 itaque
939 3737 992 3792 id
1027 3737 1277 3795 homines
1329 3747 1678 3810 praestarent,
1730 3752 1808 3797 uti
1840 3744 2043 3800 dictum
2074 3760 2102 3799 a

518 3829 676 3883 nobis
704 3839 809 3889 est.
837 3829 953 3884 fleri
986 3846 1091 3885 non
1115 3838 1356 3902 poterat,
1381 3834 1525 3903 quod
1554 3835 1792 3904 quisque
1816 3835 2103 3891 hominum

519 3929 744 3988 peccato
778 3921 1052 3977 obnoxius
1083 3931 1227 3977 esset
1256 3938 1271 3980 :
1318 3923 1525 3979 idcirco
1558 3939 1831 3995 propensa
1871 3926 1966 3983 Dei
2009 3927 2105 3981 Fi-

521 4010 626 4067 lius
665 4012 964 4079 voluntate,
1019 4028 1127 4081 per.
1163 4029 1324 4084 quem
1359 4016 1543 4070 omnia
1597 4017 1822 4073 condita
1867 4016 2106 4085 fuerant,

521 4113 764 4157 nostram
802 4113 1055 4158 naturam
1090 4104 1159 4158 ab
1201 4104 1351 4158 omni
1397 4106 1698 4163 immunem
1747 4118 1974 4178 peccato
2019 4124 2108 4164 as-

522 4194 780 4262 sumpsit.
830 4192 987 4249 Unde
1034 4194 1196 4248 etiam
1252 4195 1402 4250 nasci
1448 4210 1517 4251 ex
1556 4195 1781 4269 Virgine
1826 4199 2016 4275 voluit,
2050 4210 2111 4255 ut

523 4285 752 4337 omnino
784 4280 922 4337 liber
949 4293 1102 4338 esset
1146 4298 1175 4338 a
1228 4293 1453 4353 peccato
1502 4286 1755 4358 originis,
1804 4287 1993 4359 sicque
2029 4291 2107 4345 vi-

526 4383 635 4427 tam
677 4373 986 4437 inStituere,
1015 4380 1075 4427 ut
1104 4372 1314 4429 nullum
1347 4376 1402 4430 in
1430 4392 1494 4432 co
1525 4386 1808 4447 peccatum
1843 4390 2105 4451 exstaret,

2213 3191 2287 3264 μὴ
2319 3191 2465 3263 ἔχειν
2502 3192 2694 3262 χρείαν
2724 3195 2792 3249 τὰ
2812 3193 3008 3247 ἐαυτοῦ
3038 3194 3373 3265 ἐπανορθοίν
3394 3194 3782 3263 ἐλαττώματα,

2208 3278 2346 3339 ἀλλὰ
2375 3284 2442 3338 τὰ
2459 3284 2569 3337 τῶν
2604 3283 2782 3340 ἄλλων
2812 3285 3210 3355 ἀναδεξάμενον
3226 3286 3437 3355 ἀμαρτή
3447 3302 3612 3355 ματα,
3633 3285 3779 3353 ὑπὲρ

2208 3376 2435 3431 ἐκείνων
2468 3375 2604 3447 πρὸς
2637 3377 2730 3431 τὸν
2755 3376 2894 3432 Θεὸν
2925 3379 3392 3452 ἀπολογήσασθαι,
3422 3372 3469 3447 ᾧ
3525 3372 3666 3448 ἦσαν
3721 3377 3775 3429 οἱ

2205 3466 2486 3541 ἄνθρωποι
2523 3468 2776 3539 πολέμιοι
2803 3469 2899 3523 καὶ
2924 3468 3132 3541 ἐχθροὶ,
3165 3470 3235 3526 τὰ
3297 3467 3482 3540 φαῦλα
3525 3469 3621 3523 καὶ
3649 3468 3788 3536 ἀγα-

2210 3558 2427 3622 πῶντες
2449 3558 2546 3613 καὶ
2569 3560 2926 3633 πράττοντες.
3608 3544 3617 3555 ’

2281 3741 2441 3814 Παρά
2478 3743 2578 3814 μὲν
2604 3743 2696 3799 οὖν
2726 3745 2835 3798 τῶν
2860 3744 3189 3817 ἀνθρώπιον,
3211 3746 3289 3810 ὡς
3328 3746 3564 3825 ξείρημεν³
3594 3743 3813 3799 ἁδὺνκυκ

2209 3852 2300 3889 τον
2343 3831 2411 3907 ἦν
2446 3837 2606 3890 τοῧτο
2625 3836 2918 3906 γενέσθαι,
2945 3837 3037 3892 διὰ
3096 3840 3158 3892 τὸ
3203 3838 3439 3893 ἕκαστον
3496 3837 3799 3909 ἁμαρτίαις

2208 3926 2516 3983 ὑπεύθυνον
2551 3925 2713 3982 εἷναι.
2749 3930 2848 3983 Διά
2872 3928 3035 3984 τοῦτο
3064 3926 3092 3984 ό
3124 3930 3254 3996 Υἱὸς
3297 3929 3394 3985 τοῦ
3433 3931 3594 3992 Θεοῦ,
3630 3931 3699 3983 δι’
3730 3925 3792 3985 οὗ

2209 4018 2277 4073 τά
2310 4021 2487 4075 πάντα
2547 4023 2785 4090 ἐγένετο,
2830 4022 3093 4092 εὑδόκησε
3150 4022 3248 4095 τὴν
3307 4024 3589 4095 ἡμετέραν
3634 4023 3799 4093 φύσιν

2212 4110 2622 4184 ἀναμαρτήτως
2653 4110 3182 4191 ἀναλαϐεἰνμὍθεν
3237 4115 3335 4169 καὶ
3384 4119 3450 4170 ἐκ
3514 4115 3796 4186 Παρθένου

2212 4202 2433 4274 ἐτέχθη,
2481 4204 2568 4259 ἵνα
2601 4205 2779 4277 πάντη
2819 4207 3106 4277 ἐλεύθερος
3153 4205 3186 4279 ᾗ
3240 4207 3342 4278 τῆς
3382 4208 3798 4279 προπατορικῖμ

2212 4294 2528 4366 ἁμαρτίας·
2565 4299 2676 4350 ’καὶ
2735 4296 2878 4351 οὕτω
2927 4298 3233 4365 διαϐιῶναι,
3306 4299 3451 4353 ὥστε
3520 4299 3796 4370 μηδεμίαν

2215 4386 2500 4456 ἅμαρτίαν
2524 4389 2581 4441 ἐν
2606 4388 2756 4460 αὑτῷ
2786 4390 3082 4468 εὑρεθῆναι
3110 4405 3125 4420 ⁸
3161 4390 3298 4446 ἀλλά
3325 4393 3508 4447 πᾶσαν
3562 4393 3786 4463 ἀρετὴν,

524 4466 617 4520 sed
670 4467 850 4519 omnis
907 4464 1083 4521 virtus
1136 4467 1399 4534 elueeret,
1458 4469 1660 4540 quibus
1711 4479 1766 4526 et
1816 4471 2006 4528 docuit
2055 4484 2101 4530 ct

2214 4476 2284 4530 δι’
2338 4473 2414 4532 ὦν
2453 4480 2662 4546 ἐδίδαξε
2694 4483 2788 4536 καὶ
2811 4464 3018 4554 ἔπραξε
3040 4487 3151 4549 τοῖς
3176 4482 3485 4555 ἀνθρώποις
3517 4484 3791 4556 προθέντα

524 4556 673 4625 egit;
726 4556 818 4626 qui
878 4570 1075 4623 nempe
1131 4546 1323 4611 norma
1375 4558 1632 4615 omnibus
1683 4561 1997 4632 propositus
2043 4576 2105 4617 ac

523 4648 830 4718 exemplum
877 4646 943 4703 ad
992 4647 1224 4704 salutem
1262 4659 1428 4717 esset,
1484 4650 1816 4723 modumque
1850 4669 1915 4708 ac
1957 4652 2133 4715 viam.

524 4742 780 4821 curanda,-
846 4742 1071 4797 humani
1139 4743 1355 4811 generis
1429 4743 1817 4814 mgritudinis,
1884 4745 2103 4801 virtutis

527 4834 674 4889 cultu
708 4846 979 4906 rectaeque
1014 4836 1068 4890 iu
1100 4838 1181 4891 eis
1213 4836 1535 4903 voluntatis,
1582 4837 1845 4894 mortales
1896 4837 2108 4908 praedo-

525 4935 692 4979 εει-οι.
730 4928 941 4983 Etenim
979 4944 1079 4984 suo
1107 4930 1222 4999 ipse
1244 4932 1491 5001 exempla
1515 4931 1722 4994 docuit,
1762 4930 1853 5000 qui
1889 4930 1979 4983 fiat
2022 4938 2102 4994 ut,

524 5034 632 5088 quo
669 5021 1001 5084 laboramus,
1037 5024 1307 5096 tnorhuu;
1326 5023 1705 5079 eutendetnus.

598 5110 836 5162 l'rimutn
881 5112 1024 5165 enim
1057 5117 1307 5183 apparuit
1344 5129 1445 5182 per
1492 5116 1591 5171 hoc
1626 5115 1943 5185 mysterium
1994 5115 2111 5169 dis-

524 5205 886 5274 pensationis,
923 5220 948 5259 ε
982 5206 1030 5260 ie
1091 5220 1189 5260 nos
1221 5209 1384 5261 Deum
1420 5208 1696 5273 dilexisse,
1730 5218 1790 5263 ut
1832 5219 1883 5263 et
1914 5207 2109 5262 Filium

523 5313 686 5350 suum
723 5294 999 5350 hominem
1041 5296 1159 5351 fieri
1191 5298 1447 5363 voluerit,
1478 5298 1716 5370 hincque
1745 5284 1883 5354 adeo
1912 5310 1971 5354 ut
2007 5316 2104 5355 nos

525 5391 703 5457 ipsum
733 5387 1025 5459 diligamus
1059 5388 1275 5458 egregie
1309 5391 1504 5455 suasit,
1551 5390 1645 5459 qui
1687 5406 1880 5461 nempe
1928 5394 2107 5447 excel-

526 5482 727 5536 lentem
774 5481 896 5551 ejus
940 5492 1066 5552 erga
1125 5495 1227 5536 nos
1279 5481 1623 5537 dilectionem
1675 5485 2047 5555 intelligamus
2094 5503 2107 5540 ε

527 5573 693 5643 inque
743 5573 888 5630 hunc
936 5575 1160 5629 modum
1216 5573 1369 5629 illius
1427 5575 1636 5630 auxilio
1693 5584 1859 5645 atque
1905 5577 2103 5646 gratia,

528 5678 745 5721 σςίιιιιεέὶ
778 5668 938 5723 nobis
967 5678 1275 5739 prementes
1307 5669 1535 5739 vestigia
1578 5668 1871 5740 ipsumque
1899 5670 2101 5733 secuti,

525 5763 818 5822 a.u-pturos
887 5776 987 5816 nos
1044 5764 1436 5819 beatitudinem
1496 5777 1781 5833 speramus
1846 5764 1937 5834 (in
2006 5764 2099 5818 Dei

2218 4571 2389 4626 τόπον
2433 4574 2530 4628 καὶ
2561 4574 2930 4645 ὑπογραμμὸν
2953 4578 3087 4629 πᾶσι
3120 4578 3407 4646 γεγονέναι
3434 4579 3573 4649 πρὸς
3613 4594 3794 4647 σωτη-

2223 4665 2370 4736 ρίαν,
2409 4666 2504 4719 aea“.
2531 4667 2623 4720 τὸν
2643 4668 2845 4738 τρόπον
2867 4668 2962 4722 καὶ
2987 4669 3086 4741 τὴν
3109 4670 3228 4723 ὁδὸν
3259 4671 3357 4739 τῆς
3384 4669 3681 4740 θεραπείας
3698 4668 3795 4722 τοῦ

2218 4757 2564 4826 ἀνθρωπίνου
2593 4761 2895 4828 νοσήματος
2929 4760 3017 4814 διὰ
3040 4764 3138 4828 τῆς
3161 4761 3363 4832 ἀρετῆς
3383 4763 3477 4815 καὶ
3506 4761 3603 4831 τῆς
3626 4761 3795 4829 ὀρθῆς

2217 4847 2275 4899 ἐν
2306 4849 2491 4910 αὑτοῖς
2518 4848 2794 4919 θελήσεως
2829 4850 3167 4921 προδιδάξαι.
3219 4851 3321 4905 Καὶ
3361 4853 3469 4924 γὰρ
3500 4850 3671 4914 ἔδειξε
3727 4848 3799 4902 δι’

2219 4937 2440 5005 ἑαυτοῦ,
2476 4940 2589 4993 τίνι
2643 4944 2831 5013 τρόπῳ
2884 4941 3231 5015 δυνησόμεθα
3283 4945 3344 4998 τὸ
3380 4945 3597 5013 νόσημα
3635 4943 3800 5013 ἡμῶν

2221 5031 2733 5111 ἐπανορθώσασθαι.

2292 5120 2655 5195 Πρῶτονγάρ
2699 5127 2874 5198 ἐφάνη
2929 5127 3022 5182 διὰ
3098 5126 3194 5181 τοῦ
3247 5128 3550 5200 μυστηρίου
3605 5128 3801 5183 τούτου

2220 5214 2320 5285 τῆς
2336 5214 2650 5286 οἰκονομίας
2683 5220 2764 5272 ὅτι
2791 5222 2817 5273 ό
2853 5219 2986 5285 Θεὸς
3020 5222 3278 5313 τεσοῦτον
3315 5223 3800 5293 ὴγάπησενήμᾶς,
3838 5208 3847 5219 ’

2218 5307 2302 5357 ὅτι
2341 5305 2435 5358 καὶ
2492 5306 2779 5384 δειθρωπον
2831 5305 3095 5378 γενέσθαῖ
3148 5310 3382 5382 ἠθέλησε
3446 5312 3537 5366 τὸν
3597 5312 3801 5366 ἑαυτοῦ

2223 5396 2373 5463 Υἰὸν,
2411 5403 2503 5451 καὶ
2531 5398 2616 5452 διὰ
2640 5401 2829 5454 τούτου
2880 5404 3206 5457 κατέπεισεν
3236 5405 3384 5476 ἡμᾶς
3442 5393 3667 5478 ἀγαπᾷν
3695 5407 3805 5459 αὑ-

2223 5489 2337 5553 τὸν,
2394 5490 2713 5554 ἐννοοῦντας
2777 5493 2876 5563 τὴν
2927 5494 3382 5564 ὑπερϐάλλουσαν
3437 5495 3608 5550 αὑτοῦ
3668 5497 3810 5567 περὶ

2222 5580 2371 5651 ἡμᾶς
2398 5581 2643 5652 ἀγάπην.
2675 5585 2785 5637 Καὶ
2823 5584 2968 5639 οὕτω
2993 5590 3059 5659 τῇ
3090 5588 3256 5657 αὐτοῦ
3287 5589 3515 5664 βοηθείᾳ
3544 5591 3641 5644 καὶ
3698 5592 3809 5663 xi:

2222 5688 2332 5744 ριτι
2366 5676 2477 5737 τοῖς
2501 5674 2867 5747 ὑποδειχθεῖσι
2896 5681 3119 5750 τρόποις
3154 5682 3440 5751 ἑπόμενοι,
3490 5684 3767 5755 ἐλπίζομε
3788 5705 3809 5739 δ

2220 5766 2408 5836 τυχεῖν
2440 5765 2538 5834 τῆς
2575 5769 3004 5840 μακαριότητος,
3035 5773 3157 5843 ἥτις

3210 5774 3269 5827 ἐν
3304 5777 3370 5847 τῇ
3426 5775 3562 5829 Θεοῦ
3596 5776 3815 5849 θεωρίᾳ
3902 5780 3922 5797 ’
