4056 6266
278 379 397 443 617

1241 380 1341 440 DE
1384 382 1806 443 PRINCIPIIS
1847 383 2058 444 FIDEI
2092 386 2562 451 CATHULIC/E.

3429 389 3535 454 618

290 492 734 553 συνίσταταιοείς
765 492 833 562 ἢν
891 489 1052 555 αὐτὸς
1101 493 1249 562 ἡμᾶς
1306 493 1548 550 εἵλκυσε.
1592 497 1705 566 Τὴν
1755 496 1861 565 γὰρ

1969 498 2178 553 scilicet
2213 500 2421 555 visione
2467 500 2724 570 positam)
2760 501 2823 557 ad
2859 516 3021 570 quam
3066 500 3183 571 ipse
3214 515 3312 557 nos
3347 505 3532 558 traxit.
3586 576 3591 584 ρ

282 587 578 642 ἀσθένειαν
630 586 826 642 ἑαυτοῦ
858 584 1150 653 γινώσκων
1204 588 1231 638 ὁ
1284 585 1591 657 ἄνθρωπος,
1638 587 1738 641 οὐκ
1794 588 1861 642 ἂν

289 680 509 748 ἐνόμισε
536 677 672 748 πρὸς
692 678 904 748 ⁴ταύτην
932 676 1231 748 δυνηθῆναι
1261 676 1574 747 ἀφίξεσθαι,
1596 679 1643 732 εί
1671 680 1744 750 μὴ
1763 682 1862 752 τὴν

284 772 448 841 παρὰ
496 770 636 824 Θεοῦ
683 772 761 832 είς
812 769 1002 823 ἑαυτὸν
1059 770 1288 822 ἓὸλεπεν
1347 768 1515 823 οὖσαν
1567 771 1858 840 τοσαύτην,

286 859 435 913 ὥστε
462 858 555 912 τὸν
577 860 708 911 Θεὸν
761 859 1049 928 ἄνθρωπον
1080 858 1358 927 γενέσθαι,
1407 860 1501 912 καὶ
1544 861 1592 912 εί
1624 860 1698 930 μὴ
1725 860 1862 929 πρὸς

293 952 496 1006 ἑαυτὸν
527 950 556 1001 ὁ
588 951 719 1012 Θεὸς
746 952 895 1020 ἡμᾶς
930 950 1313 1022 προύκαλεῖτο.
1355 952 1418 1005 El
1452 953 1562 1023 γάρ
1594 950 1670 1023 μὴ
1703 952 1862 1007 δυνα-

291 1044 385 1096 τὸν
408 1038 478 1113 ἦν
499 1043 634 1113 πρὸς
665 1042 756 1095 τὸν
782 1043 917 1096 Θεὸν
939 1044 1087 1113 ἡμᾶς
1118 1042 1261 1097 κατὰ
1283 1043 1343 1097 τὸ
1397 1044 1681 1116 ἐγχωροῦν
1730 1045 1861 1098 ἀνα-

289 1133 591 1201 τείνεσθαι,
624 1136 724 1188 οὐκ
749 1134 815 1188 ἂν
844 1135 902 1187 τὸ
925 1134 1188 1189 ἀδύνατον
1220 1138 1298 1199 είς
1331 1136 1399 1188 τὰ
1430 1136 1670 1192 ἀδύνατα
1691 1136 1861 1208 προῦι

290 1226 531 1280 καλεῖτο.
610 1271 622 1287 ,

365 1317 527 1369 Ὥστε
553 1317 613 1369 τὸ
636 1316 964 1385 τιμιώτατον
997 1318 1091 1371 τοῦ
1110 1318 1247 1371 Θεοῦ
1285 1320 1491 1385 κτίσμα
1519 1312 1859 1393 δ’ἀνθρωπος

286 1407 508 1476 ἐπέγνω
530 1408 620 1459 τὸν
649 1408 827 1478 ἀληθῆ
859 1408 994 1463 Θεὸν
1031 1409 1121 1462 διὰ
1151 1409 1247 1464 τοῦ
1282 1411 1375 1464 τὸν
1399 1409 1535 1464 Θεὸν
1569 1410 1859 1483 ἄνθρωπον

287 1499 575 1567 γενέσθαι,
609 1501 705 1553 καὶ
738 1501 837 1570 τῆς
880 1502 990 1554 τῶν
1013 1502 1286 1571 δαιμόνων
1336 1502 1546 1574 ἀπέστη
1602 1503 1858 1571 λατρείας

284 1591 387 1644 καὶ
420 1592 654 1655 πλάνης,
673 1592 772 1645 καὶ
800 1592 898 1661 τῆς
929 1594 1126 1654 ἰάσεως
1151 1592 1461 1663 ἔτυχεν.οὖ
1490 1593 1598 1664 γὰρ
1621 1590 1689 1665 ἦν
1712 1594 1858 1658 εἰκὸς

282 1683 387 1735 τὸν
409 1683 565 1749 Θεὸν,
587 1684 791 1753 ἀγαθὸν
812 1683 966 1749 ὄντα,
986 1686 1045 1739 τὸ
1062 1684 1263 1738 ἑαυτοῦ
1288 1684 1514 1755 πλάσμα
1537 1685 1858 1740 καταλιπεῖν

282 1771 620 1841 ἀϐοήθητον.

1964 586 2141 643 Homo
2188 592 2333 644 enim
2380 607 2492 646 sua:
2536 594 2795 647 conscius
2842 591 3202 656 inﬁrmitatis,
3249 608 3531 662 nunquam

1963 692 2023 732 se
2055 679 2121 733 ad
2156 695 2272 735 eam
2304 697 2591 738 evasurum
2623 685 2980 750 existimaret,
3010 685 3117 741 nisi
3147 693 3350 739 tantam
3385 686 3437 740 in
3474 701 3534 739 se

1967 770 2059 825 Dei
2105 772 2475 842 dignationem
2510 776 2741 839 videret,
2786 787 2845 831 ut
2892 788 2943 831 et
2979 778 3118 831 Deus
3156 778 3318 831 homo
3357 776 3531 843 fleret,

1962 878 2027 916 ac
2061 862 2165 917 nisi
2200 863 2265 917 ad
2316 879 2376 917 se
2422 863 2565 920 Deus
2599 879 2700 920 nos
2749 867 3024 920 invitaret.
3079 866 3192 921 Nisi
3222 867 3365 920 enim
3417 867 3532 920 ﬁeri

1965 962 2167 1021 posset,
2209 962 2267 1008 ut
2298 968 2396 1024 pro
2426 963 2627 1009 nostra:
2671 956 2943 1012 facultatis
2977 958 3199 1012 modulo
3242 959 3308 1011 ad
3357 957 3528 1011 Deum

1963 1042 2067 1112 ipsi
2126 1045 2483 1110 eniteremur,
2526 1062 2804 1117 nunquam
2860 1049 2955 1103 ille
3012 1051 3077 1103 ad
3144 1049 3529 1120 impossibilia,
3588 1078 3591 1083 -

1962 1135 2109 1205 quod
2138 1135 2482 1204 impossibile
2515 1146 2686 1202 esset,
2726 1150 3068 1208 provocaret.

2034 1308 2239 1377 Itaque.
2282 1312 2373 1378 qui
2414 1312 2559 1367 inter
2590 1312 2682 1369 Dei
2732 1315 2985 1385 ﬁgmenta
3018 1317 3311 1387 principem
3349 1318 3527 1373 locum

1964 1402 2131 1459 tenet,
2162 1398 2346 1465 homo,
2378 1401 2501 1455 inde
2531 1418 2721 1457 verum
2746 1408 2966 1475 agnovit
2993 1406 3183 1483 Deum,
3209 1411 3359 1478 quod
3387 1410 3528 1467 Deus

1966 1487 2137 1543 homo
2169 1490 2344 1547 factus
2373 1503 2492 1562 est;
2527 1497 2939 1567 abscedensque
2969 1517 2996 1553 a
3043 1503 3347 1556 dtemonum
3379 1504 3528 1558 cultu

1961 1591 2027 1632 ac
2056 1593 2276 1641 errore,
2317 1585 2606 1638 sanitatem
2652 1587 2905 1657 indeptus
2945 1600 3047 1643 est.
3088 1590 3207 1645 Non
3239 1592 3381 1645 enim
3435 1609 3533 1662 par

1960 1677 2078 1723 erat
2145 1680 2205 1725 ut
2272 1671 2438 1739 Deus,
2480 1677 2581 1753 qui
2630 1678 2806 1734 bonus
2843 1680 2934 1742 sit,
2998 1681 3311 1750 ﬁgmentum
3368 1701 3529 1740 suum

1854 1824 1869 1836 _
1959 1763 2108 1815 omni
2141 1763 2464 1820 destitutum
2491 1782 2593 1836 ope
2625 1771 2980 1840 relinqueret.

365 1863 601 1919 Ἔπειτα
622 1866 745 1918 ἐπεὶ
796 1866 1060 1936 ἐλέγομεν
1084 1869 1144 1919 τὸ
1178 1867 1522 1937 ἀνθρώπινον
1554 1866 1859 1937 ἁμάρτημα

2037 1851 2267 1917 Deinde,
2315 1857 2440 1925 quia
2486 1859 2805 1915 dicebamus
2857 1873 3139 1931 peccatum
3186 1865 3431 1921 hominis
3476 1867 3532 1922 in

289 1957 649 2012 συνίστασθαι
681 1957 746 2011 ὲκ
777 1957 871 2011 τοῦ
926 1958 996 2011 τὰ
1045 1958 1229 2027 φαῦλα
1291 1960 1587 2028 ἐπιθυμεῖν
1653 1959 1762 2028 καὶ.
1792 1960 1859 2012 τά

291 2053 584 2120 σωματικά
640 2048 844 2117 ἀγαθὰ,
892 2050 961 2102 τά
1010 2050 1065 2102 δὲ
1104 2049 1300 2103 αίώνια
1352 2050 1533 2117 ἀγαθά
1575 2050 1857 2118 οὐδαμῶςο

286 2142 413 2205 πῶς
466 2136 535 2212 ἦν
577 2140 804 2195 δυνατὸν
868 2139 1028 2194 τοῦτο
1104 2140 1538 2211 θεραπευθῆναι,
1593 2139 1860 2209 καὶπρὸς

294 2234 428 2287 Θεὸν
467 2232 790 2301 ἀναχθῆναι,
824 2230 891 2285 δι’
917 2224 993 2284 ὧν
1034 2231 1237 2300 ἔπραξε
1262 2233 1356 2285 καὶ
1404 2232 1649 2285 πέπονθε
1683 2233 1858 2287 καθα-

295 2326 407 2396 ρῶς
431 2324 624 2388 ἔδειξε.
664 2324 767 2379 Καὶ
795 2324 901 2399 γὰρ
925 2323 1164 2393 πένητας
1190 2324 1382 2391 γονέας
1425 2324 1730 2387 προείλετο,
1760 2327 1861 2395 τὴν

224 2410 227 2411 ν
288 2417 346 2471 δὲ
370 2420 575 2487 ἀρετην
603 2397 872 2477 τελείους,
903 2415 991 2469 ἵνα
1021 2415 1209 2485 μηδεὶς
1233 2416 1571 2485 ἐγκαυχᾶται
1593 2419 1658 2487 τῇ
1699 2418 1857 2471 ἀσθε-

281 2508 410 2579 νείᾳ
432 2507 533 2574 τῆς
566 2504 792 2577 σαρκός.
822 2504 1042 2576 Πτωχὸν
1072 2502 1187 2575 εἶχε
1220 2504 1356 2575 βίον,
1384 2506 1471 2559 ἵνα
1499 2506 1625 2569 τοὺς
1651 2506 1861 2579 ἀνθρώ-

289 2613 429 2659 πους
460 2594 648 2666 διδάξῃ
680 2595 978 2665 χρημάτων
1012 2599 1396 2665 καταφρονεῖν.
1457 2597 1861 2670 Ἐστερημὲνος

288 2686 598 2755 ἀξιώματος
621 2686 826 2749 διεόίω,
858 2686 946 2741 ἵνα
976 2687 1164 2758 παύσῃ
1222 2688 1349 2751 τοὺς
1386 2686 1710 2758 ἀνθρώπους
1760 2688 1861 2759 τῆς

287 2778 529 2833 ἀτάκτου
556 2776 687 2846 περὶ
715 2776 813 2839 τὰς
860 2777 1028 2847 τιμὰς
1072 2777 1390 2849 ἐπιθυμίας.
1423 2778 1613 2847 Πόνον,
1681 2780 1859 2850 λιμὸν,

280 2868 473 2936 δίψαν,
496 2867 767 2938 μάστιγας
789 2867 1063 2937 ὑπέμενεν
1092 2868 1150 2921 ὲν
1175 2867 1252 2937 τῷ
1280 2868 1517 2939 σώματι,
1554 2870 1640 2923 ἵνα
1677 2870 1861 2941 διδάξῃ

289 2960 417 3020 τοὺς
445 2956 762 3027 ἀνθρώπους
821 2957 896 3028 μὴ
935 2956 1099 3028 ἡδονῇ
1150 2958 1245 3011 καὶ
1301 2962 1480 3029 τρυφῇ
1535 2960 1631 3013 καὶ
1677 2960 1863 3015 ἀνέσει

292 3049 668 3118 προσέχοντας
708 3048 1040 3115 ἀφίστασθαι
1074 3048 1170 3102 τοῦ
1226 3050 1327 3118 τῆς
1376 3053 1581 3122 ἀρετῆς
1629 3051 1857 3121 ἀγαθοῦ.

293 3141 463 3204 Τέλος
500 3141 730 3195 θάνατον
754 3141 1073 3211 ὑπέμεινεν,
1106 3140 1193 3193 ἵνα
1222 3140 1412 3210 μηδεὶς
1435 3142 1524 3194 διὰ
1552 3140 1645 3195 τὸν
1697 3142 1863 3212 φόϐον

1963 1944 2068 1999 hoc
2104 1946 2341 2015 positum
2368 1962 2510 2014 esse,
2542 1952 2688 2019 quod
2725 1954 2867 2006 mala
2898 1956 3253 2022 concupiscat
3283 1956 3533 2027 bonaque

1963 2041 2310 2108 corporalia,
2370 2058 2715 2116 nequaquam
2778 2050 2909 2105 vero
2960 2050 3101 2105 bona
3152 2054 3529 2122 sempiterna;

1962 2142 2202 2197 quonam
2232 2133 2393 2187 modo
2422 2134 2538 2189 ﬁeri
2569 2137 2763 2205 possit,
2803 2148 2862 2193 ut
2896 2140 3021 2195 huic
3054 2142 3197 2197 malo
3228 2143 3528 2199 remedium

1964 2215 2286 2273 adhibeatur
2313 2229 2367 2273 et
2396 2222 2561 2277 homo
2588 2224 2653 2279 ad
2693 2225 2858 2279 Deum
2887 2241 3161 2298 assurgat,
3191 2232 3390 2300 quibus
3423 2233 3535 2303 egit

1962 2316 2128 2376 atque
2155 2324 2353 2378 passus
2380 2322 2464 2367 est
2498 2314 2705 2383 liquido
2739 2319 3001 2372 ostendit.
3037 2323 3249 2375 Etenim
3278 2334 3533 2393 parentes

1966 2412 2233 2469 pauperes
2268 2403 2455 2472 elegit,
2490 2409 2581 2473 qui
2615 2414 2796 2461 tamen
2822 2410 3023 2465 virtute
3046 2412 3270 2480 perfecti
3304 2426 3529 2481 essent;

1969 2504 2036 2545 ne
2056 2490 2181 2559 quis
2215 2491 2474 2561 glorietur
2497 2497 2586 2564 qui
2612 2499 2792 2554 carnis
2821 2499 3134 2557 inﬁrmitate
3156 2506 3533 2566 circumdatus

1965 2579 2059 2633 sit.
2114 2580 2257 2635 Pene
2311 2585 2547 2639 mendici
2581 2588 2745 2641 vitam
2794 2591 2935 2660 egit,
2990 2604 3049 2646 ut
3105 2602 3532 2657 contemnendas

1964 2674 2226 2738 pecunias
2276 2674 2525 2732 homines
2563 2670 2804 2738 doceret.
2855 2682 3011 2738 Nulla
3060 2687 3320 2756 dignitate
3373 2708 3536 2747 muno

1963 2762 2110 2816 dauo
2150 2764 2297 2818 cultu
2345 2766 2599 2823 sublimis
2625 2771 2786 2823 vitam
2822 2775 3082 2840 traduxit,
3125 2786 3180 2831 ut
3229 2781 3295 2833 ab
3327 2782 3533 2837 inordi-

1964 2864 2090 2910 nata
2155 2856 2425 2912 honorum
2480 2861 2778 2930 cupiditate
2828 2864 3110 2921 hominum
3166 2885 3533 2941 compesceret
3622 2910 3627 2915 λ

1965 2950 2202 3005 animos.
2252 2951 2683 3017 Lassitudinem,
2738 2954 2958 3023 famem,
2996 2958 3168 3027 sitim,
3208 2964 3429 3018 verbera
3477 2966 3532 3021 in

1964 3054 2193 3107 corpore
2242 3043 2529 3107 sustinuit,
2568 3053 2627 3099 ut
2681 3047 2901 3101 doceret
2953 3049 3202 3107 homines
3246 3054 3533 3123 voluptati,

1968 3133 2202 3199 deliciis,
2242 3136 2476 3189 molliori
2521 3137 2647 3191 vita:
2690 3140 2936 3193 animum
2986 3142 3321 3208 addicentcs,
3357 3161 3385 3200 a
3425 3148 3535 3202 vir-

290 3230 388 3285 τοῦ
416 3231 650 3286 Θανάτου
678 3232 779 3301 τὴν
811 3232 1068 3301 ἀλήθειαν
1094 3232 1564 3305 ἑγκαταλιμπάνῃ.
1602 3233 1707 3287 Τὸν
1730 3237 1860 3285 ἐπο-

1970 3228 2103 3282 tutis
2139 3226 2284 3283 bono
2314 3242 2420 3283 non
2463 3229 2775 3285 abscedere.
2818 3229 3102 3288 Postremo
3145 3247 3370 3290 mortem
3414 3254 3537 3309 per-

296 3324 563 3377 νείδιστον
600 3324 686 3379 διὰ
716 3323 955 3394 σταυροῦ
987 3324 1269 3393 προείλετο
1291 3324 1537 3390 θάνατον,
1567 3326 1654 3379 ἵνα
1673 3326 1862 3395 μηδεὶς

292 3416 437 3487 ὑπὲρ
464 3417 564 3485 τῆς
614 3416 872 3486 ἀληθείας
889 3415 980 3470 τὸν
1009 3417 1369 3472 ἐπονείδιστον
1390 3418 1725 3489 ὲκτρὲπηται
1768 3418 1865 3473 ϐάς

291 3525 475 3562 νατον.
511 3508 673 3560 Ὠνστε
716 3507 959 3578 προσῆκε
996 3509 1087 3561 τὸν
1103 3507 1235 3561 Θεὸν
1263 3509 1555 3579 ἄνθρωπον
1580 3510 1859 3577 γενέσθαι,

293 3600 389 3652 ἵνα
414 3600 493 3668 τῷ
545 3597 665 3652 καθ’
727 3598 891 3651 αὑτὸν
943 3598 1302 3668 ὑποδείγματι
1362 3601 1490 3663 τοὺς
1536 3600 1862 3671 ἀνθρώπους

291 3691 391 3744 ἐπὶ
422 3691 525 3761 τὴν
556 3689 756 3761 ἀρετὴν
802 3690 1226 3759 προκαλέσηται,
1269 3690 1411 3744 καθά
1438 3706 1603 3761 φησιν
1626 3693 1653 3744 ό
1678 3691 1863 3761 μακά·

296 3798 412 3851 ριος
445 3782 672 3851 Πέτρος,
702 3798 721 3832 ι
757 3781 989 3850 Χριστὸς
1031 3778 1299 3833 πέπονθεν
1330 3779 1472 3851 ὑπὲρ
1520 3780 1701 3851 ἡμῶν,
1728 3782 1862 3852 ἡμῖν

294 3872 797 3941 ἐγκαταλιμπάνων
826 3871 1218 3941 ὑπογραμμὸν,
1245 3870 1336 3925 ἵνα
1361 3873 1475 3936 τοῖς
1532 3873 1738 3943 ίχνεσιν
1765 3874 1863 3926 αὒ-

295 3965 389 4018 τοῦ
424 3964 983 4035 ἐπακολουθήσαιμεν.
1026 3983 1046 4015 ι

378 4055 537 4110 Ἐπεὶ
563 4056 620 4109 δὲ
647 4057 707 4109 οὐ
748 4057 909 4125 μόνον
962 4056 1031 4110 τὰ
1092 4040 1194 4125 τῆς
1252 4055 1455 4127 ἀρετῆς
1508 4055 1644 4126 ἔργα
1704 4055 1865 4110 ἱκανά

294 4150 403 4200 εἱσι
437 4144 570 4217 πρὸς
595 4147 657 4199 τὸ
686 4148 873 4218 τυχεῖν
903 4148 1003 4219 τῆς
1035 4147 1260 4202 αἰωνίου
1280 4146 1703 4218 μακαριότητος,
1725 4146 1865 4199 ἀλλά

293 4241 390 4293 καὶ
422 4241 456 4309 ἡ
481 4239 681 4306 γνῶσις
705 4240 803 4309 τῆς
835 4240 966 4308 περὶ
1000 4238 1133 4294 Θεὸν
1167 4239 1428 4309 ἀληθείας
1449 4253 1467 4272 ⁶
1530 4239 1630 4291 οὐκ
1686 4235 1755 4309 ἦν
1805 4238 1863 4291 δὲ

289 4332 523 4385 δυνατὸν
560 4332 660 4401 την
689 4333 819 4401 περὶ
853 4330 985 4384 Θεὸν
1038 4332 1302 4403 ἀλήθειαν
1367 4332 1657 4401 ἄνθρωπον
1708 4330 1861 4384 διδά-

1968 3317 2110 3380 tulit,
2159 3325 2219 3371 ut
2270 3332 2430 3373 nemo
2478 3320 2669 3375 mortis
2713 3328 2855 3376 metu
2911 3322 3203 3379 deterritus
3253 3326 3533 3382 veritatem

1963 3406 2201 3462 deserat.
2269 3407 2751 3465 Probrosissimam
2803 3413 2981 3469 crucis
3054 3417 3322 3485 supplicio
3370 3420 3533 3489 elegit

1963 3508 2216 3563 mortem,
2258 3511 2319 3555 ut
2364 3515 2525 3555 nemo
2558 3516 2657 3570 pro
2684 3504 2914 3560 veritate
2950 3507 3271 3572 probrosam
3300 3521 3529 3566 mortem

1962 3589 2225 3658 defugiat.
2274 3589 2461 3661 Itaque
2511 3593 2841 3648 conveniens
2889 3604 3032 3663 erat,
3084 3606 3140 3650 ut
3191 3599 3334 3655 Deus
3371 3602 3535 3658 homo

1964 3680 2134 3744 ﬁeret,
2170 3696 2279 3750 quo
2324 3681 2584 3735 nimirum
2633 3685 2883 3754 exemplo
2910 3700 3010 3741 suo
3043 3689 3291 3746 homines
3324 3692 3390 3746 ad
3423 3694 3536 3748 vir-—

1965 3779 2137 3825 tntem
2188 3782 2532 3840 provocaret,
2579 3773 2655 3828 uti
2686 3775 2761 3830 ait
2802 3776 2997 3833 beatus
3043 3778 3236 3835 Petrus
3271 3797 3285 3835 :
3322 3800 3342 3834 ι
3378 3783 3538 3838 (Ζιιιίο

1966 3868 2083 3915 stus
2111 3874 2307 3930 passus
2332 3872 2415 3918 est
2449 3879 2545 3933 pro
2590 3865 2765 3931 nobis,
2807 3868 2966 3924 nobis
3003 3870 3320 3942 relinquens
3349 3889 3537 3931 exem-

1965 3952 2139 4023 plum,
2170 3963 2228 4009 ut
2261 3969 2553 4024 sequamur
2578 3958 2802 4028 vestigia
2836 3959 2954 4028 ejus
2976 3962 3042 4015 ⁷³.
3081 3981 3101 4016 ι

2038 4042 2176 4109 Quia
2221 4059 2349 4100 vero
2382 4060 2490 4100 non
2539 4047 2654 4103 sola
2691 4049 2907 4105 virtutis
2946 4066 3105 4122 opera
3150 4054 3445 4125 suﬁlciunt,
3476 4070 3536 4114 ut

1940 4146 2227 4201 aeternam
2257 4139 2385 4209 quis
2425 4139 2822 4197 beatitudinem
2866 4155 3256 4214 consequatur,
3290 4151 3385 4204 sed
3438 4166 3531 4206 ne-

1964 4232 2204 4287 cessaria
2233 4246 2453 4301 quoque
2482 4232 2725 4289 veritatis
2755 4233 2823 4287 de
2854 4233 2964 4291 Deo
3002 4239 3242 4299 cognitio
3269 4250 3354 4295 est
3386 4258 3399 4295 :
3438 4259 3536 4297 nec

1964 4337 2097 4378 vero
2132 4322 2251 4377 fieri
2295 4330 2510 4392 poterat
2536 4334 2593 4378 ut
2636 4324 2799 4379 homo
2829 4327 3111 4382 veritatem
3153 4329 3378 4395 docens,
3414 4348 3539 4403 qua:

293 4441 495 4477 σκοντα
516 4423 913 4493 πιστευθῆναιο
967 4422 1097 4477 ἔστι.
1121 4423 1231 4491 γὰρ
1274 4425 1371 4478 καλ⁸
1425 4423 1712 4491 ἀπατῆσαι
1766 4420 1861 4476 καὶ

1966 4416 2035 4470 de
2080 4412 2191 4468 Deo
2227 4426 2329 4478 est,
2362 4425 2565 4469 certam
2600 4416 2826 4470 omnino
2856 4417 3012 4472 fidem
3061 4421 3318 4487 haberet;
3371 4424 3538 4479 homo

287 4513 644 4583 ἀπατηθῆναι
663 4516 753 4567 τὸν
782 4514 1069 4585 ἄνθρωπον
1090 4529 1105 4544 ⁸
1132 4514 1241 4568 εδει
1273 4514 1367 4569 καὶ
1393 4514 1536 4569 κατά
1572 4513 1732 4567 τοῦτο
1769 4515 1861 4567 τὸν

1966 4509 2110 4561 enim
2155 4515 2209 4561 et
2255 4506 2429 4574 decipi
2466 4518 2517 4561 et
2556 4506 2807 4576 decipere
2857 4520 3057 4577 potest,
3091 4526 3155 4566 ea
3186 4527 3403 4584 quoque
3451 4532 3538 4571 ra-

288 4606 430 4658 Θεὸν
455 4604 743 4674 ἄνθρωπον
767 4606 1064 4674 γενόμενον
1092 4606 1193 4676 τὴν
1210 4607 1388 4676 ἀληθῆ
1412 4611 1597 4659 πίστιν
1625 4605 1858 4671 διδάξαι,

1968 4599 2115 4654 tione
2148 4599 2396 4662 decebat,
2445 4606 2501 4652 ut
2550 4598 2692 4655 Deus
2726 4599 2907 4654 factus
2940 4602 3106 4655 homo
3147 4617 3331 4658 veram
3377 4605 3534 4661 fidem

293 4698 387 4750 ῖνα
422 4696 588 4766 μηδὲν
609 4698 910 4767 ἀμφίὸολον
942 4698 1059 4769 ἔχη,
1092 4698 1167 4763 ὡς
1198 4698 1305 4751 ἀπὸ
1358 4696 1497 4751 Θεοῦ
1531 4698 1626 4750 καὶ
1654 4695 1861 4767 ἀνθρώ·

1964 4691 2203 4756 doceret,
2235 4706 2347 4761 quo
2382 4690 2473 4745 illa
2520 4691 2656 4745 nihil
2700 4692 3039 4761 ambiguum,
3085 4695 3228 4749 velut
3260 4710 3290 4748 a
3331 4695 3443 4751 Deo
3484 4713 3539 4753 et

295 4804 404 4839 που
434 4787 824 4857 παραδοθεῖσα.
860 4788 984 4841 Ὀτι
1013 4787 1070 4841 δὲ
1103 4789 1236 4851 Θεὸς
1262 4785 1351 4859 ἦν,
1397 4788 1601 4852 ἐδίδαξε
1642 4789 1731 4841 διά
1755 4788 1861 4841 τῶν

1964 4786 2189 4840 homine
2219 4786 2443 4850 tradita,
2476 4786 2722 4841 haberet.
2764 4786 2897 4841 Esse
2926 4796 3107 4842 autem
3156 4804 3214 4843 se
3245 4788 3411 4843 Deum
3443 4792 3540 4846 do-

296 4877 622 4947 Θαυμάτων,
663 4878 700 4932 ἂ
733 4879 987 4949 οὐδαμῶς
1009 4879 1330 4951 ἀνθρωπίνῃ
1357 4879 1585 4949 δυνάμει
1640 4878 1861 4933 δύναται

1964 4878 2080 4933 cuit
2120 4892 2219 4946 per
2252 4877 2539 4941 miracula,
2575 4892 2697 4947 quae
2727 4878 2871 4931 nulla
2904 4878 3141 4932 humana
3176 4878 3371 4934 virtute
3405 4896 3536 4951 pos-

293 4970 656 5042 ἐργάσασθαι.
687 4972 828 5024 Ἀλλ’
854 4972 1042 5043 ἐπειδὴ
1094 4974 1222 5037 τοὺς
1272 4973 1373 5042 μὲν
1403 4975 1525 5027 τότε
1588 4971 1866 5042 παρόντας

296 5064 392 5116 καὶ
415 5062 657 5132 ὁρῶντας
695 5064 844 5126 εἰκὸς
865 5060 935 5133 ἦν
985 5066 1107 5117 τότε
1157 5064 1460 5130 πιστεύειν,
1527 5067 1575 5118 οἱ
1616 5065 1673 5117 δὲ
1730 5065 1868 5134 μετά

292 5152 473 5205 ταῦτα
533 5150 941 5224 προύὄᾶὐιλοντο
991 5155 1056 5208 ἂν
1108 5156 1404 5226 πλάσματα
1462 5157 1634 5210 ταῦτα
1684 5152 1824 5209 εἶναι
1854 5170 1869 5185 ·

294 5243 391 5295 καὶ
441 5242 578 5311 πρὸς
610 5243 769 5297 τοῦτο
797 5244 1075 5314 ἐπενοήθη
1111 5246 1407 5316 θεραπεία.
1455 5247 1516 5299 El
1565 5246 1675 5316 γὰρ
1706 5247 1733 5298 ὀ
1768 5245 1868 5314 τὴν

294 5336 483 5390 πίστιν
516 5338 719 5408 ταύτην
744 5338 961 5403 διδάξας
1013 5339 1193 5391 καὶτὰ
1220 5338 1477 5409 θαύματα
1525 5338 1866 5408 ἐργάσασθαι

291 5427 587 5496 λεγόμενος
619 5429 875 5494 πλούσιος
927 5425 1019 5502 ἦν,
1071 5432 1165 5483 καὶ
1234 5432 1413 5501 ἀρχὴν
1465 5431 1709 5500 μεγάλην
1767 5432 1864 5482 καὶ

292 5519 686 5589 στρατεύματα
713 5518 879 5591 εἶχεν,
914 5524 1091 5588 ἔδοξεν
1119 5524 1186 5577 ἂν
1222 5526 1363 5576 τισὶν
1428 5524 1510 5575 ὅτι
1564 5524 1599 5593 ἡ
1651 5521 1862 5573 ἐκείνου

286 5610 611 5665 διδασκαλία
666 5615 760 5668 καὶ
806 5616 879 5668 τὰ
927 5616 1181 5686 θαύματα
1246 5616 1542 5686 πλάσματά
1598 5618 1723 5681 εἱσι,
1773 5616 1864 5666 καὶ

377 5788 469 5842 ⁷³1
504 5788 648 5842 Pctr.
694 5801 756 5848 ιι.
796 5789 887 5841 24.

628 5880 893 5938 ιἈτιιοι..
936 5878 1051 5937 Gn.
1101 5876 1261 5939 CLII.

1967 4978 2093 5023 sunt
2132 4968 2401 5037 praestari.
2452 4967 2586 5033 Quia
2623 4978 2804 5021 tamen
2842 4983 2942 5038 par
2972 4978 3111 5033 erat,
3146 4983 3240 5025 eos
3284 4972 3375 5039 qui
3409 4981 3540 5028 tunc

1967 5070 2265 5130 praesentes
2296 5068 2456 5114 erant
2484 5074 2544 5113 ac
2568 5059 2845 5127 videbant,
2881 5068 3013 5116 tunc
3045 5062 3390 5127 credituros;
3439 5082 3559 5139 ρο.⁸

1967 5161 2146 5206 steros
2176 5164 2326 5213 vero,
2379 5149 2630 5219 figmenta
2685 5149 2801 5204 haze
2848 5165 2993 5215 esse,
3040 5153 3156 5206 fore
3195 5154 3534 5222 objecturos;

1968 5243 2095 5296 huic
2141 5256 2359 5311 quoque
2415 5240 2719 5311 echgitata
2756 5243 2936 5296 cautio
2967 5252 3069 5298 est.
3108 5243 3241 5298 Nam
3289 5245 3333 5300 si
3367 5244 3412 5299 is
3445 5250 3535 5314 qui

1969 5335 2112 5388 hanc
2154 5335 2338 5388 docuit
2372 5332 2557 5393 fidem,
2588 5340 2642 5386 ct
2680 5333 2772 5402 qui
2809 5334 3073 5389 miracula
3105 5335 3301 5391 fecisse
3343 5350 3536 5388 narra-

1974 5436 2083 5490 tur,
2112 5425 2264 5480 dives
2311 5424 2524 5489 fuisset,
2571 5424 2871 5494 ingensque
2918 5426 3206 5495 imperium
3251 5439 3313 5479 ac
3352 5426 3540 5494 copias

1973 5518 2227 5583 haberet,
2257 5518 2455 5595 venire
2500 5517 2556 5570 in
2605 5527 2840 5572 mentem
2898 5518 3059 5573 alicui
3111 5526 3339 5587 poterat,
3392 5517 3539 5573 illius

1974 5613 2279 5668 doctrinam
2318 5626 2382 5665 ac
2422 5608 2685 5665 miracula
2718 5609 2971 5680 figmenta
3003 5624 3146 5675 esse,
3196 5610 3540 5681 humanaque

3070 5878 3148 5937 20
