4096 6292
598 365 709 426 6S9

1857 350 2252 413 MANUELIS
2290 350 2594 410 εΑιΕείΕ
3740 359 3832 421 ορο

601 472 839 541 potentia
873 482 923 526 et
955 470 1156 526 auxilio
1189 475 1399 538 recepta
1433 479 1570 522 esse.
1622 463 1698 517 Ne
1731 477 1858 517 vero
1882 464 2168 532 quisquam

2274 458 2378 511 ὑπὸ
2403 460 2687 528 δυνάμεως
2737 459 2834 514 καλ⁸
2901 461 3162 532 βοηθείας·
3208 463 3552 534 ἀνθρωπίνης
3617 471 3830 536 παρεδέο

597 569 703 620 hoc
739 565 908 626 dicat,
965 562 1059 619 sed
1097 561 1188 616 Dei
1238 561 1416 630 potius
1445 574 1582 627 opus
1615 571 1736 611 esse
1777 570 1969 610 omnes
1998 554 2171 607 conti-

586 667 839 722 .teantur,
873 668 1064 711 cuncta
1103 655 1315 708 inﬁrma
1341 666 1404 706 ac
1437 651 1668 719 projecta
1707 649 1900 719 clx-git;
1949 646 2170 700 Matrem

600 763 912 817 pauperem,
963 761 1189 817 egenam
1231 745 1421 808 vitam,
1457 743 1757 813 discipulos
1803 755 1867 795 ac
1915 738 2174 808 praadica-

525 884 528 886 .
601 849 746 892 tores
801 837 1050 891 homines
1093 837 1259 892 rudes
1290 846 1343 891 et
1393 835 1612 890 idiotas.
1657 832 1956 902 Reprobari
2000 830 2174 884 voluit

597 941 654 985 et
680 931 747 984 ad
785 939 1010 984 mortem
1045 944 1215 998 usque
1246 942 1399 982 reum
1429 926 1637 997 peragi,
1668 934 1725 979 ut
1769 924 1970 994 posteri
2017 922 2174 976 intel-

517 1063 522 1080 ι
599 1023 847 1093 ligerent,
884 1020 1005 1089 ejus
1035 1019 1342 1074 doctrinam
1393 1028 1446 1072 et
1479 1017 1742 1072 miracula
1779 1031 1886 1069 non
1924 1015 2174 1068 humanae

596 1111 834 1175 virtutis,
869 1113 962 1166 sed
1010 1108 1106 1163 Dei
1152 1111 1408 1180 potentiae
1449 1108 1812 1164 existimanda
1844 1121 1985 1162 esse.
2019 1104 2175 1159 Unde

591 1209 761 1270 etiam
790 1202 1051 1272 quidquid
1083 1209 1266 1270 ageret
1307 1216 1369 1254 ac
1407 1209 1708 1270 pateretur,
1741 1200 1978 1252 humana
2016 1197 2173 1251 inlir-

597 1297 758 1350 initas
789 1294 989 1348 divina:
1027 1293 1214 1348 virtuti
1245 1306 1462 1361 semper
1492 1305 1674 1346 comes
1712 1299 1848 1344 erat.
1880 1289 1933 1342 In
1966 1287 2174 1343 Nativi-

597 1397 710 1440 tate
742 1385 888 1439 enim
917 1384 1244 1452 paupercula
1271 1384 1517 1452 quaedam
1546 1381 1931 1444 cernebantur,
1955 1396 2170 1449 specus,

595 1476 806 1536 fasciae,
841 1483 893 1529 et
917 1490 1036 1542 qua:
1060 1475 1177 1540 ejus
1211 1473 1425 1543 generis
1450 1482 1576 1526 sunt
1602 1489 1617 1538 ;
1654 1486 1840 1525 verum
1870 1471 1938 1525 ab
1963 1469 2173 1541 angelis

593 1571 945 1630 laudabatur,
1002 1582 1064 1621 ac
1120 1567 1277 1621 stt-lla
1323 1565 1462 1619 duce
1509 1579 1538 1616 a
1593 1563 1760 1632 Magis
1813 1561 2169 1616 adorabatur.

596 1662 867 1716 Tentatur
899 1674 928 1711 a
963 1658 1204 1722 diabolo,
1236 1658 1328 1712 sed
1371 1655 1548 1726 angeli
1578 1654 1626 1709 ei
1656 1654 1991 1708 ministrant.
2023 1652 2173 1707 Men-

594 1754 700 1808 dici
735 1755 900 1807 vitam
935 1768 1000 1806 ac
1043 1765 1332 1820 pauperem
1364 1748 1505 1819 egit;
1548 1761 1738 1802 verum
1768 1745 2001 1800 suscitat
2027 1760 2174 1799 mor-

596 1857 722 1898 tuos
754 1856 807 1899 et
837 1843 996 1898 caecis
1027 1843 1200 1896 visum
1233 1839 1486 1896 restituit.
1522 1837 1684 1892 Cruci
1721 1836 1912 1892 allixus
1937 1846 2168 1891 mortem

595 1935 732 1999 obit,
772 1945 827 1990 et
873 1934 1178 1989 latronibus
1207 1941 1563 1994 accensetur;
1604 1944 1792 1984 verum
1843 1929 1923 1983 sol
1958 1929 2009 1982 in
2053 1928 2171 1996 ejus

597 2039 772 2082 morte
810 2027 1159 2086 obscuratur,
1186 2033 1328 2078 terra
1356 2022 1561 2084 tremit,
1585 2030 1752 2090 petrae
1785 2029 2170 2083 conteruntur,

593 2120 912 2188 aperiuntur
939 2123 1317 2179 monumenta,
1343 2123 1684 2167 mortuorum
1724 2126 1954 2179 corpora
1985 2125 2171 2166 resur-

594 2223 748 2281 gum.

669 2388 726 2443 Si
761 2388 924 2458 igitur
953 2388 1037 2442 his
1071 2389 1142 2441 ita
1185 2387 1352 2457 gestis
1378 2385 1482 2440 alia
1525 2386 1648 2454 quis
1692 2393 1974 2454 prazterea,
2011 2393 2070 2438 ut
2105 2385 2169 2437 ad

597 2481 756 2535 iidem
799 2480 1124 2544 inducatur,
1167 2479 1360 2546 quaerit
1402 2479 1557 2548 signa
1584 2516 1599 2540 ,
1653 2478 1736 2531 vel
1782 2477 1930 2531 saxis
1981 2475 2172 2530 durior

505 2593 518 2599 ·
597 2573 702 2626 erit
728 2589 743 2625 :
775 2572 973 2642 quippe
997 2585 1122 2625 cum
1155 2570 1316 2624 illain
1347 2569 1547 2625 Christi
1579 2577 1751 2623 morte
1768 2568 1938 2624 scissa
1964 2568 2075 2622 sint
2097 2568 2165 2620 ⁷⁵.

598 2665 680 2719 Ad
704 2662 956 2719 eumdem
985 2677 1114 2718 vero
1149 2662 1367 2717 modum
1399 2662 1564 2716 etiam
1591 2661 1892 2729 discipulos
1917 2660 2079 2730 elegit
2117 2670 2174 2714 et

599 2758 666 2814 ad
696 2756 1104 2827 praedicandum
1141 2755 1306 2817 misit,
1337 2753 1669 2817 illitteratos,
1705 2751 1996 2820 ignobiles,
2034 2765 2171 2822 pau-

594 2864 778 2918 peres,
828 2849 1170 2916 piscatores;
1228 2859 1366 2914 quos
1418 2844 1674 2912 praecepit
1728 2843 1970 2911 abjectos
2028 2857 2168 2905 esse,

600 2950 970 3008 contemptum
1017 2937 1178 3001 ferre,
1211 2951 1317 2989 non
1347 2948 1683 3004 congregare
1726 2934 1967 2996 divitias,
2000 2933 2172 2987 hono-

599 3043 712 3094 res,
759 3029 1011 3096 gloriam.
1064 3027 1126 3080 lli
1176 3027 1454 3080 enimvero
1486 3042 1610 3082 cum
1645 3043 1706 3082 se
1755 3027 1836 3082 sic
1889 3029 2169 3090 haberent,

602 3119 865 3172 miracula
896 3118 1149 3179 edebant,
1195 3125 1252 3170 ut
1280 3127 1334 3171 et
1361 3132 1553 3171 eorum
1598 3117 1850 3172 doctrina
1881 3118 2062 3172 divina
2093 3119 2172 3172 vi-

601 3210 844 3271 deretur,
880 3223 985 3261 non
1019 3222 1083 3261 ex
1119 3209 1354 3262 humana
1383 3207 1649 3276 sapientia
1693 3222 1758 3261 ac
1779 3207 2002 3271 virtute,
2038 3221 2168 3275 pro-

494 3321 510 3335 ο
606 3297 771 3352 tecta.
800 3296 999 3351 Eadem
1029 3298 1316 3366 patrabant
1348 3295 1608 3349 miracula
1635 3303 1799 3364 atque
1832 3295 1915 3348 his
1939 3296 2161 3362 majora.

601 3390 735 3446 ham
789 3406 980 3445 eorum
1039 3389 1231 3448 umbra
1287 3401 1533 3443 mortuos
1588 3387 1890 3441 suscitabat
1934 3386 2002 3440 ⁷⁵.
2053 3386 2170 3456 Ipse

600 3485 746 3538 enim
792 3482 930 3537 dixit
967 3498 980 3534 :
1015 3501 1034 3533 ι
1085 3481 1188 3547 Qui
1233 3481 1407 3536 credit
1457 3479 1508 3534 in
1548 3494 1654 3542 me,
1699 3493 1866 3548 opera
1911 3493 2028 3547 qua:
2071 3495 2171 3549 ego

595 3574 765 3638 facio,
810 3583 864 3628 et
915 3573 1030 3643 ipse
1075 3573 1257 3636 faciet,
1306 3582 1362 3626 et
1411 3569 1618 3639 majora
1671 3568 1784 3624 illis
1830 3567 1990 3624 faciet
2033 3569 2100 3623 ⁷⁸.
2145 3589 2162 3620 ι

598 3664 792 3719 Omnia
833 3680 960 3718 vero
991 3663 1356 3727 sustinebant,
1411 3662 1505 3732 qui
1556 3661 1817 3715 nimirum
1866 3660 1920 3714 in
1966 3660 2169 3718 Christi

599 3756 910 3826 passionem
953 3771 1016 3810 ac
1055 3763 1286 3811 mortem
1330 3755 1661 3822 aspicerent,
1704 3753 1798 3822 qui
1831 3752 1910 3806 eis
1956 3753 2171 3808 loeutus

597 3848 721 3905 erat
762 3867 778 3902 :
817 3868 834 3899 ί
878 3847 936 3901 Si
987 3863 1074 3902 me
1122 3846 1395 3917 persecuti
1439 3857 1588 3909 sunt,
1622 3860 1676 3899 et
1711 3859 1807 3899 vos
1844 3860 2174 3914 persequen-

600 3952 690 3997 tur
717 3941 782 3994 "".
816 3959 835 3992 ι

672 4032 810 4099 Quia
843 4047 971 4086 vero
1005 4033 1172 4086 homo
1203 4031 1474 4086 voluntati
1505 4048 1616 4086 suae
1647 4031 1966 4095 indulserat,
1997 4041 2174 4085 trans-

601 4137 934 4194 gressusque
977 4129 1116 4186 erat,
1152 4135 1214 4174 ac
1246 4136 1311 4176 ea
1347 4121 1555 4176 ratione
1595 4120 1706 4176 Deo
1739 4121 1994 4190 injuriam
2027 4122 2170 4174 fece-

605 4223 709 4278 rat,
743 4216 885 4282 quod
939 4222 1248 4268 creatorum
1284 4213 1351 4266 ab
1405 4213 1522 4279 ipso
1571 4212 1976 4267 nobilissimum
2032 4211 2171 4281 (ejus

602 4307 804 4375 quippe
850 4305 1051 4358 factum
1100 4303 1495 4375 haereditatem)
1534 4303 1693 4358 malis
1740 4303 1999 4372 operibus
2047 4305 2172 4359 sub-

601 4401 868 4461 duxerat;
905 4409 968 4450 ac
1000 4394 1203 4448 idcirco
1234 4409 1408 4464 preme
1453 4395 1706 4449 maxima:
1735 4411 1862 4451 reus
1891 4405 2030 4462 erat,
2061 4393 2170 4467 quo

2289 553 2520 621 χθησαν.
2549 552 2668 607 Ἵνα
2690 553 2746 604 δὲ
2791 553 2973 623 μηδεὶς
2998 554 3160 608 τοῦτο
3195 555 3346 624 εἴπῃ,
3405 557 3540 608 Θεοῦ
3601 557 3656 610 δὲ
3687 558 3829 629 ἔργον

2275 637 2418 694 εἶναι
2455 643 2564 703 πᾶς
2617 659 2700 704 τις
2749 644 3079 714 ὁμολογήσῃ,
3135 643 3312 696 πάντα
3360 646 3426 697 τὰ
3491 645 3689 715 ἀσθενῆ
3745 649 3829 700 καὶ

2276 733 2621 804 ἀπεῤῥιμένα
2652 734 2957 805 προείλετο,
2991 735 3202 804 πένητα
3239 736 3474 805 μητέρα,
3507 737 3665 791 ἐνδεᾶ
3707 729 3852 806 βίον,⁰

2278 826 2526 898 μαθητὰς
2561 829 2655 880 καὶ
2686 829 2934 897 κήρυκας
2962 826 3197 889 ἰδιώτας.
3266 827 3559 896 Ἠθέλησεν
3591 829 3825 882 ἀποδοκι-

2281 921 2556 992 μασθῆναι
2608 921 2702 973 καὶ⁸
2731 919 3200 986 καταδικασθῆναι
3235 922 3395 990 μέχρι
3455 921 3711 984 θανάτου,
3751 925 3827 976 ἵνα

2275 1016 2386 1075 τοῖς
2417 1010 2647 1081 ὔστερον
2679 1013 2713 1081 ἡ
2740 1011 2953 1064 ἐκείνου
2979 1012 3300 1066 διδασκαλία
3352 1014 3447 1066 καὶ
3484 1015 3552 1067 τὰ
3584 1014 3824 1084 θαύματι

2277 1107 2444 1174 φανῇ,
2469 1105 2550 1157 ὅτι
2594 1105 2694 1157 οὐκ
2751 1105 3100 1175 ἀνθρωπίνης
3165 1104 3472 1175 δυνάμεως,
3525 1108 3660 1161 ἀλλά
3702 1108 3822 1160 Θεοῦ

2274 1189 2436 1264 ἦσαν.
2472 1193 2635 1246 Ὅθεν
2665 1197 2760 1248 καὶ
2811 1197 2869 1247 ὲν
2908 1187 2989 1254 οἷς
3020 1191 3194 1245 ἐποίει
3247 1195 3342 1246 καὶ
3391 1194 3653 1264 ἔπασχεν.
3682 1197 3713 1265 ὴ
3743 1197 3822 1247 ἀνα

2278 1284 2815 1354 θρωπίνητάσθένεια
2851 1285 2939 1337 ἀεὶ
2982 1287 3049 1354 τῇ
3081 1283 3201 1354 θείᾳ
3232 1284 3462 1354 δυνάμει
3521 1286 3820 1355 συνήπτετο,

2289 1377 2377 1429 Ἑν
2415 1375 2523 1445 γὰρ
2557 1378 2623 1446 τῇ
2655 1377 2908 1445 γεννήσει
2949 1376 3183 1446 πενιχρά
3222 1393 3346 1430 τινα
3374 1377 3681 1444 ἐφαίνοντο,
3703 1379 3820 1445 σπὴο

2275 1470 2425 1520 λαιον
2480 1469 2577 1520 καὶ
2608 1469 2919 1536 σπάργανα,
2955 1470 3049 1521 καὶ
3098 1467 3326 1523 τοιαῦτα
3351 1485 3364 1498 ·
3417 1470 3536 1522 ἀλλ’
3573 1471 3672 1523 ὑπὸ
3730 1470 3820 1522 τιέν

2274 1559 2525 1627 ἀγγέλων
2549 1560 2821 1629 ὑμνεῖται,
2853 1562 2949 1613 καὶ
2971 1561 3203 1631 ἀστέρος
3219 1560 3546 1630 όδηγοῦντος
3599 1578 3818 1632 προσκυο

2275 1653 2448 1705 νεῖται
2485 1651 2589 1704 ὑπὸ
2611 1653 2718 1704 τῶν
2740 1651 2967 1719 Μάγων.
3034 1653 3171 1706 Ὑπὸ
3210 1652 3304 1706 τοῦ
3355 1653 3607 1706 διαϐόλου
3647 1652 3817 1720 πειρά-

2275 1743 2466 1807 (star
2497 1742 2611 1795 ἀλλ’
2653 1743 2875 1811 ἄγγελοι
2913 1744 3251 1798 διακονοῦσιν
3311 1744 3485 1816 αὐτῷ.
3537 1746 3816 1816 Προσαίτης

2273 1834 2458 1888 διεϐίω
2485 1835 2584 1888 καὶ
2606 1835 2774 1905 πένης
2802 1851 2816 1867 ⁶
2861 1835 2975 1888 ἀλλ’
2999 1835 3248 1908 ἀνίστησι
3285 1838 3411 1901 τοὺς
3470 1841 3694 1908 νεκροὺς
3736 1838 3818 1890 καὶ

2273 1927 2401 1989 τοὺς
2454 1925 2689 1994 τυφλοὺς
2754 1927 3001 1995 φωτίζει.
3055 1927 3291 1998 Θνήσκει
3343 1931 3568 2000 σταυρῷ
3602 1947 3816 2001 προσπα-

2274 2019 2422 2086 γεὶς,
2484 2017 2898 2087 συναριθμεῖται
2939 2018 3191 2091 λῃσταῖς·
3225 2021 3341 2076 ἀλλ’
3397 2025 3426 2075 ὁ
3470 2024 3620 2094 ⁴ἣλιος
3659 2024 3712 2075 ὲν
3753 2020 3816 2090 τῷ

2275 2109 2492 2178 θανάτῳ
2516 2108 2708 2162 τούτου
2733 2107 3066 2177 σκοτίζεται,
3098 2114 3130 2180 ἡ
3153 2111 3226 2179 γῆ
3274 2112 3494 2181 τρέμει,
3533 2111 3814 2183 συντρίϐον-

2272 2218 2360 2253 ται
2394 2203 2609 2270 πέτραι,
2655 2203 2902 2270 μνημεῖα
2963 2202 3294 2271 ἀνοίγονται,
3355 2206 3424 2258 τὰ
3476 2205 3585 2258 τῶν
3629 2203 3810 2274 νεκρῶν

2273 2294 2588 2346 ἀνίστανται
2615 2295 2863 2365 σώματα.

2346 2386 2407 2437 El
2433 2385 2613 2439 τοίνυν
2643 2387 2851 2440 τούτων
2886 2389 3198 2459 γενομένων
3238 2391 3402 2462 ἕτερα
3429 2396 3634 2463 σημεῖα
3663 2393 3811 2462 ζητή-

2277 2495 2360 2530 σει
2382 2495 2486 2542 τις,
2518 2479 2655 2548 πρὸς
2681 2480 2741 2531 τὸ
2774 2480 3090 2546 πιστεῦσαι,
3127 2483 3223 2535 καὶ
3258 2484 3422 2538 λίθων
3480 2486 3811 2556 σκληρότερος

2274 2567 2449 2634 ἔσται,
2478 2571 2552 2633 ώς
2577 2569 2784 2623 τούτων
2827 2571 2885 2620 ἐν
2916 2573 2996 2638 τῷ
3037 2572 3132 2624 τοῦ
3169 2571 3406 2642 Χριστοῦ
3465 2572 3670 2643 θανάτῳ
3717 2589 3811 2641 σχι-

2276 2658 2533 2713 σθέντων.
2561 2661 2715 2712 Κατά
2736 2661 2827 2713 τὸν
2855 2661 3017 2716 αὐτὸν
3068 2660 3130 2730 δὴ
3162 2662 3361 2731 τρόπον
3413 2663 3509 2715 καὶ
3541 2665 3659 2726 τοὺς
3707 2679 3810 2730 μα-

2275 2751 2442 2819 θητάς
2469 2751 2750 2821 προείλετο
2791 2753 2885 2805 καὶ
2909 2753 2988 2815 είς
3031 2753 3093 2804 τὸ
3131 2755 3396 2821 κήρυγμα
3431 2753 3799 2818 ἐξαπέστειλεν,

2273 2844 2698 2912 ἀγραμμάτους,
2740 2845 3006 2910 ἀγεννεῖς,
3037 2845 3302 2914 πένητας,
3331 2846 3523 2909 ἁλιεῖς,
3548 2847 3636 2908 οὓς
3657 2846 3809 2914 ἀπερο

2275 2934 2580 3003 ριμμένους
2608 2934 2942 3004 προσέταξεν
2984 2932 3147 2999 εἶναι,
3207 2937 3650 3007 καταφρονεῖσθαι
3696 2938 3810 2988 ὑπο-

2273 3027 2482 3094 μένειν,
2526 3027 2601 3095 μὴ
2636 3027 2900 3101 συνάγειν.
2942 3027 3197 3094 πλοῦτον,
3261 3029 3444 3098 τιμὰς,
3497 3028 3666 3092 δόξαν.
3712 3025 3810 3079 Καὶ

2274 3118 2428 3170 αὐτοὶ
2453 3119 2510 3170 δὲ
2543 3117 2713 3180 οὕτως
2746 3118 2982 3188 ἔχοντες,
3023 3119 3282 3189 θαύματα
3323 3120 3552 3185 ἐποίουν,
3589 3120 3666 3170 ἵνα
3720 3117 3805 3168 καὶ

2274 3210 2307 3279 ἡ
2339 3210 2542 3262 τούτων
2573 3208 2894 3262 διδασκαλία
2921 3209 3044 3262 θεία
3072 3211 3350 3280 φαίνηται,
3395 3212 3481 3261 καὶ
3508 3209 3600 3260 οὐκ
3624 3206 3682 3269 ἐξ
3713 3207 3803 3259 ἀν-

2276 3303 2559 3376 θρωπίνης
2603 3305 2799 3373 σοφίας
2828 3301 3250 3370 καὶδυνάμεως.
3307 3301 3552 3370 Θαύματα
3597 3297 3796 3349 ἐποίουν

2273 3396 2340 3449 τὰ
2369 3395 2530 3460 αὐτὰ,
2564 3396 2660 3450 καὶ
2687 3395 2879 3464 μείζω.
2922 3393 2989 3448 'H
3014 3393 3124 3462 γὰρ
3178 3393 3306 3448 σκιὰ
3356 3393 3548 3446 τούτων
3589 3389 3795 3458 νεκροὺς

2273 3486 2488 3554 ἀνίστη.
2518 3484 2694 3546 Αὐτὸς
2721 3485 2832 3554 γὰρ
2863 3479 3037 3545 εἶπεν,
3076 3500 3094 3532 ι
3139 3481 3199 3536 '0
3231 3483 3498 3535 πιστεύων
3520 3482 3606 3543 εἰς
3627 3478 3716 3548 ἐμὲ
3741 3476 3803 3529 τὰ

2274 3575 2472 3645 έργαᾶ
2521 3575 2635 3642 ἐγὼ
2674 3574 2831 3639 ποιῶ,
2887 3575 3141 3636 κάκεῖνος
3176 3575 3413 3649 ποιήσει,
3471 3574 3560 3625 καὶ
3608 3570 3807 3641 μείζονα

2276 3669 2480 3722 τούτων
2509 3669 2751 3738 ποιήσει.
2793 3686 2810 3716 ι
2844 3667 3028 3730 Πάντα
3069 3667 3126 3719 δὲ
3161 3667 3454 3736 ὑπέμενον,
3483 3663 3610 3736 πρὸς
3647 3663 3701 3714 τὺ
3719 3661 3809 3712 πά-

2274 3760 2365 3823 ilo;
2395 3758 2797 3822 ἀποϐλέποντες
2840 3759 2936 3812 καὶ
2995 3759 3086 3811 τὸν
3147 3758 3384 3812 θάνατον
3429 3757 3523 3810 τοῦ
3572 3752 3809 3824 Χριστοῦ,

2272 3853 2329 3915 ὃς
2361 3854 2545 3916 αὐτοῖς
2571 3847 2746 3916 εἶπεν,
2782 3868 2800 3902 ι
2840 3850 2902 3904 El
2940 3849 3040 3920 ἐμὲ
3086 3850 3338 3915 ἐδίωξαν,
3371 3850 3468 3903 καὶ
3516 3849 3651 3916 ὑμᾶς
3697 3843 3811 3897 διώ-

2277 3946 2478 4011 ξουσιν.
2517 3965 2535 3996 ι

2346 4037 2500 4091 Ἐπεὶ
2526 4038 2581 4090 δὲ
2621 4039 2648 4090 ὁ
2687 4033 2976 4106 ἄνθρωπος
3022 4034 3368 4107 συνεχώρησε
3409 4038 3475 4106 τῇ
3521 4031 3706 4088 ἑαυτοῦ
3739 4027 3814 4081 θε-

2273 4130 2450 4200 λήσει,
2482 4131 2575 4181 καὶ
2636 4128 2848 4199 παρέϐη
2904 4129 2998 4181 καὶ
3044 4128 3270 4197 ἠδίκησε
3317 4129 3462 4182 κατά
3543 4125 3692 4178 τοῦτο
3735 4105 3847 4174 τὸν’

2273 4221 2428 4284 Θεὸν,
2485 4220 2544 4273 τὸ
2601 4220 2809 4288 κτίσμα
2844 4217 3013 4270 αὐτοῦ
3069 4217 3130 4270 τὸ
3179 4215 3509 4288 τιμιώτερον
3557 4211 3815 4283 ζημιώσας

2274 4313 2464 4375 αὐτὸν,
2508 4312 2627 4382 (καὶ
2699 4313 2804 4380 γὰρ
2864 4309 3199 4380 κληρονομία
3243 4308 3410 4362 αὐτοῦ
3457 4305 3690 4378 ἐγένετο)
3739 4299 3817 4355 διὰ

2275 4407 2380 4458 τῶν
2409 4403 2665 4476 πονηρῶν
2693 4404 2894 4475 ἔργων,
2932 4405 3029 4458 καὶ
3055 4403 3146 4456 διὰ
3181 4402 3340 4456 τοῦτο
3368 4402 3635 4472 ὠφείλετο
3686 4393 3816 4463 αὐτῷ

577 4498 657 4554 _et
704 4487 844 4542 Deus
889 4487 1088 4556 injuria
1117 4486 1342 4543 allectus
1386 4488 1522 4542 citra
1549 4503 1765 4543 omnem
1799 4490 2167 4559 comparatio-

2275 4497 2515 4568 τιμωρία
2547 4497 2802 4567 μεγίστη,
2860 4500 2970 4563 ὅσῳ
3007 4495 3155 4548 καὶὸ
3199 4494 3487 4561 ἀδικηθεὶς
3539 4492 3666 4554 Θεὸς
3709 4486 3814 4558 μεί-

601 4594 727 4634 netu
776 4579 990 4634 cunctis
1037 4578 1212 4649 major
1246 4595 1309 4636 ac
1357 4581 1703 4649 praestantior
1751 4593 1853 4643 est,
1893 4596 1994 4636 tuc
2027 4582 2169 4636 ullus

2273 4588 2382 4651 ζων
2416 4587 2632 4641 πάντων
2663 4588 3012 4654 ἀσυγκρίτως
3060 4586 3228 4639 ἐστίν·
3267 4586 3447 4648 οὐδεὶς
3473 4582 3621 4655 δὲῆν
3652 4581 3817 4640 ἱκανὸς

599 4681 719 4725 erat
753 4674 844 4742 qui
879 4681 1044 4728 tanta:
1077 4672 1291 4742 injuria:
1333 4687 1550 4742 poenam
1598 4672 1654 4726 in
1706 4687 1764 4727 se
1800 4685 1985 4742 posset
2027 4673 2169 4728 rcci-

2274 4683 2348 4742 εἱς
2401 4680 2594 4745 ἑαυτὸν
2628 4678 2988 4744 ἀναδέξασθαι
3054 4677 3155 4745 τὴν
3189 4682 3463 4747 τιμωρίαν
3514 4680 3611 4747 τῆς
3638 4672 3818 4728 τοσαῦ-

600 4779 748 4833 pere,
784 4765 856 4819 uti
893 4766 1096 4821 dictum
1141 4780 1170 4819 a
1219 4766 1374 4820 nobis
1413 4773 1531 4828 est;
1569 4765 1707 4819 hanc
1752 4764 1843 4819 Dei
1886 4764 2056 4820 Filius
2087 4767 2169 4820 fa-

2274 4789 2368 4842 της
2395 4771 2630 4838 ἀδικίας,
2665 4771 2738 4834 ώς
2765 4770 2996 4840 εἴπομεν
3018 4785 3030 4799 ο
3062 4769 3292 4823 ἀνέλαϐε
3339 4768 3550 4840 ταύτην
3602 4768 3696 4837 τὴν
3751 4781 3819 4815 τι·

601 4866 725 4910 ctus
755 4857 920 4912 homo
963 4857 1188 4927 recepit,
1223 4869 1527 4928 cunctaque
1559 4871 1853 4926 perpessus
1883 4867 1986 4922 est,
2032 4873 2170 4927 quo-

605 4963 724 5000 rum
759 4963 858 5004 nos
890 4964 1111 5004 eramus
1162 4949 1262 5015 rei,
1311 4964 1517 5019 nosque
1565 4949 1794 5004 redemit
1825 4964 1889 5002 ex
1933 4949 2172 5004 inimicis

606 5035 830 5100 nostris,
869 5038 962 5104 qui
1000 5037 1146 5092 velut
1179 5041 1395 5108 propria
1430 5039 1624 5108 spolia,
1653 5041 1857 5108 peccati
1888 5049 2038 5094 rcatu
2073 5042 2174 5093 atl-

605 5128 807 5190 dictos,
840 5127 1176 5182 detinebant.
1233 5132 1427 5200 Sicque
1478 5133 1531 5184 itt
1584 5147 1650 5185 eo
1702 5133 1916 5201 impleta
1963 5132 2174 5201 juStitia

601 5229 706 5272 est.
741 5218 997 5272 I’eccator
1031 5220 1180 5273 enim
1235 5233 1288 5273 et
1323 5224 1414 5288 qui
1466 5220 1692 5276 otl‘endit
1744 5222 1983 5293 facitque
2032 5223 2172 5292 inju-

603 5312 763 5368 riattt.
811 5326 967 5379 paena
1015 5311 1152 5364 allici
1195 5311 1372 5366 debet.
1405 5311 1584 5367 Nostri
1619 5331 1744 5369 vero
1778 5317 1919 5380 loco,
1953 5315 2042 5370 Dei
2089 5315 2173 5369 Fi-

603 5410 707 5460 lius
738 5405 914 5459 factus
965 5404 1128 5458 homo
1174 5417 1387 5473 pmnam
1429 5406 1669 5471 sustulit,
1697 5408 1858 5476 inque
1887 5424 2009 5462 eum
2054 5424 2172 5462 mo-

600 5497 730 5550 dum
759 5498 904 5565 justa
949 5498 1158 5550 ratione
1187 5496 1428 5550 nancisci
1468 5498 1903 5553 nns'lihertatem
1955 5500 2169 5568 obtigit.

602 5589 659 5640 Si
693 5592 838 5644 enim
884 5591 992 5645 alio
1041 5592 1200 5644 modo
1245 5605 1365 5644 eam
1401 5605 1649 5645 essemus
1700 5590 2005 5655 consecuti,
2053 5592 2166 5646 sive

2275 4863 2486 4934 μωρίαν
2508 4868 2534 4916 ό
2563 4859 2664 4917 τοῦ
2710 4861 2847 4916 Θεοῦ
2880 4862 3007 4924 Υἱὸς
3040 4865 3330 4931 γενόμενος
3386 4861 3692 4932 ἅνθρωπος,
3739 4855 3820 4907 καὶ

2273 4955 2472 5007 ἔπαθεν
2489 4955 2590 5006 ὅσα
2622 4955 2778 5024 ἡμεῖς
2809 4954 3097 5022 ὀφείλομεν
3122 4953 3340 5018 παθεῖν,
3370 4955 3468 5006 καὶ
3493 4953 3821 5022 ὲλυτρώσατο

2273 5047 2420 5114 ἡμᾶς
2450 5048 2513 5100 ὲκ
2543 5045 2653 5097 τῶν
2695 5047 2907 5116 ἐχθρῶν
2940 5045 3119 5116 ἡμῶν,
3155 5045 3205 5098 οἳ
3265 5047 3520 5115 κατεῖχον
3566 5044 3710 5113 ἡμᾶς
3755 5039 3822 5096 ὡς

2275 5135 2381 5187 ἴδια
2405 5135 2642 5204 λάφυρα,
2677 5133 3046 5196 δουλωθέντας
3075 5133 3164 5187 διὰ
3211 5131 3311 5202 τὴν
3364 5130 3642 5201 ἁμαρτίαν
3679 5143 3692 5156 ⁸
3741 5120 3824 5175 καὶ

2273 5222 2446 5288 οὕτως
2479 5223 2774 5294 ἐπληρώθη
2823 5225 2881 5276 ἐν
2943 5223 3092 5293 αὐτῴ
3145 5224 3179 5291 ἡ
3229 5220 3564 5290 δικαιοσύνη.
3619 5218 3675 5271 '0
3727 5213 3823 5282 γὰρ

2276 5318 2605 5388 ἁμαρτάνων
2662 5318 2758 5371 καὶ
2825 5316 3032 5369 πταίων
3076 5316 3172 5368 καὶ
3216 5314 3418 5368 ἀδικῶν
3478 5306 3824 5382 τιμωρεῖσθαι

2273 5408 2497 5477 ὀφείλει.
2554 5406 2906 5478 Ἐτιμωρήθη
2957 5405 3052 5459 οὖν
3109 5404 3229 5458 ἀνθ’
3264 5403 3422 5474 ἡμῶν
3485 5405 3514 5456 ὁ
3563 5401 3687 5462 Υἱὸς
3737 5392 3822 5448 τοῦ

2271 5501 2408 5554 Θεοῦ
2441 5500 2733 5569 γενόμενος
2759 5498 3068 5567 ἄνθρωπος,
3125 5498 3222 5551 καὶ
3269 5497 3361 5550 τὸν
3393 5496 3598 5565 τρόπον
3651 5491 3825 5545 τοῦτον

2279 5591 2643 5660 ἠκολούθησεν
2694 5591 2825 5660 ἡμῖν
2876 5592 2907 5659 ἡ
2969 5589 3252 5661 ἰλευθερία
3302 5588 3443 5643 κατά
3499 5587 3592 5643 τὸν
3633 5584 3825 5637 δίκαιον

673 5762 713 5790 ³⁸
746 5761 930 5818 Matth.
967 5782 1155 5834 xvvm,
1196 5767 1279 5820 52.
1361 5768 1404 5800 ⁷⁵
1433 5769 1550 5824 Act.
1585 5784 1634 5836 ν,
1672 5765 1756 5834 15,
1835 5765 2056 5822 7‘Joan.
2090 5783 2170 5821 7m

2274 5770 2324 5822 '2.
2407 5769 2450 5800 ⁷⁷
2476 5729 2634 5823 σίοιιιι.
2669 5783 2757 5834 xv,
2795 5767 2882 5821 20.
