4056 6266
197 397 301 465 (ΣΙ

1169 387 1266 446 DE
1309 377 1734 446 PRINCIPIIS
1775 375 1981 437 FlDEl
2027 370 2501 435 CATIlOLlC.E.

3357 355 3466 418 02's

193 518 382 582 ἰόγον.
422 511 483 564 El
520 510 628 579 γὰρ
651 495 1538 575 ἀλλοτρόπωςὴλευῦερούμεθα,ἢ
1571 491 1784 563 ὁρισμῴ
1813 540 1818 550 ι

1922 489 1985 543 lci
2034 488 2255 542 decreto
2294 493 2348 540 et
2386 480 2650 553 potentia,
2702 479 2817 533 sive
2848 491 2943 545 per
2993 471 3270 542 angelum,
3323 472 3468 525 haud
3545 546 3552 556 ι

197 607 294 662 τοῦ
322 604 462 660 Θεοῦ
490 603 586 656 καὶ
610 600 857 669 δυνάμει,
894 598 928 667 ἢ
959 596 1028 648 δι’
1077 593 1334 662 ἀγγέλου,
1392 591 1494 643 οὐκ
1529 589 1595 642 ἂν
1649 589 1786 655 ἡκο-

199 700 388 754 λούθει
414 699 476 749 τὸ
513 695 654 766 μετὰ
677 691 1052 757 δικαιοσύνης.
1088 686 1255 741 Ἀλλά
1298 684 1408 754 μὴν
1433 686 1462 737 6
1521 680 1654 744 Θεὸς
1709 680 1788 732 δί-

202 790 364 852 καιός
391 790 570 841 ἐστιν.
611 786 699 848 Ὠς
723 779 820 838 οὖν
850 785 878 836 6
910 781 1069 848 λόγος
1124 779 1222 847 τῆς
1272 772 1625 842 δικαιοσύνης
1651 769 1792 841 ἀπῄ-

200 899 308 940 τει,
347 880 523 943 οὕτως
557 879 798 946 ἐγένετο.
835 874 1020 943 Ἱκανὴ
1061 873 1119 926 δὲ
1157 871 1332 941 ἐφάνη
1353 869 1449 922 καὶ
1479 870 1512 937 ἡ
1547 865 1792 927 διάλυσις

201 971 300 1024 τοῦ
327 968 677 1038 πταίσματος
735 965 830 1020 τοῦ
873 963 1222 1035 ἀνθρωπίνου
1291 961 1446 1031 παρά
1494 961 1592 1013 τοῦ
1658 957 1790 1010 Υἱοῦ

201 1061 301 1114 τοῦ
328 1059 470 1113 Θεοῦ
507 1059 803 1128 γενομένη,
828 1056 888 1120 ὃς
914 1055 1122 1123 προσλσ
1135 1055 1366 1126 ἦόμενος
1414 1054 1620 1121 σάρκα,
1653 1053 1791 1104 πάν-

205 1171 318 1216 τως
344 1154 576 1222 ἄπειρον
609 1153 708 1220 τὴν
742 1150 899 1216 ἀξίαν
929 1145 1064 1219 εἶχε,
1109 1148 1210 1201 καὶ
1247 1147 1324 1209 ὼς
1375 1147 1509 1207 Θεὸς
1573 1146 1669 1198 καὶ
1718 1144 1796 1204 ὡς

207 1245 502 1314 ἄνθρωπος
532 1243 942 1314 ἀναμάρτητος.
999 1241 1164 1292 Ὅσον
1204 1238 1298 1292 οῦν
1335 1241 1370 1308 ἡ
1418 1237 1558 1302 ἀξία
1599 1236 1793 1290 τούτου

209 1335 500 1404 ὑπερεῖχε,
531 1332 788 1386 τοσοῦτον
831 1331 1078 1403 ἠδυνήθη
1136 1331 1336 1401 ῥᾳδίως
1389 1331 1487 1383 καὶ
1541 1329 1640 1398 τὴν
1688 1328 1797 1382 τῶν

207 1426 523 1495 ἀνθρώπων
569 1427 710 1496 πρὸς
737 1425 830 1478 τὸν
859 1425 994 1477 Θεὸν
1022 1424 1227 1493 ἔχθραν
1270 1421 1650 1475 διαλύσασθαι.
1689 1421 1799 1474 Καὶ

211 1521 327 1588 γὰρ
361 1520 526 1588 ἴσμεν
573 1519 658 1572 ὅτι
705 1521 732 1571 6
769 1517 994 1588 μείζονα
1020 1515 1161 1588 ἔχων
1218 1515 1401 1581 ἀξίαν,
1442 1507 1611 1582 οἷονῆ
1649 1513 1802 1582 βασι-

210 1608 581 1679 λεῦςῆάλλος
638 1626 723 1670 τις
783 1607 1092 1678 ὑπερέχων,
1130 1605 1470 1678 παρακαλῶν
1520 1603 1660 1672 ὑπὲρ
1688 1603 1802 1656 δια-

211 1699 425 1759 λύσεως
457 1697 602 1759 τινὸς
645 1698 1010 1768 ἀδικήματος,
1083 1697 1286 1764 μᾶλλον
1336 1692 1713 1756 εἰσακούεται,
1764 1693 1796 1763 ἢ

212 1791 268 1842 εἴ
314 1807 402 1849 τις
438 1789 577 1860 ὑπὲρ
608 1788 772 1841 αὐτοῦ
799 1789 987 1841 τούτου
1010 1787 1104 1840 τοῦ
1133 1787 1474 1856 ἀδικήματος
1517 1785 1803 1855 ἱκετηρίαν

218 1883 530 1950 προτείνω,
573 1878 918 1950 στρατιώτης
961 1879 1189 1951 τυχδνῆ
1242 1880 1432 1949 ἕτερός
1474 1895 1557 1941 τις
1606 1876 1804 1930 ὑποϐε-

215 1971 434 2040 εηκώς.
467 1971 633 2024 Ὅθεν
668 1971 765 2024 καὶ
793 1969 939 2023 κατὰ
964 1970 1124 2023 τοῦτο
1146 1970 1257 2022 ἔδει
1292 1969 1385 2022 τὸν
1417 1968 1552 2020 Θεὸν
1598 1966 1807 2038 ἅνθρω-

221 2082 328 2118 πον
359 2063 640 2130 γενέσθαι,
670 2064 758 2115 ἵνα
784 2063 1016 2133 ἄπειρον
1063 2064 1164 2132 τὴν
1197 2062 1356 2128 ἀξίαν
1399 2062 1536 2132 ἔχων
1597 2061 1803 2131 δυνηθῇ

216 2156 287 2209 τὰ
315 2155 701 2225 ἁμαρτήματα
748 2153 1112 2208 διαλύσασθαι
1142 2153 1263 2217 ιτιῖἱιν
1311 2153 1641 2224 ἀνθρώπων
1673 2155 1810 2223 ὅπερ

215 2245 385 2305 ἄλλος
415 2244 660 2296 οὐδέποτ’
695 2243 760 2296 ἂν
777 2243 1033 2312 ἐδυνήθη,
1064 2243 1164 2296 οὐκ
1185 2243 1437 2310 ἅγγελος,
1470 2243 1569 2295 οὐκ
1600 2241 1813 2312 ἄνθρω-

221 2355 353 2399 πος.
394 2335 581 2397 Οὐδεὶς
621 2334 728 2403 γὰρ
753 2334 820 2387 ἂν
850 2333 1083 2404 ὲξισώθη
1121 2339 1183 2404 τῇ
1231 2334 1358 2405 ἀξίᾳ
1387 2333 1480 2386 τοῦ
1522 2332 1812 2404 Θεανθρώ-

225 2443 336 2478 που
378 2426 582 2493 Λόγου.

295 2519 401 2570 Διά
432 2519 602 2571 ταῦτα
633 2519 815 2573 τοίνυν
849 2519 910 2572 ού
933 2517 1017 2571 δεῖ
1047 2517 1234 2586 λέγειν
1258 2519 1339 2571 ὅτι
1371 2518 1594 2572 ἐδύνατο
1628 2520 1654 2572 6
1682 2518 1814 2579 Θεὸς

229 2607 326 2660 τὸν
356 2607 643 2678 ἄνθρωπον
675 2609 749 2678 μὴ
769 2610 1070 2678 συγχωρεῖν
1097 2613 1280 2661 πεσεῖν
1307 2609 1383 2671 είς
1406 2608 1504 2678 τὴν
1523 2609 1816 2678 ἁμαρτίαν.

230 2698 410 2750 Τοῦτο
440 2698 550 2766 γὰρ
573 2697 661 2751 τὸν
689 2699 850 2765 λόγον
881 2699 974 2752 τοῦ
1009 2697 1358 2762 αύτεξουσίου
1399 2701 1630 2769 ἀναιρεῖ.
1676 2702 1735 2752 '0
1764 2701 1819 2754 δὲ

230 2788 373 2850 θεὸς
394 2787 493 2858 τὴν
521 2788 670 2854 τάξιν
691 2789 800 2842 τῶν
822 2790 1164 2859 πραγμάτων
1187 2791 1286 2842 οὐκ
1307 2792 1542 2861 ἀναιρεῖ,
1566 2791 1702 2844 ἀλλὰ
1719 2793 1822 2844 σώ-

229 2879 340 2943 ζει.
361 2879 501 2932 Οῦτε
537 2880 828 2949 μὴνλέγειν
851 2880 996 2944 είκδς
1023 2883 1104 2935 ὅτι
1128 2881 1352 2934 ἐδύνατο
1370 2883 1498 2937 ἄνευ
1528 2883 1823 2948 διαλύσεως

236 2973 346 3044 τῆς
380 2973 658 3041 ἁμαρτίας
708 2973 800 3026 τὸν
845 2971 1137 3044 ἄνθρωπον
1187 2972 1450 3043 καθᾶραι.
1501 2975 1673 3027 Τοῦτο
1717 2977 1825 3044 γὰρ

234 3065 341 3136 τὴν
369 3065 527 3130 τάξιν
557 3064 654 3134 τῆς
672 3064 1030 3132 δικαιοσύνης
1045 3065 1280 3134 ἀναιρεῖ.
1313 3065 1564 3118 Φαίνεται
1592 3069 1770 3118 τοίνυν
1800 3068 1827 3118 ὁ

1891 579 1979 632 illa
2022 578 2200 641 nobis,
2252 573 2465 643 justitia
2516 569 2738 630 comite,
2788 575 2942 638 parta
2997 575 3164 618 esset.
3198 561 3271 616 At
3322 563 3470 614 enim

1892 669 2036 725 Deus
2075 669 2259 739 justus
2298 675 2402 722 est.
2436 662 2907 730 Quemadmouum
2941 657 3110 725 igitur
3139 652 3476 723 exposcebat

1887 762 2114 832 justitiae
2155 761 2317 825 ratio,
2351 759 2430 812 ita
2475 757 2681 812 factum
2725 761 2828 808 est.
2863 747 3152 803 Sullieiens
3203 760 3332 799 vero
3374 745 3474 797 liu-

1893 856 2040 911 mani
2075 855 2290 926 generis
2322 850 2546 907 olfensae
2577 846 2779 903 solutio
2811 861 2838 898 a
2874 843 2968 897 Dei
3005 840 3146 895 Filio
3185 838 3330 894 facta
3358 837 3473 891 visa

1893 962 1997 1015 est,
2023 951 2115 1020 qui
2143 948 2405 1004 nimirum
2445 950 2728 1010 assumpta
2766 955 2954 1002 carne,
2984 935 3209 991 omnino
3249 932 3476 987 inﬁnita:

1895 1039 2201 1109 dignitatis,
2249 1035 2520 1102 nullique,
2565 1024 2679 1087 tum
2727 1039 2786 1085 ut
2834 1028 3000 1092 Deus,
3048 1034 3161 1079 tum
3205 1032 3266 1078 ut
3309 1023 3474 1075 homo

1895 1131 2175 1189 obnoxius
2227 1138 2453 1199 peccato
2503 1135 2670 1182 esset.
2702 1122 2981 1191 Quantum
3019 1119 3184 1190 igitur
3222 1116 3342 1184 ejus
3387 1114 3474 1168 di-

1897 1223 2077 1293 gnitas
2109 1221 2424 1293 praestabat,
2471 1225 2621 1271 tanto
2665 1226 2720 1270 et
2766 1212 2981 1268 {acilius
3029 1208 3314 1264 hominum
3346 1220 3473 1259 cum

1900 1317 2010 1371 Deo
2042 1313 2386 1368 inimicitiam
2435 1308 2734 1364 dissolvere
2766 1304 2965 1374 potuit.
2999 1300 3110 1356 Nec
3149 1300 3296 1355 enim
3324 1297 3474 1360 lutet,

1899 1409 1990 1476 qui
2040 1404 2232 1473 majori
2284 1403 2448 1473 pollet
2499 1399 2786 1470 dignitate,
2841 1407 2966 1463 puta
3021 1409 3137 1458 rex,
3188 1391 3301 1444 sive
3337 1389 3479 1442 alius

1901 1498 2170 1570 quispiam
2205 1510 2520 1567 procerum,
2553 1493 2680 1548 dum
2716 1505 2904 1559 preces
2927 1486 3088 1542 ollert
3123 1484 3190 1538 ad
3223 1483 3482 1552 injuriam

1903 1593 2142 1658 aliquam
2180 1588 2519 1648 diluendam,
2553 1585 2734 1654 potius
2780 1580 3053 1644 exaudiri,
3079 1593 3241 1649 quam
3272 1578 3316 1630 si
3360 1576 3487 1646 quis

1906 1702 2008 1756 pro
2038 1685 2228 1741 eadem
2260 1681 2460 1751 injuria
2491 1679 2786 1749 supplicet,
2815 1684 2943 1746 puta
2973 1674 3152 1737 miles,
3186 1671 3301 1726 sive
3329 1669 3487 1740 quis-

1908 1780 2033 1850 quis
2059 1778 2205 1832 alius
2232 1775 2497 1845 dignitate
2531 1771 2755 1825 inferior
2783 1778 2890 1822 est.
2925 1766 3134 1820 Idcirco
3166 1762 3397 1818 decebat
3427 1773 3488 1816 ut

1909 1872 2051 1924 Deus
2088 1884 2186 1938 per
2219 1868 2364 1920 hunc
2397 1865 2616 1919 modum
2653 1863 2816 1914 homo
2856 1860 3028 1923 lieret,
3065 1866 3122 1911 ut
3154 1856 3244 1926 qui
3279 1855 3488 1907 inﬁnita

1908 1961 2172 2031 dignitate
2231 1958 2504 2028 pollebat,
2568 1953 2851 2007 hominum
2907 1960 3130 2020 peccata
3185 1945 3492 2000 dissolvere

1909 2063 2118 2126 posset,
2167 2052 2314 2122 quod
2349 2057 2530 2103 ‘uemo
2579 2061 2819 2114 unquam
2874 2043 3018 2098 alius
3064 2040 3352 2110 potuisset,
3385 2051 3492 2090 non

1911 2145 2156 2216 angelus,
2187 2159 2294 2197 non
2328 2142 2529 2204 homo;
2557 2139 2736 2195 nullus
2757 2137 2902 2194 enim
2929 2137 3044 2205 pari
3077 2132 3345 2202 dignitate
3369 2142 3495 2183 cum

1917 2237 2093 2293 \‘crbo
2128 2235 2235 2288 Deo
2276 2233 2494 2288 homine
2524 2240 2628 2286 est.

1993 2505 2122 2560 Eam
2158 2507 2321 2574 igitur
2364 2502 2434 2555 ub
2467 2514 2688 2554 causam
2727 2496 2867 2550 haud
2920 2495 3210 2550 dicendum
3241 2501 3327 2547 est
3353 2529 3370 2556 ,
3403 2506 3502 2560 po-

1922 2600 2095 2655 tuisse
2140 2597 2307 2652 Deum
2349 2610 2456 2648 non
2492 2593 2803 2662 permittere
2835 2599 2892 2642 ut
2934 2592 3096 2644 homo
3127 2588 3180 2641 in
3211 2595 3497 2657 peccatum

1901 2692 2166 2746 'cadcret.
2206 2688 2317 2742 lloe
2364 2687 2509 2740 cnim
2567 2684 2721 2738 liberi
2769 2682 2974 2735 arbitrii
3016 2681 3280 2734 rationem
3319 2679 3497 2743 tellit;

1925 2783 2070 2836 Deus
2099 2790 2281 2834 autem
2319 2791 2500 2833 rerum
2531 2775 2776 2831 ordinem
2823 2789 2928 2827 non
2954 2759 3142 2835 'tollit,
3189 2773 3284 2826 sed
3319 2783 3503 2825 servat

1926 2873 2280 2928 incolumem.
2314 2870 2382 2924 At
2417 2882 2597 2938 neque
2624 2882 2721 2936 par
2749 2875 2833 2922 est
2858 2875 2918 2920 ut
2954 2864 3226 2928 dicamus,
3261 2864 3506 2934 potuisse

1928 2966 2140 3034 absque,
2192 2961 2402 3032 peccati
2445 2959 2814 3015 dissolutione
2846 2955 3130 3011 hominem
3171 2954 3501 3011 emundare.

1931 3056 2046 3112 lloe
2094 3057 2237 3110 enim
2275 3052 2504 3124 iustitiae
2542 3051 2682 3107 tollit
2733 3050 3002 3106 ordinem.
3077 3047 3274 3118 Liquet
3339 3047 3505 3118 igitur

233 3158 373 3220 Θιδς
389 3157 575 3209 ὅτιδιά
591 3155 684 3210 τοῦ
707 3157 939 3211 θανάτου
957 3156 1050 3210 τοῦ
1079 3157 1206 3211 Υίοῦ
1230 3159 1394 3211 αὑτοῦ
1413 3158 1508 3228 τὴν
1530 3162 1638 3210 τῶν
1657 3175 1818 3226 πραγ-

1936 3151 2103 3204 Dcum
2136 3165 2231 3219 per
2257 3157 2484 3204 mortem
2512 3144 2646 3202 Filio
2672 3145 2754 3200 sui
2780 3159 2958 3198 rerum
2986 3143 3233 3198 ordinem
3259 3157 3508 3198 servasse

235 3251 429 3320 μάτων
491 3251 586 3320 ὲτή
598 3267 733 3320 ρησε
773 3249 928 3316 τάξιν
951 3250 1046 3303 καὶ
1084 3250 1228 3303 κατὰ
1251 3251 1350 3318 τὴν
1373 3251 1534 3318 φύσιν
1561 3252 1654 3304 καὶ
1685 3253 1827 3303 κατά

233 3342 337 3410 τὴν
379 3341 758 3408 δικαιοσύνην.
793 3341 906 3394 Καὶ
945 3342 1078 3411 ἡμῖν
1109 3342 1263 3394 οὐδὲν
1287 3343 1490 3396 ἄτοπον
1516 3342 1824 3407 ἀκολουθεῖ,

236 3434 466 3501 λέγουσι
510 3432 603 3484 τὸν
640 3434 764 3484 Υἰὸν
796 3432 893 3485 τοῦ
929 3433 1065 3486 Θεοῦ
1101 3433 1393 3502 ἄνθρωπον
1437 3434 1698 3501 γενέσθαι
1734 3436 1828 3487 καὶ

234 3523 564 3578 ἀποθανεῖν.
607 3523 814 3586 Ἀλλως
861 3541 922 3575 τε
957 3529 1016 3577 ὲν
1065 3527 1178 3586 τοῖς
1216 3523 1311 3576 τοῦ
1359 3523 1496 3576 Θεοῦ
1536 3525 1720 3595 ἔργοις
1752 3525 1826 3576 ,οὐ

235 3613 402 3666 τοῦτο
429 3615 654 3666 σκοπεῖν
685 3614 789 3677 δεῖ,
825 3614 909 3666 ὅτι
940 3613 1062 3666 τόδε
1090 3630 1145 3666 τι
1176 3614 1270 3667 καὶ
1302 3615 1372 3669 δι’
1403 3616 1592 3687 ἐτέρου
1623 3615 1827 3685 τρόπου

237 3707 469 3760 ἐδύνατο
499 3705 775 3773 γενέσθαι,
813 3707 946 3759 ἀλλὰ
970 3707 1085 3770 πῶς
1119 3706 1187 3760 ἂν
1211 3708 1559 3778 οίκειοτέρως
1586 3707 1825 3776 ἐγένετο,

237 3801 338 3853 καὶ
379 3801 427 3850 εί
457 3798 534 3868 μὴ
567 3797 626 3850 τὺ
661 3797 883 3868 ἄριστόν
912 3801 1061 3852 ἐστιν
1089 3799 1264 3863 οὕτως
1293 3799 1367 3863 ὡς
1401 3799 1538 3870 ἔχει.

314 3971 384 4024 El
417 3971 463 4023 δ’
491 3971 571 4023 ὃτι
598 3971 855 4042 λέγομεν,
895 3973 955 4025 'O
989 3973 1121 4038 Θεὸς
1147 3973 1412 4038 ἀπέθανε,
1446 3975 1551 4030 τῶν
1585 3977 1829 4030 ἀπίστων

240 4079 325 4126 τις
363 4061 485 4124 πῶς
512 4060 737 4116 δύναται
770 4063 1031 4130 γενέσθαι
1061 4062 1220 4116 τοῦτο
1248 4063 1522 4134 διαπορεῖ,
1555 4063 1695 4120 ὥστε
1737 4085 1824 4121 νο-

241 4156 434 4224 μίζειν
485 4155 569 4206 ὅτι
623 4155 651 4206 6
704 4154 836 4218 Θεὸς
881 4155 961 4216 είς
1015 4155 1419 4225 ἀνθρωπότητα
1481 4159 1828 4229 μετεϐλήοηο

239 4247 364 4300 ἀλλ’
397 4249 564 4317 ἡμεῖς
596 4247 754 4302 τοῦτο
776 4250 878 4318 οὐχ
910 4247 1054 4301 οὕτω
1077 4248 1338 4318 λέγομεν.
1366 4248 1448 4302 Τὰ
1470 4251 1577 4321 γὰρ
1603 4249 1833 4320 σώματά

238 4343 359 4394 εἰσι
391 4341 461 4392 τὰ
517 4339 929 4410 μεταϐάλλοντα
953 4341 1034 4404 είς
1066 4340 1298 4409 ἄλληλα,
1351 4342 1428 4405 ὡς
1458 4342 1564 4414 ἀὴρ
1611 4343 1720 4414 πῦρ
1748 4344 1832 4410 γί-

240 4449 424 4495 νεται,
454 4433 534 4494 εἰς
561 4432 671 4503 πῦρ
706 4432 942 4503 μεταϐἀ)
956 4433 1046 4486 λον
1069 4449 1086 4466 ·
1116 4436 1184 4488 τά
1211 4434 1268 4488 δὲ
1298 4435 1572 4504 ἀσώματα
1597 4434 1674 4506 τῷ
1705 4436 1834 4506 δραι

1930 3241 2285 3304 incolumcm,
2322 3240 2436 3294 sive
2469 3240 2593 3308 quis
2642 3251 2892 3293 naturam
2928 3245 3156 3305 spectet,
3207 3236 3319 3290 sive
3348 3236 3507 3304 justi-

1931 3333 2084 3387 tiam.
2120 3331 2231 3386 Nec
2265 3330 2490 3386 absurdi
2531 3331 2738 3398 aliquid
2771 3328 3038 3399 sequitur,
3071 3345 3136 3381 eo
3171 3329 3314 3397 quod
3354 3328 3512 3381 dica-

1929 3440 2053 3478 mus
2088 3425 2178 3477 Dei
2215 3421 2412 3477 Filium
2443 3421 2647 3476 factum
2675 3437 2799 3476 esse
2835 3420 3109 3474 hominem
3139 3434 3201 3474 ac
3234 3431 3509 3473 mortuum

1930 3528 2077 3567 esse.
2114 3510 2382 3575 Accedit,
2415 3525 2524 3564 non
2569 3513 2670 3564 hoc
2708 3509 3065 3578 spectandum
3099 3509 3153 3562 in
3197 3507 3291 3562 Dei
3325 3509 3509 3577 operi-

1933 3605 2057 3668 bus,
2091 3603 2337 3672 potuisse
2375 3602 2479 3655 hoc
2508 3610 2602 3654 aut
2641 3601 2768 3654 illud
2799 3601 2892 3655 tali
2924 3601 3006 3654 vel
3042 3601 3135 3654 tali
3172 3599 3336 3654 modo
3363 3600 3505 3662 ﬁeri,

1931 3697 2025 3753 sed
2071 3695 2351 3765 quomodo
2418 3693 2835 3748 convenientius
2865 3693 3120 3763 quodque
3152 3691 3356 3746 factum
3397 3693 3506 3754 sit;

1933 3805 1992 3843 ac
2027 3804 2154 3842 num
2192 3788 2458 3856 optimum
2489 3785 2560 3840 sit
2589 3787 2731 3854 quod
2765 3785 2846 3840 sic
2871 3799 2931 3840 se
2958 3799 3045 3840 res
3079 3784 3333 3846 habeant,
3360 3799 3425 3837 ac
3451 3800 3512 3839 se

1933 3882 2152 3936 habent.

2001 3974 2098 4029 Sin
2129 3982 2309 4028 autem
2345 3973 2551 4028 idcirco
2583 3972 2728 4043 quod
2769 3972 3006 4027 dicimus
3033 3972 3203 4028 Deum
3237 3981 3511 4028 mortuum

1932 4080 2076 4132 esse,
2129 4063 2428 4120 inﬁdelium
2465 4065 2662 4135 aliquis
2711 4063 2942 4128 dubitet,
2991 4078 3228 4134 quonam
3261 4064 3315 4118 id
3354 4065 3516 4119 modo

1935 4158 2050 4214 ﬁeri
2079 4157 2276 4234 possit,
2309 4165 2369 4212 ut
2393 4158 2770 4213 existimemus
2809 4157 2977 4212 Deum
3026 4157 3081 4211 in
3127 4166 3374 4212 naturam
3415 4159 3506 4212 hu-

1935 4266 2154 4306 manam
2187 4258 2461 4306 mutatum
2519 4251 2684 4306 esse?
2732 4250 3127 4320 respondemus
3173 4250 3227 4304 id
3263 4265 3362 4305 nos
3404 4263 3515 4304 neu

1935 4344 2138 4400 dicere.
2180 4340 2386 4412 Nempe
2426 4357 2657 4411 corpora
2697 4353 2846 4408 sunt,
2880 4357 3002 4413 quae
3030 4344 3133 4398 alia
3161 4343 3217 4398 in
3245 4342 3351 4398 alia
3387 4358 3509 4396 mu-

1936 4426 2140 4515 tantur,
2178 4443 2305 4505 puta
2338 4451 2431 4490 aer
2471 4435 2612 4505 ignis
2641 4436 2892 4502 efﬁcitur,
2927 4437 3070 4506 quod
3099 4438 3152 4492 in
3190 4438 3368 4508 ignem
3401 4454 3521 4492 mu.

241 4523 427 4594 στικῷ
455 4525 556 4593 τῆς
591 4524 773 4578 αὐτῶν
813 4525 1099 4596 δυνάμεως
1149 4527 1395 4580 ὲνοῦνται
1431 4529 1544 4589 τοῖς
1591 4544 1818 4596 σωματι·

1937 4538 2102 4584 tctur.
2138 4531 2459 4597 lncorporea
2495 4542 2632 4582 vero
2681 4542 2794 4581 suae
2822 4528 2902 4581 vis
2931 4527 3168 4582 etlicacia
3196 4527 3521 4597 corporibus

240 4617 390 4678 κοῖς,
424 4615 522 4667 καὶ
557 4615 624 4667 δι’
667 4615 848 4668 αὐτῶν
891 4617 1172 4687 διήκουσιν
1199 4635 1214 4650 ·
1266 4618 1518 4688 ὥσπερὴ
1569 4618 1715 4690 ψυχὴ
1761 4628 1838 4690 τῷ

241 4707 470 4777 σώματι
503 4708 739 4762 ἑνοῦται.
779 4707 839 4761 Εἰ
871 4709 985 4780 δὲή
1015 4709 1162 4780 ψυχὴ
1193 4711 1270 4777 τῷ
1315 4710 1526 4780 σώματι
1572 4712 1834 4781 ὲνουμένη

239 4799 305 4850 οὐ
371 4798 775 4867 μεταϐάλλεται
827 4803 948 4856 κατ’
1000 4803 1226 4856 οὐσίαν·
1298 4804 1482 4874 πολλῷ
1547 4804 1749 4874 μᾶλλον
1809 4807 1836 4858 ὁ

241 4893 598 4954 ἁπλούσατος
634 4893 768 4956 Θεὸς
800 4894 960 4948 πλέον
989 4895 1022 4965 ἦ
1055 4897 1122 4949 ἂν
1149 4895 1294 4950 εῐποι
1322 4914 1405 4957 τις
1425 4897 1650 4951 δύναται
1681 4897 1834 4952 ἐνοῦ-

241 4984 379 5036 σοαι
411 4987 523 5045 τοῖς
573 4985 815 5053 σώμασι,
855 4988 930 5057 μὴ
985 4989 1482 5059 μεταϐαλλόμενος.
1530 4991 1693 5044 Ἀλλὰ
1739 4993 1834 5045 καὶ

240 5076 308 5128 τὸ
342 5077 458 5147 πῦρ
484 5076 576 5130 τὸν
606 5078 826 5148 σίδηρον
859 5078 1083 5148 πύρινον
1112 5079 1302 5147 ποιῶν,
1332 5081 1394 5132 ού
1427 5081 1829 5151 μεταϐάλλεται

247 5172 337 5232 εἰς
383 5172 485 5239 τὴν
537 5171 632 5223 τοῦ
666 5173 834 5244 πυρὸς
888 5172 1096 5227 οὐσίαν.
1145 5173 1286 5228 Ἀλλ’
1315 5177 1374 5226 ὲν
1429 5173 1527 5242 μὲν
1559 5178 1670 5238 τοῖς
1724 5177 1840 5229 κτί-

248 5279 432 5330 σμασι
466 5261 590 5315 -κατ’
640 5262 797 5316 ἄλλον
836 5263 1038 5334 τρόπον
1063 5267 1089 5316 ὁ
1119 5263 1250 5326 Θεὸς
1295 5265 1454 5317 οἰκεῖ’
1508 5268 1599 5317 καὶ
1632 5265 1840 5331 τούτοις

245 5353 502 5416 ἑνιῦεαι,
530 5357 642 5418 τοῖς
679 5356 776 5425 μὲν
807 5357 1016 5419 πλεῖον,
1040 5359 1154 5418 τοῖς
1186 5356 1242 5408 δὲ
1289 5355 1531 5416 ἔλαττον,
1567 5357 1710 5408 κατὰ
1741 5361 1842 5426 τὴν

246 5443 552 5513 ἀναλογίαν
580 5447 678 5515 τῆς
717 5446 897 5499 αὐτῶν
933 5447 1150 5514 φύσεως
1174 5446 1268 5498 καὶ
1301 5444 1643 5513 τελειότητος
1680 5447 1838 5514 μετέ-

246 5536 458 5607 χεσοαι
496 5539 790 5608 λεγόμενος
838 5538 1161 5609 ἀμεθέκτως
1187 5555 1200 5568 ·
1251 5541 1306 5590 ὲν
1335 5538 1392 5590 δὲ
1425 5541 1490 5607 τῇ
1537 5539 1843 5607 προσλήψει

245 5629 437 5701 ταύτῃ
463 5630 566 5698 τῆς
611 5632 835 5702 σαρκὸς,
869 5631 937 5703 ἣν
992 5632 1020 5684 6
1050 5632 1186 5696 Θεὸς
1232 5631 1412 5702 ἑαυτῷ
1464 5633 1839 5702 ὑπεστήσατο,

246 5723 597 5796 ὑψηλότερον
627 5727 828 5795 τρόπον
858 5729 950 5780 καὶ
987 5728 1072 5778 ἐπ’
1102 5726 1312 5780 ἐκείνου
1358 5726 1519 5795 μόνον
1557 5726 1842 5795 συμϐάντα

247 5817 355 5872 καὶ
400 5816 860 5891 ἀπορῤητότερον,
890 5820 980 5873 καὶ
1021 5817 1208 5890 μεῖζον
1243 5818 1274 5891 ἢ
1301 5819 1331 5871 6
1357 5819 1480 5883 νοῦς
1509 5818 1840 5872 καταλαϐεῖν

1943 4619 2229 4681 liniuntur,
2271 4631 2447 4685 eaque
2476 4616 2780 4685 pervadunt
2809 4630 2875 4670 ac
2903 4624 3224 4684 penetrant;
3253 4623 3518 4686 quemad-

1939 4711 2161 4763 modum
2194 4711 2374 4762 anima
2409 4709 2622 4777 corpori
2659 4708 2868 4762 unitur.
2900 4709 3054 4773 Quod
3086 4710 3131 4762 si
3167 4710 3348 4764 anima
3395 4726 3522 4765 cor-
3569 4697 3611 4786 δ’
3678 4727 3691 4734 “

1939 4804 2054 4870 peri
2107 4800 2259 4855 unita
2307 4815 2414 4854 non
2474 4807 2715 4853 mutatur
2761 4800 3061 4856 secundum
3115 4801 3520 4869 substantiam;
3567 4787 3575 4798 ’

1937 4892 2134 4964 potiori
2159 4893 2318 4961 longe
2346 4891 2558 4946 ratione
2581 4893 2738 4960 cujus
2763 4906 2976 4946 summa
3000 4892 3348 4962 simplicitas,
3377 4893 3521 4949 Deus

1936 5003 1999 5041 ac
2037 4989 2209 5057 magis
2237 5000 2402 5056 quam
2445 4986 2588 5040 ullus
2615 4985 2798 5040 verbis
2842 4996 3189 5056 assequatur,
3240 4989 3390 5044 nulla
3437 4994 3525 5044 sui

1938 5080 2239 5134 mutatione
2275 5079 2598 5148 corporibus
2651 5078 2794 5131 uniri
2831 5087 3030 5148 potest.
3078 5079 3223 5146 Quin
3254 5090 3309 5136 et
3338 5083 3520 5153 ignis,

1945 5172 2175 5241 ignitum
2205 5170 2453 5226 faciendo
2489 5171 2714 5232 l'errum,
2746 5186 2854 5224 non
2886 5180 3126 5228 mutatur
3158 5173 3212 5227 in
3261 5175 3387 5229 ferri
3424 5193 3524 5228 na-

1947 5269 2146 5315 turam.
2181 5258 2382 5315 Verum
2426 5260 2534 5314 alio
2569 5263 2730 5316 modo
2776 5260 2920 5318 Deus
2954 5263 3008 5318 in
3041 5265 3238 5320 creatis
3275 5267 3518 5327 habitat;

1947 5355 2164 5424 illisque
2194 5353 2412 5417 unitur,
2445 5353 2567 5408 aliis
2605 5355 2751 5424 plus,
2783 5356 2907 5412 aliis
2938 5356 3150 5424 minus;
3199 5357 3289 5424 qui
3327 5373 3521 5427 nempe

1952 5463 2049 5516 pro
2087 5462 2278 5501 eorum
2326 5455 2536 5502 naturae
2584 5448 2806 5504 modulo
2855 5464 2920 5503 ac
2970 5449 3322 5519 perfectionis
3371 5458 3522 5502 extra

1949 5555 2166 5594 omnem
2218 5539 2684 5608 participationem
2725 5541 3040 5610 participari
3070 5539 3300 5593 dicatur.
3335 5539 3392 5592 ln
3422 5543 3525 5594 hae

1951 5643 2134 5686 autem
2185 5633 2370 5687 carnis
2419 5633 2795 5703 assumptione
2820 5671 2835 5697 ,
2885 5647 3047 5702 quam
3087 5631 3200 5685 sibi
3235 5630 3352 5699 ipse
3381 5632 3528 5689 Deus

1953 5725 2218 5792 condidit,
2249 5723 2431 5779 altiori
2463 5726 2646 5790 modo,
2677 5741 2739 5779 ae
2785 5725 2876 5793 qui
2911 5739 2976 5778 eo
3019 5724 3366 5778 solummodo
3395 5741 3531 5780 eon-

1953 5819 2161 5890 tingat,
2212 5815 2626 5885 abstrusiusque
2676 5831 2739 5873 ac
2783 5815 2954 5885 Inagis
3000 5830 3163 5885 quam
3215 5831 3370 5872 mens
3422 5820 3530 5872 ulla
