4056 6266
268 363 378 428 625

1232 378 1329 438 DE
1360 380 1781 442 PRlNClPIiS
1823 385 2035 447 FIDEl
2074 387 2544 448 CATHOLICE.

3404 390 3510 450 θὲ²ῑ

269 478 304 546 ή
340 476 698 551 ἀνθρωπότης
733 484 830 554 τὴν
867 486 1118 556 θεότητα,
1157 487 1232 552 ὠς
1261 501 1355 544 και
1401 495 1492 544 ἐπὶ
1527 492 1619 546 τοῦ
1654 493 1844 564 σῶμα·

1958 500 2186 560 sisteret,
2220 509 2280 553 ut
2311 515 2375 555 ex
2417 502 2600 554 anima
2652 509 2704 554 et
2737 515 2965 570 corpore
2999 499 3262 554 Ctmﬂulut‘
3308 502 3516 568 homo),

268 585 360 658 τος
392 570 505 641 ἔχει
537 575 749 645 καὶτῆς
779 578 976 647 ψυχῆς.
1007 584 1116 637 Ka‘t
1135 586 1266 654 γὰρ,
1307 588 1370 638 Ἢ
1393 588 1563 658 ψυχὴ,
1590 587 1843 658 λέγομεν,

269 657 384 728 ἔχει
416 660 598 731 σῶμα,
631 665 747 729 καὶ,
786 668 858 720 Τὸ
891 668 1052 737 σῶμα
1089 670 1202 742 ἔχει
1233 673 1436 744 ψυχήν.

1951 588 2282 654 diceremus,
2335 599 2446 643 tum
2491 590 2655 644 Deum
2694 591 2894 643 habere
2949 591 3253 655 hominem,
3306 603 3418 643 tum
3467 601 3523 643 et

1956 677 2348 733 humanitatem
2390 680 2595 736 habere
2639 681 2934 742 Deitatem;
2973 683 3048 734 uti
3098 682 3265 735 etiam
3318 697 3377 735 se
3433 697 3520 736 res

273 755 439 810 habet
469 759 520 812 in
550 761 732 816 anima
763 771 817 817 et
839 779 1087 834 corpore.
1119 768 1360 826 Dicimus
1389 773 1535 828 enim
1563 789 1578 828 :
1640 774 1834 828 Anima
1874 788 2070 844 corpus
2113 777 2275 832 habet
2312 795 2324 831 :
2364 793 2428 833 ac
2462 797 2475 832 :
2506 779 2716 847 Corpus
2742 781 2980 834 animam
3019 779 3199 834 habet.

358 853 516 907 Ἐπεὶ
539 856 716 910 τοίνυν
738 860 765 911 ὁ
791 863 1085 932 μονογενὴς
1117 864 1241 926 Υἱὸς
1265 866 1360 919 τοῦ
1392 867 1550 934 Θεοῦ,
1567 870 1850 926 τουτέστιν

268 946 296 1033 ό
323 944 426 1033 τοῦ
457 945 594 1000 Θεοῦ
620 949 811 1018 Λόγος,
845 951 1008 1031 φύσιν
1033 954 1387 1027 ἀνθρωπίνην
1419 959 1506 1015 διὰ
1534 961 1634 1027 τῆς
1674 980 1846 1033 προσ-

273 1031 493 1102 λήψεως
526 1034 659 1103 ἔχει,
691 1037 979 1093 ἀκολουθεῖ
1010 1042 1200 1098 τοῦτον
1251 1041 1392 1100 εἶναι
1413 1031 1786 1121 ¹ὑποκείμενον
1813 1053 1846 1123 ἢ

273 1124 574 1180 ὑπόστασιν
609 1130 640 1201 ἢ
678 1129 973 1198 πρόσωπον
1001 1134 1101 1202 τῆς
1131 1135 1480 1208 ἀνθρωπίνης
1512 1143 1748 1210 φύσεως.
1776 1143 1850 1197 Τὸ

274 1215 386 1285 γὰρ
421 1220 544 1270 τινὰ
579 1219 740 1286 φύσιν
776 1221 900 1288 ἕχον
927 1224 1225 1291 ὑπόστασις
1254 1229 1476 1298 λέγεται
1502 1236 1596 1302 τῆς
1632 1234 1851 1302 φύσεως

273 1307 515 1378 ἐκείνης’
546 1309 734 1380 ὥσπερ
761 1314 822 1366 τὸ
871 1314 1034 1383 φύσιν
1080 1319 1248 1373 ἵππου
1298 1321 1422 1392 ἔχον
1491 1325 1846 1397 ὑπόστασιςῆ

2019 872 2158 937 Quia
2211 873 2374 940 igitur
2424 876 2740 942 unigenitus
2795 875 2887 930 Dei
2940 873 3108 928 Filius
3160 874 3276 938 (Dei
3311 875 3523 929 scilicet

1954 951 2210 1035 Verbum)
2245 975 2492 1021 naturam
2528 970 2842 1030 immanem,
2874 968 3018 1035 quod
3050 982 3169 1020 eam
3203 981 3518 1037 assumpse-

1951 1059 2046 1123 rit,
2097 1061 2284 1123 habet,
2338 1061 2396 1114 iit
2451 1075 2795 1128 consequens
2836 1074 2960 1112 esse
2993 1074 3118 1112 eum
3175 1059 3515 1127 suppositum

1951 1169 2044 1208 seu
2081 1153 2392 1223 hypostasin
2426 1162 2520 1207 aut
2553 1167 2837 1221 personam
2871 1162 3081 1205 naturai
3106 1152 3381 1204 humanm.
3417 1150 3522 1204 lla—

1953 1244 2085 1298 hens
2127 1244 2274 1298 enim
2323 1243 2564 1308 aliquam
2613 1252 2888 1306 naturam,
2942 1241 3062 1309 ejus
3108 1251 3318 1294 naturae
3352 1242 3522 1309 hypo-

1951 1335 2114 1389 stasis
2140 1335 2364 1390 dicitur.
2402 1333 2474 1388 Ut
2508 1335 2654 1401 quod
2682 1335 2807 1404 equi
2842 1343 3088 1387 naturam
3125 1331 3308 1390 habet.
3355 1331 3524 1401 hypo-

274 1399 640 1470 ὑποκείμενον
691 1405 784 1458 τοῦ
838 1407 1005 1462 ἵππου
1033 1410 1248 1479 λέγεται
1277 1410 1438 1472 εἶναι.
1487 1418 1596 1470 Καὶ
1627 1419 1784 1488 εἴπερ
1811 1420 1844 1490 ἡ

1958 1424 2112 1478 stasis
2169 1439 2266 1478 seu
2332 1421 2674 1491 suppositum
2756 1421 2880 1489 equi
2945 1435 3067 1471 esse
3152 1417 3370 1470 dicitur.
3447 1416 3524 1468 Ac

276 1490 498 1584 ιρὺσιςὴ
532 1495 765 1564 ἐχομένη
799 1500 961 1569 νοερά
990 1502 1126 1569 ἐστι,
1161 1505 1283 1559 τότε
1316 1508 1519 1574 μᾶλλον
1554 1511 1847 1578 πρόσωπον

1958 1515 2219 1584 siquidem
2275 1490 2468 1568 natura
2513 1530 2631 1583 qua:
2668 1514 2896 1567 habetur
2937 1510 3244 1579 intelligens
3272 1509 3364 1572 sit,
3393 1516 3523 1561 tunc

275 1581 516 1676 λέγεται.
545 1587 712 1641 Πάλιν
741 1590 801 1658 ἐξ
834 1591 1007 1645 ἀϊδίου
1043 1594 1166 1665 ἔχον
1221 1598 1318 1669 τὴν
1367 1601 1518 1656 Θείαν
1553 1604 1736 1672 φύσιν,
1785 1605 1846 1658 οὑ

1958 1623 2182 1675 persnna
2237 1608 2418 1676 potius
2473 1615 2837 1673 nuncupatur.
2895 1607 2972 1659 Ac
3022 1622 3232 1667 rursus,
3287 1601 3429 1655 quod
3457 1601 3525 1655 ab

276 1673 420 1768 πατὰ
461 1677 664 1746 τρόπον
721 1682 1045 1749 συνθέσεως,
1106 1688 1220 1740 ἀλλ’
1270 1690 1450 1760 ἁπλῆς
1498 1694 1849 1764 ταυτότητος,

1958 1712 2152 1756 aeterno
2200 1700 2365 1755 habet
2405 1700 2643 1754 divinam
2688 1710 2938 1754 naturam
3007 1714 3114 1752 ιιοιι
3150 1714 3212 1754 ex
3248 1701 3525 1768 composi-

275 1763 498 1834 λέγεται
525 1771 619 1865 διαὶ
648 1772 750 1840 τῆς
783 1773 938 1839 θείας
969 1777 1186 1844 φύσεως
1223 1781 1516 1846 ὑπόστασιι⁸
1560 1785 1592 1855 ἢ
1629 1763 1850 1856 πρόσω·

1958 1794 2123 1857 tione,
2157 1793 2251 1849 sed
2280 1794 2512 1863 simplici
2548 1797 2628 1865 (ut
2660 1793 2734 1846 ita
2768 1793 2983 1860 loquar)
3035 1793 3336 1858 identitate,
3359 1794 3524 1847 etiam

277 1873 400 1921 πον,
455 1861 690 1915 καθόσον
720 1865 964 1932 δηλονότι
1012 1868 1237 1924 δυνατόν
1289 1875 1438 1926 ἐστιν
1495 1855 1849 1944 ἐκφαίνεσθαι

1958 1888 2154 1942 divina:
2207 1897 2412 1941 naturae
2463 1887 2771 1958 hypostasis
2817 1886 3040 1951 dicitur,
3106 1901 3202 1940 seu
3266 1901 3522 1955 persona.

274 1953 342 2004 τὰ
372 1952 492 2006 θἐἰα
541 1959 655 2019 τοῖς
685 1962 1048 2029 ἀνθρωπίνοις
1079 1965 1364 2031 ὀνόμασιν.
1411 1967 1471 2023 '0
1512 1970 1693 2024 τοίνυν
1721 1970 1848 2034 Υίδς

275 2045 372 2097 τοῦ
396 2046 532 2100 Θεοῦ
568 2049 926 2127 ὑπόστασιςῆ
961 2057 1256 2126 πρόσωπόν
1289 2061 1408 2113 ἐστι
1455 2061 1563 2114 τῶν
1611 2062 1706 2115 δύο
1749 2063 1851 2134 φὺ-

279 2151 439 2203 σεων,
495 2138 596 2208 τῆς
636 2139 786 2206 θείας
837 2143 1037 2218 δηλαδὴ
1069 2147 1162 2202 καὶ
1213 2149 1314 2217 τῆς
1369 2146 1738 2224 ἀνθρωπίνης,
1791 2157 1850 2208 ὲν

277 2225 399 2282 δυσὶ
432 2228 666 2296 φύσεσιν
699 2234 972 2302 ὑφεστὼς.
1481 2276 1487 2283 -

259 2321 269 2333 ⁸
349 2320 414 2374 Ei
448 2321 506 2374 δὲ
535 2322 686 2385 λέγει
712 2344 814 2391 τις,
852 2328 974 2382 Ὅτι
1007 2332 1186 2403 ὲπεὶή
1217 2335 1533 2410 ἀνθρωπίνη
1567 2338 1729 2409 φὺσις
1749 2342 1850 2397 οὑκ

277 2413 394 2467 ἔστι
431 2417 779 2489 συμϐεϐηκὸς
809 2423 867 2475 ἐν
916 2423 1078 2495 αὐτῇ,
1126 2425 1266 2480 ἀλλὰ
1317 2432 1549 2500 πρᾶγμα
1603 2433 1850 2501 ὑφεστὼς

278 2503 375 2556 καὶ
406 2504 566 2559 οὑσία
629 2511 841 2580 μερικὴ
880 2513 1198 2587 ἀνθρωπίνη
1229 2521 1380 2589 παρὰ
1423 2522 1522 2592 τὴν
1551 2525 1850 2581 ὑπόστασιν

274 2595 371 2647 τοῦ
398 2595 534 2650 Θεοῦ
560 2600 735 2667 Λόγου
769 2603 952 2658 δοκεῖ·
985 2608 1073 2660 διὰ
1119 2611 1172 2663 τί
1205 2613 1365 2666 τοῦτο
1395 2615 1490 2668 δύο
1521 2617 1850 2683 ὑποστάσεις

273 2685 420 2742 εἶναι
454 2692 514 2745 ὲν
563 2693 641 2762 τῷ
691 2685 910 2766 Χριστῷ
942 2700 1001 2751 οὑ
1036 2700 1120 2754 δεῖ
1149 2707 1469 2772 κατανοείνς
1514 2709 1638 2762 Ὅτι
1671 2712 1851 2764 ἐκεῖνο

273 2783 611 2851 ὀνομάζεται
667 2786 964 2851 ὑπόστασις
1014 2789 1043 2843 ὃ
1091 2791 1152 2844 οὐ
1199 2796 1511 2866 περιέχεται
1547 2798 1638 2851 ὑπ’
1688 2799 1848 2854 ἄλλου

274 2876 724 2947 ἀρχοειδεστέρου
762 2881 856 2931 καὶ
889 2883 1240 2950 τιμιωτέρου.
1280 2886 1346 2939 Ἢ
1374 2887 1482 2958 γὰρ
1512 2889 1606 2942 τοῦ
1635 2889 1875 2962 ἀνθρώ-ν

275 2984 388 3020 που
431 2969 552 3039 χείρ
585 2969 738 3022 οὐσία
776 2969 877 3027 μέν
909 2970 991 3033 τίς
1042 2981 1190 3030 ἐστιν
1221 3021 1236 3043 ,
1290 2981 1352 3032 οὐ
1410 2981 1520 3052 μὴν
1554 2984 1852 3051 ὑπόστασις

272 3061 520 3160 λέγεταιο
557 3065 670 3136 ἔχει
699 3069 808 3139 γὰρ
837 3072 1005 3143 αὐτὴν
1027 3073 1154 3160 ἄλλο
1191 3091 1242 3128 τι
1285 3075 1726 3146 ἀρχωιδὲστερον
1759 3080 1852 3134 καὶ

659 3161 738 3224 ὃν,
795 3157 1154 3266 όάνθρωποςὲ
1207 3169 1269 3222 El
1321 3171 1426 3241 γὰρ
1463 3171 1539 3243 μὴ
1571 3172 1730 3228 τοῦτο
1759 3170 1848 3243 ἦν,
1881 3207 1926 3266 c

276 3247 435 3302 οὐδὲν
469 3250 676 3304 ἐκώλυε
707 3254 979 3324 ,πρόσωπα
1026 3257 1199 3313 πολλά
1233 3261 1328 3314 καὶ
1375 3262 1576 3325 πολλὰς
1611 3264 1854 3319 ὑποστά-

279 3358 398 3403 σεις
429 3344 486 3394 ὲν
516 3343 594 3412 τῷ
627 3345 899 3417 ἀνθρώπῳ
919 3350 1226 3419 ὁμολογεῖν.
1261 3355 1368 3406 Καὶ
1400 3355 1432 3425 ἡ
1480 3355 1644 3423 φύσις
1674 3357 1858 3412 τοίνυν

274 3434 312 3500 ἡ
345 3432 664 3505 ἀνθρωπίνη
719 3438 776 3489 ἐν
827 3439 904 3507 τῷ
949 3441 1173 3512 Χριστῷ
1221 3443 1327 3496 ὑπὸ
1377 3449 1706 3518 τιμιωτέρου
1756 3450 1855 3518 τῆς

273 3525 435 3588 θείας
471 3526 688 3596 φύσεως
716 3531 1114 3601 προσείληπται
1142 3550 1156 3565 ·
1187 3536 1282 3588 καὶ
1311 3535 1398 3591 διά
1431 3537 1590 3591 τοῦτο
1619 3541 1853 3610 ἐχομένη

273 3615 376 3669 ὑπ’
400 3617 640 3688 ἐκείνης,
695 3620 903 3675 οὑκὲτι’
935 3624 1029 3677 καὶ
1067 3625 1215 3688 ἰδίως
1268 3627 1572 3692 ὑπόστασις
1605 3629 1853 3699 λέγεται.

277 3701 378 3771 Εἷς
405 3709 464 3786 δέ
497 3711 616 3763 ἐστι
645 3711 734 3766 διὰ
774 3713 874 3784 τὴν
902 3715 999 3781 τῆς
1040 3715 1396 3783 ὑποστάσεως
1446 3719 1698 3789 ἑνότητα·
1741 3721 1857 3774 ἀλλ’

271 3801 343 3852 οὐ
377 3799 473 3853 δύο
506 3801 713 3872 κυρίως
742 3803 962 3858 δύναται
994 3806 1274 3876 λέγεσθαι.
1306 3809 1412 3864 Δύο
1440 3810 1627 3879 μέντοι
1666 3813 1859 3881 φύσεις

278 3891 433 3960 ἔχειν
461 3895 489 3946 ὁ
517 3895 751 3964 Χριστὸς
779 3894 1000 3958 οἰκείως
1032 3898 1353 3970 ῥηθήσεται.
1387 3903 1495 3957 Καὶ
1525 3904 1633 3973 γὰρ
1667 3904 1724 3955 ἐν
1757 3904 1859 3975 μιᾷ

280 3986 586 4040 ὑποστάσει
611 3989 639 4041 ό
662 3989 825 4054 αὑτός
853 3992 972 4045 ἐστι
999 3991 1134 4055 Θεὸς
1155 3994 1251 4046 καὶ
1274 3993 1582 4065 ἄνθρωπος,
1606 3997 1858 4068 καθάπερ

284 4076 550 4141 πολλάκις
584 4081 823 4150 εἴρηται.

353 4263 447 4314 Δεῖ
473 4261 654 4315 τοίνυν
680 4263 742 4316 τὸ
774 4267 905 4334 περὶ
940 4268 1036 4336 τῆς
1069 4265 1404 4336 σαρκώσεως
1450 4268 1546 4323 τοῦ
1578 4269 1710 4324 Υίοῦ
1763 4270 1858 4325 τοῦ

282 4351 424 4406 Θεοῦ
475 4355 779 4425 μυστήριον
834 4357 1226 4428 ἀναμφιϐόλως
1251 4359 1556 4430 ὁμολογεῖν.
1606 4362 1717 4416 Καὶ
1749 4362 1858 4432 γὰρ

282 4446 315 4511 ἡ
347 4445 710 4517 Χριστιανικὴ
731 4448 915 4512 πίστις
947 4450 1195 4520 ἀρχικῶς
1230 4451 1329 4520 μὲν
1365 4454 1422 4506 ἐν
1462 4454 1529 4523 τῇ
1563 4452 1660 4522 τῆς
1695 4453 1858 4522 ἁγίας

1955 1990 2228 2050 quatenus
2258 1980 2464 2034 scilicet
2497 1978 2754 2034 humanis
2786 1979 3012 2032 vocibus
3047 1978 3230 2033 divina
3268 1979 3526 2047 Μενίου-ς

1955 2073 2180 2129 descere
2216 2080 2464 2141 possunt.
2496 2071 2685 2140 Itaque
2742 2071 2837 2125 Dei
2882 2071 3054 2126 Filius
3091 2073 3401 2142 hypostasis
3443 2079 3527 2125 est

1955 2180 2053 2221 seu
2087 2180 2318 2234 persona
2357 2165 2592 2234 duplicis
2623 2176 2866 2229 naturae;
2896 2165 3092 2219 divina:
3115 2163 3329 2220 scilicet
3361 2174 3528 2235 atque

1957 2255 2230 2320 humanae,
2261 2254 2312 2308 in
2346 2263 2578 2324 utraque
2610 2270 2736 2310 vere
2756 2255 3051 2310 exsistens.

2031 2345 2126 2401 Sin
2171 2355 2353 2402 autem
2404 2347 2601 2417 aliquis
2637 2346 2983 2402 dicat:Cum
3035 2356 3228 2402 natura
3285 2349 3524 2402 humana

1957 2453 2062 2493 non
2115 2440 2187 2494 sit
2236 2438 2513 2504 accidens,
2559 2439 2654 2494 sed
2690 2453 2778 2494 res
2823 2455 2948 2495 vere
2991 2439 3280 2500 exsistens.
3315 2449 3368 2492 et
3399 2440 3528 2492 sub-

1956 2534 2156 2590 stantia
2205 2532 2499 2602 singularis
2533 2531 2767 2586 humana
2799 2539 2992 2601 prater
3025 2531 3114 2586 Dei
3152 2529 3312 2584 Verbi
3355 2530 3529 2600 hypo-

1958 2626 2132 2679 stasin
2171 2637 2298 2679 esse
2337 2622 2610 2685 videatur.
2664 2623 2858 2692 quidni
2899 2624 3021 2679 duae
3049 2623 3371 2694 hypostases
3425 2636 3522 2674 seu

1960 2729 2204 2787 personae
2265 2716 2627 2784 intelligentiae
2692 2725 2824 2771 sunt
2894 2716 2946 2770 in
3023 2711 3284 2770 Christo?
3366 2713 3524 2778 Quod

1957 2813 2217 2867 nimirum
2269 2811 2400 2865 illud
2448 2819 2676 2865 vocatur
2728 2807 3058 2877 bypostasis,
3107 2807 3252 2876 quod
3307 2823 3414 2860 non
3457 2808 3526 2858 ab

1959 2903 2068 2957 alio
2119 2899 2494 2971 principaliori
2541 2914 2607 2955 ac
2676 2897 2931 2954 nobiliori
2991 2897 3328 2954 continetur,
3394 2895 3527 2950 Nam

1961 3008 2156 3047 manus
2192 2991 2433 3047 hominis
2471 2990 2780 3046 substantia
2840 2988 3089 3056 quautam
3155 2995 3261 3052 est,
3297 3001 3398 3040 nec
3443 2995 3530 3036 ta.
3559 3049 3580 3068 ⁵

1959 3096 2082 3136 men
2115 3081 2429 3152 bypostasis
2477 3079 2718 3144 dicitur;
2767 3079 2915 3148 quod
2959 3093 3080 3132 eam
3129 3079 3290 3131 homo
3346 3078 3529 3140 habet,
3631 3092 3633 3094 ·

1958 3189 2047 3229 res
2076 3174 2284 3230 scilicet
2314 3173 2670 3243 principaliur
2716 3170 3080 3240 nobiliorque.
3137 3169 3271 3223 Nam
3305 3169 3405 3224 nisi
3450 3170 3531 3224 sic

1957 3275 2122 3333 esset,
2182 3272 2391 3320 vetaret
2468 3264 2602 3319 nihil
2669 3265 2855 3333 plures
2907 3278 3172 3332 personas
3237 3261 3533 3330 pluresque

1960 3358 2278 3426 hypostases
2332 3357 2387 3409 in
2437 3353 2657 3409 homine
2717 3354 2951 3408 coliteri.
3017 3354 3201 3421 Itaque
3232 3352 3398 3406 etiam
3434 3352 3533 3430 hu-

1961 3461 2120 3502 mana
2165 3447 2218 3500 in
2263 3446 2487 3502 Christo
2535 3455 2730 3500 natura
2797 3460 2827 3497 a
2895 3443 3272 3513 pra-stantiore
3320 3441 3530 3509 (divina

1959 3539 2166 3594 scilicet
2191 3540 2405 3605 natura)
2454 3547 2735 3604 assumpta
2779 3546 2864 3590 est
2922 3553 2937 3590 :
2987 3549 3051 3588 ac
3097 3535 3239 3598 ideo,
3283 3549 3408 3589 cum
3463 3535 3532 3588 ab

1961 3625 2052 3680 illa
2097 3625 2387 3688 habeatur,
2417 3639 2523 3678 non
2574 3623 2687 3690 jam
2735 3623 2951 3692 pr0prie
2973 3639 3037 3678 ac
3067 3638 3160 3692 per
3188 3638 3247 3694 se
3269 3623 3530 3694 hyposta-

1959 3716 2038 3778 sis
2091 3715 2314 3771 dicitur.
2372 3714 2626 3770 Christus
2651 3714 2822 3778 enim,
2869 3714 2938 3768 ob
2988 3728 3236 3782 personae
3266 3729 3330 3770 ac
3360 3715 3534 3785 hypo—

1959 3808 2124 3865 stasis
2157 3807 2444 3871 unitatem,
2471 3821 2614 3862 unus
2642 3815 2761 3870 est;
2793 3820 2892 3860 nec
2919 3806 3030 3859 duo
3072 3805 3289 3875 proprie
3350 3807 3532 3861 vocari

1959 3908 2161 3971 potest.
2189 3901 2330 3953 Duas
2363 3906 2541 3952 tamen
2571 3905 2801 3952 naturas
2833 3897 3037 3950 habere
3075 3895 3295 3966 preprie
3344 3897 3534 3950 dicen-

1959 3993 2061 4048 dus
2089 3999 2194 4046 est.
2264 3988 2474 4044 Etenim
2523 3989 2578 4043 in
2631 4004 2740 4044 una
2795 3987 3077 4058 hypostasi
3137 4002 3233 4042 seu
3298 4002 3531 4058 persona

1959 4082 2102 4137 idem
2179 4089 2264 4136 est
2328 4079 2471 4134 Deus
2538 4087 2595 4133 et
2662 4078 2846 4142 homo,
2909 4076 2986 4130 uti
3049 4075 3253 4146 saepius
3319 4076 3527 4132 dictum

1958 4181 2066 4229 est.

2029 4263 2220 4334 Itaque
2268 4277 2493 4320 necesse
2527 4272 2611 4318 est
2647 4270 2704 4315 ut
2752 4261 2890 4316 citra
2932 4260 3098 4315 ullam
3134 4261 3530 4316 dubitationem

1961 4359 2276 4429 mysterium
2309 4355 2697 4412 incarnationis
2727 4354 2846 4409 Filii
2877 4352 2972 4407 Dei
2999 4354 3380 4409 conﬁteantur.
3447 4352 3541 4406 Et-

1958 4451 2106 4507 enim
2153 4446 2465 4503 Cbristiana
2520 4447 2652 4501 Iides
2719 4447 2898 4515 primo
2943 4445 3169 4516 quidem
3229 4449 3284 4500 in
3317 4445 3534 4501 confes-

283 4537 520 4606 Τριάδος
551 4540 811 4611 ὁμολογίᾳ
842 4541 1185 4596 συνίσταται·
1228 4544 1376 4607 ίδίως
1406 4544 1462 4598 δὲ
1493 4546 1550 4598 ὲν
1581 4544 1658 4612 τῷ
1683 4562 1847 4599 σταυ-

1962 4542 2119 4600 sione
2150 4549 2353 4597 sancta:
2385 4537 2674 4593 Trinitatis
2692 4537 2980 4596 consistit:
3005 4537 3352 4606 singulariter
3379 4554 3530 4600 vero.

288 4629 367 4697 ρῷ
399 4633 673 4699 καυχᾶται
735 4633 829 4686 τοῦ
883 4635 1092 4704 Κυρίου
1149 4637 1310 4704 ἡμῶν
1355 4635 1533 4706 Ἰησοῦ
1591 4639 1854 4708 Χριστοῦ,

281 4724 381 4774 καὶ
410 4725 469 4776 ὲν
497 4724 648 4792 αὑτῷ
676 4725 776 4794 τὴν
811 4727 1091 4798 σωτηρίαν
1117 4727 1562 4797 ἀπεκδεχόμεθα.
1603 4747 1621 4780 ι
1661 4730 1721 4783 ’0
1748 4731 1860 4801 γὰρ

283 4815 381 4868 τοῦ
441 4818 680 4885 σταυροῦ
736 4808 913 4886 λόγος,
957 4839 975 4872 ι
1015 4820 1091 4883 ὣς
1148 4838 1283 4889 φησι
1343 4819 1576 4883 Παῦλος,
1627 4839 1646 4872 ι
1683 4823 1732 4874 εἰ
1767 4823 1860 4875 καὶ

283 4909 400 4972 τοῖς
447 4907 846 4978 ἀπολλυμένοις
899 4913 1082 4981 μωρία
1141 4913 1315 4976 ἐστὶν,
1360 4912 1498 4968 ἀλλὰ
1529 4913 1642 4976 τοῖς
1692 4912 1861 4977 σωζο-

289 4998 474 5066 μένοις
508 4999 640 5070 ἠμίν
667 4999 896 5068 δύναμις
929 5001 1066 5054 Θεοῦ
1110 5003 1249 5056 ἐστι.
1287 5001 1398 5056 Καὶ
1425 5002 1478 5056 ετ
1523 5019 1608 5066 τις
1638 5003 1700 5056 τὸ
1721 5003 1860 5073 πρέ·
1896 4990 1898 4992 ⁷

289 5106 394 5142 πον
421 5091 519 5142 καὶ
547 5091 696 5152 εἰκὸς
731 5092 946 5145 εὐσεϐεῖ
987 5093 1198 5164 διανοίᾳ
1242 5094 1340 5151 ἐπὶ
1385 5094 1482 5148 τοῦ
1527 5097 1736 5158 πάθους
1768 5097 1862 5150 καί⁹

283 5181 383 5233 τοῦ
411 5183 644 5237 θανάτου
673 5184 767 5237 τοῦ
809 5185 1050 5254 Χριστοῦ
1101 5186 1320 5257 θεωροί,
1375 5187 1630 5242 τοσοῦτον
1665 5189 1859 5256 σοφίας

285 5271 452 5340 βάθος
483 5275 731 5344 εὑρήσει,
766 5275 840 5339 ὡς
875 5278 960 5330 ἀεὶ
990 5279 1059 5332 cs
1104 5279 1231 5348 περὶ
1260 5278 1465 5333 τούτων
1521 5279 1860 5352 λογιζομένῳ

290 5363 462 5431 μείζω
492 5367 586 5419 καὶ
615 5367 785 5421 πλείω
810 5368 1142 5438 θεωρήματα
1169 5373 1456 5442 συναντᾷν,
1485 5371 1583 5426 καῖ
1597 5375 1664 5443 τῇ
1698 5373 1865 5446 πείρᾳ

287 5454 594 5520 λαμϐάνειν
625 5457 825 5528 ἀληθὲς
854 5454 1019 5524 εἶναι,
1069 5461 1098 5513 ὅ
1127 5477 1295 5530 φησιν
1335 5462 1364 5513 ὁ
1404 5463 1568 5523 αὐτὸς
1603 5463 1867 5516 ’Δπὸστο-

207 5531 243 5563 ⁸
285 5545 401 5609 λοςο
438 5566 456 5599 ι
495 5547 690 5620 Ίιμείς
727 5549 1074 5620 κηρύττοξμεν
1105 5552 1344 5621 Χριστὸν
1394 5554 1813 5624 ἐσταυρωμένον
1843 5569 1858 5585 ο

297 5635 576 5702 Ἰουδαίοις
621 5641 718 5708 μὲν
749 5641 1066 5709 σκάνδαλον,
1111 5643 1338 5716 Ἕλλησι
1368 5645 1425 5698 δὲ
1455 5645 1699 5714 μωρίαν
1731 5647 1865 5716 ἡμῖν

371 5821 615 5876 “Gaiat.
649 5839 717 5887 γι,
767 5824 849 5879 ιι.
925 5799 1010 5879 τίί
1046 5826 1169 5881 Cor.
1213 5843 1249 5896 ι,
1302 5829 1381 5880 ιδ.

1962 4637 2017 4690 in
2035 4652 2101 4691 eo
2128 4633 2497 4704 utgloriemur
2522 4630 2576 4684 in
2592 4645 2759 4685 cruce
2789 4631 3000 4684 Domini
3021 4632 3194 4685 nostri
3223 4629 3354 4687 Jesu
3379 4632 3538 4687 Chri-

1961 4726 2030 4782 sti
2061 4726 2130 4791 ⁷⁸,
2164 4733 2328 4794 atque
2360 4723 2414 4776 in
2444 4737 2506 4777 ea
2547 4721 2778 4775 salutem
2825 4731 3210 4789 exspectemus
3264 4738 3280 4776 :
3340 4741 3361 4774 ι
3407 4721 3537 4777 Ver-

1963 4819 2089 4875 bum
2111 4817 2254 4872 etrim
2275 4813 2480 4877 crucis,
2505 4813 2685 4883 inquit
2713 4811 2939 4876 Paulus,
2963 4813 3066 4868 etsi
3093 4813 3160 4867 iis
3187 4813 3279 4880 qui
3305 4826 3536 4882 pereunt

1962 4910 2190 4967 stultitia
2219 4920 2325 4974 est,
2354 4908 2514 4963 nobis
2536 4917 2714 4962 tamen
2741 4905 3084 4978 quisalutem
3111 4905 3532 4976 consequimur,

1967 5001 2062 5056 Dei
2109 5002 2283 5055 virtus
2317 4999 2516 5055 ωιτν.»
2554 4998 2632 5055 Ac
2659 4999 2704 5054 si
2735 4999 2862 5068 quis
2903 4998 3050 5069 quod
3078 4996 3232 5054 decet
3254 5014 3319 5055 ac
3371 5002 3532 5054 oliieii

1961 5101 2046 5148 est
2067 5091 2318 5161 religiosa
2346 5098 2524 5146 mente
2558 5091 2610 5145 in
2629 5091 2884 5160 passione
2897 5106 2962 5146 ac
2989 5090 3192 5147 Christi
3210 5101 3386 5147 morte
3402 5107 3532 5146 con~

1963 5185 2302 5248 sideraverit,
2343 5191 2547 5238 tantam
2591 5183 2826 5238 oti‘emlet
2851 5184 3135 5255 sapientia:
3167 5184 3533 5240 altitudinem.

1961 5290 2020 5334 ut
2051 5292 2267 5347 semper
2291 5276 2360 5331 de
2384 5276 2493 5355 illis
2511 5277 2695 5331 animo
2717 5278 2999 5347 cogitanti,
3032 5278 3234 5347 majora
3269 5279 3537 5348 pluraque

1961 5371 2291 5424 theoremata
2341 5383 2647 5438 sensusque
2677 5379 2969 5424 occurrant
2989 5408 3006 5436 ,
3039 5370 3268 5438 ipsoque
3288 5365 3363 5419 rei
3386 5363 3498 5433 peri
3517 5390 3532 5402 -

1960 5461 2085 5517 culo
2109 5475 2298 5515 verum
2329 5474 2453 5516 esse
2476 5469 2760 5530 agnoscat,
2792 5463 2941 5531 quod
2975 5464 3046 5516 ait
3109 5459 3249 5513 idem
3300 5458 3533 5524 Aposto-

1960 5554 2047 5609 lus
2083 5571 2098 5610 :
2137 5571 2156 5604 ι
2183 5551 2294 5608 Nos
2315 5551 2672 5621 praedicamus
2710 5553 2986 5609 Christum
3021 5548 3382 5611 cruciﬁxum;
3437 5543 3533 5600 Ju-

1962 5644 2094 5702 daeis
2126 5643 2346 5714 quidem
2418 5642 2760 5710 scandalum,
2792 5643 2993 5700 Graecis
3017 5649 3191 5696 autem
3221 5637 3532 5704 stultitiam,
