4096 6292
541 347 651 410 627

1804 358 2201 437 MANUELIS
2239 359 2544 421 CALEce

3683 354 3789 417 628

538 463 699 519 nobis
728 474 903 518 autem
934 468 1135 521 vocatis
1153 466 1357 524 Judreis
1382 479 1543 540 atque
1567 470 1774 525 Graecis
1822 470 2095 528 Christuu

2212 475 2268 527 δὲ
2302 478 2416 538 τοῖς
2450 476 2669 545 κλητοῖς
2709 473 2987 537 Ἰουδαίοις
3018 471 3111 526 καὶ
3140 470 3379 541 Ἕλλησι.
3397 469 3629 541 Χριστὸν
3648 469 3785 523 Θεοῦ

538 550 635 605 Dei
683 554 936 608 virtutem
964 567 1013 609 et
1045 559 1137 612 Dei
1173 560 1492 627 sapientiam
1518 560 1586 614 ”.
1655 578 1674 611 ι
1745 562 1818 614 Ac
1846 577 2037 616 rursus
2087 576 2102 614 :

545 658 566 692 ο
611 643 763 706 Quod
812 645 1037 701 stultum
1084 657 1169 702 est
1222 648 1338 715 Dei,
1385 651 1688 720 sapientius
1735 661 1819 706 est
1864 646 2108 705 homini-

542 730 643 811 δέρε
671 734 769 787 ⁸¹.›
827 739 933 791 Per
968 738 1127 792 iidem
1163 738 1349 809 itaque
1374 740 1663 797 Trinitatis
1696 751 1749 796 et
1781 742 2110 796 incarnatio-

539 824 632 880 nis
654 822 770 879 Filii
806 826 895 880 Dei
920 828 1320 884 confessionem
1382 847 1669 899 speramus
1700 848 1761 886 ex
1817 834 1903 887 Dei
1954 834 2109 886 auxi-

537 914 637 979 lio,
660 916 802 984 quod
834 918 989 974 nobis
1008 920 1061 972 in
1082 920 1186 974 bac
1210 921 1316 975 vita
1332 936 1424 991 per
1438 931 1776 976 sacramenta
1798 930 2105 992 praestatur,

536 1015 697 1075 atque
723 1007 873 1062 liberi
902 1009 1119 1064 arbitrii
1145 1026 1308 1080 opera
1385 1012 1624 1067 futuram
1664 1028 1762 1066 nos
1811 1013 2106 1067 beatitudi—

533 1111 659 1152 nem
706 1114 829 1167 post
897 1112 1127 1157 mortem
1176 1102 1602 1170 consecuturos;
1667 1113 1796 1159 tunc
1871 1105 2101 1167 scilicet,

534 1202 659 1241 cum
716 1188 880 1244 fuerit
932 1201 1273 1248 mortuorum
1322 1194 1656 1249 resurrectio
1704 1209 1770 1248 ac
1830 1192 2134 1263 judicium.

534 1288 838 1335 extremum
849 1318 867 1335 ο

1200 1486 1431 1542 CAPUT
1462 1486 1591 1541 Vlll.

728 1572 798 1630 De
859 1577 1042 1646 futura
1104 1590 1427 1634 marmorum
1497 1578 1899 1632 resurrectione.

602 1666 813 1723 Etenim
836 1684 955 1723 cum
983 1672 1050 1723 iis
1068 1686 1188 1739 quze
1212 1680 1335 1725 sunt
1369 1671 1491 1724 ﬁdei
1517 1670 1715 1738 capita,
1747 1668 2103 1724 resurrectio-

531 1776 655 1815 nem
716 1772 1054 1816 mortuorum
1109 1774 1326 1832 oportet
1377 1778 1477 1817 nos
1547 1762 1791 1817 credere.
1863 1760 2103 1814 Primum

2211 566 2446 635 δύναμιν
2479 567 2571 621 καὶ
2623 565 2758 619 Θεοῦ
2809 566 3022 635 σοφίαν.
3062 584 3081 617 ι
3122 564 3229 618 Καὶ
3265 563 3449 626 πάλιν,
3492 581 3511 614 ‹
3552 562 3627 614 Τὸ
3671 579 3788 630 μω·

2212 657 2430 726 ρότερον
2462 658 2556 710 τοῦ
2589 656 2727 710 Θεοῦ
2765 656 3072 726 σοφώτερον
3097 655 3205 707 τῶν
3236 655 3542 721 ἀνθρώπων
3566 654 3773 707 ἐστίν.»

2212 749 2373 800 Ὥστε
2405 748 2491 803 διὰ
2540 749 2637 817 τῆς
2672 749 2802 814 περὶ
2860 748 2959 816 τὴν
3016 746 3223 816 Τριάδα
3280 745 3519 806 πίστεως
3555 744 3648 795 καὶ
3682 747 3781 811 τῆς

2210 840 2351 893 κατά
2384 841 2482 909 τὴν
2536 839 2946 909 ὲνανθρὼπησιν
2978 838 3072 890 τοῦ
3122 838 3251 890 Υίοῦ
3284 836 3381 889 τοῦ
3420 838 3553 890 Θεοῦ
3587 838 3781 904 ὁμολο⁹

2210 935 2334 1001 γίας
2363 931 2651 1000 ἐλπίζομεν
2687 931 2793 983 ἀπὸ
2830 931 2927 999 τῆς
2950 929 3043 982 τοῦ
3072 928 3209 982 Θεοῦ
3246 929 3517 999 βοηθείας,
3552 929 3616 997 ἢν
3648 929 3782 997 ἡμῖν

2208 1026 2266 1077 ὲν
2294 1029 2375 1095 τῷ
2406 1025 2632 1092 παρόντι
2658 1022 2744 1075 διὰ
2773 1021 2883 1073 τῶν
2919 1020 3235 1091 μυστηρίων
3282 1019 3489 1082 δίδωσι,
3543 1020 3635 1071 καὶ
3668 1019 3779 1072 τῶν

2206 1118 2299 1170 τοῦ
2347 1115 2697 1180 αὑτεξουσίου
2728 1113 2941 1183 ἔργων,
3003 1113 3140 1181 μετά
3194 1111 3428 1163 θάνατον
3474 1108 3772 1178 ἀξιωθῆναι

2204 1208 2305 1270 τῆς
2341 1205 2635 1275 μελλούσης
2666 1198 3114 1273 μακαριότητος,”
3141 1203 3266 1272 ἥτις
3320 1202 3471 1254 ἔσται
3524 1201 3627 1269 τῆς
3668 1201 3776 1253 τῶν

2206 1299 2417 1369 νεκρῶν
2471 1298 2820 1361 ἀναστάσεως
2865 1298 2962 1351 καὶ
3010 1296 3108 1366 τῆς
3168 1294 3485 1357 τελευταίας
3535 1294 3776 1364 κρίσεως

2208 1392 2531 1462 γενομένης.

2802 1478 3052 1534 ΚΕΦΔΛ.
3090 1479 3175 1531 H’.

2209 1576 2344 1643 Περὶ
2387 1573 2497 1641 τῆς
2521 1572 2878 1643 μελλούσης
2922 1570 3042 1623 τῶν
3079 1567 3311 1637 νεκρῶν
3352 1566 3770 1633 ἀναστάσεως.

2276 1666 2387 1719 Καὶ
2424 1665 2532 1735 γὰρ
2561 1665 2701 1735 μετὰ
2735 1663 2842 1715 τῶν
2887 1662 2983 1730 τῆς
3034 1661 3269 1723 πίστεως
3308 1658 3635 1727 κεφαλαίων
3679 1658 3771 1710 καὶ

2207 1757 2502 1810 ἀνάστασιν
2570 1754 2780 1823 νεκρῶν
2836 1752 3130 1821 ὀφείλομεν
3182 1750 3485 1803 πιστεύειν.
3550 1749 3772 1817 Πρῶτον

531 1852 772 1921 quidem,
799 1854 924 1923 quia
951 1869 1073 1909 cum
1108 1856 1250 1911 Deus
1277 1855 1463 1923 justus
1496 1854 1590 1919 sit,
1642 1870 1865 1910 necesse
1921 1862 2008 1909 est
2044 1864 2095 1907 ut

2207 1847 2329 1916 μὲν,
2355 1846 2435 1900 ὅτι
2489 1846 2612 1899 ἐπεὶ
2644 1844 2852 1906 δίκαιός
2902 1846 3049 1897 ἐστιν
3087 1843 3117 1895 ὁ
3147 1842 3299 1906 Θεὸς,
3342 1844 3556 1912 ἀνάγκη
3612 1842 3771 1895 αὑτὸν

528 1944 675 2010 justa
722 1945 984 2015 rependat
1028 1946 1281 2015 pra‘mia;
1317 1955 1375 2000 ut
1425 1946 1634 2002 scilicet
1683 1945 1825 1998 mala
1899 1944 2097 2006 malis',

530 2035 669 2090 bona
737 2036 1204 2093 bonis‘retribuat.
1251 2037 1349 2092 Sin
1381 2047 1566 2092 autem
1621 2039 1722 2091 hoc
1771 2036 2100 2102 dederimus,

532 2135 644 2181 tum
674 2126 859 2183 {ruitio
881 2129 1006 2193 erit,
1041 2138 1151 2183 tum
1178 2130 1412 2197 punitio.
1446 2129 1540 2183 Sin
1568 2138 1746 2182 autem
1780 2128 1893 2181 haec
1916 2133 2098 2191 erunt,

530 2218 692 2271 etiam
745 2220 851 2273 erit
883 2219 1184 2288 judicium;
1242 2218 1327 2275 sin
1382 2229 1560 2274 autem
1609 2220 1889 2285 judicium,
1937 2219 2097 2271 etiam

532 2307 825 2363 retributio
870 2323 934 2362 ac
989 2324 1199 2365 merces
1256 2323 1517 2378 operum.
1575 2309 1718 2379 Ergo
1766 2310 1896 2378 quia
1958 2309 2100 2364 Deus

524 2395 705 2462 justus
738 2407 839 2461 est,
886 2392 1068 2454 futura
1103 2401 1441 2455 resurrectio
1474 2409 1575 2454 est.
1613 2400 1966 2455 Resurrectio
1999 2415 2099 2453 au-

530 2501 639 2543 tem
695 2506 1016 2560 corporum,
1061 2507 1180 2544 nam
1215 2491 1396 2546 anima
1447 2491 1774 2545 immortalis
1808 2500 1912 2546 est.
1958 2491 2096 2547 Cor-

529 2596 632 2648 pus
652 2581 795 2637 enim
832 2582 996 2653 (quod
1029 2584 1100 2637 sit
1130 2583 1415 2653 organum)
1446 2599 1566 2637 cum
1601 2583 1777 2637 anima
1828 2597 2097 2638 commer-

527 2673 671 2727 cium
729 2673 911 2740 habet,
945 2674 999 2727 in
1055 2675 1256 2745 quibus
1317 2674 1406 2729 illa
1453 2676 1696 2745 appetitu
1757 2674 1976 2729 ducitur
2032 2687 2097 2727 ac

526 2767 800 2833 incitatur,
832 2768 947 2823 sive
995 2756 1326 2832 contrariis,
1390 2769 1507 2822 sive
1577 2783 1706 2821 non.
1760 2767 1968 2821 Idcirco
2016 2765 2093 2819 illi

526 2858 776 2921 debetur,
838 2868 899 2913 ut
954 2861 1141 2915 eadem
1202 2874 1266 2914 ac
1315 2860 1519 2923 anima,
1583 2860 1666 2913 vel
1719 2859 1943 2928 gloriam
2007 2857 2092 2911 vel

462 3002 471 3009 .
528 2950 767 3005 dedecus
801 2965 864 3005 ac
890 2952 1147 3018 probrum
1208 2959 1600 3020 consequatur.
1656 2950 1712 3004 Si
1760 2951 1883 3018 quis
1933 2964 2093 3018 porro

528 3048 685 3102 tidem
745 3046 831 3100 his
888 3061 995 3099 non
1055 3047 1453 3109 accommodat,
1522 3046 1667 3115 quod
1724 3046 1803 3100 sic
1862 3028 2089 3113 corpora

2202 1936 2543 2008 ἀμείψασθαι
2573 1937 2698 1998 τοὺς
2727 1935 2826 2003 μὲν
2857 1937 3129 2005 πονηροὺς
3158 1937 3366 1999 κακοῖς,
3393 1936 3519 1997 τοὺς
3548 1935 3605 1988 δὲ
3637 1932 3777 2002 ἁγα-

2204 2031 2331 2094 θοὺς
2367 2030 2615 2098 ἀγαθοῖς.
2655 2031 2718 2082 Ei
2748 2030 2804 2081 δὲ
2837 2028 2994 2081 τοῦτό
3031 2030 3200 2095 ἐστιν,
3232 2029 3386 2082 ἔσται
3415 2030 3511 2081 καὶ
3536 2029 3776 2082 anna»-

2204 2140 2290 2184 οις
2324 2122 2419 2174 καὶ
2452 2120 2694 2182 κόλασις.
2737 2120 2795 2171 El
2823 2120 2877 2173 δὲ
2912 2120 3081 2172 ταῦτα
3132 2120 3331 2189 κρίσις.
3368 2120 3429 2172 Εἰ
3468 2120 3524 2173 δὲ
3567 2120 3769 2189 κρίσις,

2202 2214 2295 2267 καὶ
2321 2213 2702 2274 άνταπόδοσις.
2738 2211 2902 2263 Ὥστε
2937 2212 3061 2265 ἐπεὶ
3100 2212 3310 2273 δίκαιός
3364 2212 3514 2263 ἐστιν
3550 2213 3579 2263 ὁ
3614 2211 3771 2277 Θεὸς,

2203 2302 2358 2355 ἔσται
2395 2301 2710 2364 ἀνάστασις.
2777 2300 3101 2360 Ἀνάστασις
3155 2301 3211 2353 δὲ
3248 2301 3559 2369 σωμάτωνο
3601 2302 3633 2372 ἡ
3663 2302 3777 2370 γὰρ

2200 2393 2346 2463 ψυχὴ
2375 2393 2643 2455 ἀθάνατός
2668 2394 2803 2447 ἐστι.
2838 2394 2948 2445 Καὶ
2978 2395 3087 2463 γὰρ
3109 2393 3169 2445 τὸ
3211 2394 3370 2463 σῶμα
3402 2395 3634 2465 ὄργανον
3662 2415 3777 2452 χοε.

2200 2487 2361 2539 νωνεί
2389 2488 2455 2558 τῇ
2503 2485 2647 2556 ψυχῇ
2701 2486 2762 2538 ὲν
2818 2481 2900 2549 οἷς
2938 2486 3003 2539 ἂν
3036 2486 3176 2555 αὕτη
3224 2487 3463 2560 ὁρμήσῃ,
3511 2491 3653 2544 κατὰ
3704 2491 3778 2545 τὰ

2198 2578 2435 2643 ἐναντία,
2466 2578 2559 2631 καὶ
2590 2579 2684 2648 μή.
2708 2576 2911 2646 Διόπερ
2936 2578 3305 2647 ὀφειλόμενον,
3334 2579 3422 2634 ἵνα
3451 2581 3559 2633 τῶν
3593 2584 3777 2635 αὐτῶν

2200 2671 2587 2741 κληρονομήσῃ
2630 2668 2770 2738 μετὰ
2799 2671 2900 2739 τῆς
2923 2669 3100 2740 ψυχῆς
3154 2672 3251 2723 καὶ
3286 2672 3347 2724 τδ
3385 2673 3569 2741 σῶμαν
3616 2676 3776 2745 δόξης

2203 2762 2235 2832 ἢ
2267 2762 2515 2830 ἀτιμίας.
2548 2756 2642 2824 Οἷς
2682 2762 2732 2814 εί
2763 2762 2838 2832 μὴ
2872 2762 3117 2815 πιστεύει
3156 2780 3237 2825 τις
3266 2763 3356 2817 διὰ
3388 2765 3487 2828 τὰς
3536 2783 3780 2834 (quat:-

2199 2854 2298 2917 κάς
2326 2852 2531 2922 φθορὰς
2563 2852 2675 2905 τῶν
2721 2853 2994 2923 σωμάτων
3025 2855 3119 2906 καὶ
3158 2855 3513 2920 παντοδαπὰς
3544 2858 3777 2912 ἀλλοιώ-

2199 2962 2334 3009 σεις,
2375 2945 2510 2997 ἀλλά
2560 2945 2695 3015 πρὸς
2744 2944 2804 2998 τὸ
2858 2944 2953 2997 τοῦ
3003 2946 3139 2998 Θεοῦ
3176 2947 3591 3019 παντοδύναμον
3624 2952 3779 3005 οὐδὲν

2197 3035 2460 3089 ἀδύνατον
2494 3035 2647 3088 ἔσται
2674 3052 2687 3066 ’
2715 3034 2774 3097 ὃς
2816 3035 3149 3105 πιστεύομεν
3176 3038 3260 3089 ὅτι
3292 3040 3472 3093 πάντα
3500 3038 3607 3094 οἶδε
3643 3045 3780 3111 πρὶν

528 3140 821 3200 intereant,
874 3136 1300 3205 innumerasque
1325 3136 1729 3190 vicissitudines
1757 3134 1985 3188 aliorum
2032 3134 2085 3189 in

2200 3127 2481 3195 γενέσεως
2516 3125 2722 3192 αὐτῶν,
2781 3126 2876 3178 καὶ
2905 3127 2988 3181 ὅτι
3018 3128 3078 3180 τὸ
3127 3130 3237 3183 πᾶν
3284 3129 3470 3201 ὥσπερ
3518 3135 3575 3185 ἐν
3612 3134 3778 3199 δρακὶ

525 3227 631 3281 alia
688 3228 1144 3281 transmutatione
1205 3227 1472 3287 subeant;
1554 3234 1610 3279 at
1678 3235 1921 3294 spectata
1990 3226 2088 3279 Dei

523 3319 939 3389 omnipotentia,
974 3318 1106 3372 nihil
1145 3318 1248 3372 erit
1281 3317 1642 3387 impossibile,
1698 3319 1900 3388 quippe
1931 3332 2092 3388 quem

523 3412 806 3467 credamus
839 3411 982 3468 scire
1005 3411 1219 3474 omnia,
1258 3416 1551 3480 antequam
1600 3412 1731 3465 tiant
1760 3411 1826 3474 θ’,
1885 3426 2096 3466 rerum-

523 3520 629 3573 que
669 3506 808 3559 hanc
844 3504 1251 3559 universitatem
1283 3504 1441 3573 quasi
1478 3504 1685 3573 pugillo
1714 3502 1997 3558 continere
2024 3501 2095 3558 ⁸⁸.

524 3579 807 3665 Siquidem
875 3594 1040 3664 igitur
1106 3595 1178 3647 ita
1237 3595 1583 3662 exploratum
1638 3602 1744 3657 est,
1806 3606 1937 3647 sane
1992 3605 2093 3645 nec

524 3688 822 3741 humanum
865 3698 1109 3755 'corpus,
1172 3700 1485 3759 quanquam
1526 3685 1874 3738 .‘innumeras
1926 3682 2098 3737 subiit

522 3779 870 3838 mutationes,
902 3792 1023 3830 cum
1075 3777 1260 3829 mundi
1290 3776 1500 3829 ambitu
1530 3774 1897 3835 contineatur,
1927 3773 2093 3827 Deum

522 3871 721 3941 ubique
752 3877 1067 3939 pmscntem
1094 3874 1258 3937 atque
1281 3867 1463 3920 omnia
1492 3866 1868 3920 continentem
1899 3863 2037 3932 fugit
2069 3883 2083 3917 ς

520 3960 647 4030 quin
678 3960 802 4031 ejus
829 3958 1121 4024 voluntati,
1146 3974 1252 4027 qua
1296 3959 1462 4027 pollet
1493 3956 1912 4027 omnipotentia,
1953 3971 2094 4025 opus

518 4065 703 4105 comes
731 4050 856 4103 erit.
891 4048 1024 4103 Cum
1074 4048 1222 4100 enim
1251 4048 1434 4101 omnia
1484 4061 1546 4101 es
1586 4048 1757 4102 nihilo
1803 4049 1858 4101 in
1902 4061 2087 4101 rerum

518 4150 771 4197 naturam
819 4137 1157 4207 produxerit,
1201 4137 1293 4206 qui
1347 4138 1436 4189 liat
1483 4144 1542 4191 ut
1580 4137 1632 4191 id
1668 4146 1927 4205 praestare
1976 4150 2083 4190 non

518 4230 729 4300 possit?
752 4243 874 4283 cum
900 4227 1199 4298 praesertim
1226 4226 1467 4296 subjecta
1512 4242 1621 4281 non
1662 4225 1805 4281 desit
1834 4226 2087 4293 materia,

518 4335 831 4391 quanquam
873 4320 941 4373 ob
986 4320 1186 4373 multas
1218 4319 1507 4388 variasque
1552 4317 1881 4373 mutationes
1906 4318 1959 4371 in
1986 4318 2086 4372 mi-

2195 3218 2423 3287 συνέχει.
2477 3217 2537 3270 El.
2573 3218 2704 3285 γοῦν
2734 3217 2892 3271 τοῦτο
2919 3219 3288 3287 ὁμολογεῖται,
3326 3221 3441 3272 οὐδὲ
3470 3221 3529 3271 τὸ
3554 3224 3775 3292 ἀνθρὼ-

2194 3325 2346 3363 πινον
2395 3308 2557 3379 σῶμα
2603 3309 2683 3371 είς
2730 3308 2931 3378 μυρίας
2969 3312 3271 3378 μεταϐολὰς
3300 3310 3618 3380 μεταϐαλὸν,
3664 3314 3765 3373 τὸν

2193 3400 2469 3471 πανταχοῦ
2520 3401 2763 3469 παρόντα
2791 3403 2883 3454 καὶ
2913 3402 3091 3455 πάντα
3125 3404 3413 3473 συνέχοντα
3462 3402 3763 3472 διδράσκει,

2192 3494 2340 3557 ἐντὸς
2371 3493 2429 3547 ὃν
2461 3495 2557 3546 τοῦ
2589 3496 2827 3562 κόσμου·
2869 3494 3003 3547 ἀλλὰ
3051 3495 3131 3565 τῷ
3174 3495 3371 3549 τούτου
3419 3496 3681 3564 θελήματι
3707 3498 3771 3550 τδ

2192 3584 2352 3654 ἔργον
2404 3583 2762 3653 ἀκολουθήσει
2804 3585 2893 3637 διὰ
2923 3586 2979 3637 τὸ
3010 3585 3422 3653 παντοδύναμον
3451 3586 3548 3639 τοῦ
3606 3587 3771 3645 Θεοῦ.

2198 3679 2262 3731 Εἰ
2296 3678 2403 3746 γὰρ
2432 3678 2495 3730 ἐκ
2519 3677 2612 3731 τοῦ
2645 3676 2720 3747 μὴ
2750 3676 2901 3739 ὄντος
2930 3680 3009 3740 εἰς
3037 3678 3098 3730 τὸ
3118 3674 3257 3731 εἶναι
3290 3679 3358 3732 τὰ
3392 3679 3568 3733 πάντα
3598 3682 3776 3750 παρή-

2197 3785 2355 3834 γαγε,
2390 3768 2505 3831 πῶς
2558 3770 2638 3830 εἰς
2682 3767 2846 3820 τοῦτο
2892 3767 3253 3838 ἀδυνατήσεις
3320 3769 3629 3824 καὶκταῦτα
3673 3771 3777 3840 τῆς

2194 3857 2327 3925 ὕλης
2352 3856 2741 3925 ὑποκειμένης,
2780 3858 2829 3910 εἰ
2863 3857 2957 3910 καὶ
2996 3859 3074 3920 είς
3107 3858 3167 3910 τὸ
3195 3859 3482 3929 ἐλάχιστον
3508 3862 3596 3914 διὰ
3640 3863 3775 3915 πολ-
3852 3872 3863 3882 “

2193 3949 2301 4001 λῶν
2329 3949 2421 4001 καὶ⁸
2455 3948 2716 4002 ποικίλων
2749 3949 2859 4002 τῶν
2912 3949 3226 4018 μεταϐολῶν
3282 3954 3673 4024 προελήλυθεν.
3697 3957 3775 4009 Οὐ

2195 4040 2302 4109 γὰρ
2336 4040 2736 4109 παντάπασινή
2779 4039 2879 4109 ὕλη
2916 4041 3130 4113 ἐφθάρη
3159 4060 3172 4072 ο
3226 4044 3381 4113 μένει
3415 4046 3473 4099 δὲ
3496 4050 3777 4115 ὁπωσοῦν,

2195 4135 2244 4186 εί
2275 4133 2369 4186 καὶ
2399 4135 2532 4202 ἡμῖν
2569 4133 2785 4202 ἄδηλος.
2833 4135 2895 4186 Εἰ
2928 4134 2987 4188 δὲ
3023 4137 3053 4205 ἡ
3085 4136 3222 4205 αὐτῇ
3282 4136 3379 4207 ὕλη
3442 4140 3656 4203 πολλοῖς
3684 4142 3769 4204 εἰς

2195 4224 2408 4291 γένεσιν
2438 4224 2771 4290 συνετέλεσε,
2794 4224 2855 4278 τὸ
2881 4224 2979 4293 μὲν
3002 4226 3203 4295 ἀνῆκον
3232 4228 3448 4299 ἑκάστῳ
3470 4230 3781 4301 avum-.915-

2199 4332 2381 4368 σεται·
2420 4315 2481 4368 τὸ
2510 4315 2567 4368 δὲ
2592 4316 2839 4369 ἐλλεῖπον
2863 4317 2897 4387 ὴ
2926 4315 3048 4370 θεία
3079 4317 3245 4386 φύσις
3272 4320 3689 4389 ἀναπληρώσει.

517 4418 726 4471 nimum
789 4415 921 4487 quid
970 4415 1058 4470 illa
1103 4416 1324 4470 redacta
1374 4416 1469 4471 sit.
1518 4416 1637 4471 Non
1684 4415 1828 4472 enim
1858 4416 2087 4471 materia
2123 4431 2356 4488 prorsus
2390 4418 2621 4482 interiit,
2684 4418 2779 4473 sed
2807 4412 3248 4487 quodammodo'
3283 4428 3486 4482 manet,
3560 4420 3771 4471 tametsi

520 4530 606 4569 res
633 4512 790 4569 nobis
834 4512 1064 4569 obscura
1115 4512 1210 4567 sit.
1261 4512 1355 4567 Sin
1402 4520 1584 4567 autem
1627 4514 1816 4569 eadem
1853 4513 2081 4568 materia
2159 4515 2456 4569 multorum
2502 4516 2836 4585 generationi
2905 4517 3172 4583 inserviit,
3208 4518 3351 4588 quod
3421 4518 3620 4585 cuique
3651 4517 3780 4569 atti—

518 4618 631 4673 net,
667 4607 721 4662 id
747 4623 873 4663 vero
895 4617 1236 4663 assumetur:
1293 4608 1672 4679 supplebitque
1700 4609 1883 4665 divina
1909 4611 2084 4665 virtus
2123 4609 2268 4679 quod
2340 4609 2404 4664 ad
2460 4611 2675 4680 plenam
2726 4611 2976 4679 corporis
3025 4612 3223 4666 molem
3265 4611 3505 4665 deficiet.

586 4699 737 4755 Licet
777 4715 908 4755 vero
960 4702 1123 4755 etiam
1148 4715 1209 4754 ex
1256 4700 1422 4754 rebus
1442 4702 1740 4769 corporeis,
1762 4701 1880 4769 ejus
1910 4700 1987 4756 rei
2013 4701 2093 4755 si-

2272 4702 2383 4755 Kai
2407 4701 2515 4754 ἀπὸ
2541 4701 2650 4755 τῶν
2682 4702 3009 4770 σωματικῶν
3037 4702 3103 4782 δὲ.
3124 4702 3273 4756 ἔστιν
3310 4702 3496 4755 εἰκόνα
3526 4702 3647 4755 τινὰ
3676 4700 3775 4755 καὶ

516 4790 817 4847 mulacrum
834 4790 1103 4860 quoddam
1124 4790 1492 4860 indiciumque
1512 4805 1809 4847 assumere.
1830 4790 2094 4847 Triticum

513 4881 657 4935 enim
678 4896 730 4933 tn
749 4892 888 4936 terra
903 4890 1238 4950 putrescens,
1254 4896 1447 4937 rursus
1463 4896 1495 4950 g
1528 4883 1748 4947 r.ninat,
1768 4882 1933 4951 inque
1948 4899 2097 4937 eam-

520 4970 643 5025 dem
677 4972 839 5025 tritici
864 4974 1097 5041 speciem
1126 4980 1413 5043 rcparatur
1440 4987 1505 5027 ac
1545 4974 1718 5044 surgit
1751 4975 2090 5045 :cumqucid

518 5060 811 5130 quotannis
864 5061 978 5114 ﬁeri
1022 5063 1333 5130 videamus,
1384 5079 1496 5132 prae
1515 5066 1914 5121 consuetudine
1960 5067 2091 5121 nihil

521 5150 769 5206 mirabile
797 5167 916 5206 esse
943 5152 1343 5209 existimamus.
1379 5156 1475 5209 Sin
1508 5172 1638 5211 vero
1668 5158 1792 5226 quis
1826 5173 1897 5212 ea
1932 5160 1998 5212 dc
2032 5175 2091 5213 re

518 5261 641 5301 cum
672 5242 780 5299 illis
822 5258 1128 5299 sermonem
1157 5245 1401 5310 haberet,
1429 5248 1626 5314 quibus
1650 5264 1925 5319 nunquam
1946 5252 2089 5321 quod

519 5337 601 5392 sic
633 5346 824 5390 natura
857 5334 1061 5406 geritur
1108 5336 1453 5403 exploratum
1485 5347 1652 5405 esset,
1685 5356 1786 5394 nec
1814 5342 2086 5397 seminum

516 5428 624 5482 vim
656 5436 819 5497 atque
856 5425 1091 5480 indolem
1130 5436 1537 5495 pernoscerent,
1567 5428 1612 5483 is
1644 5430 1783 5497 apud
1829 5431 1952 5488 illos
1984 5448 2085 5485 nec

518 5518 676 5574 lldem
697 5519 988 5574 obtineret.
1016 5518 1183 5573 Aiunt
1208 5532 1335 5572 vero
1373 5517 1537 5573 etiam
1571 5521 1845 5590 quoddam
1882 5524 2081 5577 animal

519 5609 663 5664 circa
692 5611 927 5667 Orientis
955 5612 1141 5681 plagas
1177 5611 1304 5666 vitae
1350 5610 1611 5681 longioris
1654 5626 1812 5678 esse;
1862 5627 2086 5685 tumque

591 5783 685 5841 ³⁸1
729 5788 855 5843 Cur.
921 5805 960 5854 ι,
1000 5790 1090 5845 25.

1170 5793 1209 5821 ἰ
1249 5791 1376 5845 ibil.
1407 5790 1495 5842 2i.
1573 5790 1615 5822 ‘”
1655 5790 1784 5844 Dan.
1831 5806 1954 5859 xm,
1981 5794 2060 5850 l5.

2203 4793 2400 4862 δεῖγμα
2424 4792 2632 4847 λαϐεῖν.
2664 4793 2732 4847 '0
2758 4795 2868 4862 γάρ
2915 4795 3058 4857 σῖτος
3090 4796 3147 4847 ἐν
3191 4798 3260 4865 γῇ
3293 4795 3603 4864 σηπόμενος
3640 4796 3774 4847 ἀνα-

2201 4884 2497 4939 ϐλαστάνει
2550 4884 2739 4950 πάλιν,
2789 4886 2885 4937 καὶ
2920 4887 3001 4947 είς
3033 4885 3095 4938 τὸ
3126 4885 3257 4938 αὐτὸ
3310 4880 3450 4948 εἶδος
3480 4884 3573 4938 τοῦ
3622 4886 3771 4938 σίτου

2201 4974 2673 5028 ἀποκαθίσταται·
2730 4975 2868 5046 ὅπερ
2921 4974 3045 5028 κατ’
3085 4974 3205 5038 ἔτος
3235 4975 3495 5046 ὁρῶντες,
3530 4976 3638 5028 ἀπὸ
3674 4976 3775 5045 ἰ’ἧς

2202 5064 2493 5136 συνηθείας
2525 5066 2680 5120 οὐδὲν
2713 5066 3033 5137 θαυμαστὸν
3071 5063 3213 5122 εἶναι
3244 5052 3559 5138 νομίζομεν.
3597 5069 3662 5121 El’
3687 5085 3773 5130 τις

2194 5155 2252 5208 δὲ
2282 5156 2591 5226 ἀνθρώποις
2619 5158 2894 5227 διελέγετο
2921 5162 3051 5230 περὶ
3080 5160 3274 5214 τούτου
3319 5161 3587 5231 μηδέποτε
3613 5160 3771 5211 τοῦτο

2197 5249 2385 5317 ἰδοῦσι,
2415 5251 2552 5319 μηδὲ
2566 5252 2669 5321 τὴν
2684 5251 2795 5305 τῶν
2818 5253 3152 5322 σπερμάτων
3175 5252 3337 5320 φύσιν
3360 5253 3769 5319 ἐπισταμένοις,

2189 5342 2289 5395 οὐκ
2318 5342 2383 5396 ἂν
2415 5343 2734 5413 ἐπιστεύθη.
2764 5345 2903 5397 Φασὶ
2944 5344 3000 5396 δὲ
3033 5343 3126 5397 καί
3156 5361 3207 5396 τι
3239 5344 3381 5406 ζῶον
3422 5344 3549 5412 περὶ
3576 5344 3642 5394 τὰ
3670 5343 3771 5410 τῆς

2190 5432 2460 5503 ἀνατολῆς
2518 5436 2657 5503 μέρη
2696 5436 2864 5488 πολλά
2906 5435 3001 5505 ἔτη
3048 5434 3149 5504 ζῇν
3173 5450 3187 5465 ·
3225 5431 3342 5487 εἶτα
3371 5432 3640 5487 τελευτῶν
3662 5434 3774 5486 ἀπὸ

2193 5524 2291 5593 τῆς
2331 5525 2495 5578 αὑτοῦ
2554 5526 2771 5596 σήψεως
2824 5531 2991 5601 χωρὶς
3025 5528 3310 5590 συνουσίας
3360 5521 3471 5580 οἷον
3506 5526 3774 5597 σκώληκα

2194 5616 2552 5687 γεννώμενον,
2586 5618 2646 5672 τὺ
2672 5621 2804 5673 αὐτὸ
2834 5621 2972 5685 ζῶον
3006 5623 3063 5675 ὲν
3089 5620 3167 5692 τῷ
3202 5620 3351 5692 αὐτῷ
3390 5619 3521 5673 εῖδει
3548 5620 3772 5674 ἀποκα-

2138 5794 2183 5825 ⁶³
2210 5793 2311 5849 Ιδιι.
2358 5811 2441 5861 xc,
2476 5798 2562 5853 12.

3778 5514 3809 5537 ο
