4096 6292
385 340 493 409 6‘29

1331 346 1430 406 DE
1472 346 1906 408 PRINCIPIIS
1947 347 2156 408 FIDEI
2192 349 2656 410 CATIIOLICKE.

3511 345 3615 405 630

388 460 699 521 Olataceat,
743 459 837 512 καὶ
889 459 1050 512 πάλιν
1105 458 1192 512 ἐπ’
1242 459 1408 512 αὑτοῦ
1443 461 1504 512 τὸ
1535 461 1668 512 αὐτὸ
1699 461 1944 528 γίνεσθαι

2061 463 2229 530 ipsum
2259 462 2453 525 emori,
2485 477 2658 528 exque
2690 460 2857 528 ipsius
2893 458 3030 526 putri
3066 455 3288 510 materia
3318 455 3434 508 sine
3461 456 3610 509 coitu

386 550 528 605 κατὰ
562 551 662 616 τὴν
691 547 802 601 ἀπὸ
819 546 963 600 Θεοῦ
993 547 1333 617 τεταγμένην
1373 548 1482 600 τῶν
1511 549 1783 602 τοσούτων
1813 551 1944 620 x96-

389 658 496 692 νων
529 638 794 708 περίοδον.
827 639 938 692 Καὶ
966 638 1100 691 ἀλλα
1129 639 1242 703 ζῶα
1273 640 1331 703 ἐξ
1357 639 1518 710 ἄλλης
1551 640 1682 708 ὕλης
1713 641 1947 708 γεννῶν-

2047 554 2196 608 velut
2241 568 2473 607 vertuem
2511 553 2718 612 enasci,
2772 565 2882 619 quo
2916 551 3053 604 idem
3104 550 3302 602 animal
3341 549 3392 600 in
3421 550 3609 601 eadem

2049 645 2233 713 specie
2299 651 2610 711 rcparetnr;
2667 643 2719 694 in
2773 657 2882 709 quo
2933 655 3118 692 rursus
3173 639 3314 692 idem
3375 639 3608 697 accidat,

389 747 502 794 ται,
530 727 592 780 οὐ
635 728 774 780 κατά
799 728 1028 796 δύναμιν
1077 729 1422 798 ἀνθρωπίνην
1449 747 1464 761 ·
1497 732 1591 782 καὶ
1625 731 1686 783 οὐ
1712 730 1780 783 τὰ
1809 731 1950 784 αὑτά

2061 735 2199 798 iuxta
2234 748 2299 786 ac
2330 733 2576 800 evposcit
2633 741 2709 784 tot
2741 744 3007 781 annorum
3057 744 3088 780 a
3142 727 3248 780 Deo
3309 728 3606 781 constituta

394 823 460 872 ἐκ
488 819 597 871 τῶν
629 819 808 872 αὐτῶν
837 821 959 872 ἀεί·
994 819 1180 889 ὥσπερ
1205 822 1414 890 σφῆκες
1476 823 1575 891 μὲν
1608 825 1672 875 ἐκ
1722 824 1823 891 τῆς
1853 822 1947 875 τοῦ

394 911 561 962 ἵππου
593 910 852 980 κεφαλῆς,
882 914 944 964 ἐκ
966 912 1021 965 δὲ
1048 913 1141 966 τοῦ
1165 913 1284 983 βοὸς
1315 915 1584 982 μέλιτται,
1616 916 1710 966 καὶ
1732 915 1866 968 ἄλλα
1891 914 1951 978 ἐξ

392 1001 569 1053 ἀλλων
591 1018 604 1032 ο
640 1001 734 1053 τοῦ
769 1001 905 1056 Θεοῦ
931 1003 1019 1056 διὰ
1039 1002 1244 1056 τούτων
1269 1005 1678 1066 ὑποδεικνύντος
1713 1008 1845 1072 ἡμῖν
1873 1006 1951 1074 μὴ

393 1089 619 1158 ἀπορεῖν
638 1091 732 1144 ἐπὶ
757 1091 866 1143 τῶν
894 1093 1362 1162 παραδοξοτέρων,
1384 1109 1459 1147 ων
1487 1097 1514 1147 ό
1543 1096 1673 1158 Θεὸς
1699 1097 1952 1162 διδᾲσκα-

394 1177 484 1240 λος
508 1180 779 1247 ἐγεγόνει⁸
815 1184 909 1234 καὶ
945 1183 1108 1246 αὐτὸς
1157 1185 1336 1252 μόνος,
1367 1185 1444 1248 ὡς
1479 1186 1546 1239 τά
1587 1188 1761 1240 πάντα
1792 1187 1948 1242 δυνά-

396 1285 579 1335 μενος,
607 1270 847 1325 τελειοῦν
875 1273 1120 1329 δύναται.

465 1535 576 1603 Τῆς
633 1539 983 1606 ἀναστάσεως
1034 1546 1212 1598 τοίνυν
1255 1549 1348 1600 καὶ
1397 1549 1497 1616 τῆς
1542 1549 1955 1613 ἀνταποδόσεως

391 1625 820 1695 ἀναιρουμένων,
846 1633 1026 1701 πλήθη
1047 1635 1262 1688 ἀτόπων
1282 1638 1622 1708 συμϐήσεται
1647 1640 1956 1707 ὁμολογεῖν.

395 1716 518 1767 ’Ὁτι
567 1719 636 1772 τὰ
693 1719 864 1787 ἀλογα
925 1723 1038 1786 ζῶα
1094 1727 1378 1794 κρείττονα
1408 1731 1563 1798 ἡμῶν
1589 1731 1732 1783 είσί’
1769 1731 1958 1784 καθότι

393 1807 578 1859 ἐκεῖνα
613 1811 710 1877 μὶν
742 1810 887 1880 ζωὴν
924 1814 1131 1900 ἄλυπον
1157 1815 1373 1885 εχοωσιν
1395 1836 1409 1850 °
1463 1821 1626 1890 ἡμεῖς
1655 1821 1710 1873 δὲ
1748 1824 1840 1875 καὶ
1868 1823 1957 1875 λυο
1991 1805 2031 1856 Β

392 1901 641 1989 πούμεθα
673 1905 768 1956 καὶ
795 1906 1199 1977 κινδυνεύομεν,
1227 1910 1522 1982 ἐξαιρέτως
1568 1913 1657 1966 διά
1683 1914 1780 1985 τὴν
1829 1917 1960 1986 περὶ

390 1988 539 2040 Θεοῦ
568 1991 843 2060 ἀλήθειαν.
867 1998 1026 2062 Τίνος
1053 2001 1160 2070 γὰρ
1188 2001 1350 2055 ἕνεκα
1379 2005 1565 2058 πολλοὶ
1599 2008 1706 2059 τῶν
1747 2010 1960 2079 ἀνθρὼ-

394 2097 510 2132 πων
539 2085 738 2153 ἀρετὴν
756 2091 851 2139 καὶ
878 2091 1235 2160 σωφροσύνην
1260 2095 1487 2158 εἴλοντο,
1510 2097 1616 2148 τῶν
1636 2098 1727 2150 τοῦ
1751 2101 1957 2169 κόσμου

392 2177 907 2262 καταφρονήσαντες
937 2181 1130 2247 ἡδέων,
1184 2186 1276 2237 καὶ
1319 2187 1457 2255 ὑπὲρ
1498 2188 1759 2258 ἀληθείας
1795 2193 1959 2262 μέχρι

393 2261 625 2316 θανάτου
657 2267 1029 2338 ἀντέστησανς
1072 2274 1234 2327 Ἀλλά
1271 2277 1380 2344 μὴν
1401 2278 1560 2347 δῆλον
1597 2281 1676 2332 ὅτι
1706 2285 1959 2351 τιμιώτε-

393 2369 476 2420 ροι
511 2355 725 2408 πάντων
775 2360 940 2426 ἐσμὲν
978 2363 1026 2414 οί
1063 2363 1378 2434 ἄνθρωποι·
1447 2370 1542 2421 καὶ
1571 2370 1780 2431 δίκαιος
1823 2372 1900 2425 ὢν
1932 2376 1960 2426 ό

391 2442 546 2510 Θεὸς,
601 2447 701 2500 οὐκ
736 2447 802 2501 ἂν
837 2453 1188 2523 συνεχώρησε
1227 2457 1471 2523 ματαίως
1515 2461 1657 2514 οὕτω
1685 2464 1961 2516 ταλαιπωι-

395 2535 605 2602 ρεῖσθαι
647 2540 707 2590 τὸ
737 2541 1064 2612 τιμιώτερον
1117 2548 1268 2616 ἡμᾶς
1298 2549 1526 2619 κτίσμα,
1553 2552 1580 2604 δ
1620 2556 1742 2606 κατ’
1775 2557 1959 2610 εἰκόνα

392 2625 587 2679 ἑαυτοῦ
617 2631 840 2698 ἐποίησε
870 2637 966 2686 καὶ
994 2637 1129 2705 πρὸς
1164 2639 1357 2691 ἑαυτὸν
1393 2639 1565 2706 ἕλκει,
1617 2648 1692 2714 μὴ
1749 2647 1960 2714 μέλλων

391 2717 700 2772 ἀποδιδόναι
730 2723 856 2784 τοὺς
889 2725 1118 2790 μισθοὺς
1149 2729 1362 2798 ἑκάστῳ
1390 2733 1606 2786 κατὰτὸ
1635 2735 1843 2788 δίκαιον
1868 2741 1964 2791 καί

393 2807 494 2897 τὴν
516 2809 805 2876 ἀναλογίαν
823 2813 933 2865 τῶν
959 2817 1225 2882 καμάτων
1263 2821 1464 2874 αὐτῶν.
1517 2823 1964 2897 ’Λναιοεθήσεται

395 2896 453 2947 δὲ
477 2899 572 2949 καὶ
600 2899 632 2966 ὴ
657 2899 793 2969 πρὸς
814 2901 904 2954 τὸν
933 2903 1068 2956 Θεὸν
1097 2907 1343 2976 λατρεία,
1375 2913 1470 2964 καὶ
1497 2915 1529 2982 ἡ
1559 2916 1695 2983 πρὸς
1719 2896 1848 2980 τοῦς
1873 2936 1964 2986 γο-

398 2986 527 3050 νέας
557 2989 712 3058 τιμὴ,
744 2991 886 3062 καὶὴ
915 2994 1052 3065 πρὸς
1080 2995 1349 3068 ἀλλήλους
1370 3001 1533 3064 αἰδὼς
1564 3005 1658 3055 καὶ
1682 3006 1959 3068 εὐλάϐεια.

401 3079 494 3130 καὶ⁵
528 3080 681 3146 φιλία
711 3084 806 3136 καὶ
832 3085 1062 3156 ὀρθότης
1096 3089 1190 3142 καὶ
1219 3091 1474 3144 κοινωνία
1505 3093 1728 3147 πάντων
1747 3112 1761 3128 ο
1792 3100 1888 3150 καὶ
1913 3100 1962 3150 at

397 3171 549 3237 νόμοι
584 3174 676 3225 καὶ
703 3176 766 3228 τά
792 3179 1069 3248 κριτήρια,
1107 3182 1202 3234 καὶ
1225 3184 1401 3236 πάντα
1431 3184 1500 3238 τά
1534 3186 1781 3240 τοιαῦτα.
1810 3191 1960 3243 Διατί

394 3254 503 3324 γᾶρ
528 3256 741 3313 ἔσονται
789 3262 998 3330 ταῦτα;
1031 3268 1176 3330 τίνος
1203 3269 1402 3338 ἓνεκα;
1458 3272 1581 3326 ἐπεὶ
1621 3275 1760 3346 πρὸς
1807 3279 1960 3331 οὐδὲν

392 3348 658 3417 ἀορορῶσι.
694 3353 806 3406 Καὶ
847 3355 1038 3410 τούτου
1074 3359 1169 3412 τοῦ
1216 3360 1378 3428 λόγου
1407 3364 1759 3433 κρατοῦντος,
1792 3369 1961 3439 ἀναγ-

394 3440 785 3512 κασθησόμεθα
811 3448 884 3510 ὡς
908 3448 1118 3520 θηρίοις
1143 3454 1376 3523 χρῆσθαι
1403 3456 1676 3526 ἀλλήλοις,
1706 3461 1803 3513 καὶ
1822 3465 1958 3530 μήτε

395 3533 594 3600 μέτρον
613 3533 970 3610 βρωμάτωνῆ
1008 3545 1345 3614 πομάτων,ἦ
1371 3547 1520 3610 τινὸς
1557 3549 1668 3599 τῶν
1697 3551 1956 3602 τοιούτων

391 3623 630 3677 είδέναι”
685 3628 822 3680 ἀλλά
854 3632 1038 3684 πᾶσαν
1101 3633 1294 3704 ἡδονὴν
1351 3639 1682 3706 ζητήσομεν,
1741 3641 1836 3691 καὶ
1866 3640 1958 3692 τὸν

394 3715 561 3783 ὑγρὸν
592 3719 685 3770 καὶ
728 3719 1110 3790 διαλελυμένον
1153 3723 1389 3792 ζήσομεν
1421 3726 1556 3794 βίον.
1581 3730 1591 3738 “
1620 3730 1661 3779 Δ
1692 3729 1756 3794 δὴ
1786 3719 1964 3781 πᾶντα

396 3808 572 3861 ἄτοπα
602 3811 697 3863 καὶ
738 3813 1055 3880 ἀνάρμοστα
1123 3815 1218 3866 καὶ
1254 3816 1333 3884 τῷ
1393 3817 1713 3887 δημιουργῷ
1745 3819 1962 3870 πάντων

393 3902 508 3968 Θεῷ
531 3903 627 3955 καλ¹
651 3903 727 3972 τῷ
759 3904 1031 3974 ἀξιώματι
1066 3905 1160 3959 τοῦ
1193 3909 1507 3979 ἀνθρώπου.

2050 825 2327 895 periodus.
2364 825 2481 878 Alia
2513 839 2732 892 quoque
2759 821 3013 876 animalia
3064 837 3129 873 ex
3163 822 3266 874 alia
3315 822 3608 892 gignuntur

2053 915 2302 980 materia,
2358 927 2671 984 quanquam
2719 911 2771 965 id
2810 913 3101 964 humanam
3144 911 3357 964 excedit
3391 913 3615 965 faculta-

2055 1016 2186 1070 tem,
2210 1021 2311 1061 nec
2335 1020 2548 1074 semper
2569 1004 2756 1058 eadem
2795 1017 2858 1056 ex
2914 1002 3128 1064 iisdem,
3169 1011 3298 1071 puta
3349 1018 3522 1072 vespa:
3549 1019 3614 1056 ex

2053 1100 2254 1168 equino
2292 1097 2487 1166 capite,
2515 1111 2692 1164 exque
2716 1086 2914 1150 bovino
2954 1110 3102 1163 apes,
3127 1105 3180 1148 et
3224 1109 3285 1147 cv
3325 1094 3446 1146 aliis
3491 1093 3614 1148 alia.

2055 1190 2266 1257 Quibus
2304 1187 2544 1242 ostendit
2585 1186 2748 1250 Deus,
2790 1186 2937 1239 haud
2973 1187 3024 1238 iu
3063 1185 3206 1250 aliis,
3242 1199 3363 1253 qua:
3396 1183 3617 1253 majoris

2057 1281 2260 1350 aliquid
2282 1279 2529 1334 miraculi
2557 1278 2790 1332 habeant
2815 1277 2916 1330 ﬁde
2965 1286 3179 1338 nutare,
3216 1290 3452 1345 quorum
3503 1275 3619 1343 ipse

2056 1373 2247 1426 doctor
2272 1370 2564 1430 exstiterit.
2589 1384 2654 1424 ac
2685 1383 2807 1438 quas
2843 1368 3016 1435 solus,
3055 1367 3202 1420 velut
3245 1367 3617 1435 omnipotens,

2058 1464 2205 1519 exitu
2241 1471 2498 1531 praestare
2529 1461 2724 1532 possit.

2130 1552 2354 1605 Sublata
2386 1551 2568 1619 itaque
2593 1547 2987 1603 resurrectione
3011 1557 3170 1615 atque
3200 1559 3426 1614 operum
3461 1553 3621 1597 retri-

2061 1643 2302 1703 hutione,
2325 1654 2667 1708 consequens
2693 1639 2751 1693 lit
2786 1650 2844 1693 ut
2895 1639 3180 1691 innumera
3236 1637 3470 1690 absurda
3523 1636 3620 1690 ad-

2064 1735 2325 1788 mittenda
2355 1734 2486 1785 sint.
2519 1729 2723 1800 Nempe
2758 1741 2908 1784 muta
2937 1729 3192 1783 animalia
3226 1727 3433 1780 meliori
3463 1727 3620 1780 nobis

2059 1839 2204 1879 sorte
2235 1826 2606 1890 ftrtttra-sunt;
2643 1833 2912 1892 quatenus
2944 1824 3033 1877 illa
3061 1824 3224 1876 vitam
3271 1822 3456 1875 vivunt
3511 1835 3626 1873 mo-

2061 1916 2230 1970 lestiis
2284 1915 2552 1979 solutam;
2605 1929 2704 1968 nos
2734 1929 2863 1966 vero
2911 1899 3056 1966 etiis
3114 1911 3399 1972 allicimur,
3467 1919 3521 1961 et
3567 1907 3622 1960 in

2061 2007 2318 2077 periculis
2357 2021 2658 2068 versamur,
2699 2005 2769 2058 ob
2800 2005 3039 2059 divinant
3082 2003 3380 2073 pra-sertim
3425 2002 3623 2055 verita-

2062 2109 2191 2152 tem.
2225 2097 2293 2152 Ut
2326 2097 2454 2162 quid
2483 2096 2627 2149 enim
2655 2095 2820 2148 multa
2855 2095 3136 2148 hominum
3169 2094 3326 2145 turha
3357 2091 3616 2144 virtutem

2060 2205 2122 2243 ac
2149 2189 2454 2243 castitatem
2475 2186 2702 2256 delegit,
2741 2186 2945 2253 spretis
2987 2184 3173 2238 mundi
3198 2183 3430 2245 deliciis,
3471 2193 3626 2234 luen-

2059 2279 2236 2348 daque
2285 2277 2510 2332 veritate
2549 2278 2614 2330 ad
2663 2287 2891 2330 mortem
2926 2290 3096 2344 usque
3131 2284 3406 2328 certamen
3458 2274 3626 2326 desum

2060 2369 2243 2422 davit?
2293 2369 2451 2436 Atqui
2511 2368 2682 2435 liquet
2731 2381 2830 2421 nos
2904 2368 3151 2420 homines
3199 2367 3318 2419 aliis
3370 2366 3628 2418 omnibus

2061 2460 2346 2530 praestare;
2373 2473 2604 2527 cumque
2640 2458 2778 2512 Deus
2801 2458 2986 2527 justus
3014 2459 3105 2523 sit,
3144 2473 3250 2510 non
3293 2458 3372 2510 sic
3402 2456 3627 2519 frustra,

2065 2565 2243 2604 rerum
2319 2549 2387 2604 ab
2450 2548 2570 2618 ipso
2629 2547 2974 2602 conditarum
3035 2547 3433 2601 nobilissimam
3503 2548 3629 2614 (nos

2063 2643 2271 2697 scilicet
2327 2656 2465 2710 quos
2502 2641 2568 2694 ad
2608 2655 2764 2693 suam
2808 2639 2937 2694 fecit
3003 2640 3293 2706 imaginem
3341 2641 3408 2692 ad
3463 2653 3631 2708 seque

2067 2733 2254 2797 trahit)
2301 2731 2557 2783 aarumnis
2595 2729 2787 2782 conlici
2842 2730 3065 2792 sineret,
3127 2731 3232 2785 nisi
3284 2731 3482 2799 cuique
3534 2744 3632 2799 pro

2065 2836 2132 2876 eo
2163 2836 2228 2875 ac
2256 2835 2470 2889 aequum
2501 2820 2818 2887 justumqne
2852 2828 2955 2885 cst,
2995 2834 3059 2874 ac
3092 2835 3194 2888 pro
3232 2819 3479 2872 laborum
3528 2835 3629 2873 cu-

2062 2913 2261 2982 jusque
2297 2912 2511 2966 ratione
2545 2910 2848 2966 mercedem
2909 2926 2974 2965 ae
3031 2911 3250 2979 praemia
3317 2911 3629 2965 redditurus

2064 3013 2228 3059 esset.
2262 3003 2518 3059 Sublatus
2555 3005 2662 3058 erit
2693 3011 2750 3057 et
2812 3002 2901 3056 Dei
2977 3003 3179 3064 cultus.
3235 3010 3291 3054 et
3336 3009 3628 3069 parentum

1988 3133 2031 3192 ο
2067 3097 2262 3159 honos,
2315 3111 2536 3165 quaque
2599 3094 2690 3148 alii
2741 3094 2875 3148 alios
2915 3094 3320 3164 prosequimur,
3354 3093 3636 3145 vrneralio

2067 3198 2122 3245 et
2170 3188 2366 3258 pudor,
2426 3186 2776 3256 amicitiaque
2830 3195 2886 3241 et
2945 3186 3212 3241 rectitudo
3275 3186 3632 3253 omniumun

2058 3280 2308 3336 societas
2352 3297 2366 3332 :
2412 3279 2559 3349 leges
2615 3293 2836 3349 quoque
2866 3286 2921 3332 et
2973 3278 3200 3349 judicia,
3257 3287 3311 3332 et
3341 3292 3461 3342 qum
3514 3277 3638 3344 ejus

2069 3373 2281 3443 generis
2333 3383 2460 3427 sunt
2517 3371 2723 3425 omnia.
2781 3369 2851 3424 Ut
2883 3368 3009 3437 quid
3070 3373 3214 3424 enim
3249 3370 3362 3422 hmc
3417 3367 3634 3421 futura?

2069 3463 2226 3532 cujus
2265 3476 2392 3517 vero
2425 3462 2636 3532 gratia?
2663 3477 2788 3517 cum
2834 3463 2982 3516 omni
3023 3463 3127 3517 line
3165 3471 3402 3516 careant.
3444 3464 3518 3514 Ac
3587 3462 3634 3513 si

2066 3553 2282 3619 quidem
2320 3567 2444 3605 vera
2470 3559 2554 3604 est
2586 3552 2700 3605 haec
2731 3549 3004 3616 doctrina,
3044 3565 3265 3605 necesse
3292 3552 3398 3603 erit
3448 3562 3505 3603 ut
3533 3551 3624 3602 alii

2065 3643 2184 3694 aliis
2218 3641 2374 3708 quasi
2411 3641 2597 3694 bestiis
2632 3650 2869 3704 utamur,
2908 3655 2970 3695 ac
3003 3656 3181 3710 neque
3231 3641 3337 3694 cihi
3390 3650 3481 3694 aut
3529 3657 3629 3708 pn-

2066 3741 2154 3784 tus
2189 3732 2408 3784 modum
2447 3731 2612 3783 ullum
2679 3739 2980 3794 teneamus,
3015 3747 3113 3786 nec
3152 3732 3383 3784 aliorum
3446 3731 3628 3800 cujus-

2062 3836 2225 3890 quam
2268 3821 2385 3889 ejus
2427 3819 2664 3889 generis,
2701 3821 2790 3875 sed
2839 3837 3054 3876 onmem
3099 3822 3426 3890 voluptatem
3482 3837 3634 3890 qua:-

2063 3928 2270 3972 ramus,
2312 3913 2585 3981 vitamque
2627 3911 2842 3968 mollem
2885 3928 2948 3966 ac
2981 3913 3305 3970 dissolutam
3357 3915 3629 3967 vivamus.

394 4001 528 4065 Qum
617 4001 797 4054 omnia
853 4002 1089 4057 absurda
1148 4011 1295 4068 sunt,
1371 4021 1435 4058 ac
1504 4015 1614 4058 tum
1694 4005 1802 4060 Deo
1873 4005 2113 4060 omnium
2170 4003 2473 4068 Conditori,
2564 4014 2680 4059 tum
2779 4007 3030 4060 humana:
3109 4007 3450 4062 dissentanea
3553 4009 3631 4060 di-

432 4095 608 4150 uitali.

394 4110 608 4162 guttatt.

467 4188 606 4257 Πρὸς
636 4186 868 4250 τούτοις,
904 4189 1027 4241 ἐπεὶ
1061 4189 1288 4256 φυσικόν
1325 4191 1443 4242 ἐστι
1481 4189 1539 4242 τὸ
1577 4185 1961 4259 εἷναι.συνημ-

397 4283 556 4348 μένον
586 4283 652 4349 τῇ
691 4279 838 4350 ψυχῇ
872 4280 933 4332 τὸ
965 4281 1146 4348 σῶμα,
1185 4281 1332 4350 παρὰ
1357 4281 1520 4350 φύσιν
1542 4282 1598 4335 δέ
1622 4284 1737 4334 ἐστι
1765 4282 1825 4335 τὸ
1848 4301 1960 4352 χω-

398 4374 645 4442 ρίζεσθαι
698 4375 794 4443 τῆς
825 4375 1004 4446 ψυχῆς
1038 4376 1205 4430 αὑτόο
1255 4377 1448 4430 ἕπεται
1479 4377 1811 4444 ἀναγκαίως,
1864 4376 1958 4429 τοῦ

2143 4184 2406 4238 Praeterea
2469 4198 2588 4236 cum
2641 4183 2889 4252 corporis
2934 4198 3056 4236 cum
3099 4183 3277 4237 anima
3315 4187 3443 4240 unio
3476 4196 3634 4240 natu-

2059 4277 2189 4330 ralis
2247 4275 2318 4328 sit
2385 4273 2609 4344 ejusque
2665 4275 2732 4328 ab
2795 4275 2881 4328 illa
2930 4278 3202 4343 separatio
3284 4279 3628 4344 innaturalis,

2061 4367 2371 4422 necessario
2428 4368 2696 4434 sequitur,
2750 4367 2831 4419 sic
2914 4369 3172 4422 nimirum
3242 4370 3628 4424 inuaturalitcr

396 4465 646 4531 σώματος
679 4465 779 4533 τῆς
811 4464 988 4534 ψυχῆς
1022 4468 1173 4537 παρά
1229 4467 1394 4536 φύσιν
1425 4467 1824 4536 χωριζομένου,
1877 4468 1952 4536 μὴ

2063 4475 2292 4529 corpore
2351 4461 2421 4512 ah
2476 4461 2654 4511 anima
2721 4468 2998 4527 separato,
3060 4476 3166 4513 non
3216 4462 3267 4514 in
3307 4472 3626 4531 perpetuum

392 4557 667 4625 διαμένειν
701 4560 782 4620 είς
838 4559 900 4611 τὸ
932 4559 1159 4629 ἄπειρον
1189 4561 1334 4612 οὕτω
1387 4561 1810 4628 κεχωρισμένον.
1849 4560 1959 4611 Καὶ

395 4649 505 4716 γὰρ
533 4649 674 4701 κατά
707 4647 869 4717 φύσιν
891 4648 954 4701 τὸ
981 4649 1139 4718 σῶμα
1167 4651 1233 4718 τῇ
1267 4651 1412 4718 ψυχῇ
1440 4650 1648 4719 ἥνωται
1682 4649 1832 4718 παρὰ
1864 4649 1957 4700 τοῦ

393 4739 552 4801 Θεοῦ,
582 4740 769 4813 ὥσπερ
801 4742 834 4811 ἡ
873 4741 974 4812 ὕλη
1001 4742 1114 4811 ἔχει
1141 4741 1284 4810 πρὸς
1315 4743 1378 4795 τὸ
1415 4738 1574 4805 εἶδος.
1617 4742 1676 4795 '0
1699 4743 1754 4794 δὲ
1793 4743 1958 4795 θάνα-

391 4849 484 4896 τος
511 4833 599 4886 διὰ
627 4835 728 4900 τὴν
758 4833 1034 4902 ἁμαρτίαν
1064 4833 1332 4899 ἐπελθὼν,
1381 4833 1482 4899 τὴν
1523 4833 1808 4887 διάστασιν
1859 4837 1959 4901 τῆς

392 4925 570 4995 ψυχῆς
605 4926 712 4979 ἀπὸ
735 4925 825 4978 τοῦ
861 4925 1109 4996 σώματος
1163 4925 1440 4993 ἐποίησεν.
1477 4926 1634 4994 Παρὰ
1659 4925 1822 4993 φύσιν
1866 4924 1960 4977 οῦν

390 5021 425 5082 ἠ
454 5018 730 5078 διάστασις
758 5017 950 5070 τούτου
982 5017 1218 5082 ἐγένετο.
1276 5017 1348 5068 Τὸ
1379 5016 1436 5068 δὲ
1466 5019 1614 5086 παρά
1645 5017 1808 5084 φύσιν
1855 5019 1958 5068 οὐκ

396 5107 626 5160 ἐπιπολὺ
653 5107 919 5175 διαμένει.
957 5101 1106 5170 Οέον,
1140 5108 1282 5159 κατὰ
1315 5107 1476 5173 φύσιν
1503 5097 1787 5176 φέρεταιό
1809 5106 1955 5169 λίθος

394 5201 485 5252 ἀεὶ
515 5201 594 5260 είς
615 5199 676 5251 τὸ
731 5199 913 5252 κάτω·
960 5196 1112 5265 παρά
1149 5196 1312 5264 φύσιν
1354 5197 1410 5250 δὲ
1456 5197 1536 5259 είς
1567 5197 1629 5249 τὸ
1658 5197 1791 5258 ἀνω.
1825 5196 1956 5249 ὅταν

395 5307 478 5351 τις
505 5289 668 5344 αὑτὸν
698 5288 790 5358 βίᾳ
805 5287 1017 5358 ὠθήσῃ.
1040 5288 1212 5340 Τοῦτο
1237 5287 1365 5354 γοῦν
1392 5289 1453 5340 τὸ
1472 5286 1662 5356 βιαίως
1686 5288 1780 5340 καὶ
1803 5286 1956 5356 παρὰ

393 5383 492 5450 τὴν
517 5381 680 5450 φύσιν
711 5379 806 5433 τοῦ
838 5379 985 5432 λίθου
1008 5379 1068 5430 οὐ
1097 5377 1343 5447 διαμένει
1376 5377 1629 5429 ὲπιπολύ.
1667 5377 1955 5444 Συντόμως

396 5472 506 5540 γὰρ
527 5471 686 5524 πάλιν
708 5469 929 5538 ἔρχεται
957 5469 1036 5532 είς
1064 5468 1124 5521 τὸ
1145 5468 1285 5520 κατά
1309 5466 1470 5536 φύσιν
1501 5465 1666 5519 αὐτοῦ
1699 5467 1760 5518 τὸ
1781 5467 1952 5522 κάτω.

394 5565 500 5618 Καὶ
534 5561 711 5614 τοίνυν
744 5564 777 5630 ἡ
817 5562 966 5631 ψυχὴ
998 5560 1096 5612 τοῦ
1131 5560 1384 5627 σώματος
1417 5559 1786 5629 χωριζομένη,
1817 5561 1952 5629 ὅπερ

395 5655 515 5709 ἐστὶ
546 5654 699 5721 παρά
725 5655 910 5722 φύσιν,
945 5655 1044 5706 οὐκ
1075 5654 1134 5704 ἐν
1156 5651 1330 5722 τούτῳ
1349 5652 1594 5721 διαμενεί
1624 5652 1702 5713 εἰς
1724 5651 1783 5703 τὸ
1799 5651 1939 5705 ἄπει-

398 5766 513 5814 ρον.
576 5745 647 5799 Τὸ
681 5745 787 5816 γάρ
829 5747 977 5816 παρὰ
1031 5745 1214 5813 φύσιν,
1248 5743 1320 5807 ὡς
1382 5744 1629 5810 εἴπομεν,
1675 5744 1951 5812 συντόμως

2073 4566 2389 4606 mansurum
2443 4551 2516 4605 ita
2572 4559 2902 4620 separatum.
2958 4548 3089 4603 Nam
3132 4566 3334 4619 corpus
3372 4556 3634 4607 naturali-

2069 4654 2151 4697 ter
2184 4643 2379 4696 anima:
2411 4657 2438 4694 a
2473 4641 2580 4694 Deo
2627 4642 2836 4695 unitum
2862 4649 2972 4704 est;
3019 4643 3084 4694 ad
3120 4657 3244 4694 cum
3277 4644 3492 4697 modum
3525 4661 3634 4712 quo

2069 4749 2129 4788 se
2176 4733 2404 4787 materia
2453 4731 2518 4785 ad
2549 4732 2776 4785 fortnam
2824 4731 3004 4784 habet.
3033 4731 3178 4786 Mors
3209 4743 3388 4788 autem
3424 4737 3629 4802 peccati

2070 4833 2219 4878 reatu
2279 4822 2668 4892 superveniens
2719 4823 2957 4876 animam
3008 4837 3036 4874 a
3078 4837 3308 4891 corpore
3342 4826 3630 4896 disjunxit.

2073 4915 2205 4981 Ejus
2243 4915 2424 4979 itaque
2455 4914 2545 4965 illa
2580 4913 2878 4982 disjunctio
2918 4914 3241 4969 innaturalis
3294 4919 3413 4971 futt.
3474 4921 3628 4986 Quod

2071 5015 2251 5060 autem
2303 5013 2389 5058 cst
2436 5003 2741 5056 iunaturale
2784 5005 2926 5058 haud
2979 5005 3071 5058 diu
3117 5008 3317 5062 durare
3339 5011 3627 5079 contingit.

2073 5096 2142 5151 Ut
2189 5096 2292 5150 sub
2335 5094 2585 5163 exemplo
2627 5096 2837 5164 loquar,
2891 5096 3055 5166 lapidi
3096 5101 3346 5154 naturale
3386 5110 3469 5155 est
3495 5101 3625 5155 ferri

2065 5191 2325 5244 deorsum
2352 5205 2365 5242 :
2396 5182 2700 5243 innaturalc
2727 5204 2856 5244 vero
2885 5199 2943 5243 ut
2965 5206 3182 5246 sursum
3229 5193 3454 5258 feratur,
3502 5209 3625 5246 cum

2069 5281 2196 5348 quis
2229 5281 2276 5333 vi
2306 5283 2480 5348 ipsum
2516 5281 2812 5348 impulerit.
2850 5279 3002 5346 Quod
3032 5282 3112 5338 sic
3147 5284 3312 5352 igitur
3359 5285 3626 5336 violenter

2071 5369 2278 5424 feratur
2311 5383 2374 5422 ac
2413 5370 2684 5423 renitente
2715 5377 2929 5432 natura,
2965 5385 3070 5423 non
3099 5371 3191 5424 diu
3237 5373 3415 5424 durat.
3469 5368 3624 5421 Brevi

2067 5461 2212 5514 enim
2252 5475 2439 5515 rursus
2487 5460 2628 5514 redit
2682 5461 2748 5514 ad
2781 5461 2833 5514 id
2864 5464 3007 5530 quod
3053 5468 3140 5512 est
3193 5474 3260 5511 ex
3311 5467 3526 5516 natura,
3567 5467 3630 5508 ut

2071 5572 2264 5626 nempe
2302 5558 2557 5611 deorsum
2623 5556 2848 5610 feratur.
2895 5555 3084 5622 Itaque
3139 5551 3302 5603 etiam
3359 5546 3540 5600 anima
3598 5566 3628 5602 a

2070 5662 2302 5717 corpore
2322 5648 2564 5716 sejuncta
2610 5648 2776 5716 (quod
2830 5644 2904 5696 illi
2959 5637 3266 5694 iunaturale
3297 5639 3405 5700 est)
3442 5639 3629 5689 nonin

2066 5756 2133 5796 eo
2166 5741 2218 5796 in
2240 5741 2628 5811 sempiternum
2662 5734 2921 5790 manohit.
2945 5729 3097 5794 Quod
3126 5728 3269 5780 cnim
3321 5729 3632 5780 iuuatur-ate
