4056 6266
516 317 623 383 631

1773 328 2169 389 MANUELIS
2208 329 2295 388 CA
2307 331 2513 391 LEC/E

3640 329 3754 391 63?

510 442 618 500 est,
650 442 706 489 ut
742 433 1086 503 dicebamus,
1128 438 1278 495 brevi
1313 439 1544 495 reditad
1575 440 1627 495 id
1655 442 1801 510 quod
1843 457 1911 497 ex
1968 456 2065 495 na-

2174 440 2392 511 ερχεται
2421 442 2501 504 είς
2529 442 2588 494 τὸ
2613 442 2749 494 κατᾶ
2774 439 2955 509 φύσιν.
3006 438 3366 510 Ἀναλήψεται
3398 437 3578 493 τοίνυν
3604 442 3747 493 κατὰ

512 534 631 580 tura
655 534 757 581 est.
788 525 1053 583 Futurum
1080 544 1209 599 ergo
1241 541 1343 594 est,
1377 541 1438 586 ut
1466 547 1566 602 pro
1600 547 1667 588 eo
1716 549 1781 588 ac
1814 533 1953 589 Deus
1981 533 2072 603 ju—

511 625 595 672 ste
650 617 913 680 sanxerit,
982 620 1238 688 quaelibet
1299 621 1479 675 anima
1537 623 1815 691 proprium
1874 637 2074 693 corpus

510 718 668 759 suum
698 717 961 770 resumat,
1005 709 1149 776 quod
1172 710 1222 764 ei
1276 712 1524 767 naturale
1559 721 1662 779 est,
1711 723 1765 768 et
1798 713 1849 767 in
1879 728 2073 783 perpe-

512 804 663 849 tuum
720 797 1097 854 indissolubile
1152 812 1387 857 maneat.
1439 804 1613 873 Atque
1661 805 1710 858 id
1744 805 2073 860 resurrectio

508 898 608 943 est.
636 887 981 944 Resnrrectio
1009 891 1151 945 enim
1206 893 1325 962 ejus
1366 897 1509 962 quod
1533 896 1807 951 ceciderat
1826 898 2077 951 secunda

510 981 664 1048 quasi
700 982 901 1036 erectio
930 998 994 1037 ac
1024 984 1311 1039 suseitutio
1349 993 1454 1039 est.

578 1070 688 1124 Nec
722 1082 902 1128 tamen
938 1075 1344 1145 ambigendum,
1375 1090 1615 1146 quonam
1641 1080 1801 1135 modo
1822 1079 2069 1148 futurum

508 1170 568 1215 ut
599 1176 829 1229 qumque
879 1164 1059 1218 anima
1105 1180 1264 1219 suum
1325 1170 1530 1236 corpus
1576 1182 1860 1241 agnoscat.
1926 1173 2073 1230 Inest

504 1251 651 1305 enim
710 1252 904 1306 anima:
940 1269 1065 1323 erga
1114 1270 1313 1325 corpus
1364 1259 1522 1314 nobis
1574 1262 1780 1329 ignota,
1813 1277 1876 1317 ac
1909 1278 2069 1332 quam

510 1340 691 1396 verbis
742 1342 1017 1411 explicare
1068 1362 1175 1401 non
1228 1348 1374 1414 licet,
1402 1352 1767 1409 necessitudo.
1800 1354 2071 1421 Quemad-

508 1431 727 1486 modum
800 1433 944 1488 enim
990 1436 1130 1491 inter
1162 1439 1398 1494 humana
1439 1454 1667 1510 corpora
1723 1444 1930 1499 nullum
1972 1462 2069 1501 oc-

504 1522 679 1575 currit
721 1522 868 1592 quod
894 1524 1171 1583 elucentes
1228 1529 1283 1582 in
1333 1530 1455 1599 ipso
1484 1533 1822 1589 characteres
1853 1536 2071 1605 orisque

504 1610 850 1677 lineamenta,
909 1629 1006 1683 per
1055 1618 1234 1673 omnia
1286 1635 1408 1674 cum
1460 1621 1568 1677 alio
1620 1639 1851 1692 corpore
1880 1627 2067 1682 eadem

506 1700 727 1766 habeat];
765 1703 845 1759 sic
866 1713 918 1757 et
947 1706 1105 1761 aliam
1143 1711 1435 1778 quamdam
1477 1728 1599 1766 cum
1652 1716 1731 1769 eis
1761 1717 2069 1785 proprieta-

508 1802 614 1847 tem
674 1797 874 1863 cuique
906 1798 1102 1853 animae
1132 1815 1257 1870 erga
1287 1817 1485 1873 corpus
1520 1820 1679 1859 suum
1718 1806 1896 1863 inesse
1938 1809 2072 1864 fate-

511 1882 709 1937 bimur.
775 1885 981 1940 Etenim
1018 1888 1197 1943 anima
1281 1892 1414 1946 certi
1484 1893 1767 1961 cujusdam
1823 1898 2071 1965 corporis

509 1972 767 2040 perfectio
818 1985 933 2030 est:
977 1988 1133 2034 actus
1168 1980 1385 2036 scilicet
1435 1997 1500 2037 ac
1533 1983 1724 2040 forma.
1768 1986 1887 2051 Quo
1907 1988 2069 2043 etiam

505 2063 585 2128 tit,
616 2071 675 2116 ut
704 2064 769 2118 ad
796 2080 953 2120 suum
986 2068 1248 2124 duntaxat
1303 2085 1511 2141 corpus
1549 2073 1979 2143 inclinationem,
2006 2092 2071 2133 ac

503 2167 630 2206 cum
662 2154 755 2207 illo
788 2159 1346 2224 contemperationem
1382 2161 1702 2216 naturaliter
1724 2163 1942 2219 habeat.
1961 2164 2071 2221 Nec

506 2243 607 2297 hoc
634 2243 713 2297 illi
751 2245 1007 2313 ponderis
1037 2261 1273 2316 unquam
1307 2249 1576 2328 abscedit,
1612 2259 1725 2305 tum
1756 2254 1920 2306 etiam
1944 2269 2067 2309 cum

502 2331 745 2400 sejuncta
821 2334 987 2390 fuerit
1043 2351 1073 2389 a
1122 2339 1376 2395 materia.
1428 2336 1676 2410 Hincque
1747 2346 2065 2400 necessario

504 2423 770 2492 sequitur,
826 2425 965 2479 hanc
1020 2429 1338 2484 naturaliter
1388 2428 1621 2486 formam
1670 2447 1791 2491 cson
1828 2438 2069 2491 materia:

504 2494 726 2565 humani
778 2514 1047 2584 corporis,
1107 2516 1355 2585 hancque
1407 2517 1578 2585 ill-ius,
1633 2535 1733 2577 nec
1763 2524 2068 2581 utalterius

501 2603 597 2665 sit,
625 2602 737 2656 ulla
769 2619 1005 2675 unquam
1054 2606 1261 2661 ratione
1286 2608 1397 2663 ﬁeri
1435 2624 1625 2678 posse:
1654 2614 1799 2683 quod
1822 2624 1875 2669 et
1904 2630 2067 2672 causa

499 2701 603 2757 est,
636 2708 734 2748 cur
787 2695 981 2750 animm
1013 2698 1154 2751 inter
1188 2714 1248 2753 se
1291 2701 1403 2754 sint
1428 2701 1718 2758 distinctae.
1748 2705 2065 2761 Animorum

501 2786 647 2839 enim
683 2787 975 2842 rnultitudo
1005 2803 1169 2858 penes
1194 2806 1423 2859 corpora
1479 2795 1744 2862 sumitur,
1772 2812 1880 2851 non
1911 2800 2067 2868 quasi

503 2878 590 2930 illa
648 2877 956 2933 animorum
1013 2896 1176 2936 causa
1234 2882 1366 2960 sint,
1426 2884 1593 2939 simul
1631 2887 1776 2957 enim
1818 2903 1943 2942 cum
1986 2890 2066 2945 eis

499 2977 648 3033 sunt,
690 2985 791 3023 nec
828 2972 1058 3025 alterum
1113 2973 1267 3027 alteri
1300 2977 1655 3044 praaexsistit,
1715 2979 1807 3033 sed
1836 2982 1905 3035 ob
1944 2996 2062 3035 eam

499 3074 620 3126 quae
670 3061 965 3115 animabus.
1015 3077 1139 3130 erga
1178 3078 1407 3133 corpora
1439 3066 1603 3133 inest,
1652 3071 2062 3139 cognationem,
2092 3100 2133 3157 ο

500 3166 660 3218 quam
692 3162 880 3205 natura
920 3153 1193 3218 comitant,
1244 3171 1338 3211 seu
1371 3157 1477 3214 illis
1534 3160 1776 3227 insitam,
1834 3164 2055 3221 habent.

502 3240 617 3294 Non
649 3240 834 3311 itaque
861 3245 975 3297 tieri
1017 3255 1216 3314 potest,
1275 3264 1396 3309 (iure
1430 3250 1595 3306 unius
1652 3264 1805 3308 actus
1859 3264 1946 3310 est
2000 3264 2057 3310 et

500 3331 693 3406 forma,
742 3334 986 3387 eamdem
1054 3350 1173 3389 esse
1216 3338 1464 3394 alterius.
1511 3340 1642 3394 Nam
1708 3353 1913 3400 etcum
1946 3346 2065 3401 duae

498 3402 706 3475 similes
740 3423 1145 3492 magnitudines
1176 3427 1308 3489 sint,
1356 3430 1635 3486 abstracta
1672 3448 1861 3488 eorum
1893 3446 2064 3492 mate-

501 3514 620 3567 riali
658 3513 833 3570 forma
887 3532 914 3568 ιι
976 3518 1203 3572 materia
1250 3519 1416 3589 (quod
1464 3524 1683 3591 quidem
1731 3527 2065 3596 impossibile

498 3611 614 3659 cst:
648 3605 752 3659 nisi
786 3608 866 3659 vel
900 3608 1087 3661 subtili
1138 3609 1410 3666 duntaxat
1443 3614 1707 3683 Cogitatu,
1760 3626 1856 3670 aut
1899 3621 2059 3673 etiam

496 3692 676 3748 divina
710 3696 926 3765 virtute)
978 3713 1083 3753 non
1140 3700 1297 3754 aliter
1358 3705 1471 3758 haec
1503 3704 1643 3760 inter
1674 3708 2059 3777 se‘dill‘erant,

494 3798 656 3852 quam
690 3787 832 3853 quod
859 3790 1175 3857 magnitudo
1209 3792 1322 3846 hare
1374 3794 1541 3864 hujus
1598 3798 1849 3866 corporis
1883 3799 2061 3855 forma

494 3882 607 3929 est:
651 3876 876 3931 alterius
925 3894 1073 3954 vero,
1118 3880 1349 3950 reliqua.
1397 3882 1635 3941 Proinde
1663 3887 1802 3943 inest
1851 3892 2060 3947 anima-

499 3954 596 4021 bus
630 3969 907 4024 inclinatio
967 3973 1211 4042 quaedam
1256 3990 1381 4045 erga
1448 3992 1718 4057 corpora,
1781 3983 1885 4037 erit
1950 3985 2068 4038 ani-

2095 1769 2144 1829 B

2173 531 2273 602 τὴν
2310 532 2406 585 τοῦ
2441 533 2579 585 Θεοῦ
2602 532 2954 602 δικαιοσύνην
2993 532 3195 601 ἑκάστη
3226 529 3372 599 ψυχὴ
3395 530 3454 582 τὺ
3482 531 3613 583 ἴδιον
3642 531 3740 583 αὖ·

2172 622 2274 692 τῆς
2306 621 2488 692 σῶμα,
2519 624 2656 693 ὅπερ
2676 624 2795 675 ἐστὶ
2816 623 2954 677 κατὰ
2984 621 3166 691 φύσιν,
3198 623 3292 674 καὶ
3319 622 3395 683 είς
3422 623 3483 672 τὸ
3511 621 3740 687 ἄπειρον

2172 713 2457 768 ἀδιάλυτον
2486 713 2664 767 ἔσται.
2692 714 2803 767 Καὶ
2832 712 2991 766 τοῦτὸ
3012 714 3163 765 ἐστιν
3191 712 3507 775 ἀνάστασις.
3544 710 3608 764 Ἦ
3632 712 3737 781 γάρ

2172 805 2469 868 ἀνάστασις
2495 804 2727 876 δευτέρα
2766 803 2862 856 τοῦ
2893 803 3244 867 πεπτωκότος
3276 802 3495 871 λέγεται
3526 801 3743 865 στάσις.

2241 1076 2317 1130 Οὐ
2355 1076 2543 1147 μέντοι
2573 1076 2799 1144 ἀπορεῖν
2832 1073 2933 1135 δεῖ,
2964 1071 3080 1134 πῶς
3110 1071 3315 1140 ἑκάστη
3345 1068 3492 1139 ψυχὴ
3521 1069 3582 1122 τδ
3611 1069 3739 1121 ἐαυ-

2170 1168 2270 1235 τῆς
2299 1168 2667 1234 ἐπιγνώσεται
2695 1166 2877 1233 σῶμα.
2918 1160 3076 1214 Ἐστι
3110 1160 3218 1229 γὰρ
3243 1162 3305 1229 τῇ
3335 1159 3479 1228 ψυχῇ
3510 1158 3649 1229 πρὸς
3676 1157 3737 1209 τὸ

2172 1256 2332 1326 σῶμα
2380 1257 2653 1325 οἰκειότης
2686 1253 2880 1322 ἄδηλος
2914 1253 3006 1305 καὶ
3062 1252 3303 1322 ἄρῤητος
3329 1252 3482 1319 ἡμῖν.
3522 1250 3737 1317 Ὠσπερ

2170 1346 2276 1416 γὰρ
2307 1347 2406 1399 οὐκ
2430 1345 2578 1398 ἔστιν
2606 1343 2756 1397 οὐδὲν
2787 1342 2947 1412 σῶμα
2977 1339 3316 1409 ἀνθρώπινον
3340 1339 3466 1401 τοὺς
3499 1338 3734 1391 ὲπιθεω-
3826 1368 3835 1375 -

2175 1437 2472 1508 ρουμένους
2501 1436 2649 1505 αὑτῷ
2687 1433 3043 1505 χαρακτῆρας
3068 1434 3191 1502 ἕχον
3240 1433 3381 1484 κατὰ
3406 1431 3580 1484 πάντα
3609 1429 3736 1493 τοὺς

2169 1527 2367 1590 αὐτοὺς
2414 1528 2590 1596 ἑτέρῳ
2644 1525 2877 1593 σώματι,
2908 1522 3051 1577 οὕτω
3087 1522 3180 1575 καί
3232 1537 3357 1575 τινα
3386 1520 3553 1590 ἄλλην
3596 1519 3741 1590 μετὰ

2169 1621 2373 1671 τούτων
2423 1618 2659 1686 ἰδιότητα
2691 1616 2939 1686 δώσομεν
2972 1615 3181 1686 ἑκάστῃ
3208 1614 3352 1683 ψυχῇ
3406 1612 3740 1681 ἐνυπάρχειν

2171 1714 2309 1780 πρὸς
2337 1709 2399 1763 τὸ
2427 1710 2626 1778 ἑαυτῆς
2658 1710 2839 1777 σῶμα.
2899 1708 3010 1759 Καὶ
3063 1707 3171 1776 γὰρ
3222 1707 3253 1774 ἠ
3308 1704 3453 1774 ψυχὴ
3483 1702 3738 1772 σώματος

2170 1801 2476 1872 ὡρισμένου
2504 1799 2835 1868 ἐντελέχεια,
2863 1796 3148 1850 τουτέστιν
3180 1796 3431 1864 ινέργεια
3471 1796 3568 1847 καὶ
3596 1791 3738 1857 εἶδός

2170 1892 2310 1944 ἔστι.
2354 1888 2445 1942 Διὸ
2479 1890 2573 1942 καὶ
2600 1889 2844 1956 φυσικῶς
2878 1886 3015 1958 πρὸς
3045 1887 3204 1956 μόνον
3237 1887 3298 1939 τὸ
3323 1886 3524 1938 οἰκεῖον
3577 1885 3737 1952 σῶμα

2172 1983 2344 2051 ῥοπὴν
2390 1980 2503 2050 ἔχει
2536 1982 2631 2034 καὶ
2664 1978 3029 2056 συμμετρίαν,
3060 1980 3200 2047 ὅπερ
3231 1979 3326 2031 καὶ
3367 1976 3738 2048 χωρισθεΞεης

2168 2071 2265 2139 τῆς
2294 2069 2426 2140 ὕλης
2454 2071 2589 2139 αὐτῇ
2623 2070 2953 2139 παραμένει.
2997 2067 3161 2121 Ὅθεν
3192 2067 3390 2120 ἕπεται
3422 2066 3737 2135 ἀναγκαίως

2167 2157 2375 2229 ταύτην
2427 2159 2524 2228 μὲν
2559 2155 2697 2213 εἶναι
2728 2158 2869 2212 κατὰ
2904 2159 3068 2227 φύσιν
3100 2153 3242 2219 εἶδος
3282 2158 3382 2226 τῆς
3417 2156 3550 2225 ὕλης
3581 2156 3737 2208 τοῦδε

2167 2251 2261 2304 τοῦ
2310 2249 2652 2315 ἀνθρωπίνου
2712 2248 2985 2317 σώματος,
3043 2248 3250 2314 ταύτην
3279 2247 3336 2300 δὲ
3380 2248 3613 2311 ἐκείνου,
3640 2248 3739 2300 καὶ

2168 2342 2328 2397 ἄλλου
2382 2339 2643 2411 μηδέποτ’
2699 2339 2765 2392 ἂν
2811 2338 3107 2408 δυνηθῆναι
3157 2336 3439 2404 γενέσθαι,
3471 2337 3613 2407 ὅπερ
3642 2338 3741 2391 καὶ

2167 2435 2263 2502 τῆς
2280 2431 2606 2503 διακρίσεως
2630 2430 2739 2481 τῶν
2758 2428 2946 2498 ψυχῶν
2973 2428 3109 2499 πρὸς
3138 2429 3374 2496 ἀλλήλας
3408 2428 3579 2480 αἴτιόν
3597 2431 3735 2483 ἐστι.

2167 2526 2242 2579 Τὸ
2275 2524 2383 2593 γὰρ
2413 2520 2615 2590 πλῆθος
2666 2520 2775 2573 τῶν
2825 2519 3015 2589 ψυχῶν
3044 2519 3196 2587 παρὰ
3228 2520 3299 2571 τὰ
3327 2518 3558 2586 σώματα
3594 2518 3738 2584 γίνεο

2166 2630 2291 2669 ται·
2345 2614 2441 2682 οὐχ
2496 2613 2577 2665 ὃτι
2613 2611 2721 2663 eici
2759 2610 2827 2662 τὰ
2883 2609 3117 2678 σώματα
3168 2607 3277 2660 τῶν
3330 2606 3517 2677 ψυχῶν
3546 2609 3734 2663 uitta“

2166 2705 2299 2776 ὁμοῦ
2353 2704 2461 2771 γάρ
2510 2703 2615 2754 εἰσι
2680 2700 2797 2770 μετ’
2840 2700 3043 2763 αὐτῶν,
3099 2700 3194 2753 καὶ
3216 2698 3517 2767 οὐδέτερον
3542 2700 3739 2769 ἐτέρου

2168 2795 2514 2867 προῦπάρχει
2538 2810 2551 2825 ·
2611 2792 2753 2845 ἀλλὰ
2784 2792 2873 2843 διὰ
2917 2791 3016 2861 τὴν
3046 2791 3154 2844 τῶν
3185 2789 3371 2859 ψυχῶν
3399 2789 3536 2858 πρὸς
3560 2790 3735 2844 ταῦτα

2169 2890 2513 2958 συγγένειαν,
2565 2886 2631 2955 ἣν
2686 2884 2871 2953 ἔχουσι
2928 2883 3088 2951 φύσει
3120 2882 3594 2952 παρεπομένην,ῆ
3634 2887 3737 2938 καί

2168 2984 2492 3052 ὲγιιειμένην
2524 2980 2736 3040 αὐταῖς.
2769 2977 2884 3031 Οὐκ
2914 2974 3190 3045 ἐνδέχεται
3225 2975 3407 3030 τοίνυν
3437 2977 3537 3045 τὴν
3567 2976 3737 3030 ἄλλοι.

2168 3075 2451 3143 ἐνέργειαν
2482 3070 2659 3124 καὶτὸ
2695 3068 2834 3131 εἶδος
2862 3067 3024 3122 ἄλλου
3053 3065 3213 3122 εἶναι.
3242 3067 3351 3119 Καὶ⁵
3375 3066 3487 3134 γάρ
3519 3068 3614 3120 καὶ
3642 3068 3737 3120 δύο

2166 3163 2365 3235 ὁμοίων
2408 3161 2678 3232 μεγεθῶν,
2733 3160 2782 3211 εί
2829 3157 2893 3211 τὸ
2931 3157 3121 3210 ἔνυλον
3176 3153 3312 3219 εἶδος
3353 3156 3538 3210 αὐτῶν
3566 3172 3735 3225 χωρι-

2169 3255 2323 3324 σθείη
2350 3255 2448 3323 τῆς
2485 3252 2616 3320 ὕλης
2643 3247 2836 3313 (τοῦτο
2873 3251 2971 3319 μὲν
3001 3248 3287 3314 ἀδύνατον,
3313 3247 3428 3301 ἀλλ’
3456 3248 3489 3317 ἢ
3517 3248 3735 3316 ἐπινοίᾳ

2172 3345 2358 3419 μόνῃῆ
2384 3345 2480 3398 καὶ
2508 3343 2627 3414 θείᾳ
2654 3341 2942 3409 δυνάμει),
2961 3340 3061 3393 οὐκ
3093 3340 3159 3393 ἂν
3187 3337 3435 3409 ἀλλήλων
3463 3339 3585 3392 κατ’
3604 3337 3737 3392 ἄλλο

2167 3438 2474 3509 διήνεγκεν,
2506 3436 2538 3507 ἢ
2572 3435 2637 3488 τὸ
2665 3433 2824 3487 τοῦτο
2855 3433 2957 3501 μὲν
3010 3432 3071 3485 τὸ
3121 3430 3352 3502 μέγεθος
3409 3430 3601 3484 τούτου
3634 3427 3733 3481 τοῦ

2172 3529 2423 3598 σώματος
2450 3521 2590 3588 εἶδος
2616 3519 2782 3589 εἷναι,
2815 3525 2874 3577 τὸ
2902 3523 2960 3577 δὲ
2993 3522 3181 3575 λοιπὸν
3205 3522 3299 3575 τοῦ
3329 3520 3537 3575 λοιποῦ.
3567 3520 3733 3572 Ὥστε

2172 3620 2314 3691 ῥοπή
2366 3633 2451 3680 τις
2474 3616 2651 3670 ἔνεστι
2699 3616 2819 3676 ταῖς
2853 3614 3051 3683 ψυχαῖς
3078 3611 3213 3709 inab;
3243 3614 3310 3709 τά
3343 3610 3594 3709 σῶμα-τα,
3637 3611 3736 3709 καὶ

2171 3709 2325 3764 ἔσται
2376 3708 2486 3760 τῶν
2533 3703 2721 3775 ψυχῶν
2776 3703 3043 3771 συνάφεια
3085 3700 3222 3772 πρὸς
3247 3700 3317 3754 τὰ
3347 3701 3602 3769 σώματα,
3637 3700 3734 3752 τοῦ

2171 3800 2307 3855 Θεοῦ
2329 3799 2424 3852 τοῦ
2449 3797 2626 3851 πάντα
2658 3795 2960 3865 δυναμένου
2987 3791 3148 3846 τοῦτο
3176 3790 3545 3862 ἐνεργοῦντος,
3577 3793 3734 3856 ὅταν,

2169 3890 2353 3953 καθὼς
2407 3888 2742 3959 προώρισεν,
2778 3887 2858 3947 εἰς
2880 3886 3163 3955 ἐνέργειαν
3195 3885 3255 3939 τὸ
3279 3884 3504 3954 δυνάμει
3537 3883 3736 3953 προελ-

2175 3983 2287 4035 θεῖν
2310 3980 2546 4051 θελήσῃ,
2582 3979 2680 4031 καὶ
2714 3977 2777 4030 τὸ
2813 3976 2965 4047 παρὰ
2991 3975 3152 4045 φύσιν
3179 3975 3259 4039 είς
3295 3974 3356 4028 τὸ
3384 3976 3522 4028 κατὰ
3547 3974 3730 4042 φύσιν.

494 4076 706 4116 morum
741 4080 864 4119 eum
895 4080 975 4119 crs
1018 4068 1169 4133 unio,
1210 4068 1320 4123 Dec
1374 4071 1519 4125 istud
1579 4084 1886 4141 praestante,
1943 4081 2033 4148 qui
2103 4078 2284 4133 omnia
2319 4086 2526 4147 potest:
2581 4083 2708 4128 tunc
2757 4073 3041 4136 nimirum,
3086 4087 3211 4127 eum
3281 4072 3426 4125 sicut
3493 4071 3732 4141 praeﬁni-

494 4149 589 4214 vit,
619 4153 759 4220 quod
798 4157 1033 4221 potentia
1065 4168 1168 4223 est,
1208 4162 1258 4213 in
1290 4174 1469 4215 aetum
1508 4167 1757 4235 progredi
1791 4172 2043 4237 voluerit,
2087 4186 2154 4226 ae
2186 4171 2330 4241 quod
2379 4179 2479 4232 ,est
2541 4164 2951 4231 innaturale,in
3003 4164 3056 4218 id
3107 4162 3253 4233 quod
3284 4178 3351 4217 ex
3384 4172 3595 4218 natura:
3643 4177 3734 4216 ra.

495 4242 733 4297 tionibus
768 4244 860 4299 sit.

567 4333 807 4391 Primum
833 4339 994 4408 igitur
1028 4342 1176 4399 hisee
1207 4348 1512 4427 rationibus
1539 4352 1769 4424 aliisque
1795 4359 2048 4426 pluribus

2241 4358 2467 4427 Πρῶτον
2520 4356 2619 4426 μὲν
2668 4354 2763 4409 οῦν
2792 4354 2880 4408 διὰ
2910 4346 3080 4407 ταῦτα
3104 4352 3200 4406 καὶ
3226 4349 3396 4403 πλείω
3429 4349 3631 4402 τούτων
3663 4347 3741 4399 τάκ

495 4429 701 4484 inducti
737 4445 857 4497 quae
881 4442 1124 4499 spectant
1167 4439 1230 4493 ad
1256 4446 1719 4499 resurrectionem
1770 4450 1914 4505 haud
1945 4454 2050 4506 ini-

495 4520 772 4587 possibilia
809 4522 1079 4579 ducimus.
1114 4530 1357 4596 Accedit,
1387 4535 1535 4602 quod
1585 4546 1642 4590 ut
1682 4538 1789 4595 illis
1841 4541 2058 4599 indubi-

498 4621 661 4665 tatam
710 4617 930 4671 omnino
990 4618 1146 4673 ﬁdem
1203 4624 1582 4694 adhibeamus,
1637 4647 1699 4685 ex
1753 4632 1856 4688 ﬁde
1909 4652 2060 4691 com—

493 4701 764 4768 pellimur.
816 4705 947 4770 Quia
993 4708 1136 4762 enim
1198 4726 1227 4765 a
1272 4712 1366 4768 Dei
1418 4715 1555 4771 Filio
1614 4720 1809 4777 salutis
1858 4736 2055 4782 nostrae

492 4801 716 4848 auctore
746 4810 774 4848 ιι
810 4809 1030 4864 peccato
1056 4809 1110 4855 et
1139 4815 1312 4859 morte
1345 4807 1562 4864 liberati
1594 4826 1807 4879 sumus,
1853 4816 1903 4868 in
1932 4832 2053 4886 quae

490 4883 678 4938 Adami
741 4892 1173 4957 transgressione
1241 4898 1481 4969 prolapsi
1537 4917 1802 4969 eramus;
1849 4883 2051 4962 nedum

489 4976 633 5029 enim
667 4977 815 5033 illius
844 4992 1125 5049 peccatum
1162 4986 1214 5039 in
1243 5002 1437 5046 omnes
1465 4995 1831 5061 pertransivit,
1861 4998 1932 5051 ob
1956 5013 2052 5051 na-

493 5078 629 5121 tura:
685 5072 1153 5141 communionem,
1182 5080 1541 5151 eamdemque
1571 5084 1627 5139 in
1660 5100 1723 5139 ea
1755 5101 1878 5155 qua)
1911 5090 2052 5143 mala

491 5167 638 5224 sunt,
664 5175 727 5215 ac
762 5163 1029 5219 deteriora
1057 5166 1431 5225 incitationem
1462 5188 1476 5237 ;
1515 5190 1774 5243 morsque
1800 5194 1897 5246 per
1925 5194 2052 5247 pec~

488 5261 671 5304 catum
730 5252 781 5306 in
835 5256 1098 5310 mundum
1136 5258 1375 5325 intravit,
1412 5274 1470 5317 ut
1521 5274 1576 5318 et
1618 5266 1912 5335 Apostolus
1942 5272 2052 5322 nit:

504 5370 511 5379 ο
565 5341 666 5394 Per
698 5359 864 5397 unum
930 5346 1206 5403 hominem
1264 5362 1549 5417 peccatum
1586 5356 1641 5409 in
1677 5360 1939 5413 mundum
1976 5360 2057 5413 in-

492 5433 674 5494 travit,
704 5444 756 5489 et
784 5450 880 5504 per
914 5450 1193 5518 peccatum
1228 5456 1374 5496 mors
1402 5443 1445 5472 l“
1474 5462 1486 5505 ;
1526 5464 1545 5495 ι
1586 5462 1813 5503 neresse
1848 5462 1964 5503 erat
1997 5459 2054 5503 nt

493 5539 587 5593 per
616 5526 895 5583 Christum
957 5541 1188 5601 utroque
1232 5533 1606 5593 liberaremur.
1662 5540 1753 5593 Ait
1814 5557 2050 5610 namque

574 5700 617 5730 ⁸³
660 5700 817 5757 Rom.
852 5720 901 5767 ν,
938 5706 1020 5758 12.

2164 4453 2295 4522 περὶ
2320 4450 2420 4519 τῆς
2446 4447 2798 4509 ἀναστάσεως
2818 4445 2917 4499 οὐκ
2936 4444 3171 4498 ἀδύνατα
3193 4442 3477 4514 ἡγούμεθα
3504 4458 3517 4471 ·
3544 4442 3731 4494 ἔπειτα

2162 4544 2257 4597 καὶ
2287 4543 2435 4611 παρὰ
2470 4541 2571 4609 τῆς
2611 4540 2845 4602 πίστεως
2878 4537 3263 4608 ἀναμφιϐόλως
3286 4537 3468 4598 αὐτοῖς
3501 4536 3724 4588 11:01:6-

2162 4650 2244 4686 ειν
2303 4630 2714 4700 συνωθούμεθα.
2759 4629 2975 4698 Ἐπειδὴ
3006 4630 3116 4699 γὰρ
3147 4628 3297 4699 παρὰ
3325 4626 3420 4680 τοῦ
3469 4626 3594 4679 Υἱοῦ
3635 4626 3727 4679 τοῦ

2163 4724 2296 4778 Θεοῦ
2326 4723 2420 4777 τοῦ
2448 4721 2692 4793 ἀρχηγοῦ
2723 4722 2821 4791 τῆς
2847 4721 3120 4791 σωτηρίας
3142 4720 3301 4790 ἡμῶν
3327 4718 3427 4787 τῆς
3450 4719 3724 4788 ἁμαρτίας

2167 4814 2388 4869 καὶτοῦ
2448 4814 2680 4868 θανάτου
2728 4811 3207 4883 ἠλευθερώθημεν,
3258 4805 3340 4874 οἷς
3387 4811 3725 4876 ὲνεπέσαμεν

2161 4908 2249 4962 διὰ
2276 4905 2371 4977 τὴν
2405 4905 2498 4958 τοῦ
2552 4905 2724 4973 Ἀδὰμ
2752 4903 3068 4973 παράϐασιν
3086 4919 3103 4937 ο
3139 4904 3234 4956 καὶ
3264 4902 3374 4972 γὰρ
3399 4901 3460 4953 οὗ
3502 4901 3662 4970 μόνον
3688 4903 3718 4969 ἡ

2162 4998 2369 5051 ἐκείνου
2393 4996 2637 5065 ἁμαρτία
2666 4995 2821 5065 διέϐη
2869 4996 2947 5057 είς
2992 4997 3201 5058 πάντας
3229 4996 3316 5049 διὰ
3357 4994 3458 5065 τὴν
3500 4995 3599 5062 τῆς
3623 4993 3724 5061 φύ-

2162 5106 2300 5150 σεως
2339 5090 2625 5141 κοινωνίαν
2667 5088 2762 5141 καὶ
2790 5087 2888 5156 τὴν
2938 5087 3075 5157 πρὸς
3103 5088 3173 5141 τὰ
3222 5088 3400 5154 φαῦλα
3433 5087 3531 5155 τὴν
3558 5084 3723 5152 αὐτὴν

2159 5181 2251 5233 καὶ
2277 5178 2445 5249 χείρω
2475 5179 2683 5248 ὁρμήν
2730 5175 2821 5232 διὰ
2869 5178 2928 5231 δὲ
2979 5178 3081 5247 τῆς
3126 5176 3397 5246 ἁμαρτίας
3430 5178 3457 5229 ὁ
3495 5176 3721 5236 θάνατος

2159 5271 2241 5334 είς
2268 5270 2363 5324 τὸν
2382 5252 2586 5340 κόσμον
2615 5269 2886 5345 εἰσῆλθεν,
2917 5270 2993 5332 ὡς
3021 5271 3117 5323 καὶ
3140 5272 3170 5323 ὁ
3205 5267 3525 5328 ’Λπόστολος
3551 5266 3722 5332 λέγει,

2167 5380 2185 5413 ι
2232 5362 2310 5414 Δι’
2334 5362 2452 5424 ἐνὸς
2479 5361 2765 5430 ἀνθρώπου
2796 5362 2828 5429 ή
2865 5361 3107 5432 ἁμαρτία
3137 5361 3215 5419 είς
3249 5360 3341 5414 τὸν
3373 5359 3577 5427 κόσμον
3601 5358 3716 5408 sio-

2171 5454 2324 5523 ἦλθε,
2380 5453 2475 5506 καὶ
2498 5452 2587 5504 διὰ
2615 5453 2712 5521 τῆς
2740 5452 3011 5520 ἁμαρτίας
3058 5450 3287 5512 θάνατος
3312 5465 3325 5477 ·
3369 5468 3387 5498 ι
3422 5448 3636 5515 ἀνάγκη
3657 5439 3737 5515 ιῆν

2172 5545 2498 5613 ἀμφοτέρων
2528 5541 2962 5613 ὲλευθερωθῆναι
3007 5541 3097 5596 διὰ
3133 5539 3390 5611 Χριστοῦ.
3423 5538 3535 5591 Καὶ
3566 5538 3672 5606 γὰρ
3698 5533 3727 5587 6

3716 5832 3754 5869 θ
