4056 6266
269 343 377 409 633

1244 344 1345 404 DE
1374 342 1804 405 PRINCIPIIS
1829 342 2043 404 FIDE!
2083 342 2557 407 CATHOLICzE.

3403 347 3509 412 63$

262 462 424 523 αὐτὸς
462 456 787 520 Ἀπόστολος
820 458 1008 529 φησιν,
1041 473 1060 511 ι
1109 459 1172 512 Ei
1200 458 1311 530 γὰρ
1333 460 1414 530 τῷ
1439 461 1536 513 τοῦ
1568 461 1684 523 ἑνὸς
1716 478 1834 514 πα-

1943 458 2083 514 idem
2144 462 2473 531 Apostolus:
2511 480 2529 513 ι
2570 460 2627 515 Si
2688 459 2834 514 enim
2890 460 3052 516 unius
3100 458 3299 515 delicto
3360 476 3512 519 mors

263 550 590 624 ραπτώματι
641 549 671 601 6
730 548 959 612 θάνατος
992 549 1311 603 ἐϐασίλευσε
1342 549 1413 604 δι’
1459 551 1602 616 ἑνὸς,
1651 551 1833 621 πολλῷ

254 640 461 715 μᾶλλον
484 643 535 695 οἱ
576 640 833 704 λασόντες
858 641 971 711 ’τὴν
1019 644 1345 712 περισσείαν
1378 644 1479 713 τῆς
1503 644 1712 715 δωρεᾶς
1739 647 1834 698 καὶ

259 737 358 803 τῆς
407 733 756 805 δικαιοσύνης
812 733 1155 804 βασιλεύουσι
1215 736 1305 790 διὰ
1357 736 1454 789 τοῦ
1488 737 1609 799 ἑνὸς
1653 736 1833 806 Ἰησοῦ

259 824 522 892 Χριστοῦ.
560 842 579 875 ι
617 824 733 879 Ἵνα
766 824 948 877 τοίνυν
968 825 1229 895 ἑκάτερον
1259 827 1393 895 ἡμῖν
1417 827 1476 879 ἐν
1502 825 1680 897 ἑαυτῷ
1699 827 1835 881 6m-

259 917 433 989 δείξῃ.
465 915 558 971 καὶ
589 916 770 970 θανεῖν
804 918 896 971 καὶ
922 918 1222 988 ἀναστῆναι
1273 919 1441 990 ἡθέλη
1457 937 1551 974 σεν
1576 938 1591 951 ·
1626 920 1834 975 ἀποθα-

260 1011 372 1063 νεῖν
406 1009 531 1078 μὲν,
566 1009 656 1063 ἵνα
686 1010 835 1079 ἡμᾶς
864 1009 965 1079 τῆς
993 1009 1271 1081 ἁμαρτίας
1306 1011 1603 1084 καθαρίσῃ,
1631 1012 1706 1075 ὥς
1736 1030 1837 1083 φη-

262 1115 347 1152 σιν
393 1100 422 1152 6
476 1098 817 1162 ’Δπόστολος,
856 1118 875 1151 ι
922 1100 1135 1171 Ὠσπερ
1192 1101 1313 1154 εστὶ
1364 1104 1477 1164 τοῖς
1524 1102 1835 1172 ἀνθρώποις

262 1188 414 1254 ἅπαξ
448 1190 767 1253 ἀποθανεῖν,
799 1189 941 1244 οὕτω
970 1189 1066 1244 καὶ
1093 1194 1122 1245 6
1158 1193 1396 1263 Χριστος
1444 1192 1594 1259 ἀπαξ
1622 1210 1835 1264 προση-

261 1283 427 1354 νέχθη
457 1286 537 1346 είς
561 1284 622 1337 τὸ
641 1284 915 1353 ἁμαρτίας
945 1284 1227 1352 ἐξαλεῖψαι
1258 1286 1468 1340 πολλῶν
1494 1302 1507 1315 ·
1547 1305 1566 1340 ι
1601 1289 1836 1359 ἀναστῆ-

261 1393 348 1427 ναι
377 1376 436 1429 δὲ
463 1375 748 1445 ἠθέλησεν,
783 1376 869 1429 ἵνα
899 1378 1045 1447 ἡμᾶς
1075 1377 1168 1431 τοῦ
1199 1378 1434 1432 θανάτου
1466 1378 1834 1452 ἐλευθερώσῃ.

263 1470 431 1524 Ὅθεν
456 1470 486 1522 6
521 1470 845 1533 Ἀπόστολος
871 1472 1028 1541 φησι,
1063 1491 1082 1525 ι
1128 1473 1365 1542 Χριστὸς
1393 1476 1459 1527 εκ
1481 1474 1692 1545 νεκρῶν
1717 1475 1839 1545 ἑξή-

262 1578 483 1632 γερται,
514 1560 740 1631 ἀπαρχὴ
771 1561 882 1614 τῶν
932 1565 1355 1633 κεκοιμημένων
1375 1580 1388 1594 ⁸
1418 1566 1499 1618 ὅτι
1532 1565 1599 1619 δι’
1626 1564 1839 1635 ἀνθρώ-

261 1665 369 1705 που
414 1652 444 1706 6
500 1651 753 1718 θάνατος,
809 1656 902 1709 καὶ
939 1654 1006 1707 δι’
1063 1654 1354 1723 ἀνθρώπου
1407 1656 1703 1721 ἀνάστασις
1747 1674 1837 1710 νε-

258 1743 437 1815 κρῶν.
487 1762 506 1796 ι

330 1836 407 1889 Τὸ
471 1836 571 1903 μὲν
629 1832 723 1892 οὖν
778 1838 1125 1908 ἀποτέλεσμα
1176 1840 1271 1894 τοῦ
1325 1841 1560 1897 θανάτου
1610 1843 1669 1897 ὲν
1727 1844 1839 1906 τοῖς

263 1930 591 2001 μυστηρίοις
618 1930 970 2001 λαμϐάνομεν
996 1932 1119 1986 ὅσον
1151 1933 1287 2003 πρὸς
1312 1934 1409 2004 τὴν
1437 1934 1537 2005 τῆς
1561 1936 1840 2005 ἁμαρτίας

262 2023 485 2090 ἄφεσιν.
519 2025 628 2077 Καὶ
670 2023 778 2092 γὰρ
813 2024 901 2077 διὰ
942 2024 1043 2092 τῆς
1066 2026 1349 2095 δυνάμεως
1377 2026 1473 2079 τοῦ
1508 2027 1713 2091 πάθους
1745 2029 1839 2081 τοῦ

262 2113 509 2183 Χριστοῦ
534 2116 601 2167 τὰ
624 2115 900 2185 μυστήρια
917 2116 1220 2187 ἐνεργοῦσι.
1254 2118 1709 2189 «Συνθαπτὸμεθα
1732 2121 1840 2189 γὰρ

261 2191 419 2275 αὗτῷ
456 2207 544 2261 διὰ
565 2207 659 2260 τοῦ
690 2207 1062 2278 βαπτίσματος
1086 2227 1135 2261 ο»
1166 2213 1261 2265 καὶ
1301 2210 1395 2265 διὰ
1419 2212 1517 2280 τῆς
1552 2213 1840 2274 κοινωνίας

258 2299 357 2351 τὸν
386 2298 618 2352 θάνατον
650 2298 816 2352 αὐτοῦ
849 2299 1299 2371 καταγγέλλομεν
1320 2316 1338 2331 σ
1375 2301 1468 2353 καὶ
1498 2301 1588 2354 διὰ
1621 2301 1841 2355 πάντων

258 2390 453 2461 νεκροὶ
482 2392 549 2460 τῇ
594 2390 843 2461 ἁμαρτίᾳ
887 2391 1137 2460 γίνεσθαι
1185 2392 1621 2462 ὑπισχνούμεθα.
1672 2393 1744 2445 Τὸ
1783 2394 1839 2447 δὲ

259 2482 617 2552 ἀποτέλεσμα
645 2483 745 2550 τῆς
770 2483 1121 2546 ἀναστάσεως
1147 2482 1243 2537 τοῦ
1274 2483 1516 2553 Χριστοῦ
1542 2486 1668 2538 ὅσον
1702 2489 1838 2553 πρὸς

258 2574 364 2642 τὴν
397 2574 492 2627 τοῦ
528 2571 761 2628 Θανάτου
813 2573 1135 2644 ἀπαλλαγὴν
1164 2576 1221 2627 ιν
1253 2574 1330 2645 τῷ
1365 2576 1509 2629 τέλει
1564 2577 1672 2628 τῶν
1707 2575 1840 2628 uitii-

259 2683 374 2719 νων
401 2666 670 2735 ὀψόμεθα,
702 2666 829 2718 ὅταν
870 2666 1068 2729 πάντες
1098 2667 1186 2720 διὰ
1219 2667 1318 2736 τῆς
1349 2666 1442 2719 τοῦ
1476 2666 1713 2737 Χριστοῦ
1746 2669 1839 2721 δυο

259 2759 480 2827 νάμεως
511 2758 839 2826 ἀναστῶμεν
865 2774 879 2789 ·
909 2758 1032 2811 ὅθεν
1057 2759 1223 2828 φησὶν
1254 2760 1281 2812 6
1325 2758 1671 2825 Ἀπόστολος,
1702 2777 1721 2811 ι
1772 2761 1836 2813 Ei

260 2850 453 2920 νεκροὶ
468 2850 570 2903 οὐκ
590 2851 705 2917 ἒγεί
721 2867 925 2923 ρονται,
953 2851 1071 2903 οὐδὲ
1094 2851 1327 2921 Χριστὸς
1352 2852 1671 2922 ἐγήγερται.
1697 2852 1840 2923 ’Ᾱρα

262 2939 364 2995 οὖν
394 2942 601 3011 ματαία
628 2943 662 3011 ἡ
693 2942 875 3005 πίστις
920 2941 1101 3012 ἡμῶν.
1140 2944 1282 3013 Ἀρα
1307 2942 1386 2998 ῐτι
1418 2945 1586 3015 ἐσμὲν
1618 2946 1675 2998 ὲν
1719 2948 1841 3010 ταῖς

262 3033 565 3104 ἀμαρτίαίς
594 3034 773 3105 ἡμῶν.
803 3052 821 3085 ι
859 3034 968 3087 Καὶ
1001 3034 1180 3097 πάλιν,
1215 3053 1235 3086 ι
1265 3036 1325 3088 El
1360 3037 1467 3107 γὰρ
1504 3037 1839 3108 πιστεύομεν

1934 554 2182 624 regnavit
2254 569 2347 622 per
2388 569 2585 618 unum,
2646 554 2815 608 multo
2881 553 3056 624 magis
3118 553 3510 607 abundantiam

1933 643 2184 697 muneris
2217 653 2272 697 et
2321 644 2551 714 iustitia:
2615 642 2970 712 accipientes,
3035 642 3343 711 regnabunt
3413 657 3510 712 per

1897 748 2102 806 ‘unum
2140 732 2329 791 Jesum
2381 735 2662 790 Christum
2694 735 2763 789 ⁸³.
2811 752 2830 786 ι
2864 733 2937 790 Ut
2998 731 3161 802 igitur
3223 740 3514 801 utrumque

1932 825 2092 881 nobis
2126 826 2179 879 in
2211 826 2334 896 ipso
2373 835 2793 888 monstraretur,
2824 839 2948 879 cum
2983 825 3145 890 mori,
3184 831 3297 876 tum
3324 838 3512 877 resur-

1932 931 2060 987 gere
2103 918 2315 984 voluit;
2350 917 2585 973 alterum
2634 916 2879 986 quidem,
2936 922 2995 969 ut
3053 929 3151 969 nos
3187 929 3218 968 a
3284 922 3507 983 peccato

1935 1011 2245 1077 mundaret,
2304 1012 2381 1066 uti
2442 1013 2520 1066 ait
2589 1010 2933 1081 Apostolus:
2974 1026 2993 1060 ι
3031 1006 3506 1074 Quemadmodum

1935 1111 2196 1156 statutum
2225 1110 2310 1156 est
2334 1102 2647 1156 hominibus
2679 1100 2845 1155 semel
2872 1099 3005 1153 mori
3034 1115 3050 1163 ;
3074 1098 3156 1153 sic
3176 1107 3231 1151 et
3253 1097 3519 1152 Christus

1935 1193 2103 1248 semel
2125 1191 2337 1247 oblatus
2367 1200 2452 1248 est
2474 1192 2539 1246 ad
2573 1191 2870 1245 multorum
2893 1186 3117 1243 delenda
3140 1196 3358 1257 peccata
3384 1189 3464 1252 ⁸⁰ς
3490 1206 3515 1239 ι

1935 1284 2165 1338 alterum
2203 1296 2357 1345 vero,
2392 1293 2451 1337 ut
2482 1298 2581 1338 nos
2608 1296 2637 1336 a
2672 1290 2846 1335 morte
2880 1278 3156 1334 liberaret.
3191 1278 3403 1333 ldcireo
3435 1278 3512 1330 ait

1936 1375 2272 1446 Apostolus:
2321 1394 2339 1428 ι
2370 1376 2625 1431 Christus
2674 1374 2979 1429 resurrexit
3027 1388 3057 1426 a
3099 1371 3355 1435 mortuis,
3402 1370 3515 1439 pri:

1937 1469 2104 1524 mitia:
2130 1470 2520 1524 dormientium
2547 1487 2561 1525 :
2599 1468 2726 1538 quia
2752 1481 2848 1538 per
2877 1466 3150 1521 hominem
3186 1464 3515 1520 resurrectio

1939 1544 2281 1615 mortuorum
2304 1560 2374 1614 θ’.
2419 1579 2438 1613 ι

1870 1788 1917 1849 Β
2016 1817 2202 1873 Mortis
2243 1818 2428 1888 itaque
2456 1816 2707 1874 effectum
2732 1816 2787 1872 in
2810 1816 3168 1872 sacramentis
3194 1816 3515 1885 recipimus,

1943 1911 2088 1979 quod
2121 1911 2333 1966 scilicet
2368 1910 2564 1966 attinet
2591 1911 2656 1966 ad
2689 1912 2891 1981 peccati
2939 1910 3347 1965 remissionem.
3385 1908 3515 1961 Etc-

1942 2003 2054 2055 nim
2090 2013 2430 2058 sacramenta
2480 2004 2683 2057 virtute
2718 2002 2991 2071 passionis
3022 2003 3229 2058 Christi
3281 2017 3517 2071 operan-

1943 2104 2051 2148 tur.
2092 2112 2110 2145 ι
2151 2095 2563 2164 Consepelimur
2590 2094 2734 2149 enim
2764 2096 2868 2164 ipsi
2898 2108 2994 2164 per
3046 2093 3379 2163 baptismum
3398 2093 3466 2157 ⁸⁸,
3494 2112 3512 2143 ι

1943 2200 2005 2240 ac
2040 2186 2517 2248 communicando,
2548 2196 2777 2241 mortem
2828 2185 2947 2255 ejus
3016 2185 3402 2239 annuntiamus
3432 2184 3517 2242 ⁸⁹;

1942 2278 2261 2347 cunctisque
2300 2286 2546 2332 mortuos
2583 2293 2682 2333 nos
2727 2285 2950 2348 peccato
2996 2278 3335 2347 pollicemur.
3374 2274 3521 2330 Elic-

1942 2380 2061 2423 ctns
2113 2377 2293 2423 autem
2324 2366 2744 2425 rcSurreetionis
2773 2369 3013 2437 Christi,
3051 2368 3199 2439 quod
3228 2370 3424 2423 attinet
3452 2367 3519 2422 ad

1945 2462 2070 2525 hoc,
2133 2471 2193 2516 ut
2250 2462 2354 2532 ipsi
2403 2462 2680 2517 immunes
2719 2478 2749 2517 a
2790 2472 2965 2517 morte
3032 2463 3230 2523 simus,
3290 2462 3342 2515 in
3406 2459 3515 2513 ﬁne

1943 2554 2262 2607 san-ulmum
2295 2555 2624 2621 videbimus,
2654 2570 2779 2610 cum
2816 2570 3007 2611 omnes
3058 2570 3153 2624 per
3199 2554 3401 2608 Christi
3428 2567 3521 2622 po-

1944 2648 2169 2701 tentiam
2232 2661 2605 2717 resurgemus.
2674 2647 2826 2701 Unde
2885 2648 2960 2701 ait
3011 2646 3353 2717 Aposmlns:
3392 2664 3410 2695 ι
3460 2644 3520 2698 Si

1943 2740 2143 2792 mortui
2181 2754 2285 2791 non
2308 2751 2610 2807 resurgent,
2636 2754 2735 2794 nec
2760 2738 3013 2794 Christus
3037 2737 3355 2793 resurrexit.
3384 2736 3524 2802 Ergo

1939 2844 2079 2884 vana
2144 2836 2227 2885 est
2289 2829 2422 2886 ﬁdes
2484 2839 2692 2885 nostra.
2770 2829 2909 2900 Ergo
2987 2830 3168 2883 adhuc
3225 2842 3416 2881 smnus
3469 2826 3523 2880 in

1943 2922 2179 2990 peccatis
2211 2921 2415 2977 nostris
2438 2922 2505 2975 ".
2544 2937 2562 2972 ι
2593 2921 2673 2973 Ae
2697 2934 2929 2975 rursus:
2971 2938 2991 2972 ι
3028 2920 3087 2974 Si
3152 2920 3297 2973 enim
3332 2916 3511 2972 credi-

1942 3027 2064 3067 mus
2090 3014 2234 3083 quod
2261 3012 2420 3069 .iesus
2449 3021 2698 3068 mortuus
2731 3019 2813 3068 est
2845 3020 2900 3066 et
2966 3012 3293 3075 resurrexit,
3350 3010 3423 3063 ita
3463 3016 3519 3062 et

260 3102 347 3178 ὅτι
378 3102 584 3190 Ἶηςοῦς
605 3102 843 3177 ἀπέθανε
870 3124 965 3178 καὶ
995 3125 1214 3196 ἀνέστη,
1239 3102 1381 3181 οὗτοι
1406 3102 1499 3182 καὶ
1528 3129 1556 3182 6
1577 3130 1709 3194 Θεὸς
1729 3102 1842 3195 τοὺς

1958 3103 2102 3159 Deus
2140 3120 2236 3160 eos
2272 3106 2365 3175 qui
2429 3105 2793 3171 dormierunt,
2854 3118 2948 3173 per
2978 3103 3258 3158 Christum
3290 3102 3525 3157 adducet

262 3218 631 3287 κοιμηθέντας
648 3217 735 3272 διὰ
764 3220 857 3271 τοῦ
887 3219 1062 3290 Ἰησοῦ
1088 3221 1206 3286 ἄξει
1236 3220 1334 3274 σὺν
1364 3221 1529 3292 αὐτῷ.
1563 3242 1581 3275 ι
1611 3225 1719 3277 Καὶ
1745 3226 1849 3279 πάο

262 3309 401 3373 λιν,‹
438 3308 500 3360 El
528 3306 808 3378 ὁΧριστδς
830 3309 1159 3379 κηρύττεται
1190 3312 1272 3365 ὅτι
1294 3312 1494 3384 ἀνέστη
1525 3314 1588 3366 ἐκ
1619 3314 1846 3383 νεκρῶν,

250 3398 391 3461 ,πῶς
439 3396 586 3461 τινες
634 3397 883 3466 λέγουσιν
930 3400 988 3451 ὲν
1029 3399 1157 3469 ὑμῖν
1187 3401 1268 3453 ὅτι
1308 3401 1603 3465 ἀνάστασις
1635 3402 1847 3472 νεκρῶν

266 3491 374 3542 οὐκ
404 3488 576 3556 Est-tv;
620 3490 686 3542 Ei
723 3489 769 3541 δ’
792 3490 1089 3553 ἀνάστασις
1107 3493 1318 3559 νεκρῶν
1348 3495 1449 3545 οὐκ
1480 3492 1648 3559 ἐστιν,
1677 3493 1796 3547 οὐδὲ
1823 3495 1851 3547 6

266 3581 505 3653 Χριστὸς
544 3582 861 3652 ἐγήγερται.
907 3582 970 3636 El
1014 3582 1072 3635 δὲ
1116 3584 1352 3654 Χριστος
1382 3584 1483 3638 οὒκ
1526 3585 1845 3657 ἐγήγερται,

272 3675 508 3745 μάταιον
538 3673 600 3727 τὸ
632 3671 896 3743 κήρυγμα
927 3674 1107 3745 ἡμῶν.
1158 3693 1176 3727 ι
1210 3675 1378 3730 Πάλιν
1412 3675 1545 3747 φησι
1583 3678 1721 3746 πρὸς
1754 3677 1849 3730 Tt-

272 3765 467 3837 μὰθεον
494 3764 742 3836 γράφων,
772 3784 793 3815 ε
839 3766 952 3830 Τὰς
987 3766 1177 3838 μωρὰς
1206 3766 1302 3820 καὶ
1334 3768 1698 3831 ἀπαιδεύτους
1745 3769 1845 3839 ζη-

269 3858 457 3928 τήσεις
486 3855 776 3926 παραιτοῦ.
803 3857 993 3910 Πολλοὶ
1028 3859 1137 3927 γὰρ
1177 3858 1581 3927 προκόπτουσιν
1608 3860 1687 3921 είς
1715 3858 1843 3911 ἀσε-

272 3949 449 4013 ϐειαν,
477 3951 570 4002 καὶ
598 3951 626 4001 6
656 3950 812 4015 λόγος
842 3948 1020 4001 αὐτῶν
1049 3950 1123 4013 ὡς
1150 3950 1462 4020 γάγγραινα
1491 3951 1661 4020 νομὴν
1706 3949 1845 4020 ἔχει,

273 4033 350 4093 ὧν
404 4042 553 4093 ἐστιν
602 4040 866 4108 Υμεναῖος
914 4039 1006 4093 καὶ
1064 4039 1307 4109 Φίλητος,
1356 4040 1409 4092 οἳ
1452 4039 1552 4109 τῆς
1596 4039 1850 4110 ἀληθείας

274 4129 556 4193 ἐξέπεσον,
580 4128 833 4196 λέγοντες
868 4128 966 4199 τὴν
1012 4129 1307 4183 ἀνάστασιν
1336 4129 1445 4183 τῶν
1478 4129 1690 4200 νεκρῶν
1742 4130 1845 4201 ἥδη

272 4219 549 4274 γενέσθαι.
597 4239 617 4271 ι
668 4212 827 4272 Οὗτοι
856 4219 964 4288 γὰρ
993 4220 1093 4272 οὐκ
1123 4218 1377 4285 ἐδόξαζον
1413 4220 1626 4290 νεκρῶν
1660 4220 1849 4290 σωμά-

277 4332 385 4369 των
412 4314 729 4376 ἀνάστασιν,
757 4313 891 4366 ἀλλά
922 4314 1021 4382 τὴν
1046 4313 1145 4383 τῆς
1179 4314 1360 4384 ψυχῆς
1392 4314 1497 4367 ἀπὸ
1524 4313 1725 4376 κακίας
1769 4314 1849 4377 είς

277 4407 479 4477 ἀρετὴν
516 4405 844 4475 μεταϐολὴν,
872 4407 963 4458 καὶ
993 4405 1102 4457 ἀπο
1130 4404 1229 4473 τῆς
1262 4406 1468 4474 πλάνης
1492 4406 1571 4467 είς
1594 4404 1693 4475 τὴν
1718 4403 1849 4473 ἀλή-

1954 3213 2075 3251 cum
2108 3211 2173 3251 eo
2201 3198 2269 3251 η.
2318 3196 2383 3250 Ει
2447 3212 2683 3252 rursus:
2740 3214 2758 3247 ι
2796 3195 2854 3250 Si
2896 3196 3151 3251 Christus
3192 3195 3524 3264 prmdicatur

1952 3291 2095 3360 quod
2124 3290 2426 3345 resurrexit
2482 3305 2513 3343 a
2543 3289 2799 3354 mortuis,
2857 3289 3136 3359 quomodo
3166 3287 3389 3355 quidam
3444 3286 3529 3340 di-

1950 3390 2082 3433 cunt
2141 3379 2193 3431 in
2223 3378 2399 3443 vobis,
2459 3380 2721 3448 quoniam
2782 3380 3118 3433 resurrectio
3175 3386 3519 3432 mortuorum

1951 3488 2060 3525 non
2100 3471 2227 3525 est?
2268 3470 2322 3525 Si
2364 3478 2545 3525 autem
2607 3478 2951 3545 mortuoer
3010 3468 3345 3524 resurrectio
3413 3483 3523 3522 non

1950 3572 2055 3627 est,
2092 3576 2191 3617 nec
2230 3562 2478 3617 Christus
2533 3562 2873 3627 resurrexit;
2936 3561 2981 3615 si
3030 3569 3211 3613 autem
3274 3560 3524 3615 Christus

1953 3670 2062 3709 non
2088 3654 2413 3719 resurrexit,
2449 3654 2629 3709 inanis
2658 3659 2744 3708 est
2797 3652 3115 3722 praedicatio
3166 3660 3349 3706 nostra
3379 3652 3447 3701 ⁹¹.
3495 3670 3515 3703 ι

1952 3744 2153 3813 Aitque
2187 3759 2379 3799 rursus
2440 3743 2507 3798 ad
2551 3743 2900 3813 Timotheum
2937 3741 3226 3797 scribens:
3260 3759 3279 3793 ι
3318 3741 3525 3796 Stultas

1953 3848 2005 3893 et
2039 3840 2157 3893 sine
2186 3837 2471 3907 disciplina
2525 3836 2858 3905 quzestiones
2916 3834 3117 3890 devita.
3162 3831 3313 3888 Multi
3371 3834 3517 3887 enim

1955 3927 2330 3998 proﬁciuntgad
2365 3927 2723 3996 impietatem,
2764 3935 2817 3980 et
2854 3938 3039 3981 sermo
3076 3938 3268 3978 eorum
3307 3932 3365 3975 ut
3388 3938 3522 3977 can-

1953 4034 2046 4075 cer
2076 4019 2264 4089 serpit,
2313 4034 2379 4073 ex
2415 4020 2617 4087 quibus
2668 4027 2750 4073 est
2798 4018 3121 4089 Hymenaeus
3154 4024 3208 4071 et
3248 4014 3518 4075 Philetus.

1952 4110 2045 4180 qui
2078 4126 2108 4164 a
2139 4109 2366 4171 veritate
2393 4111 2738 4176 exciderunt,
2783 4109 3029 4164 dicentes
3060 4108 3517 4163 resurrectionem

1948 4218 2073 4259 esse
2093 4204 2205 4273 jam
2242 4205 2439 4258 iactam
2462 4205 2529 4257 ".
2584 4221 2600 4255 ι
2640 4204 2707 4256 Hi
2770 4204 2915 4257 enim
2977 4217 3083 4255 non
3130 4201 3525 4256 existimabant

1952 4297 2068 4353 fore
2106 4311 2395 4366 corporum
2421 4299 2910 4357 resurrectionem,
2966 4294 3059 4350 sed
3102 4293 3272 4348 animi
3305 4308 3334 4346 a
3388 4292 3526 4346 vitio

1950 4391 2019 4444 ad
2051 4390 2311 4444 virtutem
2345 4389 2729 4451 mutationem,
2774 4396 2828 4441 et
2868 4386 2936 4441 ab
2990 4399 3183 4440 errore
3214 4386 3279 4439 ad
3316 4385 3521 4438 verita-

283 4475 466 4550 θείαν·
501 4499 595 4549 καὶ
623 4496 722 4567 τὴν
757 4496 885 4566 περὶ
916 4495 1049 4548 Θεὸν
1084 4496 1380 4564 ἐπίγνωσιν
1410 4495 1708 4549 ἀνάστασιν
1734 4494 1842 4547 ελε-

1954 4486 2058 4533 tem
2085 4496 2100 4545 ;
2129 4480 2332 4546 Deique
2350 4479 2598 4533 notitiam
2619 4494 2683 4533 ac
2702 4478 2859 4532 iidem
2882 4492 3004 4533 esse
3034 4492 3092 4532 re
3112 4493 3174 4534 su
3185 4475 3515 4531 rrectioucm

282 4606 379 4657 γον
421 4585 562 4643 εἶναι
606 4591 742 4660 ὅπερ
775 4590 803 4640 6
858 4587 1186 4650 Ἀπόστολος
1215 4587 1537 4659 ἀνατρέπει,
1565 4590 1663 4642 καὶ⁸
1696 4589 1848 4640 πᾶσα

278 4681 312 4747 ἡ
338 4680 456 4731 θεία
486 4677 696 4747 Γραφὴ,
733 4677 918 4731 αὐτῶν
948 4678 1056 4732 τῶν
1102 4679 1374 4748 σωμάτων
1404 4678 1703 4731 ἀνάστασιν
1729 4676 1847 4728 ἔσε-

284 4771 402 4822 σθαι
431 4770 684 4837 λέγουσα.
727 4770 787 4822 '0
822 4772 922 4838 μὲν
954 4769 1063 4841 γὰρ
1097 4769 1424 4833 ’Δπόστολος
1452 4769 1607 4837 φησὶ,
1637 4786 1654 4819 ι
1682 4764 1847 4819 Σπεί-

287 4877 431 4930 ρεται
468 4860 629 4931 σῶμα
648 4861 898 4931 ψυχικὸν,
924 4861 1199 4930 ἐγείρεται
1225 4861 1381 4929 σῶμα
1412 4856 1840 4927 πνευματικόν.»

286 4951 395 5016 καὶ,
432 4968 451 5002 ι
472 4951 715 5020 Ἀνάγκη
748 4951 808 5003 τὸ
841 4949 1081 5019 φθαρτὸν
1105 4950 1264 5005 τοῦτο
1287 4948 1607 5011 ἐνδύσασθαι
1637 4947 1778 5016 ἀφθα
1791 4964 1850 5017 ρ-

290 5037 407 5090 σίαν
428 5054 444 5070 ο
479 5040 573 5091 καὶ
602 5040 661 5091 τὸ
691 5040 886 5110 θνητὸν
914 5040 1072 5094 τοῦτο
1102 5040 1426 5093 ἐνδύσασθαι
1457 5039 1783 5092 ἀθανασίαν.
1823 5055 1842 5089 ι

300 5129 384 5182 Ἐν
424 5130 483 5183 δὲ
525 5130 603 5197 τῷ
638 5131 956 5202 Εὐαγγελίῳ
998 5134 1149 5203 παρά
1187 5132 1282 5185 τοῦ
1332 5130 1571 5200 Χριστοῦ
1610 5131 1848 5199 εἴρηται,

296 5236 313 5269 ι
360 5223 620 5292 Ἔρχεται
654 5222 792 5294 ὥρα,
827 5227 923 5277 καὶ
953 5224 1047 5277 νῦν
1078 5226 1247 5287 ἐστιν,
1279 5225 1367 5277 ὅτε
1396 5226 1443 5276 οἱ
1474 5225 1659 5293 νεκροὶ
1687 5222 1854 5276 ἀκού-

294 5328 477 5367 σονται
505 5315 604 5385 τῆς
633 5318 815 5387 φωνῆς
842 5317 934 5371 τοῦ
963 5318 1095 5370 Υίοῦ
1129 5317 1229 5375 τοῦ,
1254 5316 1390 5370 Θεοῦ
1416 5332 1429 5346 ·
1462 5317 1559 5369 καὶ
1599 5318 1647 5370 oi
1690 5313 1853 5368 ἀκού-

294 5418 478 5469 σαντες
522 5405 807 5476 ζήσονται·
870 5427 889 5460 ι
944 5414 1042 5462 καὶ
1105 5410 1269 5463 πάλιν
1322 5427 1339 5460 ι
1396 5409 1657 5477 Ἔρχεται
1708 5405 1851 5476 ὤραν

292 5487 346 5539 ἐν
438 5494 640 5557 πάντες
672 5496 720 5548 ei
762 5498 820 5549 ἐν
867 5499 981 5559 τοῖς
1040 5498 1321 5566 μνημείοις
1379 5496 1704 5550 ἀκούσονται
1755 5497 1854 5567 τῆς

1956 4570 2235 4626 dicebant.
2284 4570 2440 4637 Quod
2472 4571 2767 4641 Apostolus
2800 4570 3016 4634 evertit,
3048 4570 3339 4638 omnisque
3363 4584 3519 4624 saera

1958 4661 2257 4731 Scriptura,
2292 4676 2414 4730 qua:
2446 4662 2692 4732 ipsorum
2722 4674 3017 4730 corporum
3049 4658 3516 4714 resurrectionem

1956 4752 2198 4808 futuram
2248 4753 2412 4809 dicat.
2458 4754 2547 4808 Ait
2594 4768 2827 4823 namque
2848 4752 3142 4822 Apostolus
3174 4767 3189 4817 ;
3217 4768 3236 4801 ι
3269 4750 3521 4804 Semina-

1958 4855 2048 4900 tur
2075 4860 2275 4915 corpus
2318 4844 2575 4909 animale,
2622 4845 2858 4913 resurgit
2905 4857 3100 4913 corpus
3144 4840 3461 4911 spiritale”.
3498 4858 3518 4892 ι

1953 4935 2020 4991 Ει
2050 4951 2241 4990 rursus
2278 4953 2293 4990 :
2337 4954 2353 4987 ι
2389 4934 2616 5005 Oportet
2651 4932 3002 5002 corruptibile
3032 4933 3135 4987 hoc
3178 4932 3403 4987 induere
3437 4931 3527 4985 in-

1955 5028 2385 5097 corruptionem,
2414 5036 2469 5081 et
2502 5026 2725 5081 mortale
2757 5025 2860 5079 hoc
2886 5026 3109 5079 induere
3144 5022 3528 5079 immortalita-

1956 5132 2062 5178 tem
2090 5120 2157 5175 ”.
2193 5138 2213 5171 ι
2270 5121 2328 5173 in
2382 5118 2675 5187 Evangelia
2734 5126 2915 5172 autem
2963 5132 2993 5172 a
3042 5116 3263 5172 Christo
3314 5116 3525 5171 dictum

1947 5225 2031 5271 est
2066 5231 2080 5268 :
2120 5233 2140 5266 ι
2174 5211 2330 5267 Venit
2363 5213 2521 5276 hora,
2548 5219 2601 5265 et
2624 5224 2768 5265 nunc
2790 5218 2893 5275 cst,
2928 5210 3149 5279 quando
3199 5209 3399 5263 mortui
3431 5224 3530 5260 au-

1950 5308 2101 5363 dient
2132 5320 2315 5360 vocent
2349 5294 2470 5359 Filii
2504 5303 2635 5369 Dei;
2671 5310 2723 5357 et
2752 5303 2847 5372 qui
2883 5304 3172 5367 audierint,
3206 5299 3457 5355 vivent“.
3497 5315 3519 5348 ι

1958 5398 2023 5453 Ει
2053 5413 2246 5453 rursus
2279 5413 2295 5450 ι
2333 5415 2350 5447 ι
2391 5394 2549 5450 Venit
2579 5396 2734 5461 hora,
2762 5395 2817 5449 in
2850 5410 2957 5465 qua
2984 5410 3172 5451 omnes
3207 5393 3297 5462 qui
3328 5392 3382 5443 in
3408 5402 3527 5441 mo-

1962 5490 2240 5545 numentis
2285 5496 2432 5553 sunt,
2481 5486 2704 5541 audient
2751 5502 2934 5541 vocem
2964 5487 3114 5556 ejus;
3144 5495 3195 5536 et
3236 5480 3533 5551 precedent

357 5634 401 5667 ³³
432 5635 593 5689 Rom.
622 5650 675 5700 ν,
708 5636 793 5691 ΓΙ.
868 5639 915 5672 ⁸⁸
953 5639 1114 5693 iiehr.
1138 5654 1213 5693 Ix.
1242 5639 1334 5693 27.
1406 5637 1495 5691 "l
1526 5637 1649 5692 Cor.
1688 5652 1775 5698 xv,
1803 5634 1842 5687 2‘

1970 5632 2015 5663 ευ
2041 5630 2252 5685 Coloss.
2282 5624 2464 5700 ".12.
2529 5623 2575 5655 ιο
2601 5622 2849 5700 ιορνλη,
2882 5620 2974 5675 eo.
3034 5619 3094 5700 ff
3125 5617 3140 5671 l
3169 5618 3407 5700 αρε-..ξφ
3437 5615 3523 5700 33.

374 5705 402 5783 _l
422 5704 741 5783 Tltcssurv,
810 5707 888 5763 l5.

1010 5711 1055 5742 ⁹²
1094 5710 1113 5764 l
1146 5710 1269 5765 Cor.
1296 5726 1347 5775 ν,
1389 5708 1452 5762 12
1482 5724 1634 5779 seqq.

297 5770 338 5801 "‘
367 5773 604 5875 Joan‘v,
623 5775 710 5830 25.

1740 5708 1784 5738 9°
1815 5706 1854 5760 ll
1891 5701 2031 5758 Tim.
2065 5717 2124 5766 ll,
2164 5701 2235 5755 9'5
2284 5706 2337 5754 et
2402 5697 2488 5749 16.

2600 5693 2646 5724 ³⁸⁵
2679 5691 2700 5745 ι
2734 5694 2856 5746 Cor.
2898 5706 2984 5757 xv,
3022 5692 3107 5743 44.
3214 5686 3401 5741 “ibid.
3433 5685 3539 5741 ὕει
