4096 6292
556 354 664 418 635
1805 349 2193 412 MANUELIS
2232 347 2531 410 CALECIE
3699 346 3797 410 636

559 464 650 532 qui
701 461 843 516 bona
897 459 1139 515 fecerunt
1193 457 1249 513 in
1301 458 1758 516 resurrectionem
1809 460 1961 524 vitae;
2023 457 2114 528 qui

2241 456 2403 525 ρωνῆς
2436 455 2598 510 αὐτοῦ
2627 470 2640 484 ⁸
2671 455 2767 509 καὶ
2796 455 3220 526 ἐκπορεύσονται
3244 456 3292 508 οί
3319 455 3394 508 τά
3425 455 3618 522 ἀγαθὰ
3642 461 3798 524 ato-J1-

564 569 694 607 vero
719 553 858 606 mala
883 560 1127 620 egerunt,
1156 550 1208 604 in
1236 551 1690 606 resurrectionem
1729 550 1923 620 judicii
1959 550 2028 605 θ’.
2092 570 2112 602 ι

2241 564 2411 610 παντες
2441 549 2520 610 είς
2568 547 2862 601 ἀνάστασιν
2915 546 3061 610 ξωίς
3084 564 3098 579 ο
3139 548 3187 598 οί
3220 547 3275 598 δέ
3310 546 3380 599 τὰ
3417 546 3610 612 φαῦλα
3665 548 3800 612 πρά-

563 640 654 694 Ait
693 653 820 694 vero
862 640 1022 692 etiam
1054 637 1192 691 Job:
1233 655 1252 688 ι
1289 637 1618 706 Redemptor
1669 652 1823 692 meus
1874 637 2027 702 vivit,
2067 646 2121 690 et

2241 643 2407 703 ξαντες
2430 641 2509 702 είς
2537 639 2836 692 ἀνάστασιν
2862 639 3117 708 κρίσεως.
3158 655 3175 688 ι
3211 639 3348 706 Φησὶ
3370 637 3434 688 δέ
3467 637 3568 689 καὶ
3599 638 3627 688 6
3657 637 3796 699 Ἰὼϐ,

565 731 618 784 ἰιι
653 729 945 784 novissimo
972 730 1037 784 de
1062 738 1205 783 terra
1241 738 1591 784 surrecturus
1628 744 1769 792 sum,
1803 740 1858 784 et
1903 744 2119 784 rursum

2241 749 2246 781 l
2293 731 2417 785 Ὅτι
2446 730 2474 782 6
2503 730 2786 802 λυτρωτής
2811 746 2912 799 μου
2943 729 3031 798 ζῇ,
3075 729 3166 780 καὶ
3190 729 3245 780 ἐν
3273 731 3338 798 τῇ
3374 728 3596 797 ἐσχάτῃ
3624 728 3798 798 ἡμέρᾳ

563 819 946 875 circumdabor
988 820 1127 889 pelle
1172 835 1315 884 mea,
1352 830 1407 874 et
1435 822 1488 875 in
1541 835 1704 876 carne
1751 835 1869 874 mea
1925 819 2120 873 videbo

2241 823 2592 891 ιναστήσομαι
2618 822 2685 874 ἐκ
2714 821 2811 890 τῆς
2836 820 2963 888 γῆς,
2997 820 3093 871 καὶ
3119 818 3280 872 πάλιν
3317 817 3702 888 περικαλύψει
3735 835 3796 884 με

566 914 732 967 Deum
766 913 832 965 ".
871 932 890 964 ›
928 911 1229 968 Etdivinus
1278 912 1448 968 David
1483 930 1496 967 :
1526 931 1544 964 ι
1583 913 1814 969 Auferes
1863 913 2116 982 spiritum

2241 913 2282 966 :6
2298 914 2474 982 δέρμα
2497 931 2619 984 μου,
2648 914 2744 965 καὶ
2764 915 2820 965 ἐν
2837 915 2902 982 τῇ
2929 911 3090 983 σαρκί
3117 928 3218 980 μου
3234 910 3449 981 ὂψομαι
3480 911 3580 962 τὸν
3609 909 3792 964 Θεόν.»

563 1001 777 1064 eorum,
833 1013 886 1058 et
937 1003 1206 1066 deﬁcient.
1260 1011 1324 1063 et
1358 1005 1411 1058 in
1461 1004 1730 1073 pulverem
1757 1019 1913 1060 suum
1938 1020 2121 1060 rever-

2241 1007 2330 1058 (αἱ
2364 1007 2392 1058 6
2417 1005 2556 1067 θεῖος
2580 1004 2767 1067 Δαϐὶδ,
2808 1022 2826 1055 ι
2869 1003 3207 1065 Ἀντανελεῐς
3245 1005 3305 1056 τὺ
3330 1001 3571 1070 πνεῦμα
3603 1001 3795 1065 αὐτῶν,

571 1098 753 1145 tentur
777 1092 842 1146 ⁸³.
911 1111 930 1144 ι
989 1093 1090 1157 Ειι,
1137 1093 1202 1148 de
1244 1097 1310 1147 de
1351 1093 1662 1162 corporibus
1693 1094 1949 1163 loquitur.
1983 1093 2120 1148 Tum

2241 1097 2319 1150 (αἱ.
2346 1097 2684 1166 ἐκλείψουσι,
2709 1097 2804 1149 καὶ
2836 1097 2916 1158 είς
2945 1095 3038 1148 τὸν
3065 1094 3194 1165 χοῦν
3223 1093 3404 1146 αὐτῶν
3435 1092 3800 1163 ἐπιστρέφου-

572 1183 756 1236 subdit
789 1201 803 1237 :
840 1201 857 1234 (
901 1183 1124 1239 Emittes
1159 1185 1419 1253 Spiritum
1467 1196 1640 1250 tuum,
1677 1195 1730 1240 et
1773 1187 2122 1253 crcabuntur,

2241 1205 2331 1241 τιν.
2375 1205 2392 1237 ι
2439 1186 2572 1240 ’ἰδοὺ
2622 1185 2751 1255 περὶ
2787 1185 3055 1255 σωμάτων
3104 1185 3134 1236 6
3181 1184 3360 1252 λόγος.
3405 1179 3549 1236 Εἶτα
3585 1184 3795 1250 ἐπάγει,

570 1283 626 1326 et
655 1274 937 1328 renovabis
968 1274 1158 1330 faciem
1190 1284 1346 1330 terrae
1379 1277 1417 1330 '.
1457 1295 1476 1328 ι
1510 1277 1678 1331 Isaias
1703 1291 1950 1346 quoque:
1977 1295 1996 1329 ι
2023 1277 2128 1332 Re-

2241 1299 2251 1330 ι
2307 1278 2712 1342 Ἐξαποστελείς
2739 1278 2801 1329 τὸ
2836 1277 3059 1345 Πνεῦμά
3090 1293 3206 1342 σου,
3247 1277 3342 1329 καὶ
3378 1277 3795 1346 κτισθήσονται,

573 1370 794 1433 surgent
825 1365 1046 1428 mortui,
1077 1374 1131 1420 et
1159 1366 1561 1421 suseitabuntur
1588 1367 1680 1436 qui
1719 1376 1847 1424 sunt
1895 1369 1948 1423 in
2006 1385 2125 1423 mo-

2241 1367 2319 1421 καὶ
2375 1369 2686 1430 ἀνακαινεῖς
2735 1367 2796 1420 τὸ
2846 1367 3142 1436 πρόσωπον
3191 1367 3294 1435 τῆς
3345 1368 3485 1435 γῆς.
3545 1386 3564 1419 ι
3626 1367 3732 1420 Καὶ
3771 1367 3797 1416 6

495 1457 504 1467 '
575 1457 849 1509 nnmentis
880 1458 922 1510 ί.
961 1474 980 1507 ι
1011 1455 1206 1512 Beatus
1237 1473 1452 1528 quoque
1493 1459 1740 1514 Ezechiel
1779 1478 1792 1513 :
1827 1478 1845 1510 ι
1901 1459 2124 1516 Factum

2241 1460 2477 1522 Ἡσαΐας,
2514 1479 2534 1512 ι
2578 1461 3014 1531 .’Δναστήσονται
3038 1462 3087 1512 οἱ
3119 1461 3322 1530 νεκροὶ,
3348 1463 3451 1513 καὶ
3479 1459 3798 1529 ἐγερθήσον-

570 1557 672 1609 est,
709 1546 902 1614 inquit,
931 1545 1058 1600 dum
1103 1546 1525 1616 prophetarem;
1580 1559 1635 1603 et
1663 1563 1789 1605 ecce
1813 1553 2125 1615 commotio,

574 1647 628 1693 et
662 1637 900 1693 admovit
949 1653 1094 1702 ossa,
1123 1652 1184 1693 os
1213 1638 1278 1693 ad
1335 1653 1417 1703 os,
1445 1639 1872 1710 unumquodque
1901 1641 1966 1694 ad
1997 1641 2124 1710 jun-

571 1739 780 1783 eturam
829 1744 1003 1783 suam.
1063 1728 1126 1784 Et
1166 1729 1296 1794 vidi,
1351 1739 1549 1785 etecce
1589 1745 1748 1800 super
1779 1747 1840 1787 ea
1889 1731 2036 1786 nervi
2069 1741 2124 1787 et

571 1833 762 1873 carnes
813 1818 1150 1883 oriebantur,
1199 1828 1252 1874 et
1306 1821 1674 1876 ascendebant
1710 1837 1873 1891 super
1932 1837 2024 1886 ea;
2081 1833 2136 1878 et

573 1909 738 1977 pelles
781 1918 1009 1965 extentae
1061 1922 1189 1965 sunt
1245 1925 1413 1981 super
1469 1911 1574 1966 illis
1601 1911 1834 1983 desuper
1861 1916 1902 1968 ’.
1939 1931 1957 1966 ι
1993 1912 2131 1966 Τιιιη

573 2005 731 2060 ducet
777 2021 1010 2077 quonam
1058 2007 1278 2076 spiritus
1328 2007 1468 2076 jussi
1516 2010 1722 2065 reversi
1782 2009 1926 2063 sint:
1962 2010 2134 2064 sedet

575 2097 678 2151 alia
711 2096 864 2166 plura
883 2097 998 2166 ejus
1032 2098 1243 2166 generis
1266 2099 1334 2152 de
1374 2097 1551 2152 futura
1585 2101 1981 2154 resurrectione
2037 2115 2136 2154 no-

581 2190 662 2244 bis
693 2190 855 2244 tradit
881 2190 1064 2244 divina
1096 2189 1404 2258 Scriptura,
1431 2189 1504 2242 Ex
1537 2190 1737 2258 quibus
1787 2191 2132 2244 manifestum

577 2291 661 2339 est
685 2283 997 2338 suscitanda
1027 2285 1316 2346 cadavera,
1347 2297 1449 2337 nec
1475 2283 1700 2338 inﬁnitae
1733 2284 1825 2339 Dei
1879 2285 2134 2354 potentiae

575 2369 865 2438 quidquam
895 2373 1228 2436 impossibile
1260 2373 1401 2430 tore.

647 2635 783 2701 Quia
832 2637 994 2705 igitur
1037 2640 1230 2693 nedum
1287 2640 1551 2710 ejusmodi
1575 2645 1918 2716 sermonibus
1948 2661 2136 2702 resur-

579 2727 746 2783 rectio
785 2728 1120 2810 colirmatur,
1171 2733 1263 2788 sed
1307 2741 1363 2788 et
1404 2734 1522 2802 ipse
1555 2733 1806 2794 Christus
1843 2753 1874 2793 a
1905 2741 2134 2796 mortuis

575 2822 842 2888 surrexit,
875 2824 946 2878 ita
984 2825 1239 2882 nimirum
1274 2836 1334 2881 ut
1377 2827 1526 2884 visus
1553 2828 1627 2884 sit
1653 2838 1708 2885 et
1741 2841 2131 2896 contrectatus,

575 2913 1000 2983 comederitque.
1033 2916 1177 2986 quod
1201 2916 1374 2984 ipsum
1397 2933 1504 2973 non
1541 2927 1660 2973 erat
1707 2935 1770 2975 ex
1803 2931 2013 2976 naturae
2047 2939 2134 2977 ra-

575 3003 844 3068 tionibus,
880 3019 1056 3073 neque
1095 3008 1240 3058 enim
1302 3021 1422 3062 cum
1469 3010 1766 3065 suscitatus
1808 3022 1971 3077 esset,
2011 3013 2134 3068 cibo

2228 1567 2317 1604 ται
2335 1552 2385 1604 οί
2411 1553 2468 1604 ἐν
2489 1553 2604 1614 τοῖς
2634 1551 2939 1622 μνημείοις.
2979 1569 2996 1602 ι
3027 1551 3139 1603 Καὶ
3172 1551 3200 1602 6
3227 1549 3506 1620 μακάριος
3523 1548 3796 1616 Ἰεζεκιὴλ,

2235 1665 2254 1694 ι
2313 1641 2583 1711 Ἐγένετο.
2631 1661 2650 1694 ι
2691 1642 2848 1710 φησὶ,
2877 1659 2897 1692 ι
2943 1643 3002 1694 ἐν
3042 1640 3123 1711 τῷ
3167 1658 3234 1710 με
3267 1640 3684 1710 προφητεῦσαι.
3710 1640 3799 1691 καὶ

2236 1735 2344 1788 ἰδοὺ
2388 1733 2625 1803 σεισμὸς,
2659 1732 2751 1786 καὶ
2786 1733 3102 1800 προσήγαγε
3134 1731 3202 1784 τὰ
3232 1730 3364 1784 ὀστᾶ
3408 1731 3607 1784 ὀστέον
3668 1729 3794 1797 πρὸς

2234 1826 2439 1891 ὀστέον,
2464 1825 2700 1878 ἕκαστον
2734 1825 2868 1894 πρδς
2899 1823 2998 1893 τὴν
3051 1823 3318 1892 ἁρμονίαν
3361 1820 3565 1875 αὐτοῦ.
3601 1820 3706 1873 Καὶ
3730 1815 3800 1870 εί·

2233 1916 2342 1981 δον,
2376 1916 2470 1968 καὶ
2520 1916 2628 1968 ίῖοὺ
2691 1914 2982 1980 ἐπεγένετο
3018 1913 3199 1975 αὐτοῖς
3231 1911 3398 1982 νεῦρα
3454 1913 3553 1966 καὶ
3608 1911 3796 1978 σάρκες

2233 2006 2548 2073 ἀνεφύοντο,
2585 2006 2680 2059 καὶ
2727 2004 3011 2058 ἀνέϐαινον
3043 2004 3130 2056 ἐπ’
3159 2003 3302 2057 αὑτά
3325 2018 3341 2034 ⁸
3375 2004 3478 2055 καὶ
3510 2001 3791 2071 περιετάθη

2235 2101 2319 2152 ἐπ’
2349 2101 2532 2162 αὐτοῖς
2565 2099 2813 2167 δέρματα
2850 2097 3149 2150 ἐπάνωθεν.
3193 2113 3212 2146 ι
3248 2090 3382 2148 Εῑτα
3412 2095 3662 2149 διδάσκει
3693 2089 3791 2144 ποῦ

2233 2187 2868 2258 κελευσθένταξέπανῆλθε
2887 2189 2951 2241 τά
2971 2187 3276 2256 πνεύματα·
3295 2189 3390 2241 καὶ
3409 2186 3552 2240 ἀλλα
3568 2185 3625 2238 δὲ
3639 2182 3794 2236 πολλὰ

2233 2280 2516 2351 τοιαῦταί)
2554 2280 2674 2334 Θεία
2700 2279 2890 2349 Γραφὴ
2937 2279 3065 2348 περὶ
3095 2278 3192 2346 τῆς
3223 2276 3533 2346 μελλούσης
3573 2272 3792 2330 ἀναστά-

2236 2391 2374 2436 σεως
2401 2375 2530 2442 ἡμῖν
2555 2370 2945 2440 παραδίδωσιν.
2985 2368 3077 2434 Ἐξ
3103 2363 3178 2423 ὧν
3222 2368 3381 2436 δῆλον
3423 2370 3508 2422 ὅτι
3540 2368 3607 2421 τὰ
3635 2365 3790 2432 νεκρὰ

2234 2465 2617 2536 ἐγερθήσονται
2659 2464 2904 2533 σώματα,
2961 2465 3055 2517 καὶ
3099 2465 3166 2534 τῇ
3199 2463 3415 2532 ἀπείρῳ
3445 2455 3786 2529 δυνάμειτοῦ

2234 2557 2370 2610 Θεοῦ
2403 2555 2556 2610 οὐδὲν
2581 2556 2842 2610 ἀδύνατον
2868 2555 3042 2610 ἔσται.

2317 2650 2474 2706 Ἐπεὶ
2502 2651 2682 2704 τοίνυν
2703 2651 2764 2702 οὐ
2796 2650 2956 2719 μόνον
2980 2649 3092 2711 τοῖς
3120 2647 3381 2710 τοιούτοις
3405 2647 3591 2714 λόγοις
3611 2647 3643 2713 ἠ
3666 2642 3784 2696 ἀνά-

2236 2755 2423 2802 στασις
2465 2737 2800 2808 βεϐαιοῦται,
2851 2736 2986 2790 ἀλλά
3033 2735 3128 2788 καὶ
3175 2734 3334 2797 αὐτὸς
3375 2736 3405 2788 6
3457 2733 3684 2804 Χριστὸς
3726 2734 3784 2782 ἐκ

2234 2827 2440 2897 νεκρῶν
2465 2826 2684 2894 ἀνέστη,
2718 2824 2858 2876 ὥστε
2904 2825 2996 2876 καὶ
3043 2821 3301 2892 θεαθῆναι
3337 2826 3436 2874 καὶ
3468 2817 3783 2891 ψηλαφηθῆ-

2235 2937 2322 2972 ναι
2351 2919 2444 2972 καὶ
2473 2921 2688 2988 φαγεῖν,
2717 2918 2852 2986 ὅπερ
2899 2917 3000 2968 οὐκ
3046 2910 3114 2986 ἦν
3165 2913 3308 2968 κοιτά
3338 2913 3567 2982 φυσικὸν
3596 2910 3782 3001 λέγονξ

2233 3011 2353 3064 οὐδὲ
2400 3009 2508 3080 γάρ
2557 3009 2691 3079 μετά
2735 3009 2837 3076 τὴν
2871 3007 3169 3062 ἀνάστασιν
3202 3007 3412 3076 τροφῆς
3441 3000 3784 3070 ἐδεῖτοκὶλλά

576 3093 867 3162 indigebat,
905 3095 996 3148 sed
1025 3096 1090 3149 ad
1141 3097 1488 3152 astruendam
1523 3102 1996 3167 resurrectionem,
2025 3104 2136 3159 sie-

2241 3101 2326 3153 διά
2354 3100 2452 3170 τὴν
2469 3101 2566 3170 τῆς
2588 3098 2935 3160 ἀναστάσεως
2961 3098 3226 3152 πίστωσιν
3248 3113 3264 3130 ·
3291 3095 3480 3166 ὥσπερ
3501 3095 3605 3150 οὐδ’
3629 3095 3781 3163 ἡμεῖς

575 3191 631 3231 ιιι
670 3196 842 3248 neque
867 3198 964 3235 nos
996 3185 1344 3240 coineJem-is
1377 3195 1471 3239 aut
1520 3187 1767 3245 bibemus
1790 3202 1912 3259 post
1946 3209 2134 3249 resur-

577 3269 894 3334 rectionem,
945 3273 1036 3326 sed
1080 3273 1301 3328 subtilia
1350 3275 1594 3345 nullique
1644 3277 1853 3333 ltesioni
1901 3283 2143 3338 obnoxia-

576 3371 627 3413 et
677 3360 1106 3432 incm'ruptibilia
1155 3378 1385 3433 corpora
1438 3375 1622 3423 nostra
1650 3368 2001 3436 recipiemus:
2039 3388 2138 3427 cu-

571 3452 811 3522 jllSﬂlOt“
861 3464 976 3509 erat
1011 3456 1224 3511 Domini
1263 3473 1462 3528 corpus
1495 3459 1679 3529 januis
1707 3462 1904 3518 clausis
1935 3465 2142 3534 ingres-

575 3560 698 3598 snm
727 3545 768 3599 ⁸.
807 3543 913 3600 Sed
944 3555 996 3600 et
1047 3546 1310 3602 Lazarum
1362 3551 1781 3618 quatriduanum
1827 3553 1938 3621 jam
1996 3569 2142 3609 mor-

578 3647 727 3690 tuum
756 3637 1108 3704 suscitavit‘,
1140 3647 1199 3695 ut
1224 3657 1334 3695 sua:
1373 3642 1650 3710 specimen
1691 3644 1908 3699 deitatis
1932 3645 2137 3708 ederet,

577 3746 795 3800 sumque
835 3747 897 3788 ac
949 3742 1148 3788 nostra:
1199 3734 1354 3788 fidem
1407 3744 1678 3790 artrueret
1726 3738 2138 3804 resurrectioni.

580 3825 893 3895 Saepiusque
932 3840 962 3880 a
996 3827 1317 3882 necessariis
1369 3829 1625 3899 notisque
1657 3830 1911 3885 omnibus
1967 3831 2137 3894 visus,

579 3918 796 3984 agnitus
825 3926 909 3974 est
942 3928 1101 3988 atque
1122 3919 1406 3975 creditus:
1437 3921 1580 3987 quod
1605 3935 1735 3975 sane
1767 3937 1871 3976 non
1923 3920 2140 3986 fuisset,

580 4010 679 4062 nisi
716 4010 1074 4079 proprietates
1102 4010 1217 4080 ejus
1271 4009 1627 4080 insignientes
1666 4026 1955 4080 personam
1991 4013 2042 4067 in
2073 4027 2140 4068 eo

577 4097 803 4154 fuissent
837 4097 1154 4152 incolumes.
1269 4103 1274 4105 ’

649 4190 778 4246 Cum
812 4190 926 4245 haec
957 4205 1085 4259 ergo
1109 4189 1161 4242 in
1199 4189 1341 4244 hunc
1360 4190 1575 4244 modum
1602 4206 1660 4245 se
1687 4191 1937 4256 habeant,
1970 4209 2148 4263 operae

579 4281 812 4350 pretium
861 4289 944 4333 est
995 4288 1054 4334 ut
1100 4279 1328 4334 lirmiter
1397 4280 1682 4335 credamus
1735 4283 2148 4339 resurrectionis

581 4371 926 4442 mysterium,
996 4371 1190 4425 divinis
1219 4371 1374 4425 nobis
1449 4372 1729 4427 miraculis
1801 4375 2072 4443 proditum
2127 4395 2139 4429 :

579 4477 742 4524 quam
771 4476 801 4515 a
819 4460 945 4526 Deo,
971 4461 1166 4531 agnitae
1192 4461 1430 4517 veritatis
1452 4462 1693 4532 prtemio,
1720 4479 2140 4534 consequemur.

581 4554 713 4607 Nam
774 4569 950 4622 neque
1015 4553 1266 4610 Christus
1324 4554 1711 4625 Primogenitus
1765 4559 2141 4611 mortuorum“

581 4663 609 4699 a
635 4646 810 4711 idiret,
849 4645 954 4700 nisi
988 4655 1044 4702 et
1069 4646 1146 4701 illi
1178 4647 1406 4704 comites
1436 4657 1822 4717 sequerentur.
1885 4648 2001 4702 Erit
2033 4649 2140 4703 ita-

581 4755 687 4807 que
747 4740 862 4796 dies
919 4756 1112 4812 magna
1147 4749 1200 4795 et
1238 4740 1492 4804 illustris,
1525 4741 1578 4796 in
1611 4755 1716 4811 qua
1743 4741 1862 4796 Filii
1902 4743 2139 4799 hominis

581 4832 848 4889 adventus
898 4833 1004 4888 erit
1049 4850 1173 4888 cum
1209 4833 1508 4904 majestate,
1549 4833 1616 4888 de
1647 4849 1755 4903 quo
1791 4833 1976 4888 Daniel
2021 4849 2142 4903 pro-

581 4925 743 4992 pheta
775 4926 962 4981 scribit
1004 4945 1018 4981 :
1067 4945 1086 4978 ι
1131 4927 1477 4996 Aspiciebam
1511 4925 1562 4978 in
1619 4924 1826 4980 visione
1861 4925 2058 4989 noctis.
2093 4936 2147 4980 et

585 5033 713 5073 ecce
751 5035 872 5073 cum
905 5019 1144 5074 nubibus
1171 5020 1294 5075 σοιΙί
1338 5021 1493 5090 quasi
1548 5017 1717 5074 Filius
1765 5020 2006 5075 hominis
2057 5035 2149 5074 ve-

589 5111 745 5164 niens
771 5119 791 5175 ς
816 5118 870 5163 et
904 5125 1072 5178 usque
1093 5111 1159 5164 ad
1202 5112 1497 5180 Autiquum
1539 5111 1746 5165 dierum
1797 5112 2064 5178 pervenit,
2093 5121 2150 5168 et

587 5202 804 5256 oblatus
828 5207 911 5253 est
942 5200 1023 5254 ei:
1046 5209 1100 5253 et
1130 5199 1287 5254 datus
1317 5209 1402 5254 est
1456 5199 1559 5268 ipsi
1602 5199 1942 5269 principatus
1970 5210 2024 5254 et
2052 5202 2150 5256 ho-

2239 3193 2376 3262 μετά
2406 3191 2506 3260 τὴν
2539 3190 2834 3244 ἀνάστασιν
2869 3188 3154 3259 φαγόμεθα
3188 3187 3220 3256 ἣ
3257 3187 3506 3257 πιόμεθα·
3536 3182 3696 3236 λεπτά
3723 3181 3777 3233 δὲ

2239 3284 2333 3334 καὶ
2364 3281 2553 3350 ἀπαθῆ
2580 3281 2650 3332 τά
2679 3280 2908 3348 σώματα
2957 3278 3115 3349 ἡμῶν
3157 3278 3523 3349 ἀναληψόμεθα
3578 3272 3668 3325 καὶ
3705 3270 3768 3324 ἄ-

2239 3370 2471 3442 φθαρτα,
2499 3370 2747 3440 καθάπερ
2767 3366 2834 3440 ἦν
2848 3371 2908 3423 τὸ
2927 3371 3020 3423 τοῦ
3041 3371 3244 3440 Κυρίου
3273 3371 3444 3438 σῶμα,
3468 3361 3765 3430 κεκλεισμέ-

2239 3483 2346 3519 νων
2376 3466 2482 3519 τῶν
2529 3465 2710 3535 θυρῶν
2750 3464 3010 3520 είσελθόν.
3053 3466 3128 3518 Οὐ
3159 3466 3268 3535 μὴν
3297 3465 3431 3518 ἀλλά
3462 3462 3550 3516 καὶ
3570 3460 3653 3512 τὸν
3677 3454 3776 3510 A6.-

2240 3556 2402 3625 ζαρον
2439 3555 2634 3625 νεκρὸν
2667 3556 3043 3624 τετραήμερον
3090 3556 3359 3623 γεγονότα
3411 3553 3677 3622 ἐξήγειρεν
3707 3549 3780 3608 εἰς

2243 3645 2468 3710 ἔνδειξιν
2498 3645 2594 3715 τῆς
2625 3644 2836 3706 οἰκείας
2863 3643 3116 3714 θεότητος
3153 3646 3246 3697 καὶ
3283 3644 3545 3697 πίστωσιν
3573 3641 3663 3707 τῆς
3690 3637 3780 3690 αὖ·

2242 3736 2336 3790 τοῦ
2367 3741 2462 3792 καὶ
2493 3737 2651 3808 ἡμῶν
2700 3735 3048 3798 ἀναστάσεως
3072 3751 3087 3766 ·
3142 3735 3330 3798 ὅςκαὶ
3363 3734 3620 3795 πολλάκις
3648 3726 3786 3794 παρὰ

2245 3828 2464 3882 πάντων
2513 3829 2621 3881 τῶν
2670 3827 2884 3880 οἰκείων
2914 3843 2972 3878 τε
3022 3827 3114 3878 καὶ
3164 3827 3469 3896 γνωρίμων
3500 3819 3784 3892 ἐγνωρίσθη

2246 3919 2341 3972 καὶ
2368 3917 2686 3988 ἐπιστεύθη,
2714 3919 2848 3987 ὅπερ
2879 3918 2977 3971 οὐκ
3014 3917 3079 3970 ἂν
3100 3913 3188 3987 ἦν,
3221 3919 3294 3986 μὴ
3331 3918 3442 3970 τῶν
3471 3929 3788 3988 χαρακτηρι-

2248 4010 2450 4063 στικῶν
2471 4009 2775 4079 ἰδιωμάτων
2795 4011 2891 4080 τῆς
2914 4011 3263 4073 ὑποστάσεως
3289 4011 3496 4079 ταύτην
3520 4003 3786 4064 συνιστών-

2246 4121 2352 4155 των
2361 4141 2376 4156 ο

2332 4195 2484 4250 Ἐπεὶ
2528 4195 2704 4251 ταῦτα
2732 4195 2902 4258 οὕτως
2942 4194 3076 4265 ἔχει,
3107 4193 3393 4263 ὀφείλομεν
3435 4191 3661 4261 βεϐαίως
3707 4203 3812 4239 πιο’

2253 4285 2470 4340 στεύειν
2501 4285 2562 4338 τὸ
2584 4287 2680 4356 τῆς
2708 4285 3055 4346 ἀναστάσεως
3089 4285 3387 4353 μυστήριον
3411 4284 3518 4337 ὑπὸ
3537 4284 3632 4352 τῆς
3660 4275 3791 4335 θείας

2252 4375 2475 4447 Γραφῆς
2508 4375 2931 4446 κηρυττόμενον,
2964 4378 3062 4445 τῆς
3094 4376 3160 4427 ἐκ
3203 4375 3339 4427 Θεοῦ
3383 4375 3518 4443 ἡμῖν
3568 4369 3792 4433 δοθείσης

2247 4468 2333 4522 διὰ
2361 4469 2459 4539 τὴν
2491 4467 2590 4536 τῆς
2615 4468 2874 4536 ἀληθείας
2903 4469 3219 4533 ἐπίγνωσιν.
3248 4466 3326 4520 Οὐ
3354 4466 3462 4536 γὰρ
3495 4466 3562 4520 ἂν
3588 4483 3606 4516 ι
3651 4460 3793 4526 Πρω·

2247 4558 2466 4622 τότοκος
2493 4558 2601 4612 τῶν
2630 4558 2840 4628 νεκρῶν
2889 4575 2907 4609 ι
2941 4559 2968 4610 6
2996 4559 3227 4628 Χριστὸς
3254 4557 3472 4623 ἐλέγετο
3505 4550 3791 4624 γεγονέναι»

2251 4649 2325 4720 μὴ
2368 4647 2660 4702 κάκείνων.
2696 4648 3101 4715 συνεπομένων.
3156 4649 3350 4701 Ἐτται
3400 4648 3585 4700 τοίνυν
3631 4640 3794 4712 ἡμέρα

2252 4741 2461 4812 μεγάλη
2492 4741 2590 4796 κα)⁸
2617 4739 2904 4810 ἐπιφανὴς,
2934 4740 3056 4794 καθ’
3088 4739 3158 4810 ἢν
3189 4742 3326 4810 μετά
3355 4737 3513 4806 δόξης
3543 4728 3794 4806 πειρουσίἰ

2247 4831 2342 4884 τοῦ
2373 4831 2504 4884 Υίοῡ
2543 4829 2638 4884 τοῦ
2664 4830 2949 4900 ἀνθρώπου
2989 4835 3298 4901 γενήσεται,
3328 4830 3455 4898 περὶ
3497 4824 3568 4900 ἧς
3616 4817 3793 4885 Δανιὴλ

2242 4924 2271 4976 6
2318 4922 2602 4992 προφήτης
2635 4921 2857 4991 γράψει’
2899 4940 2918 4972 ι
2977 4922 3278 4993 Ἐθεώρουν
3325 4923 3384 4974 ἐν
3433 4921 3667 4990 ὁράματι
3707 4909 3794 4976 τῆς

2244 5014 2458 5078 νυκτὸς,
2490 5014 2585 5066 καὶ
2612 5013 2720 5066 ἰδοὺ
2746 5013 2882 5082 μετὰ
2911 5013 3020 5065 τῶν
3061 5013 3301 5078 νεφελῶν
3334 5011 3428 5064 τοῦ
3461 5007 3706 5080 οὐρανοῦ,
3726 5001 3792 5058 ὡς

2247 5107 2376 5168 Υἱὸς
2399 5104 2686 5176 ἀνθρώπου
2717 5105 3035 5175 ἐρχόμενος,
3065 5105 3158 5157 καὶ
3183 5103 3288 5167 ἓως
3315 5103 3408 5156 τοῦ
3439 5099 3671 5155 Παλαιοῦ
3697 5091 3793 5145 τῶν

2247 5197 2469 5268 ἡμερῶν
2523 5196 2747 5266 ἔφθασε,
2803 5198 2899 5250 καὶ
2951 5195 3296 5267 προσηνέχθη
3351 5194 3500 5264 αὑτῷ
3532 5182 3792 5262 (sm-atat

656 5368 700 5399 97
728 5365 882 5421 Joan.
912 5378 962 5421 v,
1003 5361 1094 5416 23.
1169 5359 1214 5394 "
1243 5359 1342 5414 Job
1368 5377 1478 5425 χιιι,
1500 5361 1590 5415 25.
1665 5361 1710 5393 ³⁸
1731 5360 1871 5416 Psal.
1906 5361 2122 5428 cur,29.

2241 5361 2342 5418 lsa.
2371 5376 2520 5423 xxvr,
2561 5359 2643 5416 19.
2720 5359 2740 5390 '
2770 5357 2962 5412 Ezec’h.
3002 5373 3194 5423 χχχιιι,
3232 5355 3282 5409 7.
3359 5355 3380 5387 ³
3409 5352 3568 5410 Joan.
3597 5364 3684 5413 xx,
3713 5343 3792 5398 1οο

582 5436 606 5467 ⁸
634 5435 816 5502 Joan.,
859 5450 934 5499 xi,
961 5433 1045 5488 14.
1121 5433 1142 5464 ⁶
1177 5433 1392 5486 Coloss.
1418 5447 1457 5495 ι,
1484 5432 1582 5497 18;
1617 5431 1787 5500 Apoc.
1825 5446 1861 5496 I,
1895 5431 1949 5486 5.

658 5603 771 5673 (80)
805 5602 910 5657 Καὶ
956 5599 1342 5673 προσηιζέχθη
1382 5596 1560 5664 αὐτῷ.
1595 5598 1820 5673 Oblatas
1850 5609 1926 5654 est
1956 5600 2148 5673 ei,_seu

590 5669 868 5738 miniatus;
905 5673 1047 5740 quod
1075 5685 1129 5727 et
1148 5669 1410 5741 Graecam
1437 5685 1620 5724 vocem
1651 5671 1855 5741 optime
1884 5669 2151 5741 exprimit

592 5749 852 5807 inm-im,
910 5737 1327 5813 appropinquare
1382 5740 1632 5811 fecerunt.
1687 5737 1796 5793 Nec
1848 5739 2004 5794 video
2053 5738 2150 5794 cur

2256 5599 2493 5652 nobilius
2545 5601 2609 5651 ad
2662 5597 2881 5652 Scholia
2933 5597 3178 5652 Romana
3243 5593 3385 5664 istud
3444 5585 3790 5664 adiunxerit:

2256 5667 2638 5735 Corrigendum
2676 5668 2728 5720 in
2765 5678 2946 5720 nostra
2989 5665 3290 5735 προσήχθη.
3345 5662 3460 5737 Non
3485 5662 3643 5737 _cn_i_tn
3684 5669 3794 5737 cor!-

2254 5731 2461 5807 ﬁgendi
2497 5738 2667 5803 locus,
2697 5737 2802 5792 nisi
2835 5737 2922 5790 ubi
2959 5731 3235 5798 tuendum,
3264 5751 3369 5789 non
3409 5733 3500 5788 ubi
3530 5731 3650 5795 alia,
3681 5731 3784 5796 ipsa
