4056 6266
317 326 431 419 631‘

1313 368 1410 426 DE
1452 366 1878 430 PRINCIPIIS
1920 370 2129 432 FIDEl
2170 375 2628 438 CATHOLlC/E.

3452 380 3559 442 638

321 472 479 541 ἐδόθη
517 473 664 541 αύτῷ
707 474 740 544 ἡ
776 472 917 543 ἀρχὴ
943 474 1039 528 καὶ
1067 475 1256 546 ἡτιμὴ
1290 481 1386 530 καὶ
1413 481 1447 548 ἡ
1478 479 1724 548 βασιλεία
1746 495 1761 509 ⁸
1795 479 1887 532 καὶ

2008 498 2088 538 ιον
2117 494 2443 554 ctreguum,
2486 495 2540 540 et
2565 498 2754 539 omnes
2785 483 2988 553 populi,
3031 482 3205 538 tribus
3257 492 3312 538 et
3362 484 3561 553 lingute

323 566 524 627 πάντες
581 566 631 618 οἱ
688 565 832 630 λαοὶ,
883 567 1048 634 φυλαὶ
1082 568 1178 620 καὶ
1211 567 1455 635 γλῶσσαι
1505 570 1885 623 δουλεύσουσιν

321 657 493 725 αὐτῷ.
529 658 594 710 Ἢ
649 657 865 722 ἐξουσία
919 659 1084 712 αὑτοῦ
1137 660 1357 727 ἐξουσία
1393 661 1629 724 αἰώνιος,
1665 663 1786 732 ἥτις
1823 663 1885 714 ού

325 748 741 818 παρελεύσεται,
773 751 869 803 καὶ
909 754 941 820 ἡ
968 750 1214 820 βασιλεία
1243 753 1410 806 αὑτοῦ
1433 754 1493 805 ού
1525 753 1889 826 διαφθαρήσε-

321 856 450 892 ται’
501 842 625 894 ικαὶ
663 841 744 894 ἐτι
798 844 982 911 φησὶν,
1044 862 1063 894 ι
1121 844 1424 912 Ἐθεώρουν
1462 844 1564 908 ἕως
1604 839 1664 900 οὗ
1709 845 1886 916 θρόνοι

321 931 588 999 ἐτέθησαν
611 947 625 961 ·
647 933 754 1014 ’καὶ
797 934 825 985 ὁ
857 934 1086 996 Παλαιὸς
1127 937 1349 1006 ἡμερῶν
1381 936 1601 990 ἐκάθισε
1621 954 1634 966 ⁸
1665 936 1760 988 καὶ
1789 952 1889 988 πο-

322 1027 496 1090 ταμὸς
547 1023 718 1092 πυρὸς
766 1019 946 1078 εἷλκεν
983 1026 1294 1094 ἔμπροσθεν
1337 1027 1503 1080 αὐτοῦ
1533 1043 1548 1060 ο
1581 1027 1676 1080 καὶ
1718 1026 1890 1096 χίλιαι

323 1113 563 1182 χιλιάδες
602 1114 978 1185 ἐλειτούργουν
1008 1118 1194 1188 αύτῷ·
1240 1120 1336 1173 καὶ
1387 1118 1580 1189 μύριαι
1629 1119 1892 1190 μυριάδες

324 1206 792 1275 παρειστήκεισαν
825 1207 992 1276 αύτῷ.
1019 1209 1313 1279 Κριτήριον
1334 1208 1574 1274 ἐκάθισε,
1596 1209 1692 1262 καὶ
1716 1208 1892 1278 βίϐλοι

324 1296 702 1366 ἀνεῴχθησαν,
751 1317 769 1350 ι
803 1299 894 1351 καὶ
923 1300 992 1351 τὰ
1021 1300 1202 1354 λοιπά.
1363 1302 1367 1303 ⁷

411 1386 722 1440 Ἐλεύσεται
745 1391 928 1444 τοίνυν
951 1392 978 1441 ό
999 1389 1127 1463 Υίὸς
1153 1389 1246 1442 τοῦ
1275 1391 1564 1459 ἀνθρώπου
1594 1393 1650 1444 ἐν
1673 1395 1737 1461 τῇ
1765 1391 1891 1464 δόξῃ

326 1475 493 1531 αὑτοῦ
525 1476 662 1546 μετὰ
691 1478 800 1530 τῶν
827 1479 1072 1546 ἀγγέλων
1103 1479 1265 1532 αὐτοῦ
1292 1497 1305 1511 ·
1339 1482 1433 1534 καὶ
1471 1481 1671 1545 πάντες
1699 1484 1746 1536 oi
1781 1486 1892 1536 ἀπὸ

327 1571 430 1638 τῆς
467 1569 698 1634 κτίσεως
735 1572 939 1639 κόσμου
971 1575 1034 1625 ἐκ
1060 1573 1169 1625 τῶν
1214 1575 1424 1644 νεκρῶν
1455 1574 1848 1642 ἀναστήσονται
1874 1592 1888 1605 ·

336 1679 356 1709 ο
392 1662 500 1714 Καὶ
530 1663 689 1732 ἡμεῖς
722 1663 771 1716 οἱ
817 1662 1018 1727 ζῶντες
1067 1665 1116 1717 οἱ
1168 1666 1611 1736 περιλειπόμενοι
1642 1666 1758 1734 ἅμα
1797 1669 1892 1720 σὺν

329 1752 514 1813 αὐτοῖς
563 1752 1002 1822 ἁρπαγησόμεθα
1055 1754 1112 1805 ἐν
1163 1754 1415 1823 νεφέλαις
1461 1757 1542 1818 εἰς
1587 1757 1891 1823 ἀπάντησιν

330 1841 423 1896 τοῦ
473 1842 679 1912 Κυρίου
732 1843 810 1906 είς
860 1843 1035 1913 άέρα·
1071 1860 1089 1893 ι
1148 1845 1242 1897 καὶ
1288 1847 1706 1912 παραστήσεται
1744 1847 1893 1899 πᾶσα

331 1937 495 2006 φύσις
525 1933 845 2005 ἀνθρώπων,
875 1935 1018 1989 ὥστε
1045 1938 1227 2006 κρῖναι
1269 1937 1474 2000 ζῶντας
1526 1937 1619 1990 καὶ
1644 1937 1898 2006 νεκρούς.

333 2025 608 2097 Κρινεῖδέ
642 2026 744 2095 οὐχ
775 2028 850 2090 ὡς
872 2027 1160 2102 ἄνθρωπος
1191 2027 1399 2092 ἁπλῶς,
1434 2031 1493 2080 ἐν
1529 2031 1594 2097 τῇ
1631 2030 1897 2080 ταπεινώ-

232 2121 242 2133 ⁶
333 2133 417 2168 σει
457 2117 557 2185 τῆς
598 2116 798 2187 σαρκὸς
831 2116 1094 2187 δηλονότι,
1130 2117 1266 2171 ἀλλὰ
1313 2119 1451 2187 μετὰ
1481 2120 1579 2188 τῆς
1605 2119 1758 2186 δόξης
1801 2120 1899 2188 τῆς

333 2205 588 2275 θεότητος
614 2205 884 2272 ἐξουσίας.
919 2206 1130 2277 Ὥσπερ
1157 2207 1265 2278 γὰρ
1299 2208 1550 2278 λέγομεν,
1589 2209 1708 2262 Ὅτι
1733 2211 1759 2261 ό
1790 2210 1901 2262 Κύο

336 2316 450 2368 ριος
475 2299 574 2368 τῆς
608 2299 766 2369 δόξης
787 2300 1108 2369 ἐσταυρώθη
1137 2301 1232 2354 καὶ
1257 2301 1495 2354 ἀπέθανε
1523 2301 1660 2354 καθὸ
1686 2302 1899 2370 ἄνθρωο

333 2407 455 2458 «tog,
489 2391 629 2445 οὕτω
685 2394 780 2446 καὶ
827 2395 1004 2464 κρινεῖ
1039 2392 1137 2463 μέν
1183 2393 1257 2456 ὠς
1316 2393 1623 2464 ἄνθρωπος,
1664 2392 1777 2446 ἀλλ’
1825 2393 1899 2455 ὡς

339 2484 542 2554 Κύριος
569 2485 666 2555 τῆς
693 2485 872 2556 δόξης.
922 2485 1056 2539 Τότε
1094 2504 1112 2537 ι
1160 2485 1275 2539 Πᾶν
1312 2485 1440 2553 γόνυ
1497 2485 1705 2552 κάμψει
1737 2485 1899 2537 ἐπου-

338 2574 533 2644 ρανίων
579 2575 674 2627 καὶ
727 2575 986 2641 ἐπιγεῖων
1033 2576 1127 2628 καὶ
1169 2574 1561 2643 καταχθονίων,
1604 2575 1699 2628 καὶ
1748 2575 1902 2627 πᾶσα

336 2664 560 2733 γλῶσσα
587 2663 1044 2733 ἐξομολογήσεται
1080 2666 1158 2717 ὅτι
1194 2663 1398 2732 Κύριος
1433 2664 1638 2732 Ἰησοῦς
1667 2663 1902 2732 Χριστὸς

337 2760 416 2822 είς
447 2759 603 2824 δόξαν
633 2757 769 2810 Θεοῦ
806 2758 1039 2827 Πατρός.
1084 2776 1102 2808 ι
1133 2757 1244 2809 Καὶ
1277 2758 1306 2808 ό
1337 2757 1436 2825 μὲν
1461 2757 1642 2825 ἄρχων
1665 2755 1756 2808 τοῦ
1781 2755 1906 2808 σκό-

336 2868 461 2913 τους
510 2847 950 2918 παραδοθήσεται
1013 2847 1096 2908 εξς
1154 2845 1352 2899 καῦσιν
1407 2844 1579 2914 πυρὸς
1622 2847 1761 2914 μετὰ
1794 2845 1903 2897 τῶν

336 2941 585 3010 ἀγγέλων
630 2939 816 3003 αὑτοῦ,
858 2939 996 2992 καθό
1047 2956 1179 3008 φησι
1265 2937 1466 3008 Δανιὴλ
1514 2940 1540 2990 ό
1595 2938 1902 3007 προφήτης.

336 3034 539 3087 Τοῦτον
566 3031 673 3102 γὰρ
714 3049 732 3082 ι
772 3031 955 3084 ἀνελεῖ
989 3030 1066 3099 τῷ
1101 3028 1377 3097 πνεύματι
1397 3026 1490 3081 τοῦ
1522 3027 1788 3096 στόματος
1810 3027 1906 3080 αὑ-

1995 576 2233 630 servient
2283 576 2354 630 ei.
2393 575 2639 631 Potestas
2683 575 2802 643 ejus
2867 584 3105 642 potesms
3157 583 3378 637 aeterna,
3438 591 3558 645 qua:

1996 681 2100 720 non
2134 665 2487 720 tertransibit
2528 684 2542 720 :
2579 672 2632 718 et
2664 678 2890 733 regnum
2939 662 3056 730 ejus
3086 677 3196 716 non
3230 677 3559 730 corrumpe-

1996 766 2082 812 tur
2105 757 2179 811 ⁸.»
2237 758 2434 825 Aitque
2481 755 2660 809 adhuc
2691 773 2705 810 :
2742 753 3114 821 «Aspicieham
3164 751 3340 806 donec
3371 752 3555 804 throni

1995 850 2153 920 positi
2189 858 2340 912 sunt,
2386 857 2441 903 et
2478 848 2752 917 Antiquus
2786 847 2998 900 dierum
3030 844 3205 910 sedit;
3254 854 3306 898 et
3359 844 3562 897 ﬁumen

1995 941 2135 1016 ignis
2166 939 2415 994 trahebat
2445 938 2498 992 in
2531 945 2822 1006 conspectu
2849 936 2996 1004 ejus.
3029 935 3171 989 Mille
3196 935 3364 988 millia
3400 933 3563 986 mini-

1996 1031 2246 1087 strabant
2279 1030 2350 1092 ei,
2379 1039 2434 1084 et
2462 1029 2642 1084 decies
2684 1027 2884 1082 millies
2947 1036 3174 1079 centena
3224 1024 3390 1076 millia
3422 1021 3563 1076 assi-

1995 1124 2212 1178 stebant
2238 1122 2312 1177 ei.
2350 1121 2621 1178 Judicium
2659 1119 2818 1185 sedit,
2850 1126 2904 1174 et
2935 1117 3060 1172 libri
3092 1116 3263 1186 aperti
3298 1124 3425 1199 sunt
3469 1132 3486 1164 ι
3509 1121 3564 1168 ct

1996 1232 2117 1287 quae
2142 1224 2448 1287 sequuntur
2479 1215 2523 1269 τ.
3342 1217 3343 1220 ‘

2071 1400 2262 1470 itaque
2301 1406 2564 1452 venturus
2586 1403 2668 1450 est
2696 1391 2863 1447 Filius
2888 1389 3126 1444 hominis
3177 1387 3230 1441 in
3285 1384 3568 1454 majestate

2000 1506 2098 1547 sua
2144 1506 2267 1545 cum
2298 1489 2505 1559 angelis
2537 1486 2720 1543 suis“:
2763 1497 3060 1550 omnesque
3095 1496 3123 1533 a
3173 1476 3358 1531 mundi
3407 1489 3568 1528 crea—

2000 1583 2146 1637 tione
2177 1598 2206 1636 a
2231 1581 2463 1635 mortuis
2497 1585 2782 1646 resurgent
2809 1592 2823 1629 :
2853 1592 2870 1625 t
2903 1572 3120 1641 Nosque
3147 1569 3239 1638 qui
3265 1568 3495 1622 vivimus
3513 1571 3570 1619 et

1999 1673 2201 1730 residui
2239 1687 2454 1737 Sumus,
2494 1669 2656 1724 simul
2687 1683 2809 1723 cum
2849 1664 2955 1719 illis
2993 1663 3266 1731 rapientur
3306 1661 3360 1712 in
3406 1658 3568 1712 nubi-

1999 1765 2102 1819 bus
2129 1763 2343 1818 obviam
2388 1761 2618 1815 Domino
2667 1759 2722 1812 in
2751 1772 2876 1812 aera
2908 1756 2949 1822 ’,
2991 1774 3008 1806 ι
3055 1753 3364 1821 astabitque
3392 1747 3572 1803 omnis

2000 1869 2161 1912 sexus
2186 1855 2492 1916 hominum,
2525 1861 2582 1905 ut
2609 1851 2816 1922 judicet
2868 1849 3022 1902 vivos
3051 1855 3105 1899 et
3155 1851 3420 1899 mortuos.
3471 1839 3570 1893 Ju-

2000 1946 2206 2003 dicahit
2251 1955 2454 2004 autem,
2497 1957 2604 1997 non
2639 1951 2697 1996 ut
2737 1940 3060 2010 simpliciter
3086 1939 3248 1992 homo
3283 1934 3358 2004 (in
3389 1931 3570 1989 carnis
3638 1997 3640 1999 ς

2001 2041 2210 2095 scilicet
2242 2037 2603 2101 humilitate),
2659 2035 2756 2091 sed
2794 2050 2913 2091 cum
2976 2035 3255 2102 majestate
3311 2027 3572 2097 potentia:

2002 2131 2248 2186 Deitatis.
2276 2128 2429 2184 Sicut
2444 2128 2589 2183 enim
2633 2126 2887 2189 dicimus,
2914 2123 3208 2180 Dominum
3239 2118 3567 2190 majestatis,

2000 2237 2106 2292 qua
2131 2221 2296 2276 homo
2320 2229 2456 2285 erat,
2485 2217 2807 2275 cruciﬁxum
2832 2231 2952 2272 esse
2978 2225 3034 2271 et
3077 2223 3354 2269 mortuum
3373 2212 3417 2246 ιο
3447 2231 3460 2266 :
3491 2211 3572 2275 sic

1997 2313 2266 2384 judicabit
2294 2313 2512 2383 quidem
2538 2320 2598 2366 ut
2623 2313 2808 2372 homo,
2863 2309 2955 2364 sed
2986 2315 3046 2364 ut
3088 2306 3349 2362 Dominus
3402 2303 3571 2367 maje-

2003 2406 2182 2462 statis.
2211 2403 2366 2460 Tunc
2401 2423 2418 2456 ι
2452 2403 2633 2459 Omne
2655 2417 2793 2473 genu
2817 2399 3082 2464 ﬂectetur,
3108 2397 3436 2462 caelestium,
3469 2405 3576 2450 ter-

2002 2499 2258 2554 restrium
2309 2505 2365 2552 et
2413 2495 2773 2556 infer-norum,
2805 2501 2859 2548 et
2886 2492 3067 2548 omnis
3109 2492 3293 2560 lingua
3357 2487 3579 2544 conﬁtc-

2003 2589 2328 2660 bitur.quia
2361 2587 2628 2644 Dominus
2675 2585 2837 2642 Jesus
2883 2586 3140 2641 Christus
3191 2583 3353 2639 estin
3401 2582 3576 2652 gloria

2003 2681 2098 2735 Dei
2135 2679 2312 2734 Patris
2349 2678 2413 2732 η.
2455 2696 2473 2728 ι
2517 2676 2594 2730 Ac
2639 2676 2856 2744 quidem
2916 2677 3169 2744 princeps
3225 2673 3577 2728 tenebrarum

2005 2756 2250 2825 tradetur
2286 2787 2306 2820 ι
2342 2768 2395 2821 in
2429 2767 2739 2822 incendium
2771 2766 2909 2837 ignis
2934 2767 2977 2796 ¹²
3007 2784 3025 2817 ι
3053 2781 3178 2820 cum
3213 2764 3420 2834 angelis
3439 2763 3576 2827 suis,

2005 2861 2457 2932 quemadmodum
2503 2859 2589 2918 ait.
2615 2857 2801 2913 Daniel
2850 2856 3143 2926 propheta.
3213 2854 3370 2908 llunc
3430 2854 3576 2908 enim

2013 2971 2032 3004 ι
2075 2949 2364 3006 interﬁciet
2417 2949 2608 3016 spiritu
2671 2948 2784 3004 oris
2842 2947 2926 3003 sui
2959 2947 3070 3012 “,t
3136 2947 3579 3018 quandoquidem

2013 3061 2032 3095 ι
2065 3043 2244 3097 omnia
2275 3049 2456 3112 portat
2493 3041 2660 3095 verbo
2676 3041 2890 3095 virtutis
2911 3055 3023 3095 suae
3045 3040 3109 3104 ",
3145 3058 3163 3091 ι
3192 3049 3250 3095 ιιι
3279 3048 3468 3094 auctor
3491 3048 3577 3095 est

337 3125 453 3190 τοῦ,
503 3140 522 3176 ι
554 3123 742 3192 ἐπειδὴ
779 3141 797 3174 ι
844 3122 910 3174 τὰ
941 3123 1118 3175 πάντα
1150 3120 1306 3190 φέρει
1337 3118 1412 3189 τῷ
1445 3120 1654 3190 ῥήματι
1681 3117 1781 3187 τῆς
1809 3119 1903 3169 δυ·

2009 3138 2228 3192 divinus
2268 3133 2580 3204 Apostolus.
2631 3132 2913 3189 Reddetur
2941 3149 3069 3189 vero
3097 3133 3326 3203 singulis
3357 3133 3584 3200 quibus-

337 3221 556 3283 νάμεως
589 3216 778 3279 αὑτοῦ,
818 3233 836 3267 ι
881 3215 1023 3268 κατὰ
1055 3213 1146 3266 τὸν
1181 3213 1324 3265 θεῖον
1361 3211 1707 3265 Ἀπόσσολον.
1752 3213 1907 3264 Ἀπο-

338 3315 627 3382 δοθήσεται
660 3310 718 3363 δέ
747 3308 858 3362 τῶν
887 3306 1193 3378 ἀνθρώπων
1236 3306 1453 3375 ἑκάστῳ
1485 3309 1641 3358 ’κατὰ
1671 3305 1740 3357 τὰ
1773 3305 1909 3374 ἔργα

338 3405 537 3460 αὐτῶν.
570 3403 680 3456 Καὶ
711 3401 764 3452 οῑ
792 3401 887 3470 μὲν
910 3399 1108 3452 δίκαιοι
1129 3397 1395 3465 ἀνάλογον
1425 3396 1789 3466 λαμπρότητα
1817 3396 1909 3448 καὶ

340 3495 618 3567 φωτισμὸν
665 3493 760 3547 καὶ⁵
796 3492 911 3554 τοῖς
953 3489 1172 3558 σώμασι
1224 3489 1320 3541 καὶ
1375 3490 1491 3550 ταῖς
1536 3486 1737 3556 ψυχαῖς
1769 3486 1910 3538 κατὰ

340 3591 438 3659 τὴν
487 3585 780 3651 ἀναλογίαν
828 3585 926 3652 τῆς
979 3581 1180 3651 ἀρετῆς
1217 3581 1472 3644 ἑκάστου,
1507 3580 1603 3632 καὶ
1633 3578 1732 3646 τῆς
1768 3579 1910 3646 ὑπὲρ

341 3681 435 3735 τοῦ
459 3678 595 3734 Θεοῦ
626 3676 845 3745 καὶτῆς
877 3675 1114 3736 πίστεως
1143 3671 1537 3732 κακοπαθείας·
1571 3670 1620 3721 οί
1654 3669 1709 3721 δὲ
1742 3685 1911 3735 πονη-

344 3775 429 3846 ροὶ
468 3771 607 3826 κατὰ
639 3771 729 3824 τὸν
761 3768 923 3823 αὐτὸν
953 3767 1156 3836 τρόπον
1185 3762 1556 3833 ἀπολήψονται
1579 3761 1770 3823 σκότος
1792 3762 1912 3821 ταῖς

341 3868 540 3939 ψυχαῖς
569 3865 751 3920 αὐτῶν
801 3862 896 3915 καὶ
925 3861 1040 3922 τοῖς
1093 3858 1332 3928 σώμασι,
1375 3855 1521 3908 κατὰ
1551 3855 1612 3908 τὸ
1646 3852 1912 3922 ἀνάλογον

342 3963 442 4032 τῆς
477 3959 708 4014 ἑκάστου
760 3953 960 4014 κακίας
1010 3951 1104 4003 καὶ
1151 3949 1436 4018 πονηρίας.
1474 3946 1582 4000 Καὶ
1621 3944 1728 4014 γὰρ
1765 3945 1912 4012 λέγει

349 4055 445 4122 μὲν
468 4049 630 4108 αὐτὸς
662 4049 690 4098 ὁ
724 4045 948 4114 Κύριος,
996 4061 1014 4093 ι
1053 4042 1176 4092 Ὅτι
1205 4039 1255 4092 oi
1289 4039 1485 4091 δίκαιοι
1516 4034 1822 4104 λάμψουσιν
1840 4034 1914 4097 ὼς

344 4148 371 4199 ό
394 4143 568 4214 ἣλιοςο
596 4157 614 4192 ι
647 4138 797 4206 λέγει
827 4136 884 4188 δὲ
922 4135 950 4186 ὁ
987 4132 1252 4203 μακάριος
1304 4127 1534 4190 Παῦλος,
1572 4145 1590 4178 ι
1628 4127 1913 4194 Σπείρεται

349 4236 506 4306 σῶμα
533 4231 784 4304 ψυχικὸν,
817 4227 1088 4297 ἐγείρεται
1121 4223 1282 4290 σῶμα
1316 4217 1710 4289 πνευματικόψ
1763 4237 1781 4269 ι
1820 4217 1916 4269 καὶ

345 4329 443 4390 τὰς
491 4324 759 4393 διαφορὰς
809 4319 1022 4378 δεικνὺς
1085 4315 1183 4383 τῆς
1231 4312 1640 4384 λαμπρότητος,
1695 4311 1914 4378 ἐπάγει,

353 4441 372 4473 σ
416 4419 586 4485 ’Δλλη
618 4413 746 4477 δόξα
775 4411 951 4480 ἡλίου,
975 4408 1070 4462 καὶ
1102 4405 1234 4476 ἄλλη
1264 4405 1391 4472 δόξα
1423 4403 1674 4474 σελήνης.
1715 4401 1917 4472 Ἀστὴρ

2009 3243 2114 3298 que
2131 3226 2444 3282 hominibus
2495 3225 2651 3294 juxta
2679 3239 2843 3292 opera
2867 3238 3082 3280 eorum.
3120 3223 3195 3277 Ac
3224 3223 3443 3290 quidem
3491 3221 3585 3292 ju-

2014 3321 2108 3385 ειί,
2161 3334 2260 3388 pro
2303 3317 2570 3386 cujusque
2621 3314 2860 3379 virtutis,
2916 3314 3121 3383 Deique
3162 3329 3223 3367 ac
3254 3313 3375 3368 ﬁdei
3417 3328 3585 3368 causa

2009 3411 2406 3465 cxantlatorum
2438 3408 2687 3462 laborum
2715 3409 2946 3467 ratione,
2994 3407 3408 3460 convenientem
3459 3420 3584 3459 cor-

2011 3502 2236 3572 poribus
2262 3515 2327 3554 ac
2348 3499 2638 3553 animabus
2664 3497 3009 3566 splendorem
3041 3495 3310 3566 recipient
3337 3510 3401 3550 ac
3462 3496 3589 3551 illu-

2012 3591 2332 3647 srrationem
2367 3606 2382 3642 :
2419 3587 2546 3641 mali
2570 3601 2721 3652 vero,
2770 3585 2960 3640 eodem
3002 3587 3164 3638 modo
3191 3599 3290 3654 pro
3323 3585 3588 3654 cujusque

2013 3681 2233 3738 malitia:
2275 3695 2340 3734 ac
2390 3679 2683 3748 pravitatis
2716 3677 2949 3737 ratione,
2992 3675 3245 3729 tenebras
3274 3677 3424 3746 justo
3449 3692 3586 3744 prae-

2013 3771 2122 3824 mio
2166 3769 2583 3839 respondentes,
2637 3765 2926 3822 animabus
2979 3766 3095 3820 suis
3147 3766 3584 3837 corporibusque

2013 3863 2301 3933 recipient.
2343 3859 2560 3916 Etenim
2619 3854 2693 3914 ait
2724 3861 2841 3929 ipse
2875 3858 3142 3913 Dominus
3176 3876 3247 3928 ιι
3278 3857 3588 3928 Fulgebunt

2010 3956 2143 4026 justi
2174 3955 2316 4011 sicut
2351 3953 2432 4008 sol
2463 3953 2530 4006 ιθ.
2569 3969 2588 4003 ι
2628 3951 2828 4006 Beatus
2852 3959 3030 4004 autem
3057 3950 3298 4006 Paulus:
3335 3971 3352 4003 ι
3405 3951 3586 4007 Semi-

2017 4057 2176 4102 natur
2205 4053 2424 4115 corpus
2449 4043 2706 4103 animale.
2739 4051 2928 4112 surget
2950 4057 3151 4112 corpus
3179 4043 3424 4112 spiritale
3450 4045 3516 4099 ¹⁶.
3559 4063 3581 4097 ι

2017 4139 2439 4206 8,»Ιειιιιοιοίειιιιε
2474 4136 2840 4191 diversitatem
2891 4135 3207 4198 ostendens,
3250 4135 3536 4205 subjungit
3567 4127 3610 4192 ι’

2022 4251 2040 4284 ι
2069 4231 2184 4285 Alia
2215 4236 2300 4285 est
2333 4228 2553 4285 claritas
2589 4227 2743 4290 solis,
2774 4234 2828 4280 et
2860 4225 2962 4280 alia
2978 4225 3380 4280 claritaslunae.
3421 4225 3589 4280 Stella

2016 4318 2199 4374 diﬂ‘ert
2235 4333 2264 4372 a
2304 4317 2458 4374 stella
2507 4315 2560 4370 in
2607 4315 2856 4370 claritate
2906 4314 2970 4369 ".
3013 4333 3032 4367 ι
3085 4312 3436 4384 Rursumque
3488 4317 3589 4378 ait,

2020 4408 2152 4474 fore,
2201 4415 2264 4462 ut
2305 4415 2361 4462 et
2405 4407 2584 4476 ipsum
2615 4419 2818 4474 corpus
2846 4415 3096 4459 nostrum
3133 4403 3588 4462 transformetur.

348 4514 574 4582 ἀστέρος
603 4502 850 4576 διαφέρει
877 4505 935 4557 ἐν
958 4501 1107 4571 δόξῃ.
1151 4517 1170 4551 ι
1204 4499 1316 4552 Καὶ
1339 4498 1503 4552 πάλιν
1531 4497 1680 4565 λέγει
1707 4497 1792 4550 ὅτι
1821 4497 1904 4548 καλ

2021 4508 2082 4554 ιιι
2111 4497 2182 4554 sit
2203 4497 2482 4553 conforme
2511 4496 2726 4565 corpori
2754 4496 3022 4551 claritatis
3059 4495 3178 4549 Filii
3196 4495 3337 4565 ejus.
3360 4496 3594 4550 Praeter-

351 4606 483 4661 αὐτὸ
513 4603 576 4658 τδ
623 4600 784 4668 σῶμα
821 4595 979 4667 ἡμῶν
1024 4591 1670 4662 μετασχηματισθήσεται
1726 4591 1804 4651 είς
1857 4587 1919 4641 τὸ

350 4697 606 4770 γενέσθαι
639 4691 962 4762 σύμμορφον
994 4684 1073 4758 τῷ
1099 4685 1309 4754 σώματι
1342 4683 1441 4755 τῆς
1471 4681 1630 4753 δόξης
1661 4682 1756 4736 τοῦ
1786 4681 1918 4734 riga

428 4890 450 4920 ⁸
499 4885 632 4938 Dan.
692 4897 792 4937 vn.
857 4880 944 4944 l5,
995 4877 1080 4932 M.
1205 4876 1228 4907 "
1276 4874 1406 4929 ibid.
1466 4872 1669 4944 9-37122

356 4961 396 4994 “
432 4956 672 5023 Philipp.
716 4967 777 5016 ιι,
829 4949 898 5023 ιο
1004 4949 1063 5023 ἐξ,
1086 4948 1219 5001 Dan.
1256 4943 1592 5023 vu_,‘ll.__‘:
1628 4941 1668 4996 ll
1703 4939 1870 4996 Thes.
1904 4941 2049 5023 "$8.

845 5019 891 5052 ⁸⁷
929 5018 1164 5088 Philipp.
1200 5031 1282 5083 ιιι,
1312 5015 1403 5069 2t).
1482 5013 1524 5046 ¹³
1551 5011 1713 5068 Rom.
1746 5024 1864 5076 Vill,
1926 5010 2019 5066 21.

352 5045 442 5094 ιν,
489 5026 584 5091 41,
624 5022 736 5078 44.

357 5215 603 5281 probata,
647 5209 832 5281 lectio.
883 5205 1052 5281 Adde,
1089 5205 1360 5281 neminem
1408 5204 1598 5281 ipsum
1639 5202 1916 5281 habuisse,

356 5273 448 5352 ξιιιὶ
500 5273 785 5351 προσήχθη
838 5277 1151 5352 reddiderit,
1180 5275 1263 5328 vel
1303 5276 1364 5326 ἐκ
1396 5275 1524 5352 ’τῷν
1573 5273 1915 5352 όῃι-θιιιιειίι.

356 5341 460 5410 Alii
491 5341 634 5406 enim
666 5341 907 5424 ’ἐνώπιον
937 5345 1116 5424 ,αὐτοῦ
1159 5343 1575 5424 ,προσηνέχθηει
1604 5341 1711 5396 Nec
1760 5342 1919 5396 aliter

359 5425 651 5480 videantur
697 5417 1047 5487 Septuaginta
1082 5412 1382 5487 reddidisse
1433 5429 1446 5466 ;
1490 5413 1810 5478 videturque
1850 5427 1911 5463 ea

358 5510 487 5554 vox,
513 5499 569 5547 et
605 5490 748 5557 quod
772 5483 867 5542 'ita
899 5483 1022 5555 quis
1044 5498 1247 5557 coram
1280 5483 1504 5557 sistatur
1532 5497 1597 5536 ac
1625 5489 1916 5557 praesente-

361 5552 481 5627 tur,
513 5552 940 5628 vim'quamdam
973 5552 1441 5628 subjectionisljn
1466 5566 1531 5628 eo
1552 5553 1653 5628 qui
1676 5564 1915 5628 praesen.

361 5619 527 5695 tatur,
566 5619 795 5684 innucre
825 5645 839 5681 :
870 5641 934 5680 ac
961 5619 1161 5690 optime
1191 5621 1472 5695 igiiilium
1512 5619 1753 5695 hominis
1775 5633 1912 5695 con-

363 5689 529 5762 venit,
579 5698 680 5754 sub
729 5698 847 5766 ipso
893 5689 1175 5766 conceptu
1213 5689 1334 5766 Filii
1387 5689 1914 5766 hominis,_Christ_o

370 5759 575 5827 scilicet
622 5778 680 5823 ut
732 5759 956 5830 lioruini,
1001 5759 1087 5820 cui
1136 5765 1213 5820 sic
1253 5763 1372 5818 data
1419 5759 1706 5832 iudiciaria
1737 5759 1913 5814 omnis

1781 4871 1801 4903 ⁸
1854 4869 2043 4924 Matth.
2109 4885 2237 4936 xxv,
2288 4870 2377 4924 5|.

2023 4605 2087 4644 ea
2144 4590 2245 4654 ait,
2309 4587 2486 4657 ipsam
2546 4596 2800 4643 naturam
2849 4586 3138 4641 liberatum
3166 4585 3232 4640 iri
3275 4587 3593 4642 aservitute

2025 4680 2411 4750 corruptionis,
2447 4680 2502 4735 in
2534 4679 2837 4736 claritatem
2867 4677 3137 4734 libertatis
3166 4679 3401 4736 ﬁliorum
3423 4677 3590 4735 Dei“:

3175 4863 3262 4916 '°l
3297 4862 3424 4917 Cor.
3457 4880 3514 4918 ιι.
3539 4865 3593 4917 8.

3175 4934 3236 4988 ι5.
3353 4933 3395 4964 ¹⁹
3425 4932 3593 4990 lCor.

3549 4952 3597 4988 Γ.

2486 4873 2506 4904 ⁹
2563 4869 2807 4924 lTltess.
2844 4882 2917 4928 Iv,
2979 4865 3065 4920 l6.

2151 4941 2193 4972 ³⁸
2224 4934 2409 4996 Πρω.
2471 4956 2510 5002 ι.
2539 4941 2593 4995 5.
2703 4935 2955 4991 "Matth.
2983 4951 3102 5001 xm,
3147 4934 3236 4989 45.

2021 5201 2403 5274 potest_as,_uti
2432 5211 2618 5254 noster
2645 5198 2870 5274 Calecas
2895 5195 3137 5274 esponit,
3169 5205 3227 5249 ut
3257 5204 3309 5248 et
3339 5191 3595 5274 Ilii-rony-

2024 5263 2144 5326 irtus
2172 5272 2358 5325 Matth.
2396 5286 2588 5333 xxvm,
2618 5271 2761 5338 quod
2809 5268 2885 5320 ita
2936 5263 3007 5320 ibi
3047 5265 3274 5338 habetur
3305 5280 3318 5319 :
3353 5263 3488 5338 Date
3515 5272 3592 5338 es!

2021 5342 2152 5394 mihi
2203 5341 2374 5394 omnis
2431 5331 2685 5409 potes-tas,
2736 5346 2845 5393 etc.
2903 5335 3370 5409 ΔΙριιηἜνὼπιον
3396 5331 3592 5409 ,αὐτοῦ

2021 5412 2371 5481 προσήγαγον
2401 5400 2600 5481 α’ὐτόν.
2634 5408 2903 5481 Justinus,
2953 5411 3025 5481 iu_
3057 5405 3198 5481 Dial.
3240 5418 3355 5456 cum
3395 5400 3436 5453 Τ
3441 5419 3454 5452 ι
3469 5402 3592 5481 ιέρΙι.

2019 5471 2130 5534 Κάὶ
2183 5471 2371 5551 παρῆν
2419 5475 2676 5551 ἐνώπιον
2707 5476 2894 5551 αὐτοῦ,
2943 5476 3036 5551 καῖ
3090 5475 3138 5526 οἱ
3155 5471 3619 5551 Λπαρεστηέότεις-

2028 5540 2377 5621 προσήγαγον
2412 5549 2594 5621 αὐτόν.
2627 5548 2742 5621 ANec
2778 5549 2936 5616 longe
2964 5545 3125 5621 aliter
3149 5542 3310 5621 Cypr.
3348 5555 3385 5593 ιι
3417 5540 3592 5619 ,Τροιζ-

2026 5613 2322 5674 ιιιόηὲόιίιιιὶι
2357 5636 2374 5673 :
2409 5618 2477 5672 Et
2514 5619 2657 5672 stetit
2688 5619 2742 5672 in
2771 5613 3047 5685 conspectu
3077 5613 3215 5682 ejus,
3252 5619 3302 5665 et
3335 5613 3423 5679 qui
3456 5613 3594 5663 assi-

2023 5691 2228 5747 stebant
2257 5692 2324 5757 ei,
2361 5689 2660 5744 obtulerunt
2691 5704 2831 5742 eum.
