4056 6266
478 363 590 429 6'9

1736 357 2128 420 MANUELIS
2164 356 2472 420 CALEC/‘E

3613 351 3717 414 610

483 491 676 545 nempe
735 477 838 534 hoc
879 478 1062 535 volens
1113 479 1253 548 fore,
1312 488 1374 536 ut.
1425 488 1480 536 et
1529 478 1737 548 reliqua
1795 484 2046 531 creatura

2155 471 2338 526 αὑτοῦ.
2371 473 2492 524 Ἔτι
2530 469 2589 523 δὲ
2613 470 2706 524 καὶ
2739 469 2914 540 αὐτὴν
2942 469 3041 540 τὴν
3083 469 3244 536 φύσιν
3287 466 3716 536 ἐλευθερωθήσε-

483 567 819 636 splendidior
871 572 964 624 sit.
1013 571 1222 626 Etenim
1280 579 1341 626 ut
1404 579 1722 627 sanctorum
1773 569 2046 639 quispiam

483 658 601 711 ait:
647 676 666 709 i
698 658 1166 725 Quemadmodum
1203 663 1268 716 in-
1308 663 1482 718 nostri
1533 664 1760 733 gratiam
1806 663 2048 731 subjecta

483 747 589 805 fuit
629 752 984 820 eorruptioni,
1051 755 1131 809 sic
1174 767 1278 810 una
1334 755 1456 812 festi
1518 757 1790 824 particeps
1847 756 1946 809 erit
1985 769 2050 810 ac

487 839 744 907 triumphi
787 856 886 909 pro
936 842 1166 900 victoria
1214 846 1520 908 hominum,
1585 846 1815 916 ejusque
1845 845 2050 901 laboris

485 931 795 986 mercedem
833 934 1077 1002 recipiet,
1118 950 1228 1005 quo
1258 937 1506 1000 servivit.
1533 938 1586 992 in
1620 939 1720 993 hoc
1757 937 2050 994 conferens

487 1029 545 1072 ut
573 1020 725 1076 electi
751 1036 1220 1091 procrearentum
1265 1046 1284 1078 ι
1314 1029 1523 1085 Idcirco
1551 1029 1716 1085 etiam
1753 1031 1830 1084 ait
1858 1031 2046 1095 Isaias,

485 1109 654 1199 solis.
683 1115 856 1166 lucem
909 1120 1316 1187 septemplicius
1366 1120 1480 1175 [ore
1515 1137 1531 1174 :
1571 1121 1862 1191 lunamque
1902 1121 2050 1189 quali

487 1216 632 1255 nunc
697 1203 781 1257 sul
851 1206 1058 1276 fulgore
1142 1214 1462 1267 micaturam
1529 1231 1545 1269 :
1613 1213 1730 1269 fore
1814 1214 2052 1284 denique

486 1309 679 1350 nOVam
715 1307 910 1354 terram
941 1316 1004 1354 ac
1039 1303 1236 1358 coelum
1275 1307 1549 1360 novum".

560 1608 713 1663 Tum
773 1614 1130 1681 apostolicum
1187 1616 1320 1675 illud
1386 1621 1739 1692 implebitur;
1814 1644 1833 1678 i
1914 1626 2051 1683 Cum

485 1697 773 1754 tradiderit
811 1712 1034 1772 regnum
1092 1705 1202 1761 Deo
1226 1717 1280 1764 et
1313 1708 1478 1776 Patri,
1532 1722 1662 1769 tunc
1690 1724 1744 1768 et
1773 1716 1883 1784 ipse
1922 1717 2052 1772 sub-

2152 563 2278 616 σθαι
2328 579 2493 634 ῃησιν
2552 563 2661 617 ἀπὸ
2693 563 2812 632 ,τῆς
2847 562 3093 624 δουλείας
3123 561 3223 628 τῆς
3267 559 3474 628 φθορᾶς
3498 562 3578 620 εἰς
3613 560 3714 615 τὴν

2150 653 2312 718 δόξαν
2344 654 2445 723 τῆς
2477 654 2792 725 ξλευθερὶας
2825 655 2933 708 τῶν
2976 656 3180 707 τέκνων
3215 652 3307 706 τοῦ
3333 653 3472 704 Θεοῦ
3496 669 3511 685 ο
3539 652 3712 720 δηλῶν

2118 783 2122 790 .
2149 744 2231 797 ὅτι
2263 746 2358 799 καὶ
2389 747 2422 814 ἡ
2455 746 2590 814 ἄλλη
2631 746 2808 808 κτίσις
2843 747 3205 816 λαμπροτέρα
3235 745 3408 798 ἔσται.
3444 746 3555 796 Καὶ
3584 744 3714 812 γὰρ,

2151 836 2295 888 καθά
2333 837 2467 906 φησι
2499 853 2584 898 τις
2615 837 2727 890 τῶν
2781 838 2972 905 ἁγίων,
3025 855 3043 888 i
3089 837 3302 904 Ὥσπερ
3355 835 3605 901 ὑπετάγη
3647 838 3715 902 τῇ

2152 927 2325 998 φθορᾷ
2346 929 2413 981 δι’
2437 929 2606 998 ἡμᾶς,
2633 929 2776 983 οὕτω
2799 929 3276 999 συμπανηγυρίσει
3301 929 3396 980 καὶ
3425 926 3722 994 συνθριαμ-

2150 1021 2338 1074 εεύσει
2370 1024 2462 1074 ἐπὶ
2486 1021 2694 1092 τῇετῶν
2737 1021 3042 1092 ἀνθρώπων
3065 1024 3213 1091 νίκῃ,
3247 1021 3346 1075 καὶ
3379 1021 3718 1088 ἀπολήψεται

2152 1116 2243 1168 τὸν
2275 1115 2466 1183 μισθὸν
2501 1113 2596 1167 τοῦ
2630 1117 2872 1183 καμάτου
2921 1115 3014 1183 τῆς
3068 1115 3367 1177 διακονίας,
3412 1113 3481 1183 ἢν
3507 1113 3721 1166 συνετέ-

2150 1200 2342 1255 λευσεν
2380 1203 2460 1264 εἰς
2495 1202 2597 1271 τὴν
2623 1203 2838 1271 γένεσιν
2878 1203 2988 1256 τῶν
3019 1203 3314 1257 ικλεκτῶν.
3364 1221 3383 1254 ι
3436 1203 3527 1254 Διὸ
3573 1203 3668 1254 καὶ
3694 1203 3723 1254 ὸ

2165 1294 2393 1356 Ἦσαῒας
2430 1294 2580 1361 λέγει
2615 1295 2710 1347 τοῦ
2747 1292 2898 1363 ἡλίου
2938 1292 2999 1345 τὸ
3037 1293 3154 1362 φῶς
3192 1291 3566 1347 ἑπταπλάσιον
3599 1292 3724 1344 ἐσε-

2155 1383 2297 1450 σθαι,
2326 1384 2423 1438 καὶ
2449 1383 2548 1450 τὴν
2581 1385 2813 1454 σελήνην
2839 1383 3077 1453 λάμψειν
3109 1385 3185 1447 ib;
3219 1383 3315 1435 νῦν
3341 1385 3369 1436 ὁ
3394 1383 3545 1454 ἥλιος
3571 1398 3584 1413 ο
3631 1383 3726 1435 καὶ

2154 1474 2348 1544 καινὴν
2377 1474 2601 1528 ἔσεσθαι
2641 1475 2764 1545 γῆν,
2795 1475 2889 1527 καὶ
2918 1475 3106 1528 καινὸν
3141 1474 3390 1545 οὐρανόν.

2223 1610 2358 1664 Τότε
2377 1610 2436 1663 τὸ
2458 1611 2814 1665 ἁποστολικὸν
2833 1613 3008 1664 ἐκεῖνο
3028 1611 3470 1682 πληρωθήσεται,
3503 1628 3521 1662 i
3553 1609 3723 1663 Ὅταν

2155 1702 2380 1773 παραδῷ
2411 1705 2508 1774 τὴν
2544 1703 2819 1773 βασιλεῖαν
2857 1703 2933 1773 τῷ
2958 1702 3076 1774 Θεῷ
3117 1707 3211 1759 κα)⁴
3251 1705 3446 1774 Πατρὶ,
3480 1703 3602 1755 τότε
3633 1703 3728 1754 καὶ

481 1791 704 1861 jieietur
729 1795 800 1858 ei,
840 1797 928 1866 qui
955 1799 1185 1870 subjecit
1215 1801 1289 1856 illi
1322 1806 1506 1861 omnia
1539 1808 1606 1862 ’°.
1636 1826 1655 1860 ι
1691 1806 1771 1863 Pii
1806 1811 1949 1864 enim
1987 1825 2052 1865 ac

2157 1795 2316 1858 αὑτὸς
2329 1797 2735 1866 ὑποταγήσεται
2756 1795 2832 1865 τῷ
2847 1797 3172 1864 ὑποτάξαντι
3191 1795 3340 1866 αὑτῷ
3360 1797 3426 1850 τὰ
3448 1797 3650 1849 πάντα.
3699 1813 3718 1846 ι

481 1883 641 1952 justi,
698 1890 948 1956 praesenti
1022 1907 1136 1947 aevo
1169 1896 1235 1948 ad
1317 1894 1594 1953 Christum
1688 1901 2052 1969 attendentes,

488 1990 699 2046 proque
729 1993 792 2033 co
819 1997 881 2035 ac
904 1980 990 2036 ille
1025 1983 1076 2036 in
1120 1987 1394 2043 mandatis
1444 1989 1613 2055 dedit,
1667 1991 1921 2045 virtutem
1958 2010 2054 2048 co-

487 2065 682 2134 lentes,
740 2086 832 2139 per
884 2073 1060 2141 ipsum
1109 2077 1408 2144 spiritalem
1472 2093 1622 2132 suam
1671 2081 2056 2137 administrant

487 2157 674 2220 vitam.
721 2178 840 2231 qua:
887 2165 1105 2234 quidem
1162 2183 1306 2222 nunc
1365 2169 1419 2222 in
1471 2170 1688 2225 Christo
1735 2173 2054 2228 abscnndila

486 2259 570 2304 est
600 2251 664 2318 ",
700 2265 885 2323 postea
913 2272 1042 2311 vero
1070 2273 1173 2312 una
1199 2276 1321 2313 cum
1373 2262 1491 2328 ipso
1522 2272 1605 2318 est
1635 2265 2047 2340 manifestanda.

486 2339 695 2398 Idcirco
759 2347 922 2400 etiam
993 2349 1069 2402 illi
1104 2350 1217 2420 ejus
1287 2353 1577 2410 liazrcditas
1645 2339 1915 2412 vocantur
1992 2375 2057 2414 ac

487 2447 740 2501 regnum,
808 2451 943 2503 quos
988 2439 1243 2494 nimirum
1314 2452 1370 2498 ut
1419 2446 1607 2512 homo,
1680 2464 1775 2514 per
1828 2457 2055 2504 mortem

487 2529 641 2574 Suam
689 2537 752 2578 ae
801 2527 1122 2596 sanguinem
1153 2528 1262 2585 Deo
1304 2548 1367 2587 ac
1411 2536 1557 2590 Patri
1604 2539 1913 2596 adducit".
1957 2543 2057 2596 Per

487 2609 664 2678 ipsum
701 2614 844 2668 enim
893 2631 1174 2674 accessura
1224 2623 1516 2682 habuimus
1563 2630 1628 2683 ad
1681 2629 1846 2685 Deum
1879 2641 1933 2686 et
1959 2631 2059 2686 Pa-

490 2709 650 2767 trem,
702 2706 790 2759 cui
819 2709 1000 2764 omnia
1041 2711 1271 2781 subjecit
1306 2731 1320 2779 ;
1353 2716 1420 2770 ad
1453 2718 1675 2787 haecque
1705 2721 1964 2792 seipsnm,
1999 2731 2058 2777 ut

493 2813 515 2846 ι
554 2796 971 2869 primOgcnitum
1003 2800 1056 2855 in
1091 2804 1276 2860 multis
1298 2805 1560 2863 fratribus
1584 2811 1628 2841 "
1668 2830 1686 2861 ι
1717 2812 1833 2866 fieri
1865 2813 2059 2883 digna-

487 2896 625 2955 tum,
676 2899 878 2947 nostrae
939 2893 1134 2950 salutis
1181 2897 1492 2966 pontiﬁcem
1547 2902 2054 2980 etdispensatorem

487 2979 760 3047 eﬁ‘ectum,
803 2996 860 3039 ut
893 2986 1171 3043 hominem
1213 2990 1450 3047 adducet
1487 2993 1742 3065 Patrique
1769 2998 2055 3068 subjiciet;

487 3085 548 3130 ut
569 3087 747 3132 autem
775 3077 940 3146 Deus,
967 3081 1059 3150 qui
1087 3097 1210 3138 cum
1232 3083 1390 3140 Patre
1412 3094 1465 3143 et
1498 3087 1699 3159 Spiritu
1725 3090 1814 3159 sit,
1839 3092 2056 3150 minime

488 3169 862 3239 subjiciendus
889 3187 990 3228 est.

560 3393 706 3448 Idem
755 3398 962 3466 itaque,
1011 3407 1072 3454 ut
1109 3402 1327 3472 quidem
1357 3403 1544 3470 homo,
1575 3405 1950 3477 subjiciendus
1977 3419 2060 3465 est

489 3487 639 3553 quod
661 3502 880 3544 carnem
909 3502 1146 3546 creatam
1179 3496 1572 3566 assumpserit;
1601 3507 1662 3552 ut
1681 3507 1859 3552 autem
1893 3499 2057 3568 Deus,

489 3577 713 3644 perinde
749 3581 854 3635 sibi
899 3583 1178 3652 subjectos
1221 3587 1491 3653 snbjieiet,
1531 3597 1590 3643 ut
1631 3591 1721 3660 qui
1755 3608 1898 3647 unus
1931 3609 2057 3647 cum

493 3667 652 3724 Patre
693 3687 758 3726 ac
803 3671 1002 3741 Spiritu
1051 3675 1192 3731 Deus
1241 3677 1332 3732 sit.
1361 3679 1573 3734 Idcirco
1598 3682 1760 3736 etiam
1795 3693 1856 3739 ut
1889 3684 2057 3752 Deus,

489 3779 612 3817 cum
644 3764 802 3822 Patre
835 3777 890 3822 et
940 3769 1172 3840 Spiritu,
1222 3773 1370 3828 velut
1407 3790 1547 3830 unus
1568 3775 1756 3845 judex.
1780 3777 2058 3846 judicatu-

492 3872 585 3912 rus
611 3867 695 3914 est
736 3877 750 3914 :
793 3869 998 3916 utvero
1050 3864 1231 3928 homo,
1287 3866 1439 3921 solus
1475 3867 1592 3936 ipse
1630 3868 1797 3936 judex
1827 3872 2056 3927 sedebit.

492 3951 704 4006 Etenim
736 3969 858 4009 cum
890 3955 995 4010 illis
1029 3971 1150 4025 quae
1190 3972 1390 4027 corpus
1441 3961 1769 4030 tnsigniunt,
1831 3963 2058 4034 ejusque

490 4047 728 4116 propriis
773 4048 916 4103 notis
967 4060 1231 4104 venturus
1275 4059 1378 4116 est,
1429 4061 1488 4106 ut
1532 4063 1587 4108 et
1635 4051 1811 4109 Judaei
1857 4055 2059 4112 intelli-

491 4147 639 4206 gant,
676 4139 924 4194 eumdem
979 4141 1155 4210 ipsum
1213 4158 1354 4210 esse,
1403 4145 1493 4214 qui
1527 4145 1597 4201 ab
1627 4149 1813 4204 illisin
1839 4165 2058 4205 crucem

375 4285 386 4294 ,
491 4237 647 4285 actus
683 4240 800 4297 est;
848 4232 1082 4302 indeque
1129 4245 1452 4304 arguantur,
1493 4241 1788 4311 cunctique
1845 4244 2061 4301 videant

490 4322 734 4378 inﬁdeles
756 4337 820 4378 ac
842 4338 1316 4396 compnngantur;
1351 4339 1617 4401 quotquot
1648 4335 1910 4391 nimirum
1937 4353 2054 4394 aevo

491 4415 598 4468 hoc
628 4414 974 4482 pradicatum
1003 4416 1156 4471 illum
1185 4435 1292 4474 non
1321 4409 1662 4494 receperunt,
1693 4442 1791 4482 nec
1812 4428 1930 4498 ejus
1961 4430 2057 4484 do-

490 4505 667 4556 ctrina
698 4507 948 4560 conversi
985 4515 1143 4575 sunt;
1180 4510 1273 4565 sed
1303 4513 1358 4566 in
1389 4528 1494 4568 suo
1519 4529 1706 4570 errore
1744 4533 2056 4587 permanse.

489 4602 639 4646 rnnt.
666 4593 875 4649 Etenim
906 4597 976 4652 de
1025 4598 1117 4653 illo
1143 4615 1206 4652 ex
1242 4616 1310 4655 eo
1355 4604 1496 4672 quod
1525 4604 1688 4660 homo
1721 4607 1921 4662 dictum
1959 4609 2073 4673 Da-_

493 4687 621 4742 nieli
660 4697 744 4744 est
783 4707 796 4744 :
848 4710 866 4742 i
915 4691 1153 4750 Etdatus
1197 4703 1283 4750 est
1321 4697 1369 4750 ei
1423 4696 1760 4768 principatus
1793 4708 1847 4754 et
1884 4701 2057 4757 ltonor

491 4788 546 4834 et
588 4796 812 4852 regnum
867 4785 932 4840 υ.
1001 4803 1020 4836 ι
1077 4787 1155 4841 Ac
1184 4801 1394 4852 rursus,
1443 4789 1588 4858 quod
1623 4785 1736 4858 ipse
1796 4791 2056 4849 Dominus

489 4871 610 4925 ait:
650 4892 668 4924 ι
705 4873 865 4929 Pater
928 4891 1035 4930 non
1078 4877 1284 4947 jndicat
1326 4893 1692 4952 quemquam,
1749 4884 1843 4940 scd
1897 4899 2059 4940 omne

485 4964 752 5034 judicium
787 4968 930 5022 dedit
960 4967 1096 5024 Filio
1131 4971 1195 5024 ³⁸.
1252 4990 1270 5023 ι
1309 4973 1464 5039 Quod
1495 4975 1670 5044 ipsum
1690 4976 1756 5032 de
1788 4977 1880 5030 illo
1907 4978 2058 5033 acci-

489 5058 660 5127 pitur,
712 5071 980 5128 quatenus
1023 5062 1187 5117 ltomo
1235 5075 1337 5130 est,
1373 5069 1448 5120 uti
1473 5067 1707 5124 dicimus
1744 5085 1758 5122 :
1792 5070 1951 5125 divus
1980 5079 2062 5126 ta-

491 5165 614 5203 men
644 5149 1067 5221 Chrysosmmus
1098 5155 1148 5207 in
1186 5173 1284 5210 sua
1319 5159 1370 5211 in
1395 5157 1662 5215 Joannem
1687 5161 2054 5230 expositione,

489 5242 654 5295 ctiam
683 5241 750 5296 de
785 5242 964 5298 divina
988 5248 1340 5313 generatione
1365 5249 1772 5318 interpretatur,
1807 5251 1997 5307 dicens
2041 5269 2056 5306 :

495 5352 517 5386 ι
558 5334 622 5389 Et
644 5344 703 5389 ut
724 5334 992 5405 intelligas
1032 5338 1168 5393 bane
1191 5340 1517 5408 particulam
1545 5340 1708 5406 dedit,
1734 5342 1877 5398 idem
1910 5342 2056 5412 quod

492 5427 1043 5498 genuit,signilicare,
1088 5431 1213 5483 andi
1257 5447 1321 5483 ex
1355 5432 1465 5484 alio
1513 5431 1631 5486 loco
1668 5433 1904 5502 idipsum
1965 5434 2059 5488 de-

492 5519 755 5574 claratum
795 5541 808 5576 :
841 5521 1154 5576 Sicut'enim
1183 5522 1346 5576 Pater
1381 5525 1541 5578 vitam
1574 5526 1726 5580 liabet
1770 5542 1823 5579 in
1877 5535 2064 5580 semet-

569 5733 609 5802 ’κ’
667 5729 768 5784 lsa.
823 5731 1317 5802 xxx,726.ett.\v.
1369 5734 1451 5785 l7.
1529 5736 1570 5766 ²⁰
1608 5735 1767 5791 lCor.
1810 5751 1895 5802 xv,
1930 5735 2019 5789 Eli.

2201 5733 2412 5789 Coloss.
2470 5747 2552 5797 ιιι,
2577 5731 2628 5784 5.

503 5799 548 5830 ἰ
573 5801 707 5853 Dan.
763 5815 859 5866 vn,
908 5801 992 5854 l4.
1071 5801 1112 5831 "
1149 5797 1302 5857 Juau.
1335 5818 1384 5869 ν,
1414 5803 1501 5855 22.

2156 1889 2217 1941 Οἱ
2244 1887 2352 1958 γὰρ
2390 1887 2631 1950 εὐσεϐεῖς
2659 1890 2752 1942 καὶ
2775 1889 2971 1942 δίκαιοι
3003 1890 3144 1941 κατᾶ
3173 1889 3232 1940 τὸ
3264 1889 3436 1958 παρὸν
3466 1887 3603 1958 πρὸς
3633 1887 3724 1938 τὸν

2154 1981 2388 2049 Χριστὸν
2438 1980 2869 2047 ἀποϐλέποντες,
2926 1981 3021 2033 καὶ
3064 1982 3166 2053 τὴν
3197 1980 3396 2050 ἀρετὴν
3446 1979 3588 2033 κατᾶ
3623 1978 3725 2041 τὰς

2155 2070 2375 2132 ἐντολὰς
2403 2069 2568 2122 αὑτοῦ
2620 2072 3036 2140 μετερχόμενοι,
3064 2069 3134 2122 δι’
3188 2070 3355 2123 αὑτοῦ
3387 2070 3485 2140 τὴν
3516 2067 3728 2121 ἑαυτῶν

2155 2165 2496 2236 οἰκονομοῦσι
2522 2165 2904 2236 πνευματικὴν
2928 2164 3094 2235 ζωήν·
3123 2164 3221 2233 τὴν
3244 2163 3338 2216 νῦν
3370 2163 3468 2232 μὲν
3499 2165 3554 2216 ἐν
3576 2161 3728 2230 αὑτῷ

2155 2259 2233 2330 τῷ
2266 2259 2490 2330 Χριστῷ
2522 2257 2931 2329 κρυπτομένην,
2978 2256 3208 2326 ὕστερον
3239 2256 3294 2309 δὲ
3327 2254 3474 2326 αὑτῷ
3514 2272 3730 2324 συμφα-

2157 2353 2510 2421 νερουμένην.
2549 2351 2647 2404 Διὰ
2680 2349 2841 2403 τοῦτο
2873 2351 2968 2402 καὶ
2997 2350 3208 2402 ἐκείνου
3261 2347 3602 2417 κληρονομία
3635 2349 3730 2400 καὶ

2159 2439 2403 2510 βασιλεία
2433 2439 2684 2506 λέγονται
2712 2431 2860 2492 οὗτοι
2883 2455 2896 2467 ’
2932 2438 3026 2503 οὓς
3075 2438 3150 2501 ὡς
3198 2437 3485 2509 ἄνθρωπος
3509 2439 3600 2512 διὰ
3633 2438 3729 2490 τοὺ

2158 2533 2350 2586 ἑαυτοῦ
2385 2531 2616 2586 θανάτου
2647 2533 2742 2584 καὶ
2771 2529 3004 2598 αἵματος
3047 2531 3314 2599 προσάγει
3354 2530 3431 2600 τῷ
3461 2530 3580 2601 Θεῴ
3632 2533 3730 2584 καὶ

2158 2624 2351 2694 Πατρί.
2389 2623 2468 2677 Δι’
2499 2623 2664 2676 αὑτοῦ
2694 2624 2802 2694 γὰρ
2827 2624 2964 2691 πρὸς
2988 2621 3080 2677 τὸν
3101 2624 3234 2677 Θεὸν
3262 2621 3356 2676 καὶ
3387 2623 3606 2693 Πατέρα
3629 2625 3730 2691 τὴν

2158 2715 2528 2786 προσαγωγὴν
2552 2715 2891 2785 ἐσχήκαμεν·
2913 2712 2971 2778 ὃς
2995 2714 3143 2781 αὑτῷ
3168 2715 3238 2767 τὰ
3262 2715 3442 2769 πάντα
3464 2715 3728 2780 ὑπέταξε⁹

2159 2814 2251 2865 καὶ
2283 2811 2364 2865 ἔτι
2411 2811 2629 2876 ἑαυτὸν,
2656 2811 2731 2874 ὡς
2790 2829 2810 2862 i
2858 2811 3206 2882 πρωτότοκον
3234 2811 3292 2864 ἐν
3325 2809 3542 2873 πολλοῖς
3573 2810 3730 2862 ἁδελ-

2158 2905 2278 2971 φοίς
2325 2921 2344 2954 ι
2375 2902 2638 2970 γενέσθαι
2688 2902 3128 2970 καταξιώσαντα,
3174 2904 3268 2956 καλ
3317 2903 3579 2975 ἀρχιερέα
3636 2905 3732 2957 καὶ

2157 2993 2439 3064 οἰκονόμον
2469 2994 2566 3062 τῆς
2589 2995 2746 3065 ἡμῶν
2764 2994 3036 3065 σωτηρίας
3059 2994 3381 3064 γενόμενον,
3413 2994 3487 3057 ὡς
3515 2997 3704 3064 ἄνθρω
3721 3023 3733 3034 -

2162 3102 2262 3138 πον
2297 3084 2580 3155 προσάξει,
2611 3087 2706 3139 καὶ
2735 3085 3137 3157 ὑποταγήσεται
3190 3087 3269 3157 τῷ
3323 3086 3495 3156 Πατρί
3521 3103 3536 3116 ⁸
3569 3085 3647 3150 ib;
3676 3087 3731 3140 δὲ

2081 3137 2128 3200 C
2161 3177 2291 3240 Θεὸς
2320 3137 2395 3230 ibv
2614 3177 2708 3232 τοῦ
2742 3137 3084 3249 Πατρὸιςικαὶ
3103 3177 3196 3233 τοῦ
3241 3137 3590 3248 ἱῘνεὺματος,
3633 3183 3732 3250 οὐχ

2161 3271 2591 3340 ὑποταγήσεται.

2227 3407 2432 3459 ’Ὥστεὸ
2460 3406 2638 3470 αὑτὸς,
2668 3405 2800 3460 καθὸ
2829 3406 2929 3476 μὲν
2952 3407 3261 3477 ἄνθρωπος,
3290 3408 3727 3478 ὑποταγήσεται,

2157 3499 2282 3553 his!
2316 3497 2541 3569 κτιστὴν
2606 3499 2941 3569 προσειληφε
2995 3501 3210 3569 σάρκα·
3265 3501 3400 3554 καθὸ
3458 3501 3514 3553 δὲ
3569 3502 3727 3564 Θεὸς,

2156 3592 2353 3662 ἐπίσης
2405 3591 2506 3660 τὴν
2554 3592 2836 3663 ὑποταγὴν
2863 3593 3041 3664 ἐαυτῷ
3080 3593 3355 3660 ὑποτάξει,
3379 3593 3454 3656 ὡς
3480 3589 3560 3656 εἷς
3599 3595 3730 3656 Θεὸς

2159 3681 2300 3751 μετὰ
2343 3681 2437 3734 τοῦ
2489 3681 2705 3752 Πατρὸς
2753 3684 2852 3736 καὶ
2889 3683 2986 3736 τοῦ
3027 3683 3367 3752 Πνεὺματος.
3420 3685 3518 3737 Διὰ
3569 3685 3728 3738 τοῦτο

2157 3775 2253 3825 καὶ
2280 3772 2356 3834 ib;
2407 3773 2504 3842 μὲν
2548 3773 2684 3836 Θεὸς
2726 3773 2865 3844 μετὰ
2916 3773 3010 3828 τοῦ
3052 3775 3272 3845 Πατρὸς
3301 3777 3482 3846 κρινεῖ
3504 3777 3598 3828 καὶ
3629 3777 3726 3829 τοὺ

2159 3862 2497 3933 Πνεῦματος,
2529 3862 2606 3927 ὡς
2642 3859 2723 3927 εἷς
2757 3866 2955 3936 κριτής
2979 3881 2994 3896 ⁶
3029 3865 3103 3928 ὥς
3130 3866 3188 3920 δὲ
3227 3864 3536 3936 ἄνθρωπος,
3564 3867 3727 3930 αὐτὸς

2161 3956 2347 4027 μόνος.
2401 3956 2514 4010 Καὶ
2564 3956 2673 4025 γὰρ
2730 3957 2871 4027 μετὰ
2908 3956 3016 4010 τῶν
3067 3958 3400 4028 σωματικῶν
3445 3957 3724 4011 ἐλεύσεται

2157 4048 2546 4118 χαρακτήρων,
2579 4049 2668 4101 ἵνα
2701 4049 2796 4103 καὶ
2818 4051 2866 4102 oi
2909 4049 3153 4104 Ἰουδαῖοι
3190 4052 3606 4121 κατανοήσωσιν
3627 4051 3727 4104 αὐ-

2157 4140 2248 4193 τὸν
2288 4142 2503 4196 ἐκεῖνον
2539 4135 2704 4204 εἶναι,
2729 4140 2822 4194 τὸν
2859 4140 2953 4195 ὑπ’
2985 4141 3169 4196 αὐτῶν
3225 4141 3609 4210 σταυρωθέντα
3651 4143 3728 4200 εἰς

2157 4231 2378 4303 ἔλεγχον
2415 4233 2618 4293 αὐτῶν,
2646 4234 2740 4286 καὶ
2794 4232 2996 4296 πάντες
3055 4233 3106 4285 οἱ
3147 4231 3366 4286 ἄπιστοι
3414 4231 3724 4287 Θεάσωνται

2157 4323 2255 4378 καὶ
2286 4323 2782 4394 καταισχυνθῶσιν,
2816 4322 2867 4376 οἳ
2905 4339 2969 4392 γι
3003 4325 3061 4377 ὲν
3080 4321 3161 4392 τῷ
3183 4323 3414 4389 παρόντι
3439 4320 3598 4374 αἰῶνι
3634 4338 3730 4390 κη-

2161 4413 2484 4485 ρυττόμενον
2532 4414 2633 4467 οὑκ
2689 4413 2958 4480 αδέξαντο,
3010 4415 3133 4468 οὑδὲ
3165 4413 3253 4466 διὰ
3309 4413 3406 4483 τῆς
3465 4412 3726 4465 διδασκα-

2163 4507 2283 4571 λίας
2314 4506 2482 4561 αὑτοῦ
2519 4508 2971 4578 ἐπεστράφησαν,
2998 4506 3134 4560 ἀλλὰ
3167 4510 3233 4577 τῇ
3269 4505 3480 4558 ἑαυτῶν
3520 4505 3726 4574 ἐνέμει-

2163 4616 2263 4654 ναν
2292 4599 2488 4672 πλάνῃ.
2530 4599 2634 4653 Καὶ
2657 4598 2764 4671 γὰρ
2813 4597 2957 4652 κατὰ
2991 4598 3053 4652 τὸ
3091 4597 3434 4668 ἀνθρώπινον
3466 4595 3547 4664 τῷ
3596 4611 3728 4663 προ-
3779 4641 3792 4649 .

2162 4693 2308 4761 φὴτῃ
2363 4690 2560 4762 Δανιὴλ
2616 4689 2854 4761 εἴρηται,
2903 4707 2924 4742 i
2971 4690 3082 4743 Kal.
3133 4688 3292 4758 ἐδόθη
3341 4687 3489 4757 αὑτῷ
3519 4689 3553 4756 ἡ
3585 4684 3726 4756 ἀρχὴ

2163 4782 2260 4835 καὶ
2285 4785 2319 4852 ἡ
2357 4782 2489 4853 τιμὴ
2529 4784 2625 4837 καὶ
2657 4784 2690 4852 ὴ
2728 4781 2998 4848 βασιλεία.
3045 4800 3063 4834 ι
3093 4782 3206 4835 Καὶ
3246 4781 3429 4846 πάλιν,
3457 4782 3596 4850 ὅπερ
3633 4777 3731 4830 αὑ-

2163 4876 2254 4940 τὸς
2289 4877 2318 4928 ό
2355 4877 2558 4945 Κύριος
2586 4871 2760 4936 εἶπεν,
2798 4893 2818 4926 i
2838 4873 2897 4927 '0
2931 4872 3117 4944 Πατὴρ
3148 4873 3324 4943 κρίνει
3351 4873 3566 4939 οὐδένα,
3593 4873 3728 4927 ἀλλὰ

2167 4969 2348 5022 πᾶσαν
2381 4966 2479 5036 τὴν
2511 4967 2693 5036 κρίσιν
2736 4965 2934 5020 δέδωκε
2964 4967 3038 5037 τῷ
3065 4967 3200 5036 Υἱῴ.
3247 4969 3350 5020 ι”Ο
3391 4966 3725 5036 λαμϐάνεται

2170 5059 2268 5130 μὲν
2306 5060 2397 5114 καὶ
2426 5059 2566 5112 κατὰ
2594 5061 2652 5114 τὸ
2677 5056 3004 5126 ἁθρώπινον,
3034 5059 3108 5122 ὡς
3165 5059 3416 5128 λέγομεν⁹
3447 5061 3474 5112 ὁ
3503 5059 3560 5112 δὲ
3589 5059 3726 5120 θεῖος

2161 5152 2548 5224 Χρυσῶτομος
2582 5153 2676 5206 καὶ
2713 5152 2806 5204 ἐπὶ
2847 5153 2945 5221 τῆς
2992 5151 3143 5215 θείας
3176 5152 3481 5220 γεννήσεως
3515 5150 3729 5218 ἐξηγεῖ-

2160 5263 2250 5299 ται
2292 5248 2350 5301 iv
2378 5245 2452 5315 τῷ
2487 5243 2632 5299 κατὰ
2680 5243 2960 5310 Ἰωάννην,
2987 5243 3186 5310 λέγων,
3220 5260 3237 5294 ι
3289 5242 3398 5294 Καὶ
3433 5243 3520 5296 ἵνα
3552 5239 3726 5311 μάθῃς

2162 5341 2244 5394 ὅτι
2283 5339 2342 5392 τὸ
2375 5337 2558 5391 ἔδωκε
2587 5337 2707 5391 ἀντὶ
2727 5336 2822 5388 τοῦ
2852 5335 3189 5403 ἐγέννησέν
3214 5336 3386 5393 ἐστιν.
3412 5336 3642 5388 ἄκουσον
3667 5330 3727 5396 ἐξ

2164 5432 2352 5503 ἐτέρου
2376 5429 2533 5483 τοῦτο
2563 5428 2694 5481 αὑτὸ
2721 5427 3069 5497 δηλούμενον
3106 5444 3124 5477 ι
3162 5427 3386 5494 Ὠσπερ
3425 5427 3538 5494 γὰρ
3561 5427 3592 5476 ὁ
3618 5425 3729 5476 Πα-

2165 5523 2276 5592 τὴρ
2303 5519 2603 5593 ἐχειζωῖιν
2651 5520 2721 5574 ἐν
2753 5518 2984 5586 ἐαυτῷ,
3035 5517 3231 5586 οὕτως
3281 5518 3468 5572 ἔδωκε
3501 5515 3599 5569 καὶ
3649 5509 3728 5578 τῷ

2711 5732 2754 5760 ³³
2790 5728 2948 5783 Rom.
2982 5743 3033 5794 ν,
3065 5728 3098 5779 εὶ
3197 5727 3242 5758 ³⁸
3291 5723 3451 5782 Rom.
3477 5740 3594 5793 νηί,
3635 5724 3721 5782 ‘39.
