4096 6292
389 378 586 444 ,643

1735 371 2134 434 MANUELIS
2165 369 2468 432 CALEC.-E

3617 362 3724 426 6H

467 487 698 541 affirmat
725 491 779 538 et
813 482 1007 538 beatus
1032 479 1372 551 Augustinus
1408 498 1419 533 :
1466 477 1771 534 tVidebunt
1801 479 1946 533 enim
1977 489 2032 533 et

2165 481 2418 550 πονηροῖς,
2450 478 2547 530 καὶ
2570 478 2596 528 ό
2629 475 2901 546 praccipio;
2937 474 3296 542 Δύγουστίιος
3322 472 3436 542 (83)
3461 472 3727 544 διισχυρί-

469 582 569 651 ipsi
604 581 660 633 in
713 593 872 648 quem
919 586 1265 646 pupugerunt
1305 575 1407 638 ⁸⁸³⁵,
1444 593 1462 627 ι
1505 585 1557 630 ct
1583 593 1602 626 ι
1667 574 1941 630 Videbunt
1984 576 2040 629 iu

470 672 758 738 majestate
789 677 1049 739 magnaet
1083 674 1349 736 potestate
1368 667 1436 723 ‘°.
1476 685 1494 720 ι
1542 684 1560 719 ι
1609 666 1726 721 Νοη
1781 667 1923 720 enim
1987 668 2039 719 in

471 764 804 826 infirmitate,
863 759 1058 830 inquit,
1095 761 1396 816 secundum
1421 774 1586 829 quam
1611 759 1892 827 judicatus
1936 766 2041 823 est,

470 866 592 904 eum
619 850 895 914 videbunt,
926 849 1020 904 sed
1051 850 1103 902 in
1155 848 1399 917 potentia
1458 847 1782 916 majestatis,
1804 863 1912 917 qua
1959 855 2045 900 est

466 941 833 1012 iudicaturus.
868 959 888 992 ι
928 939 1180 1010 Tumque
1216 939 1429 994 inducit
1456 939 1853 1004 dillicnltatem,
1892 937 2042 1007 quod

473 1046 680 1086 mercrs
713 1045 777 1086 ac
789 1031 1082 1104 praemium
1123 1032 1176 1084 in
1204 1029 1720 1098 repromissionibus
1744 1029 2044 1098 repositum

473 1120 528 1174 in
553 1134 618 1174 eo
651 1121 740 1186 sit,
762 1130 821 1175 ut
845 1121 987 1176 Deus
1011 1120 1263 1174 videatur
1296 1135 1310 1173 :
1338 1137 1356 1170 ι
1406 1119 1578 1184 Beati,
1628 1120 1802 1182 enim,
1845 1118 2048 1174 mundo

473 1210 658 1273 corde,
692 1210 947 1279 quoniam
979 1209 1081 1278 ipsi
1125 1207 1294 1262 Deum
1351 1208 1611 1263 videbunt
1642 1209 1684 1240 “
1719 1225 1734 1275 ;
1774 1227 1792 1259 ι
1825 1208 2049 1277 quinam

472 1303 588 1366 ﬂat,
624 1313 682 1356 ut
705 1312 758 1357 et
790 1302 916 1356 mali
939 1301 991 1354 in
1019 1301 1299 1369 majestate
1325 1315 1422 1354 sua
1447 1315 1570 1354 eum
1595 1299 1851 1354 videant?
1876 1299 2048 1365 Quam

473 1404 526 1448 et
559 1394 799 1458 solvens,
830 1393 905 1446 ait
932 1409 946 1447 :
975 1409 1081 1447 non
1108 1393 1327 1447 Deitatis
1355 1391 1624 1446 visionem
1659 1392 1816 1445 bonis
1843 1401 1898 1445 et
1926 1405 2044 1445 ma-

476 1484 543 1538 lis
569 1499 915 1538 communcm
943 1484 1056 1537 fore
1087 1483 1256 1552 (hanc
1293 1483 1441 1538 enim
1498 1481 1704 1537 sanctis
1769 1483 2049 1551 propriam

473 1573 647 1644 esse),
691 1574 786 1628 sed
816 1574 1065 1644 corporis
1095 1575 1148 1627 in
1191 1574 1474 1642 majestate
1507 1572 1796 1628 visionem.
1853 1573 2054 1628 Tradet

397 1691 417 1707 ι
475 1665 642 1735 igitur
667 1681 892 1735 regnum
920 1665 1028 1718 Deo
1061 1678 1115 1719 et
1161 1652 1308 1718 Patri
1351 1665 1420 1729 δ’,
1485 1679 1678 1733 nempe
1729 1665 2053 1719 adducendo

480 1757 663 1810 ﬁdeles
695 1756 762 1809 ad
811 1754 989 1810 Patris
1044 1755 1240 1824 suique
1294 1764 1350 1808 et
1418 1753 1652 1822 Spiritus
1702 1755 1875 1808 sancti
1936 1755 2053 1824 (qui

2151 571 2326 635 ζεται.
2367 588 2384 621 ι
2421 567 2682 637 Ὄψονται
2713 585 2731 617 ι
2772 566 2879 636 γὰρ
2915 565 3010 618 καὶ¹
3040 560 3187 616 οὗτοι
3241 583 3258 614 ι
3293 565 3371 626 εἰς
3416 563 3476 617 ὃν
3508 565 3727 630 ἐξεκέν-

2145 675 2372 728 τησαν,›
2412 657 2526 723 καὶ,
2548 676 2566 709 ι
2595 655 2861 725 Ὄψονται
2907 657 3199 727 ἐρχόμενον
3225 656 3362 725 μετὰ
3397 655 3555 721 δόξης
3594 656 3726 710 πολ-

2147 750 2248 820 λῆς
2280 752 2375 804 ual
2401 751 2738 819 δυνάμεως.»
2779 769 2796 801 ι
2832 751 2906 803 Οὐ
2930 751 3039 818 γὰρ
3068 752 3124 800 ἐν
3153 751 3217 818 τῇ
3248 748 3526 818 ἀσθενείᾳ,
3567 748 3722 818 φησὶ,

2159 861 2176 894 ι
2219 845 2343 896 καθ’
2375 844 2441 912 ἦν
2472 843 2750 911 κέκριται,
2784 840 3006 909 ὕψονται
3031 839 3216 904 αὑτὸν,
3247 839 3366 892 ἀλλ’
3401 841 3460 892 ὲν
3507 842 3574 907 τῇ
3630 838 3725 891 δυ⁴

2150 935 2312 1004 νάμει
2347 933 2447 1002 τῆς
2499 930 2655 1002 δόξης
2753 934 2953 1001 κρινεῖ.
2992 949 3010 981 ι
3042 925 3185 1004 Εἶτα
3223 931 3460 1000 ἀπορίαν
3491 929 3723 997 εἰσάγει,

2152 1003 2235 1080 ὅτι
2284 1027 2332 1077 εἰ
2359 1025 2527 1094 γέρας
2559 1025 2655 1076 καὶ
2692 1022 2929 1076 ἑπαθλόν
2969 1023 3117 1076 ἐστιν
3148 1003 3208 1076 ἐν
3230 1020 3588 1088 ἐπαγγελίαις
3609 1021 3726 1074 κεί-

2155 1135 2338 1188 μενον,
2377 1115 2605 1185 δψεσθαι
2633 1116 2724 1169 τὸν
2776 1115 2938 1169 Θεόν.
2997 1133 3016 1166 ι
3057 1113 3336 1183 Μακάριοι
3375 1131 3393 1164 ι
3451 1113 3560 1182 γὰρ
3619 1130 3636 1162 ι
3674 1113 3724 1164 οἱ

2155 1207 2392 1276 καθαροὶ
2423 1209 2488 1276 τῇ
2520 1205 2742 1275 καρδίᾳ,
2776 1205 2860 1257 ὅτι
2891 1202 3045 1257 αὐτοὶ
3095 1203 3189 1256 τὸν
3223 1201 3358 1257 Θεὸν
3420 1201 3662 1270 ὄψονται.
3702 1219 3719 1251 ι

2155 1300 2286 1361 Kal,
2331 1318 2350 1350 ι
2399 1299 2569 1353 Πάλιν
2594 1298 2909 1366 ὀφθήσομαι
2947 1294 3097 1366 ὑμῖν,
3136 1296 3231 1348 καὶ
3252 1294 3554 1364 χαρήσεται
3572 1293 3726 1362 ὑμῶν

2156 1390 2190 1458 ἡ
2219 1389 2439 1459 καρδία.
2492 1408 2510 1442 ι
2547 1388 2670 1454 Πῷς
2701 1389 2794 1440 καὶ
2821 1387 2872 1439 oi
2899 1387 3130 1456 πονηροὶ
3179 1387 3406 1456 δψονται
3457 1385 3624 1438 αὐτὸν
3669 1387 3726 1436 ἐν

2159 1485 2226 1553 τῇ
2263 1481 2388 1553 δόξῃ
2431 1481 2634 1548 αὑτοῦ;
2707 1483 2772 1534 Ὃ
2795 1482 2890 1535 καὶ
2934 1480 3076 1534 λύων
3139 1481 3325 1548 φησιν,
3372 1479 3447 1532 οὐ
3497 1479 3595 1546 τὴν
3631 1478 3731 1546 τῆς

2109 1636 2118 1642 _
2160 1571 2416 1644 θεότητος
2447 1573 2684 1644 θεωρίαν
2726 1571 2946 1636 ἔσεσθαι
2990 1570 3175 1640 κοινὴν
3223 1572 3338 1633 τοῖς
3391 1569 3610 1636 ἀγαθοῖς
3637 1571 3733 1621 καὶ

2157 1665 2270 1725 τοῖς
2303 1665 2560 1731 πονηροῖς
2589 1660 2751 1731 (αὕτη
2779 1660 2890 1730 γάρ
2916 1663 3064 1712 ἐστιν
3093 1661 3126 1730 ἡ
3155 1663 3269 1722 τοῖς
3293 1660 3469 1727 ἁγίοις
3517 1659 3734 1730 ἐξαίρε-

2159 1751 2296 1821 τος),
2324 1751 2460 1804 ἀλλὰ
2489 1752 2588 1821 τὴν
2622 1752 2679 1804 ἐν
2711 1754 2776 1820 τῇ
2827 1751 2953 1822 δόξῃ
2999 1749 3094 1804 τοῦ
3164 1751 3413 1820 σώματος
3473 1749 3732 1819 θεωρίαν.

478 1847 622 1902 Deus
652 1862 794 1902 unus
834 1862 899 1902 ac
950 1861 1110 1902 verus
1133 1846 1239 1914 est)
1267 1846 1528 1900 visionem
1549 1861 1612 1900 ac
1654 1845 2045 1914 cognitionem,

2165 1842 2486 1910 Παραδώσει
2520 1844 2701 1896 τοίνυν
2730 1845 2833 1912 τὴν
2887 1841 3171 1913 βασιλείαν
3204 1843 3284 1913 τῷ
3328 1841 3448 1911 Θεῷ
3481 1842 3575 1894 καὶ
3624 1845 3737 1895 Ila-

483 1955 503 1989 ι
542 1951 602 1992 ιιι
630 1937 700 1990 sit
723 1936 865 1992 Deus
893 1939 1079 2016 omnia
1112 1938 1164 1991 in
1202 1936 1460 1992 omnibus
1485 1937 1552 1992 “.
1587 1955 1605 1988 ι
1645 1935 1799 1990 Nunc
1834 1937 2052 2005 quidem

371 2092 378 2094 _
477 2028 754 2083 credimus
788 2037 842 2082 et
866 2044 1168 2099 speramus,
1192 2029 1334 2099 quod
1368 2043 1472 2082 non
1510 2028 1753 2081 videmus
1790 2045 1803 2082 ε
1844 2044 1862 2077 ι
1892 2026 2050 2092 Quod

475 2119 620 2174 enim
647 2121 792 2175 videt
822 2123 968 2192 quis,
1001 2122 1128 2190 quid
1157 2131 1213 2175 et
1251 2130 1436 2190 sperat
1462 2120 1550 2174 ³⁵⁸3
1585 2139 1602 2171 ›
1641 2120 2061 2190 inquitAposto-

475 2209 601 2267 lus:
633 2212 722 2266 «Si
750 2221 929 2266 autem
963 2210 1109 2280 quod
1143 2225 1251 2264 non
1277 2211 1550 2275 videmus,
1581 2224 1894 2279 speramus,
1954 2224 2049 2278 per

479 2301 794 2370 patientiam
828 2311 1231 2369 exspectamus,
1271 2303 1449 2354 donec
1502 2315 1595 2352 rex
1622 2299 1674 2352 in
1722 2301 1910 2370 requie
1961 2314 2058 2352 sua

479 2391 602 2444 erit.
640 2409 658 2441 ι
693 2389 758 2444 Ει
789 2406 980 2445 rursus
1019 2406 1032 2442 :
1075 2409 1092 2440 ι
1141 2389 1391 2455 Quandiu
1447 2405 1641 2445 sumus
1710 2390 1764 2444 in
1807 2405 2056 2460 corpore,

481 2482 896 2551 peregrinantur
929 2497 956 2534 a
1001 2481 1252 2536 Domino.
1279 2480 1382 2536 Per
1425 2481 1584 2536 fidem
1616 2482 1759 2536 enim
1818 2483 2076 2537 ambula-‘

483 2587 626 2639 mus,
659 2587 767 2626 non
795 2589 893 2642 per
931 2573 1166 2642 speciem
1191 2573 1293 2627 ³⁸.»
1333 2575 1395 2628 Et
1433 2591 1445 2628 :
1495 2591 1514 2626 ι
1553 2573 1708 2628 Nunc
1737 2575 1842 2630 vita
1878 2587 2056 2630 vestra

482 2661 803 2718 abscondita
835 2672 918 2718 cst
955 2665 1007 2718 in
1063 2664 1323 2729 Christo;
1383 2681 1506 2720 cum
1565 2677 1747 2720 autem
1807 2665 2061 2722 Chrisms

483 2754 927 2810 manifestabitur
961 2757 1067 2826 vita
1110 2767 1312 2824 vestra,
1353 2767 1480 2812 tunc
1511 2767 1565 2812 et
1592 2772 1690 2812 vus
1738 2756 2060 2812 manifesta-

483 2844 676 2900 Dimissi
712 2861 835 2902 cum
875 2848 994 2916 ipso
1031 2848 1087 2901 in
1130 2848 1302 2915 gloria
1356 2847 1420 2902 ⁸⁷.
1459 2867 1476 2899 ι
1512 2848 1578 2902 Ει
1612 2866 1625 2901 :
1661 2867 1676 2898 ι
1735 2847 1886 2902 Nunc
1940 2849 2064 2916 qui-

483 2941 604 2993 dem
632 2955 726 3009 per
756 2940 1037 3008 speculum
1059 2949 1112 2993 et
1140 2941 1517 3009 inzenigmate,
1547 2949 1676 2994 tunc
1702 2948 1886 2994 autem
1913 2939 2063 2994 vidc-

486 3026 668 3080 bimus
695 3027 829 3082 facie
857 3029 922 3082 ad
961 3028 1154 3082 faciem
1188 3030 1253 3080 ³⁸.
1294 3046 1312 3078 ι

2164 1935 2276 2005 τρὶ,
2317 1934 2538 2004 ἀγαγὼν
2561 1936 2804 2004 δηλονότι
2838 1938 2964 1998 τοὺς
2998 1937 3232 1998 πιστοὺς
3255 1937 3332 1998 είς
3361 1935 3464 2004 τὴν
3500 1936 3736 2004 θεωρίαν

2166 2026 2264 2079 καὶ
2293 2027 2494 2094 γνῶσιν
2515 2027 2608 2079 τοῦ
2634 2028 2849 2096 Πατρὺς
2910 2029 3007 2081 καὶ
3046 2026 3246 2080 ἑαυτοῦ
3295 2027 3388 2080 καὶ
3416 2025 3508 2080 τοῦ
3574 2025 3736 2092 ἁγίου

2168 2099 2509 2185 Πνεύματος,
2533 2117 2627 2168 τοῦ
2667 2117 2784 2178 ἐνὸς
2809 2117 2904 2169 καὶ
2931 2115 3182 2185 ἀληθινοῦ
3216 2115 3372 2181 Θεοῦ,
3403 2130 3422 2168 ι
3447 2117 3540 2170 ἵνα
3639 2119 3738 2168 αὐ-

2164 2206 2254 2270 τὸς
2277 2208 2305 2259 ὁ
2335 2207 2466 2270 Θεὸς
2491 2208 2558 2259 τὰ
2587 2210 2765 2260 πάντα
2791 2211 2847 2262 ὲν
2877 2209 3034 2261 πᾶσι.
3059 2229 3076 2260 ι
3118 2208 3232 2262 Νῦν
3257 2208 3355 2277 μὲν
3381 2209 3488 2277 γὰρ
3511 2209 3739 2260 πιστεύ-

2162 2315 2295 2369 ομεν
2317 2301 2410 2352 καὶ
2443 2299 2735 2370 ἐλπίζομεν
2758 2301 2785 2354 ὃ
2814 2303 2873 2353 οὐ
2912 2301 3218 2370 βλέπομεν⁹
3263 2321 3280 2352 ι
3319 2303 3383 2353 Ὃ
3408 2301 3518 2370 γὰρ
3548 2300 3739 2369 βλέπει

2163 2408 2270 2454 τις,
2301 2391 2352 2443 τί
2383 2393 2478 2444 καὶ
2513 2392 2754 2458 ἐλπίζεις
2782 2412 2800 2446 ι
2837 2395 3000 2463 φησὶν
3025 2397 3052 2447 ὁ
3083 2393 3421 2457 ’Λπόττολος.
3462 2395 3554 2446 «El
3596 2394 3651 2446 δὲ
3705 2393 3738 2445 δ

2163 2482 2225 2534 οὐ
2281 2481 2552 2551 βλέπομεν
2607 2483 2923 2553 ἐλπίζομεν,
2989 2483 3058 2538 δι’
3101 2485 3378 2555 ὑπομονῆς
3443 2484 3740 2553 ἀπεκδεχόο

2169 2572 2328 2640 μεθα,
2359 2573 2462 2635 ἕως
2493 2568 2551 2626 οὗ
2581 2575 2608 2626 ὁ
2637 2573 2890 2642 βασιλεὺς
2931 2577 2990 2628 ἐν
3055 2575 3361 2629 ἀναπαύσει
3409 2574 3577 2628 αὑτοῦ
3628 2575 3738 2644 (δι)

2163 2663 2340 2716 ἔσται.
2379 2681 2397 2713 ι
2437 2665 2546 2716 Kal
2579 2664 2764 2731 πάλιν,
2801 2682 2820 2716 ι
2854 2665 3086 2734 Ἐφόσον
3109 2667 3276 2735 ἐσμὲν
3307 2667 3366 2718 ἐν
3388 2666 3464 2734 τῷ
3495 2665 3737 2734 σώματι,

2164 2754 2559 2826 ἀποδημοῦμεν
2604 2760 2668 2810 ὲκ
2695 2757 2790 2810 τοῦ
2838 2758 3064 2828 Κυρίου.
3100 2759 3198 2810 Διὰ
3226 2759 3462 2820 πίστεως
3502 2761 3611 2828 γᾶρ
3646 2777 3742 2810 περ

2170 2847 2537 2916 ριπατοῦμεν,
2566 2847 2626 2899 οὐ
2653 2848 2741 2900 διὰ
2798 2848 2998 2912 εἴδους.
3042 2867 3060 2899 ι
3128 2850 3256 2913 Kal,
3299 2869 3317 2900 ι
3386 2848 3503 2901 Νῦν
3539 2851 3574 2920 ἡ
3628 2851 3743 2919 ζωὴ

2165 2938 2322 3008 ὑμῶν
2347 2941 2659 3010 κέκρυπται
2693 2941 2752 2994 ὲν
2796 2940 2876 3011 τῷ
2905 2940 3126 3010 Χριστῷ
3154 2957 3167 2970 ’
3200 2941 3328 2994 ὅταν
3363 2940 3420 2993 δὲ
3450 2940 3477 2993 ὁ
3503 2940 3744 3010 Χριστὸς

2169 3031 2461 3103 φανερωθῇ
2498 3030 2671 3102 ὴζωὴ
2707 3029 2885 3102 ὑμῶν,
2920 3035 3037 3084 τότε
3070 3033 3164 3086 καὶ
3216 3031 3376 3102 ὑμεῖς
3424 3030 3744 3102 φανερωθή-

492 3119 652 3169 σεσθε
687 3118 784 3169 σὺν
809 3117 959 3186 αὐτῷ
985 3119 1043 3172 ὲν
1083 3118 1230 3190 δόξῃ.
1270 3137 1288 3170 ι
1329 3119 1459 3185 Kal,
1491 3137 1508 3170 ι
1538 3119 1654 3172 Νῦν
1677 3122 1775 3190 μὲν
1817 3119 1886 3173 δι’
1907 3121 2174 3191 ἐσόπτρου
2199 3123 2297 3174 καὶ
2364 3125 2424 3174 ὲν
2483 3125 2792 3195 αἰνίγματι,
2845 3125 2971 3180 τότε
3043 3126 3100 3180 δὲ
3155 3125 3395 3196 ὀψόμεθα
3448 3127 3739 3194 πρόσωπον

491 3205 628 3274 πρὸς
676 3205 996 3273 πρόσωπον.
1040 3225 1058 3256 ι

562 3297 689 3354 llazc
706 3299 850 3351 enim
878 3300 1036 3354 nobis
1059 3300 1326 3370 promissa
1359 3301 1496 3356 visio
1535 3311 1636 3366 est,
1694 3317 1816 3372 quae
1843 3303 1918 3360 sit
1950 3304 2058 3360 finis

2249 3305 2400 3376 Αὕτη
2430 3307 2536 3376 γὰρ
2574 3307 2773 3377 ἡμῖνὴ
2811 3307 3012 3378 θεωρία
3043 3309 3100 3361 ἐν
3131 3309 3413 3377 ὑποσχέσει
3467 3309 3604 3370 ἐστὶ,
3639 3309 3724 3359 τέ-

489 3389 737 3446 Omnium
773 3392 1176 3461 operationum,
1209 3408 1271 3446 ac
1292 3393 1492 3448 lzetitiae
1520 3403 1722 3450 aeterna
1754 3397 2018 3466 perfectio
2047 3416 2062 3451 :

496 3481 647 3537 «Filii
677 3483 822 3538 enim
865 3483 959 3538 Dei
988 3499 1200 3548 sumus,
1226 3484 1404 3556 inquit
1425 3483 1666 3543 Joannes
1699 3486 2063 3558 Evangelista,

492 3585 545 3632 et
574 3577 815 3631 nondum
849 3579 1103 3647 apparuit
1132 3579 1262 3647 quid
1302 3579 1534 3634 erimus.
1595 3577 1817 3634 Scimus
1881 3590 2065 3635 autem

494 3669 638 3736 quod
671 3684 795 3723 cum
823 3671 1156 3740 apparuerit,
1182 3672 1390 3727 similes
1436 3672 1484 3727 ei
1511 3673 1738 3742 erimus,
1763 3675 1890 3743 quia
1921 3673 2068 3728 vide-

497 3760 678 3816 bimus
713 3777 838 3816 eum
869 3762 1033 3816 sicuti
1072 3773 1158 3818 est
1207 3763 1273 3818 ³⁹.
1314 3782 1334 3815 ι
1407 3764 1524 3834 Ipse
1579 3765 1742 3819 etiam
1800 3765 2068 3821 Dominus

517 3867 593 3906 an.
623 3870 636 3907 :
673 3873 690 3905 ι
729 3853 854 3908 Haec
877 3863 960 3909 est
989 3855 1096 3909 vita
1130 3867 1352 3919 aeterna,
1374 3867 1430 3908 ut
1455 3867 1786 3926 cognoscant
1810 3863 1861 3912 te
1887 3859 2065 3913 solum

499 3945 664 4000 Deum
696 3962 908 4014 verum,
939 3958 992 4001 et
1021 3962 1180 4017 quem
1205 3948 1399 4002 misisti
1418 3946 1604 4002 Jesum
1632 3948 1912 4003 Christum
1944 3950 2013 4003 ⁸ο.
2039 3967 2058 4002 ι

498 4035 571 4091 De
599 4037 698 4091 hac
726 4041 890 4093 etiam
925 4039 978 4091 in
1027 4053 1259 4108 persona
1289 4039 1379 4093 Dei
1415 4040 1492 4092 ait
1525 4039 1687 4093 David
1720 4058 1733 4092 :
1777 4038 2070 4110 «Longitu-

495 4129 622 4183 dine
651 4130 860 4183 dierum
894 4129 1115 4196 replebo
1144 4142 1293 4191 eum,
1325 4139 1374 4182 et
1409 4129 1690 4181 ostendam
1716 4129 1790 4182 illi
1825 4130 2065 4185 salutare

497 4229 676 4273 meum
715 4219 786 4273 ".
821 4237 841 4269 ›
872 4218 938 4269 Ει
964 4217 1118 4285 quasi
1178 4216 1293 4284 ipse
1331 4232 1362 4271 a
1393 4231 1496 4270 se:
1556 4233 1575 4266 ι
1616 4216 1789 4271 Unam
1851 4219 1982 4287 petii
2036 4233 2066 4272 a

495 4305 751 4370 Domino,
787 4307 926 4360 lianc
981 4306 1257 4376 requiram
1289 4322 1305 4359 :
1339 4317 1399 4360 ut
1454 4305 1752 4361 inhabilem
1813 4308 1868 4360 in
1910 4307 2071 4364 domo

566 4535 889 4590 "‘Zachar.
918 4549 1018 4597 xu,
1048 4536 1136 4591 10.
1215 4534 1259 4566 ³⁰
1316 4534 1507 4588 Mallh-
1560 4550 1706 4588 λιινο
1752 4535 1844 4588 5οο

494 4609 727 4661 “Rom.
761 4621 880 4670 vni,
917 4606 1004 4660 Ἡ.
1131 4608 1175 4638 ³⁸
1238 4605 1368 4660 ibid.
1403 4604 1495 4668 25,
1551 4604 1710 4657 Cant.
1765 4619 1802 4667 ι,
1874 4603 1961 4658 Η.

494 4678 577 4731 ³91
607 4675 763 4732 Joan.
800 4691 880 4739 ιιι,
914 4675 970 4731 2.
1047 4677 1091 4709 ⁸ο
1128 4674 1287 4730 Joan.
1325 4691 1460 4738 χιιι,
1502 4675 1556 4728 5.

1953 4535 2000 4567 ³⁸
2067 4533 2257 4589 Matth.
2299 4552 2352 4602 ν,
2389 4537 2440 4592 8.

2091 4605 2136 4638 ³⁸
2193 4606 2230 4660 ll
2272 4607 2399 4663 Cor.
2426 4624 2478 4671 ν,
2511 4609 2563 4662 6.

1633 4674 1676 4704 ιι
1714 4675 1860 4731 Psal.
1897 4691 1986 4742 cx,
2025 4675 2114 4731 16.

2171 3397 2262 3461 λος
2287 3393 2420 3450 οὖσα
2456 3398 2646 3451 πασῶν
2698 3399 2808 3452 τῶν
2833 3399 3105 3468 ἐργασιῶν
3126 3399 3231 3453 καὶ
3269 3400 3476 3462 αἰώνιος
3499 3400 3597 3466 τῆς
3643 3400 3730 3450 sb-

2177 3489 2454 3560 φροσύνης
2483 3489 2789 3553 τελείωσις.
2825 3509 2842 3541 ι
2885 3491 3003 3542 Υἱοὶ
3031 3493 3138 3560 γάρ
3169 3493 3338 3560 ἐσμεν
3377 3491 3471 3544 τοῦ
3529 3491 3687 3556 Θεοῦ,
3713 3513 3729 3541 ι

2174 3581 2341 3650 φησὶν
2372 3582 2399 3634 ὁ
2431 3579 2838 3651 Εὐαγγελιστὴς
2897 3582 3173 3650 Ἰωάννης,
3217 3601 3236 3633 ι
3291 3583 3387 3635 καὶ
3423 3582 3576 3636 οὔπω
3606 3585 3739 3653 ἐφαο

2174 3673 2387 3744 νερὼθη
2421 3673 2476 3724 τί
2511 3672 2769 3742 ἐσόμεθα.
2805 3672 3044 3742 Οἴδαμεν
3070 3673 3127 3726 δὲ
3155 3676 3236 3727 ὅτι
3262 3676 3392 3728 ὅταν
3426 3677 3741 3746 φανερωθῇ,

2177 3767 2356 3834 ὅμοιοι
2401 3765 2552 3836 αὐτῷ
2605 3765 2869 3833 ἐσόμεθα,
2916 3767 2997 3819 ὅτι
3041 3767 3285 3837 ὀψόμεθα
3345 3768 3513 3822 αὐτὸν
3562 3769 3744 3832 καθώς

2175 3857 2314 3910 ἐστι.
2360 3874 2378 3906 ι
2412 3854 2518 3908 Kal
2557 3855 2719 3916 αὐτὸς
2748 3857 2775 3908 ὁ
2812 3855 3016 3925 Κύριος
3044 3858 3289 3927 εἴρηκεν,
3329 3876 3348 3908 ι
3385 3857 3532 3930 Αὕτη
3599 3861 3744 3912 ἐστὶν

2176 3949 2208 4017 ἡ
2243 3947 2462 4011 αἰώνιος
2487 3947 2633 4014 ζωὴ,
2658 3948 2745 4000 ἴνα
2785 3948 3098 4014 γινώσκωσι
3150 3950 3209 4001 σὲ
3253 3949 3341 4002 τὸν
3369 3951 3534 4019 μόνον
3563 3951 3746 4022 ἀληθι-

2178 4037 2269 4091 νὸν
2293 4038 2574 4102 Θεὸν,καὶ
2625 4037 2685 4090 ὃν
2739 4037 3069 4100 ἀπέστειλας
3135 4037 3344 4108 Ἰησοῦν
3404 4039 3661 4109 Χριστόν.
3720 4059 3738 4088 ι

2177 4126 2544 4198 ﬂagitati-31;;
2593 4128 2690 4179 καὶ
2721 4127 2748 4177 ὁ
2779 4128 2946 4181 Δαόὶδ
2993 4131 3056 4181 ὲκ
3108 4128 3403 4199 προσώπου
3453 4131 3556 4183 τοῦ
3611 4129 3743 4182 Θεοῦ

2177 4218 2352 4284 λέγει,
2393 4237 2410 4270 ι
2447 4218 2806 4289 Μακρότητος
2837 4221 3063 4290 ἡμερῶν
3095 4221 3361 4290 ἐμπλήσω
3416 4225 3602 4285 αὐτὸν,
3652 4226 3746 4275 καὶ

2179 4307 2339 4374 δείξω
2364 4307 2515 4378 αὐτῷ
2539 4311 2601 4361 τὸ
2641 4312 2908 4382 σωτήριόν
2957 4327 3082 4381 μου.
3152 4329 3170 4364 ι
3218 4313 3330 4365 Ka‘t
3373 4315 3501 4384 παρ’
3557 4313 3741 4379 αὑτοῦ,

2542 4539 2584 4571 ³¹
2618 4539 2635 4592 l
2673 4523 2802 4594 Cor'.
2845 4556 2932 4604 xv,
2987 4541 3076 4596 24.
3155 4541 3246 4594 ³³1
3299 4542 3430 4598 Cor.
3486 4562 3574 4610 xv,
3646 4546 3735 4598 ‘28.

2665 4611 2707 4641 ⁸⁷
2733 4610 2947 4668 Coloss.
2980 4627 3060 4677 tu,
3082 4613 3138 4668 5.
3245 4614 3287 4646 ³⁸
3309 4614 3436 4672 Cor.
3480 4632 3599 4680 xui,
3660 4617 3742 4668 li.

492 4834 714 4892 interitu
753 4844 849 4889 aut
877 4834 997 4906 ejus
1045 4845 1241 4901 morte,
1273 4838 1364 4890 sed
1411 4836 1525 4890 sola
1573 4835 1958 4889 immutatione
2003 4851 2066 4890 ac
2101 4845 2143 4900 ι)
2243 4837 2358 4905 (83)
2392 4839 2620 4905 August.
2674 4839 2725 4892 in
2765 4839 3052 4907 Psal.crx.,
3078 4849 3133 4896 et
3181 4851 3249 4896 tr.
3279 4841 3367 4904 l9,
3403 4842 3456 4896 in
3479 4841 3638 4898 Joan.

494 4923 630 4962 nova
658 4909 928 4970 claritate,
955 4908 1008 4958 in
1041 4907 1237 4962 coelum
1272 4907 1474 4976 Deique
1496 4916 1854 4976 conspectum
1885 4915 2065 4961 trans-

493 4976 701 5030 ferendi
734 4991 988 5040 eramus;
1043 4977 1188 5046 quod
1221 4975 1398 5045 ipsum
1446 4977 1577 5044 justi
1630 4975 2065 5046 perChristum,

491 5046 818 5113 configurati
869 5047 990 5112 ejus
1047 5045 1208 5100 morti
1256 5057 1308 5100 et
1359 5045 1778 5110 resurrectioni,
1831 5046 2069 5113 perfecte

492 5118 709 5171 demum
760 5117 814 5168 in
862 5119 1272 5186 resurrectione
1303 5116 1541 5180 universi
1579 5116 1794 5186 generis
1843 5115 2064 5168 humani

493 5196 936 5254 consequentur;
988 5189 1166 5254 ipsum
1219 5185 1423 5240 Christi
1471 5184 1698 5254 regnum
1735 5184 1844 5238 Deo
1876 5195 2069 5253 sponte

492 5257 824 5326 subjectum,
849 5264 902 5306 et
929 5258 982 5306 in
1010 5271 1118 5322 quo
1149 5255 1290 5310 Deus
1322 5256 1393 5308 sit
1421 5256 1626 5326 omnia,
1663 5255 1829 5308 futuri
1862 5254 2070 5326 :Amalis

496 5324 634 5396 ipsis
683 5327 908 5396 perinde
956 5340 1049 5392 per
1084 5327 1378 5393 potentiam
1423 5324 1977 5396 deitatisgsubiectis,
2010 5332 2069 5396 ut

494 5393 580 5450 vel
643 5393 1003 5451 renitentibus
1036 5396 1090 5448 in
1145 5396 1225 5464 eis
1271 5397 1382 5460 fiat,
1436 5394 1699 5464 quidquid
1758 5395 1900 5447 Deus
1952 5393 2068 5447 fieri

496 5468 760 5521 decrevit.
820 5465 1094 5520 l’otuisset
1145 5463 1370 5518 Calecas
1427 5465 1532 5517 alia
1583 5463 1685 5517 hoc
1745 5473 2069 5532 argumento

497 5542 797 5607 prosequi,
855 5537 999 5606 quod
1053 5535 1274 5605 quidam
1345 5544 1659 5607 sanctorum
1723 5534 2068 5607 (prmsertmt

501 5604 885 5679 Grcngyss.)
915 5604 1203 5679 videantur
1228 5606 1387 5673 quasi
1428 5605 1755 5679 Origeniane
1781 5604 2068 5679 locuti‘m‘:

499 5679 595 5747 τῆς
614 5672 1119 5742 ἆποκαταστάσεως
1142 5694 1155 5744 ;
1181 5672 1382 5747 quibus
1406 5676 1742 5745 exponendis
1768 5673 1855 5724 alii
1884 5672 2067 5724 itidem

503 5745 714 5800 laborat
725 5758 900 5802 erunt.

2176 4924 2180 4932 '
2247 4910 2358 4976 (84)
2397 4908 2460 4960 '0
2493 4909 2796 4976 βασιλεὺς
2840 4913 2908 4963 ἐν
2949 4912 3290 4966 ἀναπαύσει
3329 4913 3537 4967 αὐτοῦ.
3571 4913 3741 4968 Scho-

2174 4977 2245 5052 l_ia
2296 4976 2456 5052 Korn.
2491 4993 2553 5052 ett
2607 4977 2851 5052 Symnév
2898 4982 3226 5034 ἀναπαύσει.
3264 4981 3448 5036 Οτωςιι
3489 4983 3642 5052 Vulg.
3688 4985 3742 5034 ἐν

2160 5047 2453 5116 ἀνακλίσει
2484 5063 2498 5078 ·
2531 5049 2584 5099 in
2628 5047 2894 5112 accubitu,
2944 5066 3036 5104 seu
3068 5052 3332 5116 rerubitu,
3377 5053 3451 5106 uti
3504 5047 3650 5107 Hie'r.
3681 5069 3742 5106 rx

2172 5115 2408 5187 Origene
2447 5117 2700 5173 reddidit.
2743 5118 2906 5174 llebr.
2942 5121 3221 5174 circuitum
3254 5133 3472 5186 sonant,
3512 5138 3540 5176 a
3579 5127 3744 5177 verbo

2319 5226 2334 5251 ,
2364 5187 2511 5256 quod
2547 5187 2600 5240 in
2632 5189 2816 5242 orbem
2851 5191 3256 5258 antiquitus.ad
3298 5207 3542 5247 mensam
3591 5194 3744 5246 sede-

2177 5265 2297 5310 rent
2327 5273 2413 5330 :__a
2463 5271 2571 5325 quo
2609 5273 2762 5330 more
2818 5275 2918 5314 nec
2965 5271 3216 5330 nostrum
3256 5261 3500 5330 plerique
3547 5263 3744 5316 abhor-

2180 5338 2319 5398 rent.
2346 5326 2654 5398 Comment.
2688 5328 2739 5381 in
2781 5332 2941 5383 Cant.
2977 5327 3194 5384 Eusebii
3228 5326 3446 5386 nurnine
3476 5333 3555 5386 sic
3585 5347 3750 5398 expo-

2179 5396 2305 5469 nit:
2353 5395 2441 5469 ’ίξς
2490 5397 2555 5469 ἂν
2603 5398 2719 5468 εῐης
2755 5400 2992 5467 καθέδρα
3041 5401 3306 5469 βασιλέως
3339 5416 3352 5430 ο
3403 5411 3458 5451 ut
3502 5403 3575 5454 sis
3605 5395 3748 5455 sedes

2177 5468 2350 5533 regis;
2399 5466 2683 5539 iungitque
2733 5466 3134 5539 superioribus,
3170 5482 3244 5524 uti
3292 5479 3346 5523 et
3395 5471 3549 5524 l’liilo
3583 5472 3746 5539 Carp.

2177 5550 2335 5590 secus
2387 5551 2452 5610 ac
2508 5537 2662 5610 Vulg.
2728 5548 2787 5593 ut
2837 5538 3172 5610 significetur
3222 5549 3453 5594 ornatus
3509 5537 3746 5610 sponsae,

2177 5620 2354 5728 usque
2403 5609 2528 5661 dum
2572 5609 2732 5679 digna
2784 5607 2969 5679 Sponsi
3027 5615 3186 5664 sedes
3218 5619 3270 5663 et
3303 5607 3591 5666 accubitus
3624 5607 3752 5666 evai-

2217 5688 2291 5728 at.

2217 5688 2291 5730 ill.
