4056 6266
337 349 454 410 ﬁlii

1297 361 1398 422 DE
1437 359 2118 426 PRINCIPIISLFIDEI
2157 365 2624 433 CATHOLlC/E.

3462 377 3570 441 646

339 487 358 521 ι
396 469 539 523 Μίαν
564 470 854 544 ᾐτησάμην
900 477 1050 546 παρά
1110 475 1342 547 Κυρίου·
1393 479 1597 549 ταύτην
1653 480 1895 549 ζητήσω,

2005 479 2219 535 Domini
2250 485 2507 539 omnibus
2536 487 2728 543 diebus
2763 487 2884 543 vita:
2919 504 3053 545 mea!
3087 507 3100 544 :
3137 500 3193 546 ut
3217 492 3428 548 videam
3481 497 3573 566 ju-

331 561 394 613 τὸ
417 565 698 615 κατοικεῖν
730 581 796 633 με
843 567 903 618 ἐν
931 566 1068 636 οἴκῳ
1095 569 1301 638 Κυρίου
1349 572 1526 634 πάσας
1557 571 1656 634 τὰς
1691 571 1904 642 ἡμέρας

330 654 429 720 τῆς
456 653 602 724 ζωῆς
640 674 766 726 μουο
872 659 967 713 τοῦ
1031 661 1254 731 θεωρεῖν
1312 680 1378 732 με
1420 663 1516 727 τὴν
1561 665 1904 735 τερπνότητα

333 744 566 813 Κυρίου.
609 765 628 797 ι
666 748 827 801 Ὥστε
852 750 961 803 ἀπὸ
992 751 1094 819 τῆς
1143 752 1379 806 ἐνταῦθα
1407 754 1643 816 πίστεως
1675 757 1753 817 είς
1807 755 1904 825 τὴν

334 834 646 902 μέλλουσαν
678 841 895 910 ἐκείνην
929 842 1022 895 καὶ
1067 844 1308 914 ἀρῤητον
1345 844 1653 899 ἀπόλαυσιν
1701 862 1903 899 καταν-

329 927 590 997 τήσομεν.
628 929 734 984 Καὶ
759 934 866 1003 γάρ
921 951 1107 1004 φησιν,
1181 935 1398 1000 «Αὐτὸς
1451 938 1479 990 ὁ
1524 936 1708 1007 Πατήρ
1755 937 1899 1005 φιλεῖ

331 1021 501 1090 ὑμᾶς,
534 1026 618 1078 ὅτι
656 1027 816 1097 ὑμεῖς
846 1031 949 1098 ἐμὲ
975 1031 1336 1100 πεφιλήκατε,
1369 1033 1467 1084 καὶ
1494 1031 1895 1084 πεπιστεύκατε

329 1115 415 1168 ὅτι
449 1117 560 1182 ἐγὼ
584 1120 735 1190 παρά
763 1122 857 1174 τοῦ
897 1123 1112 1195 Πατρὸς
1143 1125 1389 1194 ἐξῆλθον.
1446 1123 1702 1193 Ἐξῆλθον
1748 1123 1901 1190 παρὰ

328 1209 424 1261 τοῦ
484 1212 719 1282 Πατρὸς,
784 1217 879 1270 καὶ
930 1217 1168 1288 ἐλήλυθα
1221 1219 1300 1278 είς
1352 1217 1444 1270 τὸν
1498 1216 1722 1286 κόσμον.
1793 1215 1965 1268 Πάλιν

330 1307 607 1378 Πατέρα.»

403 1405 564 1459 Οὕτω
594 1406 725 1474 γοῦν
759 1408 996 1463 ἐνταῦθα
1020 1410 1352 1479 πιστεύομεν
1397 1411 1480 1464 ὅτι
1531 1409 1694 1471 αὐτὸς
1738 1409 1767 1462 ὁ
1815 1402 1897 1469 εἷς

241 1482 245 1491 ’
330 1496 428 1562 τῆς
456 1496 685 1565 Τριάδος
716 1499 744 1551 ὁ
779 1500 842 1551 ἐκ
876 1499 970 1552 τοῦ
1001 1500 1134 1555 Θεοῦ
1167 1505 1260 1555 καὶ
1311 1503 1523 1572 Πατρὺς
1557 1499 1897 1570 γεννώμενος

331 1589 520 1649 ἀῖδίως
549 1591 643 1642 καὶ
676 1589 998 1660 ἀῤῥεύστως
1029 1594 1124 1645 καὶ
1148 1595 1576 1664 ἀνεκφοιτήτως,
1627 1595 1770 1648 κατά
1799 1593 1897 1662 τὴν

330 1678 522 1730 οὐσίαν
567 1680 682 1741 ἴσος
711 1677 786 1732 ὢν
818 1681 967 1751 αὐτῷ
997 1685 1094 1737 καὶ
1147 1684 1353 1754 ἀληθὴς
1385 1685 1512 1748 Υίὸς
1586 1684 1750 1738 αὐτοῦ
1803 1685 1896 1737 καὶ

331 1767 532 1834 Λόγος,
561 1768 630 1820 δι’
654 1769 714 1822 οὖ
750 1771 818 1824 τὰ
859 1773 1038 1826 πάντα
1069 1775 1313 1842 ἐγένετο,
1355 1775 1634 1830 κατελθὼν
1693 1777 1756 1829 ἐκ
1787 1775 1897 1828 τῶν

330 1860 605 1927 οὐρανῶν,
646 1861 876 1914 ἀνέλαϐε
931 1866 1111 1936 σάρκα
1168 1866 1230 1917 ἐκ
1271 1866 1370 1935 τῆς
1410 1866 1576 1934 ἁγίας
1631 1866 1898 1922 Θεοτόκου

332 1952 423 2002 καὶ
453 1954 818 2023 ἀειπαρθένου
842 1956 1062 2026 Μαρίας
1094 1958 1184 2011 διὰ
1235 1958 1333 2028 τὴν
1393 1959 1668 2027 ἡμετέραν
1718 1976 1898 2030 σωτη-

333 2044 479 2112 ρίαν,
538 2044 668 2098 ἄνευ
704 2047 977 2116 ἁμαρτίας
1042 2052 1135 2103 καὶ
1180 2051 1363 2117 πάσης
1421 2049 1761 2114 ἀλλοιώσεως
1804 2052 1898 2104 καὶ

329 2136 537 2205 τροπῆς
562 2152 578 2169 ·
615 2138 707 2190 καὶ
739 2138 1055 2209 ἐσταυρώθη
1080 2142 1219 2194 κατὰ
1244 2144 1304 2193 τὸ
1340 2141 1704 2211 ἀνθρώπινον,
1740 2143 1895 2210 γενό-

331 2243 492 2293 μενος
520 2227 661 2299 ὑπὲρ
693 2230 849 2298 ἡμῶν
877 2230 1089 2300 κατάρα
1113 2248 1127 2262 ο
1175 2233 1269 2285 καὶ
1301 2233 1589 2287 ἀποθανὼν
1624 2234 1897 2304 κατῆλθεν

327 2318 387 2369 ἐν
413 2318 492 2389 τῷ
513 2313 616 2389 ᾆδη
657 2321 796 2388 μετὰ
822 2321 1005 2392 ψυχῆς
1031 2324 1104 2386 ὡς
1126 2325 1280 2387 Θεὸς,
1313 2328 1405 2379 καὶ
1428 2327 1494 2397 τῇ
1525 2327 1682 2397 τρίτῃ
1714 2328 1896 2396 ἡμέρᾳ

327 2409 566 2474 ἀναστὰς
604 2413 668 2464 ἐκ
689 2413 798 2466 τῶν
824 2415 1058 2484 νεκρῶν,
1092 2417 1191 2486 τὴν
1215 2419 1495 2489 ἡμετέραν
1527 2421 1893 2480 συνανέστησε

328 2500 514 2567 φύσιν,
576 2505 668 2556 καὶ
690 2504 970 2576 ἀνελήφθη
1001 2509 1082 2570 είς
1113 2512 1239 2572 τοὺς
1274 2511 1563 2578 οὐρανοὺς,
1593 2515 1687 2564 καὶ
1717 2513 1896 2566 ἐκάθι-

329 2607 420 2642 σεν
474 2593 530 2642 ἐν
581 2591 734 2662 δεξιᾷ
794 2594 890 2646 τοῦ
939 2595 1075 2648 Θεοῦ
1126 2599 1221 2650 καὶ
1280 2600 1523 2669 Πατρός·
1586 2601 1646 2653 τὸ
1714 2603 1896 2671 ὁμότι-

330 2697 431 2749 μον
491 2682 596 2750 rip
643 2685 801 2750 ἀξίας
853 2686 948 2738 τοῦ
1009 2688 1066 2739 ἐν
1131 2687 1282 2758 δεξιᾷ
1339 2690 1734 2760 σημαίνοντος·
1800 2695 1894 2745 καὶ

330 2771 493 2824 πάλιν
531 2775 558 2826 ὁ
608 2774 772 2838 αὐτὸς
821 2776 1102 2831 ἐλεύσεται
1153 2783 1337 2848 κρῖναι
1396 2782 1602 2846 ζῶντας
1655 2785 1744 2835 καὶ
1807 2801 1892 2836 νε-

327 2864 512 2933 κρούς.

402 2957 464 3008 El
493 2957 675 3010 τοίνυν
700 2957 912 3023 τούτοις
946 2962 1303 3032 πιστεύομεν,
1357 2965 1547 3035 πόρρω
1579 2967 1759 3036 πάσης
1791 2970 1894 3037 ἀμ-

329 3047 583 3115 φιϐολίας
611 3049 708 3116 τῆς
741 3049 1044 3121 μελλούσης
1080 3053 1240 3124 δνεξης
1275 3054 1370 3107 καὶ
1405 3055 1640 3126 θεωρίας
1671 3060 1890 3112 ἐπιτευ-

2001 571 2334 628 cunditatem
2357 573 2569 628 Domini
2629 576 2695 631 δ’.
2742 595 2760 626 ι
2824 578 3012 648 itaque
3070 596 3099 634 a
3157 581 3281 644 (ide,
3342 598 3464 651 qua:
3520 586 3574 638 in

2001 663 2255 726 praesenti
2283 673 2388 724 est.
2422 665 2490 718 ad
2524 667 2762 720 futuram
2805 668 2948 721 illam
2996 671 3253 740 nullaque
3283 673 3574 727 verborum

2001 751 2050 804 vi
2081 753 2459 820 explicabilem
2489 757 2896 827 iucunditatem
2926 762 3298 817 deveniemus.
3359 763 3570 817 Etenim

2001 842 2077 896 ait
2106 859 2119 897 :
2155 862 2173 894 ι
2215 843 2356 913 Ipse,
2400 846 2562 903 Pater
2587 860 2732 905 amat
2764 867 2884 914 vos,
2909 853 3037 922 quia
3075 869 3170 909 vos
3203 869 3287 908 me
3322 857 3572 919 amastis,

2003 944 2059 991 et
2091 937 2401 995 credidistis
2425 942 2560 1015 quia
2590 959 2690 1014 ego
2715 960 2745 1000 a
2771 943 2930 999 Patre
2959 947 3121 1002 exivi.
3157 945 3310 1002 Exivi
3335 963 3363 1002 a
3391 951 3573 1014 Patr»,

2005 1035 2060 1083 et
2087 1030 2206 1082 veni
2241 1030 2293 1083 in
2355 1033 2618 1087 mundum
2649 1051 2665 1089 :
2741 1035 2939 1089 iterum
2972 1037 3220 1108 relinquo
3282 1042 3572 1105 mundum,

2007 1133 2060 1180 et
2083 1125 2222 1180 vado
2247 1126 2312 1180 ad
2349 1125 2561 1181 Patrem
2587 1127 2655 1180 “.
2699 1145 2718 1180 ι
3207 1119 3209 1124 ’

2011 1217 2216 1287 ἀφίημι
2277 1220 2370 1273 τὸν
2429 1219 2658 1289 κόσμον,
2738 1221 2832 1274 καὶ
2904 1221 3208 1292 πορεύομαι
3274 1223 3412 1292 πρὸς
3485 1226 3576 1277 τὸν

2080 1403 2154 1456 lta
2186 1403 2354 1472 igitur
2385 1403 2475 1458 hic
2499 1403 2798 1470 credimus,
2823 1405 3000 1472 ipsum
3037 1420 3203 1459 unum
3259 1422 3327 1460 ex
3387 1417 3575 1460 sancta

2003 1495 2292 1559 Trinitate,
2329 1511 2392 1549 ex
2427 1495 2535 1550 Deo
2571 1506 2624 1550 et
2667 1497 2830 1550 Patre
2881 1498 2949 1550 ab
3003 1506 3210 1551 aeterno
3237 1508 3290 1551 et
3347 1499 3572 1560 illibate,

2004 1587 2250 1657 nihilque
2276 1601 2342 1642 eo
2371 1586 2713 1652 excedenda,
2742 1596 2953 1651 natum,
2983 1589 3244 1657 a-qualem
3285 1589 3356 1642 illi
3383 1603 3598 1643 secunt

2003 1681 2130 1733 dum
2172 1679 2560 1744 substantiam,
2593 1674 2890 1750 verumque
2927 1680 3044 1749 ejus
3077 1679 3273 1734 Filium
3311 1696 3374 1734 ac
3436 1680 3571 1734 Ver-

2005 1771 2152 1832 bum.
2183 1785 2280 1840 per
2300 1785 2459 1838 quem
2493 1771 2633 1824 facta
2668 1781 2797 1826 sunt
2869 1771 3072 1835 omnia,
3144 1772 3562 1825 descendentem

2007 1864 2072 1918 de
2102 1863 2275 1926 caelis,
2310 1878 2531 1918 carnem
2566 1878 2630 1916 ex
2671 1874 2859 1917 sancta
2888 1863 2981 1916 Dei
3021 1862 3296 1917 Genitrice
3325 1879 3574 1933 semper-

2005 1971 2109 2025 que
2129 1956 2348 2022 Virgine
2379 1956 2572 2021 Maria,
2601 1965 2822 2025 propter
2865 1965 3106 2009 nostram
3143 1955 3393 2019 salutem,
3455 1956 3576 2009 abs-

2004 2063 2111 2115 que
2137 2059 2359 2118 peccato
2386 2050 2630 2118 citraque
2664 2062 2880 2102 omnem
2915 2049 3269 2102 mutationem
3295 2055 3346 2100 et
3369 2047 3571 2109 labem,

2004 2142 2399 2210 assumpsisse,
2445 2155 2526 2205 ac,
2559 2148 2829 2208 quatenus
2853 2139 3039 2204 homo,
3101 2137 3420 2194 cruciﬁxum
3453 2152 3576 2192 esse

2003 2234 2208 2289 factum
2274 2247 2371 2302 pro
2456 2232 2619 2287 nobis
2682 2231 3028 2285 maledictum
3059 2230 3107 2262 δι
3162 2242 3570 2300 mortuumque,

2002 2327 2182 2380 anima
2207 2325 2405 2379 comite
2432 2323 2484 2376 in
2513 2323 2786 2377 inl’ernttm
2851 2331 2912 2376 ut
2979 2319 3148 2375 Deum
3196 2322 3566 2386 descendisse,

2003 2417 2195 2485 dieque
2227 2415 2383 2468 tertia
2445 2422 2882 2483 resurgentema
2953 2413 3209 2475 mortuis,
3271 2414 3572 2468 humanum

2001 2521 2173 2578 genus
2202 2521 2309 2560 una
2339 2520 2524 2561 secum
2563 2507 2890 2560 suscitasse:
2929 2513 3092 2571 atque
3156 2504 3210 2556 in
3258 2502 3427 2558 ccelos
3483 2519 3567 2558 rc-

1950 2627 1952 2630 τ
2001 2606 2241 2666 ceptum,
2298 2598 2351 2650 in
2418 2597 2511 2651 Dei
2545 2611 2610 2650 ac
2662 2595 2838 2648 Patris
2907 2593 3128 2648 dextera
3193 2595 3573 2649 consedisse:

2007 2705 2203 2759 nempe
2221 2691 2366 2758 quod
2403 2704 2432 2742 a
2464 2687 2674 2742 dextris
2691 2687 2910 2751 dicitur,
2979 2688 3124 2756 paris
3162 2701 3284 2740 cum
3307 2701 3373 2741 eo
3400 2687 3578 2756 digni-

2001 2781 2128 2835 tatis
2153 2780 2414 2834 honorem
2466 2778 2849 2848 signiﬁcante;
2908 2778 3158 2832 eumdem
3187 2794 3383 2834 rursus
3449 2794 3578 2832 ven-

2002 2884 2182 2927 turum
2225 2879 2283 2925 ut
2305 2871 2510 2940 judicet
2544 2872 2696 2926 vivos
2728 2881 2781 2925 et
2815 2879 3082 2924 mortuos.

2073 2964 2129 3019 Si
2157 2963 2320 3034 igitur
2349 2963 2432 3017 his
2466 2962 2622 3016 ﬁdem
2650 2962 3146 3023 accommodamus,
3177 2960 3313 3014 citra
3351 2975 3567 3016 onmem

2001 3055 2332 3110 dubietatem
2361 3053 2598 3108 futuram
2663 3054 2890 3122 gloriam
2958 3067 3021 3106 ac
3067 3051 3333 3106 visionem
3381 3067 3571 3106 conse-

325 3137 524 3206 ξόμεθα
584 3139 686 3192 «⁸0
716 3140 818 3209 γὰρ
845 3141 981 3210 ἔχων
1062 3143 1157 3205 τὰς
1205 3145 1421 3209 ἐντολάς
1496 3164 1617 3215 μου,
1659 3167 1677 3198 ι
1738 3151 1892 3216 φησι,

2000 3162 2230 3220 quemur
2262 3164 2276 3202 :
2321 3146 2452 3212 (Qui
2483 3146 2627 3200 enim
2661 3145 2821 3200 habet
2847 3146 3101 3198 mandata
3167 3160 3311 3209 mea,
3374 3147 3572 3212 inquit,

332 3244 350 3278 ε
381 3229 475 3281 καὶ
509 3230 690 3300 τηρῶν
750 3231 944 3294 αύτάς,
1009 3233 1217 3296 ἐκεῖνός
1267 3236 1412 3288 ἐστιν
1441 3237 1467 3288 ὁ
1517 3237 1747 3306 ἀγαπῶν
1792 3258 1882 3309 με.

336 3325 395 3377 '0
428 3324 485 3378 δὲ
510 3327 742 3393 ἀγαπῶν
773 3343 841 3396 με
899 3328 1316 3399 ἀγαπηθήσεται
1390 3332 1492 3384 ὑπὸ
1549 3333 1640 3386 τοῦ
1675 3334 1888 3404 Πατρός

327 3433 450 3485 μου,
485 3418 579 3470 καὶ
615 3415 725 3484 ἐγὼ
749 3420 1022 3488 ἀγαπήσω
1051 3420 1239 3485 αὐτὸν,
1275 3423 1368 3475 καὶ
1423 3425 1709 3492 ἐμφανίσω
1743 3425 1889 3495 αύτῷ

325 3508 617 3575 ἐμαυτόν.ι
657 3509 788 3572 Kal,
845 3507 1000 3562 (Ἐὰν
1023 3511 1272 3576 ἀγαπᾶτέ
1305 3529 1395 3580 με,
1427 3514 1527 3575 τὰς
1551 3513 1766 3574 ἐντολάς
1787 3503 1888 3584 μου

326 3594 618 3664 τηρήσετεο
651 3598 745 3648 καὶ
776 3596 886 3662 ἐγὼ
917 3597 1180 3668 ἐρωτήσω
1211 3600 1304 3652 τὸν
1337 3601 1577 3670 Πατέρα,
1605 3603 1700 3656 καὶ
1732 3603 1890 3659 ἄλλον

327 3685 686 3756 Παράκλητον
717 3687 881 3741 δώσει
924 3690 1076 3760 ὑμῖν,
1120 3689 1210 3744 ἵνα
1265 3691 1403 3764 μένῃ
1437 3693 1558 3762 μεθ’
1608 3695 1762 3764 ὑμῶν
1813 3697 1891 3756 εἰς

323 3776 644 3844 τδν”αίῶνα,
673 3779 735 3831 τὸ
774 3779 998 3850 Πνεῦμα
1059 3781 1160 3849 τῆς
1216 3782 1496 3850 ἀληθείας,
1548 3784 1576 3835 ὃ
1621 3787 1648 3836 ὁ
1689 3785 1890 3856 κόσμος

325 3868 388 3919 ού
419 3868 642 3920 δύναται
706 3867 932 3921 λαϐεῖν’
998 3890 1015 3922 t
1077 3873 1124 3924 οί
1182 3872 1466 3948 φιλοῦγτες
1511 3874 1753 3943 δηλονότι
1803 3880 1893 3930 τὸν

328 3959 552 4026 κόσμον.
618 3961 748 4022 Καὶ,
795 3978 813 4012 ι
854 3961 1024 4014 Πάλιν
1074 3963 1326 4034 ἔρχομαι,
1372 3967 1465 4019 καὶ
1496 3967 1894 4038 παραλήψομαι

329 4049 472 4120 ὑμᾶς
505 4051 641 4120 πρὸς
691 4053 928 4122 ἐμαυτόν
949 4071 965 4086 ο
1001 4053 1088 4106 ἵνα
1119 4056 1254 4108 ὅπου
1285 4059 1401 4126 είμλ⁵
1430 4057 1563 4126 ἐγὼ,
1623 4059 1716 4112 xal
1738 4060 1892 4130 ὑμεῖς

324 4137 446 4213 ἦτε.
487 4163 506 4195 ι
537 4143 663 4208 Καὶ,
698 4163 716 4196 t
746 4144 916 4208 Θέλω,
973 4145 1178 4216 Πάτερ,
1226 4145 1320 4212 οὓς
1364 4147 1600 4211 δέδωκάς
1647 4165 1758 4216 μοι,
1805 4150 1892 4201 ἵνα

325 4237 459 4289 ὅπου
490 4235 607 4304 εἰμὶ
634 4236 763 4304 ἐγὼ,
793 4236 1036 4290 κάκεῖνοι
1085 4231 1187 4290 ὦσι
1239 4237 1357 4309 μετ’
1401 4239 1555 4308 ἐμοῦ,
1610 4241 1696 4293 ἵνα
1759 4241 1895 4295 θεω-

331 4328 466 4397 ρῶσι
496 4328 598 4396 τὴν
626 4329 785 4393 δόξαν
839 4330 904 4399 ήν
932 4330 1173 4393 δέδωκάς
1207 4348 1318 4400 μοι,
1379 4333 1462 4385 ὅτι
1495 4333 1791 4403 ἠγάπησάς
1827 4351 1893 4402 με

330 4419 438 4489 πρὸ
469 4418 778 4490 καταϐολῆς
823 4422 1052 4491 κόσμου.
1091 4440 1110 4472 ι

401 4529 420 4560 ‹
433 4582 446 4591 ⁹
473 4512 708 4566 Πάντοτε
782 4508 875 4566 οὖν

327 4605 418 4658 τὸν
459 4606 603 4658 θεῖον
632 4607 980 4672 Ἀπόστολον,
1018 4607 1111 4658 καὶ
1158 4608 1468 4676 χαρήσεται
1499 4608 1659 4676 ἡμῶν
1693 4610 1724 4678 ή
1758 4627 1894 4676 καρ-

326 4699 433 4762 δία,
473 4698 628 4768 καὶὴ
683 4700 828 4768 χαρὰ
886 4697 1042 4768 ἡμῶν
1110 4697 1519 4766 πεπληρωμένη
1568 4697 1738 4759 ἐσται,
1800 4700 1894 4750 καὶ

326 4788 532 4857 ταύτην
557 4789 740 4850 οὐδεὶς
758 4789 903 4859 αἴρει
935 4790 1032 4857 ἀφ’
1079 4789 1256 4857 ήμῶν,
1293 4787 1368 4850 ὡς
1400 4790 1427 4840 ὁ
1471 4787 1670 4856 Κύριός
1703 4806 1890 4858 φησιν,

325 4878 413 4929 ὅτε
467 4879 648 4930 ούκὲτι
683 4880 739 4930 ἐν
773 4877 1098 4947 παροιμίαις
1139 4877 1363 4946 λαλήσει
1405 4877 1561 4945 ἡμῖν,
1587 4875 1724 4931 ἀλλὰ
1750 4880 1893 4946 παῤ-

329 4967 493 5038 ρησία
525 4966 769 5036 περὶτοῦ
798 4967 1009 5036 Πατρὸς
1035 4965 1201 5019 αὐτοῦ
1227 4967 1522 5034 ἀναγγελεῖ
1544 4969 1696 5037 ἡμῖν.
1727 4985 1745 5017 ι
1781 4966 1888 5019 Τοῦ

329 5060 537 5128 Πατρὸς
581 5078 599 5111 t
635 5058 692 5113 δὲ
757 5058 949 5125 εἰπὼν,
1003 5059 1188 5114 δίδωσι
1241 5060 1335 5112 καὶ
1377 5061 1568 5113 ἑαυτὸν
1612 5061 1753 5129 μετά
1795 5059 1888 5112 τοῦ

327 5147 480 5216 ἀγίου
547 5148 872 5218 Πνεύματος
933 5149 1277 5212 ἁδιαστάτως
1333 5149 1592 5203 νοεῖσθαι.
1645 5145 1738 5225 Εἷς
1783 5150 1890 5218 γὰρ

326 5241 454 5305 Θεός
498 5243 613 5295 ἐστι
659 5242 797 5310 μετά
825 5241 920 5294 τοῦ
980 5241 1193 5311 Πατρδς
1251 5241 1344 5292 καὶ
1402 5239 1498 5293 τοῦ
1553 5238 1891 5309 Πνεύματος.

330 5330 642 5397 Τουτὲστιν,
681 5330 796 5382 Οὐκ
829 5329 1051 5382 ἔσονται
1106 5331 1423 5399 ὁμοιότητες
1465 5330 1560 5382 καὶ
1624 5329 1891 5400 σύμϐολα,

327 5422 424 5492 τῆς
453 5422 702 5493 ὁράσεως
732 5421 1029 5492 γινομένης
1061 5421 1353 5489 πρόσωπον
1403 5422 1543 5490 πρὸς
1576 5421 1890 5489 πρόσωπον.

328 5511 429 5568 Καὶ
464 5513 574 5581 γάρ
598 5527 762 5582 φησιν
784 5512 811 5563 ό
859 5510 1210 5575 Ἀπόστολος,
1248 5528 1266 5562 ι
1299 5511 1470 5567 Ὅταν
1506 5510 1636 5582 ἔλθῃ
1681 5509 1742 5563 τὸ
1801 5510 1894 5562 τέ-

1987 3253 2041 3298 et
2073 3248 2356 3303 servatea,
2390 3240 2481 3292 ille
2502 3246 2581 3292 est
2614 3238 2705 3307 qui
2729 3237 2904 3305 diligit
2938 3250 3042 3290 me.
3065 3234 3165 3302 Qui
3197 3245 3374 3289 autem
3402 3235 3578 3305 diligit

1991 3349 2097 3398 me,
2164 3332 2419 3400 diligetur
2478 3345 2506 3382 a
2545 3328 2707 3383 Patre
2743 3341 2885 3392 meo,
2916 3333 3087 3396 etego
3146 3325 3366 3394 diligam
3424 3340 3572 3387 eum,

1989 3436 2044 3479 et
2098 3421 2467 3477 manifestabo
2497 3420 2547 3474 ei
2588 3419 2854 3487 tneipsum
2876 3417 2941 3471 ".
2979 3435 2997 3468 ι
3036 3414 3100 3470 Et
3132 3434 3144 3470 :
3185 3435 3203 3466 ι
3243 3417 3299 3469 Si
3337 3415 3565 3485 diligitis

1991 3531 2100 3579 me,
2123 3513 2373 3567 mandata
2407 3525 2523 3564 mea
2549 3510 2859 3573 servabitis,
2893 3519 2946 3560 et
2976 3521 3074 3576 ego
3107 3507 3308 3576 rogabo
3333 3504 3577 3575 Patrem,

1989 3612 2045 3659 et
2087 3603 2250 3657 alium
2314 3599 2654 3654 Paracletum
2711 3598 2861 3652 dabit
2905 3596 3080 3659 vobis,
3115 3594 3376 3665 Spiritum
3423 3594 3570 3648 veri-

1999 3694 2144 3756 latis,
2196 3706 2356 3762 quem
2413 3690 2649 3742 mundus
2681 3703 2785 3741 non
2812 3695 2992 3755 potest
3019 3686 3271 3755 accipere
3306 3685 3352 3716 ⁸⁸
3388 3704 3401 3738 :
3448 3703 3469 3738 ι
3534 3684 3570 3737 ii

1992 3784 2300 3854 scilicctqni
2326 3782 2510 3836 mundi
2536 3794 2723 3836 amore
2741 3788 3012 3834 tenentur.
3038 3777 3134 3831 Et:
3163 3796 3180 3828 ‹
3207 3777 3572 3832 lterumveni-

1994 3891 2104 3941 am,
2143 3884 2197 3931 et
2260 3873 2519 3944 accipiam
2553 3887 2648 3928 vos
2677 3872 2740 3926 ad
2783 3872 3070 3940 meipsum,
3111 3881 3168 3924 ut
3203 3869 3289 3922 ubi
3316 3886 3414 3939 ego
3452 3884 3569 3922 sum

1993 3981 2046 4026 et
2095 3985 2190 4024 vos
2233 3968 2350 4024 sitis
2405 3967 2503 4018 δτι»
2543 3965 2652 4020 Et:
2699 3985 2717 4018 ι
2775 3963 2934 4028 Volo,
2984 3963 3164 4029 Pater,
3206 3977 3346 4029 quos
3372 3961 3568 4016 dedisti

1995 4062 2149 4123 mihi,
2206 4072 2262 4113 ut
2320 4058 2408 4112 ubi
2458 4073 2560 4127 ego
2590 4072 2738 4123 sum,
2808 4055 2970 4110 etilli
3040 4056 3149 4107 sint
3217 4067 3451 4116 mecum,
3514 4060 3572 4104 ut

1999 4149 2218 4205 videant
2246 4150 2574 4211 claritatem,
2593 4157 2757 4217 qu'am
2787 4146 2983 4200 dedisti
3010 4146 3160 4205 mihi,
3189 4147 3315 4215 quia
3338 4143 3570 4199 dilexisti

1996 4255 2083 4296 me
2137 4249 2260 4294 ante
2313 4238 2502 4294 mundi
2559 4238 3001 4294 constitutionem
3059 4235 3123 4288 δί’.
3157 4255 3174 4286 ι

995 4517 1092 4568 σὺν
1151 4513 1334 4584 Κυρίῳ
1400 4514 1677 4584 ἐσόμεθα,
1754 4517 1895 4570 κατὰ

2074 4521 2092 4554 ι
2115 4504 2338 4572 Semper
2355 4503 2518 4572 igitur
2535 4493 2660 4556 cum
2683 4501 2913 4556 Domino
2930 4503 3134 4556 erimus
3151 4503 3216 4568 δ’,
3246 4521 3264 4554 ι
3290 4502 3577 4558 uliauctor

1997 4601 2082 4646 cst
2105 4596 2289 4647 beatus
2306 4591 2529 4657 Paulus,
2552 4602 2605 4646 et
2628 4592 2896 4662 gaudebit
2933 4607 3026 4645 cor
3071 4602 3338 4660 nostrum,
3369 4603 3572 4663 etgau-

1997 4683 2146 4738 dium
2167 4693 2408 4738 nostrum
2430 4683 2647 4752 plenum
2673 4684 2798 4748 erit,
2821 4699 2919 4737 nec
2937 4682 3134 4750 aliquis
3175 4684 3351 4752 ipsum
3373 4685 3523 4738 tollet
3543 4699 3573 4738 α

2000 4775 2182 4841 nobis,
2207 4777 2282 4828 uti
2303 4775 2688 4828 Dominusait'
2722 4776 3061 4842 quandonon
3094 4775 3146 4826 in
3182 4775 3481 4842 proverbiis
3499 4777 3576 4829 lo-

1995 4877 2192 4936 quctur
2220 4867 2398 4930 nobis,
2418 4867 2508 4922 sed
2530 4862 2787 4936 palam'tle
2806 4866 2966 4920 Patre
2995 4882 3094 4921 suo
3121 4868 3460 4949 annuntiabit
3478 4881 3577 4922 no-

1996 4959 2163 5014 bis“.
2183 4959 2316 5012 Cum
2343 4959 2438 5023 ait,
2466 4978 2483 5008 ε
2508 4959 2574 5011 de
2588 4958 2764 5013 Patre.
2794 4976 2812 5009 ι
2836 4959 3074 5027 seipsum
3097 4974 3200 5012 una
3226 4974 3289 5013 ac
3309 4958 3573 5030 Spiritum

1997 5059 2247 5104 sanctum
2269 5050 2359 5102 dat
2383 5049 2634 5120 intelligi.
2669 5047 2820 5104 Unus
2845 5051 2987 5103 enim
3017 5051 3158 5106 Deus
3177 5066 3301 5106 cum
3335 5050 3495 5106 Patre
3513 5066 3576 5107 ac

2004 5143 2206 5212 Spiritu
2237 5152 2339 5208 est,
2374 5142 2486 5198 lloc
2502 5153 2605 5209 est,
2641 5143 2759 5198 Non
2785 5145 3020 5214 amplius
3047 5146 3201 5216 signa
3235 5157 3395 5202 erunt
3417 5162 3480 5200 ac
3500 5147 3574 5201 si-

2003 5235 2266 5298 nntlacra,
2329 5251 2448 5289 cmn
2513 5235 2690 5291 futura
2713 5237 2785 5290 sit
2838 5239 2979 5294 visio
3041 5238 3181 5295 facie
3216 5239 3282 5293 ad
3352 5239 3570 5292 facient.

2002 5326 2310 5381 Etenintait
2340 5328 2670 5396 Apostolus:
2701 5347 2720 5380 ι
2753 5330 2890 5384 Cum
2927 5330 3135 5385 venerit
3187 5328 3329 5400 quod
3367 5328 3575 5398 perfec-

2001 5429 2112 5474 tum
2145 5428 2249 5481 est,
2281 5427 2411 5473 tunc
2437 5421 2799 5478 evacuabitur
2829 5425 2974 5492 qttod
3001 5439 3065 5478 ex
3135 5432 3288 5492 parte
3309 5429 3393 5474 est
3439 5421 3506 5473 δ’.
3547 5437 3566 5468 ι

1996 5507 2167 5576 llnjus
2194 5509 2678 5576 contemplationis
2716 5514 3011 5582 imaginem
3038 5529 3101 5565 ac
3129 5515 3354 5581 ligurum
3382 5508 3574 5564 habuit

399 5699 443 5733 δ’
477 5701 621 5758 Psal.
655 5717 803 5768 ττι-ι,
831 5703 884 5758 4.
960 5704 1003 5736 ⁸³
1027 5703 1181 5758 Joan.
1214 5718 1326 5766 xvi,
1357 5701 1449 5760 ΕΠ.
1523 5699 1766 5755 “Galat.
1801 5711 1884 5757 nt,

2103 5697 2148 5729 "
2188 5695 2348 5752 Joan.
2384 5713 2495 5755 xw.
2536 5698 2627 5752 2|.
2731 5696 2777 5768 ’ἠέ
2807 5693 2963 5768 Juan.
2996 5709 3103 5756 xlv,
3136 5693 3223 5746 l5.
3311 5691 3381 5768 _‘_"
3409 5691 3568 5748 Joan.

330 5785 440 5828 xtv.
471 5773 527 5827 ὅ.
605 5771 650 5805 ⁸⁵
680 5763 836 5830 Joan.
876 5791 1006 5841 wn,
1039 5775 1130 5829 2t.
1208 5774 1252 5805 ἰθ
1288 5763 1524 5829 ι’ΤΙιρεε.
1566 5787 1637 5840 ιν,
1705 5769 1790 5825 l7.
1866 5769 1895 5799 ⁶⁴

1998 5784 2109 5823 Jan.
2149 5785 2258 5837 .\\'|,
2290 5770 2378 5823 “2'2.
2458 5769 2501 5801 ⁶¹
2545 5768 2674 5822 ibid.
2704 5766 2792 5819 ‘25.
2873 5763 2951 5816 “l
2991 5768 3114 5820 (Lor.
3155 5778 3268 5828 XIII,
3305 5765 3390 5817 lt).
