4056 6266
547 458 645 523 651

1785 450 2179 513 MANUELIS
2218 450 2523 511 CALEC/E

3708 447 3809 513 652

549 576 761 631 «lerium
796 589 957 630 omne
980 581 1035 626 et
1082 584 1207 640 spes
1262 566 1662 638 inquisitioque
1724 575 1918 632 cesset,
1944 566 2137 636 visque

2247 566 2334 619 ἐπὶ
2386 564 2555 637 μηδὲν
2601 562 2790 633 ἕτερον
2853 561 3161 635 ἑλκομένης
3218 563 3407 619 λοιπὸν
3461 562 3563 635 τῆς
3626 562 3808 618 ἐπιθυ⁸

552 667 731 720 oumis
761 663 1040 724 desiderii,
1078 660 1168 715 Dei
1201 657 1669 727 contemplatione
1698 655 1860 713 nobis
1906 656 2131 725 implea-

555 771 665 825 tur,
697 774 820 813 cum
849 755 982 811 illud
1009 754 1269 823 deinceps
1300 752 1355 806 in
1382 751 1590 807 nullam
1614 750 1777 805 aliam
1809 763 1995 804 rerum
2022 756 2133 802 tra-

556 854 734 906 batur.

622 942 743 1008 Qua
772 941 957 1009 itaque
985 936 1198 992 ratione
1228 937 1483 991 humana:
1508 944 1721 989 natura;
1758 941 2133 1002 comparatum

551 1044 657 1099 ost,
685 1042 739 1089 et
773 1040 1041 1102 quantum
1072 1031 1307 1101 quisque
1355 1042 1552 1098 capere
1587 1035 1784 1096 potest,
1821 1025 1919 1079 Dei
1975 1023 2135 1078 nobis

502 1132 505 1135 ’
554 1125 942 1195 contemplatio
987 1124 1307 1189 illucescet;
1342 1122 1639 1185 statimque
1686 1133 1751 1172 ac
1798 1117 2132 1177 immediate,

557 1229 681 1288 poSt
728 1217 1002 1286 expletum
1056 1208 1361 1269 extremum
1400 1213 1689 1285 judicium,
1728 1209 1958 1280 quisque
1990 1207 2137 1263 illius

557 1316 718 1365 lieres
738 1309 957 1363 futurus
985 1316 1085 1361 est.
1107 1306 1162 1361 Id
1191 1306 1338 1361 enim
1370 1313 1597 1359 sanctus
1626 1302 1947 1355 (unionem)
1980 1307 2136 1353 vocnt

562 1416 756 1471 «supra
780 1399 1249 1469 intelligentiam,»
1270 1396 1639 1450 immediatam
1663 1393 1871 1449 scilicet
1889 1406 2009 1446 cum
2030 1392 2137 1444 Deo

558 1497 1056 1561 consuetudinem;
1091 1508 1260 1564 supra
1288 1508 1449 1562 quam
1481 1491 1692 1546 scilicet
1721 1502 1875 1542 mens
1899 1488 2138 1540 humana

561 1590 822 1659 consequi
844 1595 1046 1660 potest.
1083 1586 1253 1655 ldque
1285 1584 1492 1639 Paulus
1526 1582 1744 1636 dicebat
1773 1580 1947 1634 «facie
1974 1577 2141 1633 adfa-

560 1683 704 1739 ciem
740 1680 810 1745 ⁶¹,
848 1697 868 1731 ι
902 1678 1143 1732 Joannes
1192 1690 1323 1729 vero
1351 1673 1726 1742 evangelista:
1790 1668 2141 1723 «Videbimus

561 1789 685 1829 eum
722 1771 886 1828 sicuti
923 1769 1105 1825 est“.¢
1140 1768 1293 1822 Hanc
1319 1780 1483 1837 porro
1513 1777 1773 1819 arcanam
1829 1762 2027 1816 mentis
2060 1760 2141 1813 vi-

563 1870 772 1921 sionem
794 1872 849 1916 et
872 1859 1421 1929 contemplationem,
1438 1856 1716 1926 iustorum
1756 1852 1965 1908 scilicet
1987 1851 2142 1906 bere-

2238 658 2387 727 μίας.

2313 927 2503 992 Ὠστε,
2535 925 2673 979 καθὸ
2724 924 2969 994 πέφυκεν
3028 926 3061 996 ἠ
3130 924 3449 995 ἀνθρωπίνη
3504 924 3667 994 φύσις
3721 929 3811 983 καὶ

2236 1021 2382 1074 κατά
2410 1021 2476 1072 τὸ
2513 1019 2741 1072 δυνατὸν
2766 1019 3005 1089 ἑκάστῳ,
3044 1019 3076 1089 ἡ
3106 1018 3202 1071 τοῦ
3246 1016 3386 1071 Θεοῦ
3447 1018 3650 1089 θεωρία
3697 1022 3814 1072 ἐπι-

2236 1112 2445 1182 λάμψει
2478 1113 2635 1182 ⁴ίιμῖν,
2668 1112 2765 1167 καὶ
2792 1112 3131 1182 κληρονόμος
3164 1112 3334 1182 αὐτῆς
3375 1112 3607 1176 ἕκαστος
3662 1112 3812 1165 ἔσται

2238 1206 2302 1257 ὲκ
2361 1203 2455 1256 τοῦ
2495 1204 2814 1274 παραυτίκα
2892 1204 2987 1258 καὶ
3041 1204 3283 1274 ἀμέσως,
3346 1206 3445 1272 τῆς
3496 1207 3813 1267 τελευταίας

2238 1295 2477 1366 κρίσεως
2541 1297 2863 1366 γενομένης.
2937 1294 3112 1349 Τοῦτο
3174 1295 3283 1364 γάρ
3357 1297 3495 1361 ἐστι,
3589 1297 3727 1369 ὅπερ
3787 1300 3813 1349 6

2240 1386 2396 1453 ἆγιος
2439 1384 2594 1454 ὑπὲρ
2634 1384 2790 1439 γοῦν
2856 1384 3084 1439 ἕνωσιν
3142 1386 3318 1451 καλεῖ,
3376 1384 3475 1455 τὴν
3531 1387 3670 1456 πρὸς
3726 1388 3815 1440 τὶν

2240 1478 2375 1531 Θεὸν
2421 1478 2627 1545 ἀμεσον
2674 1477 2916 1547 ὁμιλίαν,
2964 1477 3267 1542 τουτέστιν,
3338 1478 3479 1549 ὑπὲρ
3525 1478 3552 1531 ὃ
3598 1478 3815 1531 δύναται

2240 1572 2268 1623 6
2317 1569 2657 1639 ἀνθρώπινος
2735 1568 2895 1630 νοῦς·
2951 1570 3047 1624 καὶ
3112 1571 3251 1642 ὅπερ
3300 1571 3327 1622 6
3385 1570 3599 1634 Παῦλος
3667 1571 3815 1637 ἔλεγε

2249 1679 2267 1711 ι
2310 1661 2606 1731 πρόσωπον
2635 1662 2771 1732 πρδς
2807 1662 3101 1730 πρόσωπον
3121 1678 3136 1693 ·
3174 1682 3192 1714 ι
3240 1668 3332 1717 καὶ
3361 1666 3387 1718 6
3410 1664 3815 1735 Εὐαγγελιστης

2255 1754 2535 1823 Ἰωάννης,
2576 1773 2594 1805 ι
2631 1753 2911 1823 Ὀψόμεθα
2943 1755 3108 1808 αὑτὸν
3166 1756 3351 1821 καθώς
3407 1759 3547 1811 ἔστι.
3597 1756 3817 1826 Ταύτην

2244 1845 2419 1913 δὲτὴν
2448 1845 2585 1897 κατὰ
2614 1845 2739 1897 νοῦν
2795 1846 3038 1916 ἄρρητον
3093 1847 3214 1915 ὄψιν
3266 1847 3667 1920 καὶχθεωρίαν,
3722 1851 3817 1918 τὴν

560 1960 782 2014 ditatem
806 1964 860 2011 et
882 1963 1111 2017 sortem,
1166 1966 1331 2021 quam
1360 1948 1551 2005 beatus
1612 1947 1909 2013 Dionysius
1947 1944 2139 1999 «unio-

2247 1934 2351 1987 τῶν
2381 1933 2607 1987 δικαίων
2639 1934 3034 2005 κληρονομίαν,
3058 1935 3127 2004 ἢν
3163 1938 3191 1989 6
3233 1936 3507 2006 μακάριος
3539 1939 3819 2002 Διονύσιος

564 2064 686 2105 nem
710 2057 889 2103 mente
929 2044 1301 2115 superiorenn
1343 2049 1517 2105 vocat,
1550 2054 1783 2109 magnus
1837 2036 2139 2107 Gregorius

563 2140 875 2209 Theologus
929 2151 1186 2205 «regnum
1242 2133 1539 2189 caelorum»
1595 2129 1848 2195 allirmat,
1889 2142 2049 2199 quem
2086 2135 2141 2181 et

563 2233 735 2303 prius,
778 2230 845 2284 iis
874 2243 997 2299 quae
1027 2228 1278 2296 exposita
1311 2234 1465 2287 sunt,
1511 2221 1564 2276 id
1611 2221 1696 2275 vel
1740 2219 1979 2273 maxime
2010 2232 2139 2273 sen-

565 2326 787 2379 tientem
812 2320 1179 2376 ostendimus.
1213 2315 1271 2369 ln
1296 2331 1359 2369 ea
1387 2314 1531 2369 enim
1560 2312 1820 2367 Oratione
1847 2322 2012 2379 quam
2040 2308 2140 2361 ha-

566 2416 684 2472 buit
713 2416 784 2471 oh
831 2414 1050 2482 Plagam
1089 2408 1400 2480 grandinis,
1445 2405 1534 2460 ubi
1567 2403 1735 2458 futuri
1768 2403 1917 2457 illius
1967 2408 2142 2457 status

568 2506 841 2574 meminit,
875 2511 1247 2573 provocatque
1268 2499 1571 2561 auditores,
1595 2505 1655 2550 ut
1689 2495 1956 2550 memoria
1981 2508 2139 2548 reco-

569 2600 703 2665 lant,
756 2612 880 2667 quae
932 2595 1113 2665 justos
1178 2603 1231 2646 et
1280 2592 1518 2658 injustas
1565 2599 1860 2657 exceptura
1924 2586 2143 2657 praemia

569 2693 718 2748 sint:
758 2690 973 2755 «Quis,»
1020 2686 1218 2757 inquit,
1250 2684 1394 2739 «illic
1437 2692 1701 2753 patronus
1725 2681 1891 2750 iquae
1922 2678 2144 2733 causiﬁ-

568 2784 752 2841 catio?
783 2797 905 2854 qua:
946 2781 1079 2836 falsa
1111 2774 1403 2833 defensio?
1435 2774 1580 2846 quod
1630 2773 1993 2829 artiﬁciosum
2022 2788 2143 2825 ver-

568 2880 765 2935 borum
819 2874 1155 2931 lenocinium
1185 2873 1208 2925 ‘I
1238 2871 1460 2941 quando
1516 2880 1896 2940 proponentur
1938 2868 2143 2932 throni,

568 2981 623 3028 et
649 2970 924 3039 Antiquos
946 2968 1156 3021 dierum
1181 2963 1513 3032 prtesidebit,
1548 2971 1601 3016 et
1638 2962 1760 3015 libri
1809 2961 2143 3027 aperientur,

569 3070 624 3117 et
661 3046 858 3129 igneus
886 3058 1085 3112 ﬂuvius
1109 3058 1355 3112 volvetur
1376 3054 1461 3119 “;
1495 3062 1549 3108 et
1584 3053 1673 3106 lux
1707 3068 1735 3106 a
1759 3052 1953 3115 fronte,
1974 3060 2027 3105 et
2048 3065 2147 3120 pa-

570 3160 705 3207 ratae
733 3150 970 3205 tenebrae
1001 3150 1046 3181 “
1068 3189 1082 3215 ,
1110 3157 1163 3202 et
1190 3145 1488 3217 procedent
1518 3146 1613 3214 qui
1649 3145 1789 3199 bona
1822 3145 2069 3198 fecerunt
2094 3143 2145 3196 in

573 3242 1035 3299 resurrectionem
1080 3240 1204 3295 vitae
1230 3240 1272 3271 ⁸⁵
1298 3278 1314 3304 ,
1371 3253 1518 3292 nunc
1553 3238 1605 3290 in
1654 3235 1874 3291 Cbristo
1912 3236 2147 3290 abscon-

572 3336 700 3390 ditie
723 3334 794 3400 ‘°;
826 3334 918 3403 qui
945 3340 1126 3386 autem
1157 3330 1294 3384 mala
1327 3337 1577 3396 egerunt,
1603 3328 1657 3381 in
1690 3328 2145 3382 resurrecnionem

569 3426 781 3497 judicii,
808 3441 917 3497 quo
948 3423 987 3479 ii
1034 3425 1126 3493 qui
1168 3440 1276 3477 non
1308 3424 1539 3477 credunt
1571 3436 1599 3474 a
1631 3418 1807 3474 Verbo
1854 3434 1949 3473 eos
1998 3418 2147 3488 judi-

573 3528 750 3585 cante,
782 3517 894 3586 jam
916 3513 1270 3570 condemnati
1301 3522 1431 3568 sunt
1458 3512 1523 3565 ⁵⁷.
1557 3516 1737 3581 Atque
1766 3512 1888 3564 illos
1930 3511 2148 3579 quidem

575 3613 670 3667 lux
706 3608 966 3679 excipiet,
992 3617 1308 3677 sanctarque
1332 3621 1396 3661 ac
1423 3606 1587 3675 regiae
1614 3602 1925 3667 Trinitatis,
1961 3604 2153 3671 purius

575 3705 686 3774 jam
718 3719 782 3761 ac
830 3704 1035 3759 clarius
1072 3700 1372 3764 illueentis,
1427 3709 1711 3765 totamque
1756 3709 1818 3748 se
1861 3710 1985 3749 cum
2040 3702 2153 3747 tota

581 3807 762 3855 mente
792 3794 1103 3863 miscentis,
1124 3794 1516 3864 contemplatio
1542 3794 1619 3863 (in
1638 3808 1744 3861 qua
1770 3806 1893 3861 ego,
1926 3789 2009 3843 vel
2041 3787 2154 3842 sola

580 3891 815 3946 maxime
839 3899 1066 3959 regnum
1093 3888 1358 3942 caelorum
1379 3889 1615 3955 positum
1637 3898 1762 3939 esse
1783 3879 2027 3949 censeo),
2055 3879 2154 3933 hos

580 3994 761 4037 autem
787 3982 949 4036 simul
983 3994 1109 4033 cum
1143 3978 1285 4042 aliis,
1330 3977 1414 4031 vel
1462 3976 1645 4046 petius
1674 3984 1799 4029 ante
1828 3974 1957 4040 alia,
2012 3971 2154 4025 istud

580 4073 939 4139 excruciabit,
970 4070 1119 4141 quod
1150 4086 1179 4123 a
1228 4069 1339 4122 Deo
1365 4068 1593 4137 projecti
1633 4069 1765 4131 sint,
1804 4077 1966 4137 atque
1998 4065 2155 4118 inus-

583 4180 691 4221 tam
723 4166 778 4220 in
811 4164 1147 4220 conscientia
1176 4152 1533 4231 Asempiternae
1576 4159 1913 4229 ignominia:
1967 4165 2152 4211 notam

582 4268 825 4330 gerant.)
862 4256 940 4310 En
973 4252 1271 4322 Gregorius
1297 4265 1516 4321 quoque
1575 4258 1891 4305 sanctorum
1926 4248 2154 4303 incredi-

584 4361 750 4407 tatem
796 4364 922 4404 esse
953 4346 1113 4402 docet
1144 4346 1237 4400 Dei
1274 4343 1787 4413 contemplationem
1813 4383 1828 4408 ,
1871 4350 2157 4410 totumque

584 4460 709 4499 eum
742 4442 836 4498 ιοιὶ
882 4439 1050 4495 menti
1095 4437 1336 4506 misceri,
1369 4439 1511 4507 quod
1543 4446 1598 4490 et
1632 4450 1857 4505 regnum
1890 4434 2156 4490 caelorum

585 4541 768 4589 vocat.

2247 2046 2266 2079 ι
2303 2026 2443 2096 ὑπὲρ
2491 2027 2619 2079 νοῦν
2669 2026 2862 2080 ἕνωσιν
2898 2046 2916 2079 ι
2975 2029 3151 2095 καλεῖ,
3197 2032 3224 2083 6
3287 2030 3464 2099 μέγας
3518 2028 3819 2101 Γρηγόριος

2240 2121 2268 2174 6
2302 2118 2566 2188 Θεολόγος
2620 2119 2731 2191 (87)
2822 2137 2841 2171 ι
2888 2119 3169 2190 βασιλείαν
3219 2122 3467 2193 οὐρανῶν
3502 2142 3521 2175 ι
3584 2123 3820 2189 τίθεται,

2243 2211 2301 2265 ὃν
2337 2213 2433 2266 καὶ
2459 2213 2729 2283 πρότερον
2756 2213 2866 2266 ἀπὸ
2891 2212 2999 2266 τῶν
3030 2214 3366 2268 ἐκτεθέντων
3390 2212 3549 2269 τοῦτο
3567 2218 3664 2271 καὶ
3680 2216 3823 2288 μάλα

2243 2303 2552 2372 φρονοῦντα
2610 2303 2953 2374 ἐδείκνυμεν.
2984 2303 3076 2355 Ἐν
3122 2302 3231 2374 γὰρ
3281 2302 3359 2373 τῷ
3418 2304 3637 2374 ῥηθέντι
3679 2304 3821 2373 λόγῳ

2242 2392 2333 2444 διὰ
2367 2392 2465 2462 τὴν
2497 2391 2714 2461 πληγὴν
2748 2392 2847 2461 τῆς
2897 2390 3163 2462 χαλάζης,
3222 2392 3324 2460 τῆς
3380 2392 3687 2464 μελλούσης
3720 2412 3821 2445 κα-

2246 2482 2561 2546 ταστάσεως
2626 2482 3001 2552 μεμνημένος,
3058 2483 3339 2547 καὶτοὺς
3387 2485 3669 2555 ἀκροατὰς
3730 2485 3822 2535 ἐπὶ

2244 2573 2344 2644 τὴν
2379 2573 2604 2644 μνήμην
2632 2575 3080 2643 προκαλούμενος
3111 2573 3223 2626 τῶν
3271 2573 3593 2642 μελλόντων
3647 2575 3824 2628 διαδέ-

2248 2664 2705 2729 ξασθαιδικαίους
2736 2665 2832 2718 καὶ
2862 2666 3106 2731 ἀδίκους,
3141 2685 3159 2718 ι
3190 2667 3286 2728 Τίς
3310 2668 3606 2737 συνήγορος
3628 2668 3761 2733 ἐκεῖ,
3799 2687 3817 2718 ι

2247 2758 2404 2830 φησὶ,
2441 2776 2460 2809 ι
2523 2759 2651 2811 ποία
2696 2756 2919 2827 σκῆψις,
2976 2758 3061 2823 τίς
3122 2759 3327 2830 ψευδὴς
3374 2761 3664 2828 ἀπολογία,
3694 2762 3826 2814 ποία

2247 2851 2836 2923 πιθανότηςέντεχνος,
2869 2853 3034 2922 ἡνίκα
3075 2853 3255 2923 θρόνοι
3310 2854 3680 2924 προτίθενται,
3733 2856 3827 2907 καὶ

2251 2943 2487 3003 Παλαιὸς
2521 2943 2747 3011 ἡμερῶν
2781 2943 3207 3013 προκαθέζεται,
3240 2949 3335 2999 καὶ
3384 2944 3559 3015 βίϐλοι
3623 2947 3827 3000 διανοί-

2249 3049 2460 3100 γονται,
2495 3034 2589 3086 καὶ
2622 3033 2870 3103 ποταμὸς
2901 3034 3076 3104 πυρὸς
3107 3035 3328 3088 ἕλκεται
3365 3038 3548 3090 καὶτὸ
3584 3039 3700 3106 φῶς
3724 3038 3828 3108 ἐμ-

2254 3123 2498 3192 προσθεν
2534 3122 2781 3193 (88),καὶ
2801 3124 2863 3177 τὸ
2896 3126 3088 3189 σκότος
3117 3129 3522 3199 ἡτοιμασμένον
3545 3145 3560 3160 ⁸
3583 3126 3692 3184 ’καὶ
3730 3148 3830 3183 πο-

2255 3217 2501 3286 ρεύονται
2564 3221 2615 3270 οἱ
2671 3217 2741 3271 τὰ
2779 3219 2963 3286 ἀγαθὰ
3019 3222 3349 3289 ποιήσαντες
3394 3225 3474 3285 είς
3530 3224 3830 3277 ἀνάστασιν

2176 3287 2215 3340 (ἶ
2253 3311 2418 3378 ζωῆς,
2472 3310 2573 3380 τῆς
2614 3312 2672 3363 ὲν
2730 3310 3082 3383 Χριστῷννῦν
3136 3287 3539 3386 κρυπτομένης,
3575 3317 3627 3368 ei
3663 3318 3719 3370 δὲ
3761 3319 3830 3371 τὰ

2254 3402 2435 3470 φαῦλα
2465 3401 2772 3473 πράξαντες
2812 3405 2891 3466 είς
2925 3404 3229 3459 ἀνάστασιν
3261 3407 3495 3477 κρίσεως
3532 3424 3548 3440 ο
3603 3410 3671 3480 ἢν
3726 3410 3825 3479 ἤδη

2255 3495 2408 3564 παρά
2435 3496 2529 3547 τοῦ
2566 3496 2845 3564 κρίνοντος
2879 3496 3295 3567 αὐτοῦςξΛόγου
3326 3501 3374 3552 οἱ
3430 3501 3504 3571 μὴ
3553 3502 3833 3555 πιστεύον-

2254 3603 2346 3648 τες
2380 3588 2807 3659 κατεκρίθησαν.
2843 3590 2951 3643 Καὶ¹
2976 3590 3103 3653 τοὺς
3141 3592 3240 3659 μὲν
3268 3593 3325 3645 τὸ
3357 3593 3471 3660 φῶς
3503 3595 3828 3665 διαδέχεται,

2257 3681 2351 3731 καὶ
2382 3682 2412 3749 ή
2443 3680 2541 3750 τῆς
2567 3680 2726 3750 ἁγίας
2748 3683 2844 3735 καὶ
2873 3682 3162 3753 βασιλικῆς
3186 3684 3392 3754 θεωρία
3441 3687 3691 3756 Τριάδος,
3747 3688 3835 3740 ἑλ-

2256 3771 2583 3843 λαμπούσης
2613 3773 2943 3843 τρανότερύν
2996 3790 3054 3825 τε
3114 3777 3212 3827 καὶ
3271 3778 3679 3847 καθαρώτερον,
3741 3782 3835 3831 καὶ.

2256 3866 2385 3934 ὅλης
2424 3865 2528 3936 ὅλῳ
2557 3864 2637 3919 νοῒ
2663 3867 3007 3936 μιγνυμένης
3030 3867 3119 3939 (ἣν
3151 3869 3215 3940 δὴ
3248 3871 3342 3923 καὶ
3370 3859 3540 3940 μόνην
3596 3872 3835 3938 μάλιστα

2259 3958 2537 4028 βασιλείαν
2564 3958 2808 4029 οὐρανῶν
2839 3959 2949 4026 ἐγὼ
2980 3961 3249 4031 τίθεμαι)·
3281 3966 3395 4026 τοῖς
3446 3964 3501 4015 δὲ
3537 3965 3677 4034 μετά
3725 3966 3833 4017 τῶν

2258 4052 2433 4104 ἄλλων
2491 4050 2759 4119 βασάνων,
2810 4052 3015 4118 μᾶλλον
3070 4052 3127 4105 δὲ
3188 4053 3293 4123 πρὸ
3354 4056 3463 4106 τῶν
3533 4055 3730 4119 ἄλλων,
3776 4057 3836 4108 τὸ

2260 4143 2599 4213 ἀπερρίφθαι
2628 4143 2786 4208 Θεοῦ,
2823 4147 2981 4214 καὶὴ
3044 4145 3100 4197 ὲν
3147 4145 3222 4213 τῷ
3283 4148 3547 4201 συνειδότι
3605 4150 3835 4220 αἰσχύνη

2259 4237 2432 4307 πέρας
2457 4236 2558 4289 οὐκ
2594 4236 2816 4306 ἔχουσα.
2854 4258 2872 4290 ι
2917 4238 3049 4290 Ἰδοὺ
3084 4239 3179 4293 καὶ
3208 4234 3359 4304 οὗτος
3393 4242 3491 4311 τὴν
3525 4244 3637 4295 τῶν
3663 4245 3837 4311 ἁγίων

2257 4330 2623 4399 κληρονομίαν
2662 4328 2759 4399 τὴν
2785 4328 2879 4382 τοῦ
2901 4330 3034 4383 Θεοῦ
3069 4331 3302 4402 θεωρίαν
3349 4328 3495 4386 εἶναι
3553 4335 3799 4389 διδάσκει
3820 4351 3835 4368 ⁸

2258 4421 2352 4473 καὶ
2390 4420 2512 4472 ὅλον
2547 4419 2654 4488 ὅλῳ
2684 4420 2762 4488 τῷ
2794 4418 2875 4473 νοῒ
2924 4419 3250 4490 μίγνυσθαι,
3300 4422 3328 4474 ὃ
3353 4422 3416 4492 δὴ
3440 4425 3532 4476 καὶ
3560 4423 3839 4494 βασιλείαν

2260 4511 2507 4583 οὐρανῶν
2546 4510 2826 4581 ὀνομάζει.

656 4626 812 4681 Haud
850 4634 1029 4680 tamen
1096 4624 1152 4677 in
1200 4622 1426 4677 dubium
1470 4621 1798 4685 vocandum,
1828 4619 1917 4690 qui
1948 4618 2063 4683 ﬁat,
2097 4626 2144 4673 ιιι

2332 4603 2406 4655 υὺ
2463 4602 2649 4670 μέντοι
2700 4601 2927 4671 ἀπορεῖν
2965 4600 3063 4668 δεῖ,
3097 4601 3216 4665 πῶς
3270 4603 3515 4673 ὀψόμεθα
3567 4607 3658 4659 τὸν
3709 4607 3841 4661 Θεὸν

583 4721 728 4790 quod
789 4720 863 4774 ait
917 4718 1139 4783 Paulus,
1178 4734 1197 4768 «
1239 4715 1377 4771 facie
1422 4715 1489 4770 ad
1519 4713 1715 4769 faciem
1747 4714 1793 4745 ⁸⁸
1831 4731 1849 4765 ι
1881 4713 2144 4767 videamus

2270 4713 2289 4748 ι
2324 4694 2617 4766 πρόσωπον
2643 4693 2779 4762 πρὸς
2805 4693 3120 4762 πρόσωπον,
3159 4716 3177 4745 ›
3209 4694 3279 4757 ὥς
3308 4713 3439 4764 φησι
3470 4697 3685 4761 Παῦλος
3708 4715 3723 4729 ·
3750 4700 3843 4753 καὶ

586 4810 756 4864 Deum
801 4809 1069 4878 ;ipseque
1121 4805 1408 4869 Dominus,
1478 4823 1496 4856 «
1562 4803 1711 4857 Beati
1741 4801 1945 4856 mundo
1974 4800 2136 4855 corde

2264 4792 2292 4843 6
2328 4789 2552 4859 Κύριος,
2596 4806 2615 4840 ι
2654 4789 2932 4857 Μακάριοι
2963 4788 3013 4840 οἱ
3046 4788 3279 4859 καθαροὶ
3302 4794 3367 4860 τῇ
3405 4794 3715 4865 καρδὶᾳβτι
3750 4799 3840 4848 αὖ.

587 4899 843 4965 quoniam
899 4897 1000 4963 ipsi
1044 4894 1210 4949 Deum
1269 4894 1529 4947 videbunt
1582 4893 1648 4945 '9.
1688 4910 1708 4943 ι
1745 4892 1887 4945 Sane
1943 4890 2144 4959 quiden

2265 4881 2348 4933 τοὶ
2370 4881 2459 4932 τὸν
2510 4879 2646 4933 Θεὸν
2692 4879 2934 4957 ὄψονται.
2986 4896 3006 4931 ι
3078 4880 3353 4950 Ὀψόμεθα
3396 4883 3495 4951 μὲν
3541 4888 3674 4956 γὰρ,
3711 4888 3843 4941 ἀλλὰ

589 4993 896 5047 videbimus
928 5004 1029 5060 pro
1055 5004 1119 5044 eo
1147 5000 1325 5043 tamen
1356 5002 1421 5042 ac
1483 4985 1677 5041 mentis
1709 4995 1909 5040 nostrae
1938 4983 2144 5038 faculta:

2270 4971 2451 5035 καθὼς
2482 4971 2560 5041 τῷ
2617 4971 2872 5042 ἡμετέρῳ
2906 4969 2983 5041 νῷ
3034 4973 3280 5038 δυνατὸν,
3322 4977 3464 5027 κατὰ
3491 4978 3551 5028 τὺ
3583 4980 3843 5048 ἀνάλογον

591 5085 815 5155 patitur,
845 5093 1049 5153 quanta
1113 5082 1325 5136 scilicet
1362 5088 1548 5132 nostra
1599 5076 1962 5147 cognoscendi
1992 5076 2074 5130 vis
2101 5090 2144 5127 ac

2269 5066 2592 5136 γνωστικόν.
2648 5065 2763 5118 Νῦν
2793 5065 2893 5136 μὲν
2924 5066 3033 5135 γὰρ
3060 5067 3118 5120 ἐν
3142 5071 3322 5131 σκιαῖς
3346 5070 3441 5122 καὶ
3469 5073 3527 5123 ἐν
3561 5058 3845 5144 αἰνίγμασι

590 5154 953 5247 intelligendi.
1009 5172 1164 5228 Nunc
1217 5170 1437 5242 quidem
1492 5169 1543 5223 in
1582 5168 1788 5222 umbris
1840 5165 2142 5220 videtnuse

2274 5158 2567 5247 βλέπομεν,
2598 5156 2740 5226 ἆπερ
2768 5156 2797 5209 6
2835 5154 2996 5221 αὐτὸς
3030 5156 3331 5229 Γρηγόριος
3363 5162 3392 5215 6
3419 5160 3682 5231 Θεολόγος
3706 5181 3845 5234 γνωο

666 5364 709 5397 ⁶¹
738 5362 755 5416 |
785 5360 911 5418 Cor.
944 5375 1070 5424 xm,
1116 5357 1203 5412 1‘2.
1279 5356 1325 5388 “
1360 5356 1378 5408 ι
1411 5350 1567 5424 Ioan.
1611 5368 1697 5414 ιιι,
1722 5350 1779 5403 Ξ.
1825 5348 1917 5424 __“
1950 5347 2212 5424 D_an_._vir,_
2234 5346 2288 5407 9,
2310 5345 2401 5424 58.

2501 5342 2546 5375 “
2573 5338 2713 5402 loci.
2740 5361 2799 5413 ιι,
2818 5344 2909 5401 25.

594 5452 677 5505 ιιι,
708 5435 763 5490 3.
798 5416 812 5418 Ὺ
843 5435 885 5465 ⁸⁸
916 5416 1077 5486 ,ιοιιιιξ
1105 5443 1186 5492 ιιι,
1219 5426 1306 5480 18.
1387 5425 1429 5456 ⁸⁸
1458 5422 1476 5475 l
1505 5421 1632 5476 Cor.
1667 5436 1785 5486 χιιι,
1818 5419 1905 5474 12.
1982 5419 2027 5450 ⁸⁸
2063 5416 2144 5471 Ma

2247 5417 2431 5483 .v,8.

3025 5345 3069 5378 “
3094 5343 3254 5402 Joan.
3294 5362 3349 5413 v,
3393 5344 3482 5402 29.
3560 5347 3607 5379 “
3633 5345 3845 5408 Coloss.

666 5617 781 5688 (87)
822 5614 974 5688 Orat.
1006 5612 1094 5688 15.

1124 5680 1148 5691 ,
1241 5682 1263 5691 _
1484 5681 1507 5691 Α
1656 5677 1695 5691 ἢ
1744 5684 1754 5691 Α
1883 5675 1917 5691 η
2284 5603 2490 5691 illitis".
2520 5601 2664 5691 quod
2695 5602 2763 5656 sit
2789 5603 2855 5691 ad
2890 5612 3276 5691 torquendum,
3308 5607 3588 5691 cumnipso
3619 5609 3744 5681 igne
3773 5610 3849 5665 sic

669 5675 782 5756 (88')
823 5686 931 5756 Καὶ
966 5680 1194 5756 τὸ-ςρῷς
1233 5681 1599 5756 ἔμπροσςθςν.
1656 5677 1847 5756 Putem
1880 5675 2040 5756 Qreg.
2088 5691 2172 5756 re-

2283 5683 2607 5742 torquente;
2656 5682 2860 5740 paratae
2909 5675 3073 5728 etiam
3126 5679 3382 5742 tenebrae,
3415 5675 3532 5732 dies
3577 5675 3667 5734 ma
3704 5691 3849 5734 tene-

598 5742 842 5827 spexisse
868 5742 1145 5827 illud_Joel
1169 5742 1237 5827 ιι,
1261 5742 1479 5827 Δξιίοι).
1511 5745 1819 5827 ἔμπροσθεν
1849 5742 2015 5827 αὑτοῦ
2059 5746 2144 5827 πῦ,

2280 5744 2500 5824 brarum
2536 5752 2589 5827 et
2619 5742 2886 5827 caliginis.
2918 5743 3111 5827 _Ma_ttb.
3144 5762 3269 5813 xxv,
3300 5749 3392 5812 54,
3421 5748 3564 5813 ignis
3591 5760 3847 5814 :eteruus,

598 5813 890 5879 ἀναλίσκον
920 5840 934 5855 ·
977 5823 1089 5877 sive
1128 5813 1241 5890 φῶς
1273 5821 1346 5873 illi
1381 5813 1775 5890 obrepsitloco
1818 5813 2144 5890 fr:up6g,_sivi

2274 5813 2365 5890 qui
2408 5813 2522 5881 ipse
2549 5815 2801 5881 tenebrae,
2828 5814 3044 5872 diabolo
3071 5826 3295 5887 paratus
3321 5820 3524 5877 dicitur
3555 5829 3611 5876 et
3640 5813 3845 5890 angelis

600 5899 669 5951 de
704 5892 975 5970 industria
1005 5892 1076 5946 ita
1114 5885 1375 5965 mutgujt;
1421 5885 1571 5959 quasi
1604 5902 1701 5957 pro
1729 5886 1917 5941 eodem
1959 5886 2165 5944 habens
2270 5885 2411 5954 ejus.
