4056 6266
299 344 404 442 653

1277 383 1374 441 DE
1418 381 1845 444 PRINCIPIIS
1880 353 2086 442 FliDEI
2130 379 2604 445 CATHOLICE.

3419 384 3526 450 654

298 497 535 566 ρίσματα
564 487 658 544 τοῦ
683 490 820 545 Θεοῦ
854 492 990 560 μετά
1019 490 1154 546 Θεὸν
1186 490 1369 557 ἔλεγεν
1394 493 1450 543 ἐν
1484 494 1594 553 τοῖς
1625 492 1860 560 θεολογιο

1981 494 2294 561 rnigmatis,
2325 508 2446 562 qua:
2477 491 2618 545 idem
2656 489 2950 560 Gregorius
2987 491 3294 563 Theologus
3321 496 3532 552 oratio-

294 589 408 648 κοῖς
459 582 625 637 αὐτοῦ
679 583 862 651 λόγοις
896 584 1008 653 (89)
1029 599 1045 614 ⁶
1099 583 1415 653 ἑρμηνεύων
1444 582 1498 634 δὲ
1527 584 1621 635 καὶ
1649 583 1768 635 τίνα
1796 583 1863 635 τὰ

295 673 650 744 γνωρίσματα
710 672 919 734 ταῦτα,
998 673 1495 743 ὲπιφωνηματικῶς
1543 672 1860 748 ἡέπήγαγεν,

302 784 321 818 ι
355 767 567 834 Ὥσπερ
619 766 677 817 at
729 763 850 817 καθ’
908 764 1113 818 ὑδάτων
1140 765 1293 835 ἡλίου
1331 767 1480 818 σκιαὶ
1530 766 1622 816 καὶ
1657 765 1866 827 εἰκόνες

299 858 527 926 σαθραῖς
553 855 710 924 ὂψεσι
739 855 1173 926 παραδεικνῦσαι
1195 857 1286 908 τὸν
1315 855 1490 926 ἥλιον,
1518 857 1642 909 ἐπεὶ
1665 855 1740 927 μὴ
1769 857 1865 909 αὐ-

266 930 268 932 V
299 945 389 1001 τὸν
422 945 790 1014 προσόλέπειν
829 941 940 998 οἷόν
991 961 1072 1008 τε,
1121 944 1201 1014 τῷ
1234 946 1530 1014 ἀκραιφνεῖ
1570 946 1665 998 τοῦ
1689 946 1865 1013 φωτὸς

297 1035 531 1087 νικῶντα
563 1033 660 1104 τὴν
695 1035 947 1104 αἴσθησιν
969 1052 982 1068 ο
1023 1054 1041 1087 ι
1084 1037 1204 1088 τότε
1237 1038 1291 1091 δὲ
1325 1037 1425 1089 οὐκ
1455 1039 1512 1090 ὲν
1555 1039 1732 1099 σκιαῖς
1755 1036 1866 1090 οὐδ’

300 1128 354 1178 ὲν
379 1127 718 1196 αἰνίγμασιν,
752 1128 867 1180 ἀλλ’
916 1129 1078 1182 αὐτὸν
1111 1131 1202 1183 τὸν
1247 1131 1402 1194 Θεὸν,
1432 1129 1615 1192 καθὼς
1639 1133 1688 1182 οἱ
1718 1130 1866 1198 ἆγιοί

303 1235 495 1286 φασιν,
516 1222 576 1272 οὗ
603 1219 818 1283 τελείως
845 1221 944 1290 τὴν
968 1223 1156 1277 οὐσίαν
1179 1221 1344 1274 αὑτοῦ
1376 1222 1781 1282 κατανοοῦντες,
1804 1222 1866 1274 οὐ

301 1312 407 1380 γὰρ
460 1311 655 1382 ἔχομεν
698 1312 759 1365 τὸ
809 1313 1068 1380 ἀνάλογον
1102 1316 1435 1382 γνωστικόνο
1493 1309 1528 1382 ἦ
1568 1315 1676 1383 γὰρ
1727 1305 1868 1381 ἦμεν

301 1402 424 1455 Θεοὶ
452 1405 574 1456 κατ’
606 1404 795 1466 αὐτὸν,
822 1405 1048 1475 ἄναρχοι
1079 1409 1175 1459 καὶ
1203 1405 1416 1475 ἄπειροι
1444 1407 1539 1458 καὶ
1565 1406 1871 1474 ἀπερίγρα-

304 1512 428 1547 πτοι
462 1496 557 1547 καὶ
589 1494 809 1561 τέλειοι,
846 1497 1204 1564 γινώσκοντες
1237 1498 1400 1550 αὐτὸν
1445 1497 1520 1560 ὼς
1548 1497 1708 1559 αὐτὸς
1742 1498 1870 1550 ἑαυ-

299 1585 411 1638 τόν.
486 1585 627 1638 Ἀλλ’
665 1586 837 1651 οὕτως
873 1587 1140 1656 ὀψόμεθα,
1176 1587 1364 1656 ὥσπερ
1419 1590 1545 1642 ὅταν
1595 1589 1656 1640 τὸ
1714 1589 1870 1659 ὄμμα

304 1677 441 1746 πρὸς
463 1676 554 1730 τὸν
575 1678 729 1749 ἥλιον
755 1680 1143 1750 ἀνατείνωμεν,
1192 1681 1291 1744 τὰς
1323 1682 1379 1733 ὲν
1407 1683 1518 1742 τοῖς
1549 1680 1739 1734 ὕδασιν
1768 1683 1869 1734 αὐ-

301 1766 396 1820 τοῦ
431 1770 592 1830 σκιὰς
628 1769 989 1838 ὑπερϐάντες.
1020 1771 1152 1824 Τότε
1183 1772 1280 1840 μὲν
1308 1771 1417 1840 γὰρ
1447 1770 1538 1824 τὸν
1567 1770 1718 1841 ἥλιον
1745 1770 1867 1840 βλέ-

303 1875 427 1914 πειν
453 1859 706 1929 εἴποιμεν
729 1860 795 1912 ἂν
820 1859 998 1930 ὀρθῶς
1018 1876 1035 1892 ο
1070 1860 1131 1912 ού
1169 1861 1276 1930 μὴν
1314 1861 1562 1930 ἀκρισῶς
1583 1858 1748 1914 αὐτὸν
1771 1877 1869 1913 κα-

301 1952 542 2016 τανοεῖν,
591 1949 718 2004 οὔτε
768 1951 831 2003 τὸ
866 1950 1118 2020 μέγεθος,
1168 1950 1290 2004 οὔτε
1317 1952 1418 2022 τὴν
1444 1952 1656 2014 οὐσίαν,
1696 1950 1790 2003 καὶ
1815 1951 1874 2003 τὸ

303 2042 662 2110 ὑποκείμενον
709 2042 772 2095 τὸ
824 2040 1070 2095 δεκτικὸν
1108 2042 1206 2096 τοῦ
1239 2043 1416 2110 φωτός
1438 2060 1454 2074 ο
1504 2041 1630 2094 οὔτε
1660 2041 1731 2095 τὰ
1755 2041 1874 2096 κατ’

302 2135 468 2188 αὑτὸν
488 2135 689 2198 πάντα,
732 2133 790 2201 ἐξ
816 2128 890 2191 ὧν
921 2133 1175 2197 σύνθετός
1209 2136 1358 2189 ἐστιν
1381 2151 1395 2167 ·
1430 2137 1580 2204 ὅμως
1607 2133 1876 2203 λεγόμεθα

305 2227 522 2298 βλέπειν
559 2227 650 2280 τὸν
680 2227 856 2297 ἥλιον.
913 2227 1027 2282 Καὶ
1054 2226 1210 2280 τοῦτο
1252 2227 1352 2294 μὲν
1406 2227 1481 2290 ὡς
1525 2225 1876 2297 παράδειγμα

301 2317 557 2386 εἴληπται
577 2333 592 2350 ο
619 2317 742 2373 ὅθεν
780 2318 904 2372 οὐδὲ
941 2317 1010 2370 τὰ
1038 2317 1232 2371 τούτου
1262 2318 1358 2371 καὶ
1380 2319 1474 2370 επὶ
1497 2316 1632 2370 Θεοῦ
1655 2315 1872 2386 λαμϐά-

303 2426 418 2462 νειν
447 2409 531 2462 δεῖ
576 2411 778 2476 πάντα,
809 2411 898 2465 ἵνα
934 2411 1011 2482 μὴ
1045 2410 1180 2480 πρὸς
1209 2411 1322 2474 τοῖς
1354 2409 1536 2472 ἀλλοις
1589 2409 1684 2462 καὶ
1713 2424 1871 2477 περι-

305 2503 553 2574 γραπτὸν
568 2503 660 2557 τὸν
689 2503 824 2556 Θεὸν
854 2501 1277 2573 φαπασθῶμεν.

1969 585 2128 638 nibus
2178 585 2295 638 suis
2347 583 2660 653 theologicis
2702 583 2936 646 dicebat,
2973 601 2994 633 ι
3030 583 3123 638 Dei
3161 585 3401 640 numinis
3430 600 3530 656 po.

1968 677 2196 730 steriora
2250 673 2359 729 Deo
2380 670 2619 739 indicia;
2664 693 2682 726 ι
2713 689 3104 744 exponensque
3130 690 3379 746 quaenam
3415 677 3535 732 haec

1966 763 2313 832 intelligenda
2379 762 2603 826 indicia,
2667 763 2816 816 velut
2871 764 3202 818 sententiam
3266 763 3531 819 claudens

1968 857 2244 925 subjecit:
2297 876 2314 907 ι
2372 854 2489 930 Non
2529 870 2686 911 secus
2737 855 2987 910 videlicet
3033 871 3097 910 ac
3130 856 3262 913 solis
3299 856 3350 909 in
3377 857 3533 925 aquis

1967 951 2172 1003 umbrae
2224 959 2388 1017 atque
2447 947 2738 1002 simulacra
2805 947 3038 1001 infirmis
3128 947 3302 1001 oculis
3363 948 3533 1002 solem

1969 1049 2359 1110 repraesentant
2407 1056 2421 1094 :
2475 1039 2914 1108 quandoquidem
2970 1054 3095 1093 eum
3141 1039 3357 1093 obtueri
3387 1054 3532 1107 “non

1968 1147 2281 1202 possumus,
2329 1140 2510 1198 utpote
2565 1130 2703 1183 lucis
2756 1129 2992 1199 puritate
3042 1143 3261 1185 sensum
3319 1143 3534 1182 onmem

1969 1232 2335 1291 superantem.
2383 1241 2401 1273 ι
2465 1219 2618 1274 Tunc
2664 1235 2791 1274 vero
2848 1235 2954 1275 non
3014 1221 3069 1274 in
3112 1220 3319 1274 umbris
3346 1233 3445 1274 nec
3476 1219 3537 1273 in

1969 1313 2292 1382 :euigmatis,
2329 1312 2422 1365 sed
2455 1312 2630 1380 ipsum
2660 1309 2853 1378 Deum,
2879 1310 2957 1364 uti
2979 1309 3277 1380 loquuntur
3314 1308 3535 1374 Sancti;

1974 1423 2078 1460 non
2138 1407 2257 1475 ejus
2300 1404 2535 1474 perfecte
2590 1412 2930 1473 perspectam
2984 1403 3248 1458 habentes
3281 1402 3540 1458 substan-

1971 1499 2100 1551 tiam
2134 1514 2147 1549 :
2193 1513 2299 1550 non
2330 1495 2474 1549 enim
2510 1509 2573 1549 ea
2610 1495 2803 1548 mentis
2833 1502 3030 1548 nostrae
3058 1494 3142 1548 vis
3163 1502 3266 1558 est,
3311 1500 3370 1546 ut
3393 1490 3540 1561 pari-

1970 1589 2073 1643 bus
2115 1587 2190 1641 illi
2247 1586 2422 1640 modis
2461 1584 2809 1651 respondeat,
2854 1583 3057 1653 alioqui
3094 1581 3237 1637 haud
3271 1595 3427 1636 secus
3477 1593 3543 1634 ac

1977 1680 2067 1734 ille
2110 1678 2184 1732 dii
2213 1692 2483 1739 essemus,
2509 1676 2766 1746 principii
2811 1684 3084 1746 expertes,
3111 1673 3331 1740 inﬁniti,
3371 1672 3542 1728 incir-

1973 1769 2314 1839 cumscripti,
2361 1768 2612 1837 perfecti,
2647 1768 2822 1838 ipsum
2877 1774 3293 1838 cognoscentes,
3339 1773 3397 1820 ut
3429 1764 3545 1835 ipse

1972 1867 2212 1932 seipsum
2260 1861 2545 1931 COgnoscit
2590 1879 2605 1916 :
2646 1861 2739 1917 sed
2774 1861 2854 1916 sic
2883 1876 3006 1916 eum
3038 1859 3369 1923 videbimus,
3397 1857 3545 1913 velut

1971 1967 2095 2008 cum
2127 1954 2396 2022 superatis
2427 1967 2548 2021 quae
2577 1952 2632 2006 in
2659 1953 2816 2020 aquis
2861 1959 3097 2024 exstant,
3153 1949 3284 2006 solis
3312 1948 3544 2012 umbris,

1973 2044 2028 2098 in
2055 2043 2230 2113 ipsum
2288 2043 2478 2098 oculos
2536 2044 2704 2098 solem
2753 2043 3174 2098 intenderimus.
3205 2039 3363 2097 Tunc
3394 2040 3550 2096 enim

1973 2143 2117 2189 recte
2148 2134 2394 2189 dicamur
2419 2134 2603 2189 videre
2630 2135 2836 2202 solem;
2862 2135 3077 2190 tametsi
3116 2148 3245 2190 eum
3299 2131 3549 2203 perfecte

1973 2242 2091 2280 non
2117 2227 2535 2297 perspiciamus,
2553 2241 2654 2282 nec
2688 2235 2889 2298 quanta
2917 2226 3035 2296 ejus
3076 2226 3419 2296 magnitudo,
3447 2239 3550 2280 nec

1978 2329 2179 2390 quanta
2216 2319 2522 2376 substantia
2571 2334 2636 2376 ac
2685 2320 3030 2390 suppositum
3071 2319 3245 2374 lucem
3291 2327 3549 2390 gestans;

1977 2425 2079 2466 nec
2116 2411 2349 2480 denique
2381 2421 2585 2481 quanta
2615 2413 2735 2480 ejus
2767 2411 2975 2477 omnia,
3007 2426 3073 2467 ex
3097 2411 3300 2482 quibus
3319 2425 3547 2483 compo-

1977 2503 2114 2558 situs
2143 2511 2247 2557 est.
2273 2502 2338 2560 Et
2367 2502 2471 2557 hoc
2493 2501 2712 2572 quidem
2765 2501 2913 2558 velut
2954 2503 3265 2573 exemplum
3300 2517 3556 2572 assump-

306 2611 421 2656 tum
475 2609 594 2668 est;
652 2601 795 2656 unde
850 2615 952 2658 nec
1001 2601 1119 2673 ejus
1171 2601 1355 2656 omnia
1381 2607 1435 2656 et
1468 2600 1523 2655 in
1558 2599 1670 2655 Deo
1716 2597 2028 2668 usurpanda
2073 2607 2220 2664 sunt,
2282 2612 2352 2653 ne
2396 2599 2782 2678 praeter_alia,
2849 2599 3012 2655 etiam
3071 2594 3244 2663 Deum
3313 2599 3557 2659 circurn-

305 2696 572 2766 scriptum
602 2697 990 2768 intelligamus.

374 2789 655 2860 Μακάριοι
702 2794 882 2845 τοίνυν
942 2791 1200 2863 ἐσόμεθα,
1247 2791 1331 2845 ὅτι
1379 2790 1409 2844 ὀ
1455 2791 1516 2844 οὐ
1581 2783 1872 2862 βλέπομεν,

307 2880 693 2950 ἀναμφιϐόλως
722 2881 1073 2950 πιστεύομεν.
1109 2883 1209 2937 Διά
1240 2882 1352 2952 γὰρ
1393 2886 1491 2953 τῆς
1521 2883 1755 2945 πίστεως
1784 2882 1876 2933 ἐπὶ

223 3044 226 3046 γ
308 2973 407 3042 τὴν
438 2971 678 3042 ἄρρητον
703 2973 800 3041 τῆς
829 2973 989 3040 ἁγίας
1015 2974 1259 3042 ,Τριάδος
1292 2974 1710 3043 καταντήσομεν
1742 2970 1878 3024 θεω-

313 3063 458 3134 ρίαν,
491 3066 586 3116 καὶ
613 3063 704 3117 τὸν
728 3063 861 3116 Θεὸν
888 3063 1153 3133 ὀψόμεθα,
1187 3065 1328 3118 κατά
1363 3064 1460 3134 τὴν
1501 3062 1594 3115 τοῦ
1625 3062 1878 3132 Σωτῆρος

312 3153 610 3222 ὑπόσχεσιν
629 3170 644 3184 ο
678 3155 768 3206 ὅτε
799 3155 962 3208 αὐτὸν
985 3154 1198 3224 ἔχοντες
1219 3155 1280 3208 τὸ
1309 3155 1538 3224 ἔσχατον
1565 3152 1789 3221 ἀγαθὸν,
1818 3152 1878 3204 οὐ

309 3243 617 3314 δεησόμεθα
635 3245 812 3309 τινός·
845 3245 981 3298 ἀλλά
1030 3245 1460 3317 πλησθησόμεθα
1483 3246 1626 3316 ζωῆς
1657 3245 1880 3298 αἰωνίου

313 3336 406 3388 καὶ
422 3337 599 3404 χαρᾶς
628 3335 723 3387 καὶ
753 3334 1153 3402 ἀγαλλιάσεως,
1188 3337 1324 3390 καθὸ
1361 3339 1600 3406 πέφυκεν
1631 3336 1880 3400 ἕκαστος,

313 3431 458 3480 κατὰ
481 3427 582 3497 τὴν
616 3427 914 3492 ἀναλογίαν
947 3429 1185 3492 πίστεως
1231 3429 1322 3483 καὶ
1371 3430 1463 3483 τοῦ
1494 3430 1740 3498 καμάτου
1788 3430 1885 3480 at)-

315 3515 427 3568 τῶν
448 3532 464 3549 ο
491 3518 586 3570 καὶ
619 3519 728 3588 γὰρ
761 3520 929 3588 μονὰς
959 3519 1162 3582 πολλὰς
1205 3521 1356 3588 παρὰ
1388 3519 1466 3588 τῷ
1497 3519 1618 3586 Θεῷ
1646 3518 1885 3588 ἡκούσα-

318 3623 418 3675 μεν
452 3600 593 3659 εἶναι
615 3623 629 3637 ·
678 3609 754 3677 μὴ
807 3607 927 3661 κατ’
958 3609 1138 3676 ὀλίγον
1179 3610 1238 3661 τὸ
1269 3607 1489 3660 δυνατὸν
1515 3609 1649 3678 ἡμῖν
1675 3606 1888 3677 λαμϐά-

286 3694 519 3763 ’νοντες,
551 3700 715 3768 ἀτελῆ
766 3701 860 3753 καὶ
894 3701 1029 3768 μετὰ
1059 3700 1238 3772 λύπης
1281 3700 1380 3771 τὴν
1415 3700 1642 3753 αἰωνίαν
1671 3697 1888 3767 ἐκείνην

318 3787 550 3859 θεωρίαν
585 3790 678 3843 τοῦ
733 3792 868 3845 Θεοῦ
913 3793 1006 3845 καὶ
1031 3792 1333 3845 ἀπόλαυσιν
1363 3790 1597 3861 ἔχωμεν,
1635 3790 1730 3842 καὶ
1767 3787 1888 3858 μετ’

317 3880 526 3944 ἐλπίδος
558 3884 653 3936 καὶ
683 3884 920 3950 ἐφέσεως
950 3885 1112 3936 κάκεῖ
1147 3885 1401 3952 ζήσωμεν
1421 3898 1437 3914 ι
1466 3882 1560 3934 καὶ
1595 3882 1716 3933 τότε
1745 3897 1806 3932 συ
1818 3897 1886 3950 μ-

321 3970 548 4041 ϐήσεται
581 3975 714 4043 ἡμῖν
741 3975 959 4043 ἔχουσιν
986 3975 1149 4028 αὐτὸν
1181 3975 1273 4026 τὸν
1301 3973 1455 4039 Θεὸν,
1487 3968 1548 4028 οὗ
1577 3978 1887 4042 γενομένοις

321 4067 502 4136 πάσης
535 4067 769 4132 θεωρίας
809 4067 1138 4133 ἀνάπαυσις,
1169 4068 1305 4137 ὅπερ
1327 4069 1356 4118 ὀ
1381 4067 1673 4136 Προφήτης
1701 4064 1886 4134 φησὶν,

329 4179 350 4212 ι
397 4161 456 4213 Ὀ
487 4159 544 4212 δὲ
571 4158 776 4221 δίκαιος
807 4159 872 4212 ὲκ
903 4159 1133 4222 πίστεως
1158 4159 1403 4230 ζήσεται.
1433 4157 1458 4210 ἰ

918 4415 1276 4469 ΕΠΙΛΟΓΟΣ.

2051 2787 2198 2842 Beati
2234 2802 2363 2855 ergo
2403 2785 2629 2848 erimus,
2687 2784 2905 2854 quodid
2937 2785 3080 2853 quod
3128 2799 3232 2839 non
3285 2785 3556 2840 videmus.

1985 2882 2121 2937 citra
2151 2893 2367 2934 omnem
2401 2876 2797 2933 dubitationem
2852 2877 3213 2932 credimus".
3255 2876 3358 2932 Per
3393 2877 3554 2932 fidem

1982 2972 2150 3036 enim,
2183 2970 2247 3023 ad
2285 2983 2540 3023 arcanam
2579 2977 2782 3024 sancta:
2818 2967 3104 3024 Trinitatis
3140 2970 3558 3037 contemplatio-

1985 3076 2106 3116 nem
2141 3060 2512 3124 deveniemns,
2567 3057 2872 3128 Deumque,
2901 3057 3056 3127 juxta
3099 3059 3245 3128 quod
3308 3060 3560 3114 Salvator

1987 3153 2259 3224 pollicitus
2289 3151 2444 3218 est“,
2477 3151 2646 3205 visuri
2676 3166 2868 3206 sumus
2894 3152 3136 3221 ;quando
3170 3152 3284 3220 ipsa
3319 3153 3560 3221 supremi

1990 3245 2126 3298 Boni
2159 3245 2505 3313 possessione
2539 3243 2707 3306 beati,
2733 3244 2934 3298 nullius
2962 3243 3283 3315 egebimus;
3321 3249 3414 3301 sed
3450 3245 3561 3297 vita

1995 3344 2197 3391 aeterna
2226 3343 2280 3389 et
2315 3333 2511 3403 gaudio
2545 3342 2599 3389 et
2633 3334 3013 3399 exsultatione,
3041 3349 3139 3403 pro
3177 3350 3240 3389 eo
3265 3350 3328 3390 ac
3362 3336 3561 3404 cuique

1985 3438 2359 3499 comparatum
2409 3435 2516 3490 est,
2569 3443 2666 3495 pro
2698 3427 2823 3481 fidei
2887 3438 3086 3482 nostrae
3138 3428 3351 3483 ratione
3397 3437 3562 3497 atque

1990 3519 2212 3579 laboris,
2273 3517 2634 3586 implebimur.
2707 3515 2922 3571 Etenim
2985 3517 3296 3572 mansiones
3361 3518 3561 3572 multas

1989 3610 2128 3678 apud
2156 3607 2324 3661 Deum
2358 3615 2480 3661 esse
2506 3607 2913 3674 audivimus";
2950 3621 3014 3661 ne
3040 3608 3299 3676 paulatim
3333 3609 3382 3662 id
3403 3609 3562 3682 cujus

1990 3713 2218 3769 capaces
2257 3713 2450 3753 sumus
2505 3697 2855 3766 accipientes,
2922 3696 3296 3767 imperfectam
3358 3707 3560 3753 etcum

1993 3799 2230 3839 maerore
2259 3784 2557 3839 habeamus
2592 3795 2852 3840 aeternam
2887 3785 3032 3838 illam
3068 3785 3160 3840 Dei
3219 3787 3562 3855 contempla-

1991 3876 2189 3929 tionem
2220 3889 2282 3929 ac
2306 3875 2731 3942 iucunditatem,
2761 3888 2923 3944 atque
2947 3876 3054 3930 illic
3080 3877 3244 3930 etiam
3279 3892 3374 3945 spe
3413 3878 3562 3932 desi-

1985 3966 2247 4036 derioque
2300 3967 2462 4020 vitam
2520 3975 2892 4024 sustentemus
2946 3984 2963 4021 :
3023 3976 3246 4037 tumque
3283 3970 3561 4040 continget

1991 4059 2150 4114 nobis
2186 4045 2562 4128 Deum‘ipsum
2601 4060 2951 4126 habentibus,
3010 4059 3168 4132 cujus
3211 4062 3370 4117 nobis
3425 4062 3560 4136 adea

1993 4150 2180 4220 ptione
2252 4153 2432 4206 omnis
2497 4152 2734 4206 sedanda
2794 4154 3180 4223 contemplatio
3243 4163 3350 4218 est,
3417 4155 3562 4224 quod

1992 4245 2258 4312 propheta
2328 4245 2402 4298 ait
2473 4261 2488 4297 :
2567 4262 2584 4294 ι
2659 4242 2848 4298 Justus
2916 4255 3094 4299 autem
3167 4260 3232 4300 ex
3303 4245 3406 4300 fide
3477 4247 3564 4300 vi-

1991 4346 2076 4390 vet
2114 4335 2179 4388 ⁷³.
2223 4354 2242 4386 ι

2553 4425 2970 4482 PERORATIO.

398 4506 509 4560 Ἵνα
566 4509 747 4560 τοίνυν
802 4509 894 4561 ἐπὶ
947 4508 1007 4560 τὸ
1055 4508 1406 4576 ἐλπιζόμενον
1456 4509 1877 4580 καταντήσωμεν

2061 4518 2130 4574 Ut
2152 4519 2313 4590 igitur
2341 4519 2406 4572 ad
2445 4521 2640 4573 bonum
2668 4521 2719 4573 in
2748 4535 2842 4589 spe
2875 4521 3032 4575 nobis
3061 4521 3354 4591 repositum
3377 4538 3567 4593 perve-

320 4600 545 4666 ἁγαθὸν,
581 4600 871 4669 ὀφείλομεν
898 4599 1180 4652 πιστεύειν
1218 4601 1313 4652 καὶ
1364 4600 1599 4669 βεϐαίως
1631 4603 1886 4671 κατέχειν

316 4694 387 4743 τὰ
411 4691 656 4760 δόγματα
680 4690 778 4759 τῆς
809 4691 969 4758 ἁγίας
998 4691 1092 4744 τοῦ
1116 4681 1251 4744 Θεοῦ
1279 4691 1626 4765 Ἐκκλησίας,
1646 4694 1712 4762 ἢν
1732 4696 1885 4763 μίαν,

318 4783 502 4850 ἁγίαν,
555 4781 851 4852 καθολικὴν
905 4783 998 4836 καὶ
1054 4785 1421 4857 ἀποστολικὴν
1473 4787 1884 4858 ὁμολογοῦμεν·

317 4878 420 4928 ὅσα
453 4877 585 4946 περὶ
613 4875 705 4929 τοῦ
759 4877 878 4941 ἑνὸς
910 4879 1008 4931 καὶ
1040 4880 1478 4948 τρισυποστάτου
1509 4879 1646 4932 Θεοῦ
1686 4881 1890 4949 κηρύτ-

319 4984 404 5020 τει
429 4985 442 4999 ·
477 4971 578 5022 ὅσα
613 4985 672 5022 τε
705 4971 833 5040 περὶ
860 4971 957 5040 τῆς
987 4971 1301 5040 οἰκονομίας
1341 4973 1435 5024 καὶ
1461 4973 1560 5041 τῆς
1589 4972 1888 5042 μελλούσης

323 5060 677 5124 ἀναστάσεως
732 5061 977 5114 διδάσκει
1001 5078 1016 5093 °
1052 5063 1145 5116 καὶ
1174 5062 1352 5117 πάντα
1400 5064 1693 5132 φυλάττειν
1727 5064 1893 5131 ὑγιῶς

321 5151 416 5204 καὶ
449 5151 708 5220 γνησίως,
752 5154 890 5223 μήτε
931 5154 1073 5207 κατά
1098 5154 1196 5223 τὴν
1221 5157 1425 5220 πίστιν,
1457 5157 1597 5225 μήτε
1633 5157 1773 5209 κατὰ
1793 5157 1893 5225 τὴν

267 5274 270 5276 ~
321 5242 600 5297 πολιτείαν
623 5244 986 5314 χωλεύοντας.
1022 5247 1165 5316 Πρὸς
1199 5246 1302 5316 μὲν
1332 5247 1440 5319 γὰρ
1472 5248 1563 5300 τὸν
1587 5248 1694 5300 ἀπὸ
1725 5248 1894 5317 μόνης

315 5335 414 5403 τῆς
440 5339 681 5398 πίστεως·
707 5335 1020 5408 θαρροῦντα
1048 5341 1147 5408 τῆς
1182 5340 1404 5392 αίωνίου
1437 5338 1584 5409 ζωῆς
1615 5341 1893 5408 ἐπιτυχεῖν

318 5427 346 5477 ὁ
377 5425 577 5496 Κύριος
621 5426 866 5498 εἴρηκειη
927 5446 946 5481 ι
1012 5431 1085 5482 Οὐ
1124 5431 1231 5494 πᾶς
1264 5433 1291 5484 ὀ
1319 5431 1496 5498 λέγων
1552 5450 1660 5504 μοι,
1691 5432 1892 5502 Κύριε,

1992 4616 2228 4676 niamtts,
2269 4627 2497 4668 necesse
2541 4621 2714 4666 estut
2752 4613 3066 4677 credamus,
3105 4629 3168 4667 ac
3208 4628 3412 4670 sanctae
3461 4615 3560 4670 Dei

1992 4705 2268 4769 Ecclesiae,
2289 4718 2449 4774 quam
2479 4717 2638 4756 unam
2664 4713 2908 4757 sanctam
2922 4704 3248 4758 catholicam
3267 4714 3561 4776 ctaposto-

1990 4794 2151 4848 licam
2185 4793 2535 4859 confitemur,
2557 4793 2776 4848 decreta
2816 4795 3042 4850 firmiter
3069 4805 3383 4866 teneamus;
3413 4815 3564 4870 quae-

1992 4901 2206 4953 cunque
2243 4885 2499 4939 nimirum
2535 4886 2601 4939 de
2647 4901 2757 4940 uno
2791 4900 2855 4940 ac
2884 4890 3023 4942 triue
3067 4890 3394 4946 subsistenti
3449 4893 3559 4948 Deo

1991 4977 2281 5046 praedicat;
2315 4992 2412 5031 nec
2443 4992 2548 5030 non
2581 4993 2922 5049 quacunque
2950 4983 3016 5036 de
3050 4983 3249 5039 Christi
3281 4987 3561 5058 mysterio,

1991 5070 2168 5136 deque
2203 5067 2384 5121 futura
2413 5071 2814 5126 resurrectione
2863 5072 3018 5127 docet
3043 5092 3056 5140 ;
3083 5087 3388 5148 cunctaque
3429 5095 3564 5134 sane

1993 5174 2056 5214 ac
2089 5173 2211 5213 vere
2275 5175 2574 5225 servemus,
2615 5172 2673 5213 ut
2719 5178 2896 5230 neque
2959 5168 3102 5234 quod
3134 5170 3200 5224 ad
3248 5170 3409 5225 fidem
3440 5185 3557 5239 spe-

1991 5261 2123 5316 ctat,
2156 5265 2252 5305 nec
2291 5252 2434 5320 quod
2463 5252 2528 5306 ad
2560 5253 2930 5323 disciplinam,
2966 5260 3261 5330 quidquam
3293 5263 3563 5317 claudice-

1993 5359 2139 5398 mus.
2193 5343 2276 5397 Ad
2309 5358 2434 5398 eum
2489 5346 2707 5414 quidem
2761 5351 2853 5416 qui
2888 5367 2951 5404 ex
2996 5353 3110 5406 sola
3141 5333 3244 5408 fide
3300 5363 3560 5407 aeternam

1996 5437 2161 5489 vitam
2222 5451 2281 5489 se
2346 5436 2668 5506 adepturum
2722 5442 3021 5510 praesumit,
3057 5443 3194 5496 dixit
3245 5441 3559 5498 Dominus:

390 5609 440 5643 ⁷⁸
489 5609 649 5666 Joan.
675 5628 769 5681 xx,
805 5614 898 5671 29.
974 5614 1016 5648 '"
1057 5611 1246 5668 Matth.
1279 5629 1331 5680 ν,
1374 5613 1430 5673 8.
1504 5615 1550 5646 ⁷³
1579 5613 1738 5674 Joan.
1772 5632 1877 5684 xlv,

2054 5617 2100 5650 ⁷³
2133 5615 2332 5673 Hahae.
2374 5633 2433 5685 It,
2466 5620 2514 5676 4.

396 5771 510 5844 t89)
534 5773 682 5832 Orat.
713 5777 804 5835 54.
