4056 6266
478 317 587 379 659

1349 316 1742 381 MANUELIS
1781 314 2086 378 CALECIE
2125 313 2224 376 DE
2261 313 2712 390 PRINCIPIIS,
2748 318 2909 380 ETC-

3532 314 3730 378 ’660

482 438 579 484 aut
617 443 741 485 eum
801 427 958 487 valde
996 430 1186 502 paucis
1216 446 1384 487 ausus
1417 440 1501 487 cst
1530 433 1814 487 veritatem
1847 430 2055 501 scripto

2159 435 2326 491 αὐτὸν
2349 437 2608 509 ἐγκωμίῳ
2641 440 2920 511 μνησθεὶς,
2959 456 2978 490 ι
3014 439 3188 500 Μόνος
3220 437 3447 503 ἐκεῖνος,
3491 455 3511 489 ι
3533 439 3729 508 φησὶν,

480 522 751 591 preliteri.
801 539 823 575 ι
860 520 1009 579 lianc
1059 538 1266 578 vocans
1312 522 1640 590 Veritatem,
1688 539 1853 596 quam
1890 525 1936 580 is
1988 524 2057 579 ad

479 613 682 670 Julium
746 615 872 671 ﬁdei
944 615 1333 686 professionem
1391 616 1632 687 scripsit.

554 788 632 843 De
652 791 755 845 hac
784 798 966 845 autem
1001 799 1187 846 nostra
1220 792 1343 857 fide,
1381 806 1483 847 nos
1508 806 1729 860 quoque
1750 805 1868 847 eam
1906 805 2059 847 com-

482 880 687 949 pientis
720 892 935 936 summe
962 882 1271 937 necessaria
1302 883 1480 952 capita
1505 882 1694 951 paucis
1724 881 2058 950 conscripsi-

482 987 634 1038 mus,
662 986 783 1041 quae
830 981 888 1027 tu
929 970 1173 1042 quidem,
1219 972 1412 1037 amice,
1481 988 1511 1026 a
1544 987 1629 1028 me
1698 972 1987 1042 postulasti
2037 989 2051 1026 :

482 1078 631 1118 nunc
662 1073 869 1131 autem,
898 1064 995 1120 tibi
1023 1066 1231 1125 reddita
1258 1066 1449 1133 habes,
1499 1066 1752 1136 quamvis
1799 1079 1910 1120 non
1962 1077 2054 1120 sa-

368 1170 377 1175 ·
485 1155 555 1211 tis
579 1162 821 1222 strenue,
848 1165 903 1212 et
927 1170 1188 1227 quantum
1220 1158 1479 1224 sufﬁciat,
1514 1158 1608 1213 sed
1652 1155 1910 1228 provirili
1958 1170 2056 1210 no-

486 1257 596 1302 stra
627 1246 903 1313 facultate,
938 1258 1140 1317 quanta
1181 1249 1440 1303 nimirum
1471 1249 1692 1304 donavit
1750 1247 1893 1302 Deus
1954 1260 2065 1319 pro

485 1355 621 1394 meae
651 1340 899 1396 lectionis
925 1342 1241 1412 exiguaeque
1258 1341 1555 1411 diligentia:
1572 1340 1788 1394 modulo
1819 1333 1881 1393 ea
1909 1328 2063 1395 sub?

484 1430 825 1487 ministrans.
904 1430 1046 1497 Quin
1113 1447 1183 1486 ne
1223 1432 1335 1487 haec
1383 1433 1500 1501 ipsa
1551 1431 1774 1498 quidem
1807 1429 2054 1485 dicturus

444 1536 656 1599 _eram,
698 1523 844 1591 quod
905 1531 959 1577 ct
997 1521 1151 1576 initio
1200 1522 1381 1592 operis
1434 1520 1692 1592 Praefatus
1749 1535 1897 1586 sum,
1942 1521 2050 1577 nisi

484 1622 636 1669 certo
665 1629 693 1667 a
738 1613 951 1669 Sanctis
991 1613 1274 1684 prmdicari
1324 1629 1565 1679 nossem,
1612 1629 1912 1684 eorumque
1957 1628 2054 1669 an-

482 1706 767 1783 ctoritates
808 1705 860 1758 in
896 1715 1147 1774 promptu
1181 1705 1460 1760 haberem.
1493 1704 1621 1759 Mihi
1657 1706 1803 1759 enim
1832 1721 2050 1775 semper

483 1797 701 1866 quidem
747 1813 806 1851 ea
844 1798 976 1851 inita
1018 1798 1155 1851 ratio
1198 1808 1301 1861 est,
1335 1807 1396 1854 ut
1438 1800 1773 1868 superiores,
1796 1808 1849 1853 et
1884 1799 1937 1853 in
1969 1799 2047 1854 eis

483 1890 740 1957 optimos.
793 1904 1018 1958 sequar;
1062 1892 1360 1958 praesertim
1411 1905 1540 1945 vero
1580 1891 1633 1945 in
1684 1891 1885 1946 divinis
1931 1905 2050 1945 eam

483 1982 618 2036 mihi
669 1979 839 2034 indixi
890 1980 1213 2035 servandam
1274 1981 1748 2046 consuetudinem,
1798 1992 1856 2037 ut
1915 1981 2052 2037 nihil

484 2072 738 2136 sentiam,
763 2072 895 2125 nihil
921 2071 1124 2137 dicam,
1161 2087 1322 2141 quam
1355 2074 1500 2143 quod
1533 2074 1829 2143 Scriptura:
1877 2074 2050 2129 visum

483 2168 575 2226 sit,
604 2165 897 2235 divinoque
928 2161 1136 2235 Spiritu
1174 2166 1384 2221 edoctis
1432 2166 1689 2221 Ecclesize
1733 2166 2050 2237 magistris:

485 2255 618 2309 nihil
651 2256 887 2324 denique
915 2256 1173 2320 scribam,
1205 2257 1366 2324 cujus
1395 2272 1499 2311 non
1541 2265 1785 2327 apertam
1816 2267 2053 2312 certam-

483 2359 590 2414 que
627 2344 1029 2410 anctoritatem,
1063 2358 1126 2399 ex
1169 2357 1324 2399 sacra
1359 2344 1452 2399 Dei
1481 2345 1786 2416 Scriptura,
1820 2348 2054 2419 ejusque

484 2440 875 2508 interpretum,
912 2453 1050 2508 quos
1079 2438 1170 2493 Dei
1195 2436 1436 2493 Ecclesia
1465 2446 1519 2493 et
1547 2439 1811 2506 laudavit,
1863 2447 1919 2496 et
1953 2454 2054 2496 suo

483 2530 760 2600 praeconio
804 2530 983 2587 claros
1028 2530 1294 2596 reddidit;
1332 2529 1496 2600 idque
1533 2530 1819 2587 manifeste
1849 2531 2055 2601 liqueat

482 2637 548 2676 ex
585 2621 693 2677 illis
725 2635 847 2691 quae
877 2622 1169 2687 edidimus,
1194 2622 1479 2693 magisque
1507 2623 1731 2687 clareat,
1767 2623 1931 2678 modo
1962 2637 2051 2676 so-

483 2716 596 2770 lum
628 2731 688 2771 ea
724 2730 844 2786 quae
880 2717 1081 2786 scripta
1116 2723 1267 2780 sunt,
1317 2716 1436 2790 sine
1466 2717 1593 2771 dolo
1619 2723 1878 2787 rectoque
1904 2716 2049 2788 judi-

482 2809 570 2862 cio
603 2814 904 2878 percurrat.
934 2806 1079 2860 Nihil
1113 2808 1258 2861 enim
1288 2821 1516 2876 prorsus
1540 2821 1568 2860 a
1605 2821 1691 2861 me
1722 2807 1842 2877 ipso
1871 2805 2051 2871 intuli,

482 2902 577 2957 sed
599 2899 652 2955 id
679 2901 876 2967 solum,
900 2900 1045 2969 quod
1078 2915 1141 2954 ea
1166 2915 1288 2968 qua
1319 2898 1554 2953 diversis
1598 2897 1732 2952 locis
1779 2912 1810 2953 a
1847 2897 2059 2953 sanctis

482 2995 628 3050 dicta
667 3004 810 3055 sunt,
839 2992 953 3060 ipse
984 2992 1072 3047 hic
1105 2991 1318 3062 collegi,
1358 2990 1427 3045 ad
1481 3007 1670 3046 eorum
1710 2989 1804 3061 qui
1852 2989 2052 3046 lecturi

2163 547 2184 583 ι
2223 530 2257 603 ἢ
2291 532 2490 604 κομιδῇ
2535 534 2632 588 σὺν
2663 533 2889 602 ὀλίγοις,
2932 531 3280 602 ἀπετόλμησε
3333 530 3435 602 τὴν
3469 530 3730 602 ἀλήθειαν

2156 622 2451 693 ἐγγράφως
2500 624 2873 695 ὁμολογῆσαι*
2911 644 2931 678 ι
2992 623 3199 693 ταύτην
3230 622 3407 691 λέγων
3443 624 3729 694 ἀλήθειαν,

2155 710 2258 782 τὴν
2288 713 2428 783 πρὸς
2455 714 2663 768 ἐκεῖνον
2685 717 2997 787 γραφεῖσαν
3027 714 3352 784 ὁμολογίαν.

2231 803 2366 871 Περὶ
2388 802 2447 856 δέ
2471 804 2679 875 ταύτης
2712 805 2813 873 τῆς
2869 805 3109 867 πίστεως
3153 802 3311 873 ἡμῶν
3345 803 3441 857 καὶ
3468 804 3632 874 ἡμεῖς
3659 803 3729 858 τὰ

2155 895 2590 968 συμπληροῦντα
2646 896 2818 968 αὐτὴν
2871 896 3275 965 ἀναγκαιότατα
3338 894 3612 964 κεφάλαια
3668 895 3728 947 ἐν

2154 988 2397 1057 ἐπιτομῇ
2425 986 2873 1057 συνεγράψαμεν,
2934 986 3079 1058 άπερ
3109 985 3272 1049 αὐτὸς
3325 984 3448 1065 μὲν,
3478 977 3526 1038 ὣ
3552 984 3726 1052 φίλος,

2154 1079 2287 1148 παρ’
2313 1078 2468 1148 ἡμῶν
2502 1078 2811 1151 ἐζήτησας·
2843 1079 2946 1151 ήδη
2981 1079 3038 1135 δέ
3068 1078 3216 1151 ἔχεις
3242 1077 3350 1131 τῶν
3378 1075 3728 1147 ζητηθίντων

2152 1168 2435 1233 ἀπόδοσιν,
2466 1168 2515 1222 εί
2546 1169 2641 1222 καὶ
2670 1169 2746 1241 μὴ
2767 1170 3033 1238 γενναίως
3068 1168 3167 1223 καὶ
3206 1169 3548 1240 ἀρκούντως,
3588 1165 3723 1219 ἀλλά

2153 1260 2297 1314 κατά
2325 1261 2425 1332 τὴν
2454 1263 2732 1335 ἡμετέραν
2757 1262 3015 1333 δύναμιν,
3050 1264 3283 1318 καθόσον
3313 1266 3340 1318 ό
3368 1261 3503 1325 Θεδς
3536 1258 3727 1331 ἐχαρῖ·

2155 1367 2288 1404 eam
2334 1351 2577 1429 δηλονότι
2634 1356 2702 1424 τῇ
2744 1353 2880 1424 παρ’
2914 1352 3052 1423 ἐμοῦ
3096 1353 3229 1425 περὶ
3284 1353 3385 1425 τὴν
3416 1353 3728 1421 ἀνάγνωσιν

2157 1443 2330 1513 μικρᾷ
2351 1444 2558 1515 σπουδῇ
2580 1444 2681 1516 τὴν
2718 1444 2986 1516 χορηγίαν
3014 1446 3415 1517 ἐπιμετρήσας.
3451 1444 3564 1499 Καὶ
3586 1443 3726 1497 αὐτά

2153 1532 2211 1586 δέ
2246 1532 2419 1588 ταῦτα
2452 1534 2551 1587 οὐκ
2581 1535 2647 1588 ἂν
2678 1529 2857 1597 εἶπον.
2894 1534 2924 1588 ὃ
2967 1534 3062 1588 καὶ
3102 1536 3407 1605 ἀρχόμενος
3439 1533 3648 1603 ελεγον,
3676 1535 3726 1587 εί

2159 1626 2232 1695 μὴ
2277 1625 2512 1695 βεϐαίως
2566 1627 2892 1698 ἠπιστάμην
2927 1630 3079 1699 παρὰ
3109 1612 3225 1683 τῶν
3249 1629 3422 1694 ἁγίων
3452 1620 3725 1698 κηρυττό-

2159 1716 2316 1788 μενα,
2356 1719 2576 1781 καὶτὰς
2616 1719 2921 1790 μαρτυρίας
2978 1720 3039 1785 ἐξ
3069 1721 3252 1774 αὐτῶν
3298 1716 3443 1791 εἶχον
3473 1719 3727 1791 προτιῦέ-

2155 1827 2265 1881 ναι.
2308 1811 2420 1864 Ἀεὶ
2448 1811 2549 1881 μὲν
2573 1811 2681 1883 γὰρ
2700 1812 2904 1880 ταύτην
2938 1813 3032 1867 ἐπὶ
3059 1814 3275 1869 πάντων
3304 1813 3401 1883 τὴν
3432 1812 3726 1883 συνήθειαν

2154 1900 2284 1971 ἐχω,
2335 1904 2446 1964 τοῖς
2495 1904 2982 1975 προηγησαμένοις
3021 1905 3115 1958 καὶ
3164 1904 3411 1972 ἀρίστοις
3468 1902 3720 1968 ἕπεσθαι,

2154 1991 2449 2062 ἐξαιρέτως
2479 1994 2536 2046 δὲ
2572 1995 2664 2047 ἐπὶ
2692 1994 2800 2047 τῶν
2833 1994 2992 2047 θείων
3038 1995 3260 2065 ἐμαυτῷ
3297 1995 3397 2065 τὴν
3432 1996 3723 2065 συνήθειαν

2153 2083 2359 2155 ταύτην
2384 2085 2751 2152 φυλάττεσθαι
2780 2085 3066 2156 βούλομαι,
3095 2088 3261 2159 μηδὲν
3291 2090 3531 2157 φρονεῖν,
3558 2087 3723 2157 μηδὲν

2154 2177 2332 2246 λέγειν
2361 2180 2497 2251 ὅπερ
2523 2179 2585 2231 οὑ
2637 2178 2788 2232 δοκεῖ
2812 2181 2878 2249 τῇ
2915 2180 3103 2250 Γραφῇ
3141 2180 3239 2233 καὶ
3293 2181 3405 2242 τοῖς
3448 2178 3725 2249 μαθητευ-

2155 2270 2325 2325 θεῖσιν
2367 2272 2472 2325 ὑπὸ
2531 2270 2627 2325 τοῦ
2667 2272 2821 2340 ἁγίου
2873 2273 3217 2342 Πνεῦματος,
3245 2274 3360 2336 τοῖς
3381 2272 3725 2335 διδασκάλοις

2153 2358 2254 2432 τῆς
2284 2360 2641 2433 Ἐκκλησίας⁹
2674 2362 2840 2433 μηδὲν
2870 2364 3125 2435 γράφειν,
3153 2361 3213 2420 οὗ
3242 2366 3318 2435 μὴ
3350 2366 3456 2436 ἔχω
3481 2365 3725 2435 φανερὰν

2157 2455 2251 2509 καὶ
2277 2454 2503 2525 βεϐαίαν
2524 2456 2625 2522 τὴν
2653 2456 2959 2527 μαρτυρίαν
2984 2456 3140 2526 παρὰ
3159 2458 3258 2527 τῆς
3288 2458 3448 2527 ἁγίας
3468 2458 3563 2511 τοῦ
3586 2457 3722 2511 Θευῦ

2155 2545 2376 2617 Γραφῆς
2406 2546 2634 2600 καὶτῶν
2658 2547 2864 2617 ταύτης
2894 2548 3197 2621 ἐξηγητῶν,
3221 2549 3315 2613 οὓς
3343 2551 3377 2622 ἡ
3423 2549 3719 2621 Ἐκκλησία

2154 2634 2248 2690 τοῦ
2285 2634 2421 2689 Θεοῦ
2454 2637 2548 2690 καὶ
2570 2636 2800 2708 ἐπῄνεσε
2829 2638 2924 2692 καὶ
2946 2638 3218 2704 ἐδόξασεν.
3257 2641 3324 2694 ‘0
3347 2641 3440 2693 καὶ
3474 2641 3582 2694 ἀπὸ
3614 2644 3724 2695 τῶν

2155 2726 2490 2781 ἐκτεθέντων
2546 2726 2705 2797 δῆλόν
2760 2730 2899 2793 ἐστι,
2933 2731 3032 2783 καὶ
3084 2730 3416 2798 γινώσκεται
3447 2732 3723 2802 καθαρῶς,

2154 2818 2209 2872 ει
2230 2836 2315 2879 τις
2342 2818 2506 2889 μόνον
2534 2819 2736 2883 ἀδόλως
2789 2821 2885 2873 καὶ
2911 2822 3010 2875 ἀπ’
3053 2822 3223 2893 ὀρθῆς
3262 2824 3497 2894 κρίσεως
3527 2824 3597 2877 τὰ
3634 2841 3728 2892 γε·

2154 2910 2449 2982 γραμμένα
2477 2909 2713 2965 ἐπέλθοι.
2745 2912 2867 2965 Ἀπ’
2886 2914 3128 2982 ἐμαυτοῦ
3161 2915 3270 2987 γάρ
3298 2917 3448 2970 οὐδὲν
3478 2918 3725 2988 εἰσήνεγ-

2156 3021 2229 3058 κα
2261 3003 2480 3071 “eum;
2501 3021 2516 3034 ο
2576 3003 2734 3057 τοῦτο
2768 3004 2835 3070 ,δὲ
2892 3005 3075 3073 μόνον,
3106 3007 3187 3059 ὅτι
3223 3006 3291 3060 τὰ
3319 3010 3428 3071 τοῖς
3455 3010 3633 3077 ἁγίοις
3664 3011 3724 3063 ἐν

481 3093 631 3149 sunt,
659 3080 978 3138 firmandam
1008 3081 1187 3148 fidem,
1210 3080 1437 3151 ejusque
1463 3080 1743 3136 veritatem
1769 3080 2049 3136 constabi-

2153 3096 2430 3167 διαφόροις
2478 3096 2715 3170 ρηθέντα
2761 3096 2969 3164 τόποις,
3032 3098 3194 3162 αὐτὸς
3243 3099 3475 3153 ἐνταῦθα
3505 3074 3721 3169 συνῆψα

481 3176 741 3231 iiendam.
769 3173 1094 3242 Quanquam
1130 3186 1197 3226 ne
1222 3171 1276 3225 id
1328 3170 1547 3241 quidem
1581 3169 1825 3224 facturus
1874 3184 2048 3234 eram,

480 3265 587 3321 nisi
630 3274 686 3317 tu
713 3277 743 3316 a
768 3275 855 3316 me
885 3260 1185 3329 exegisses,
1210 3270 1265 3314 at
1300 3272 1476 3328 neque
1501 3267 1553 3313 te
1576 3257 1846 3328 exigente,
1878 3258 1926 3313 si
1952 3257 2049 3313 tibi

479 3367 537 3411 ct
594 3354 765 3409 Otium
826 3362 879 3407 ct
922 3351 1043 3407 libri
1091 3360 1147 3407 et
1192 3351 1517 3407 eruditionis
1550 3349 1784 3406 facultas
1819 3351 1885 3405 ad
1937 3352 2051 3407 haec

481 3449 714 3519 sparsim
744 3445 922 3516 posita
949 3444 1274 3515 colligenda,
1305 3459 1369 3499 ac
1408 3444 1685 3500 memoriae
1718 3460 1857 3514 penu
1894 3459 2049 3515 repo-

479 3537 660 3593 nenda
712 3535 862 3592 brevi
902 3535 1171 3590 sententia
1218 3533 1635 3605 comprehensa,
1673 3543 2047 3606 suppeterent:

481 3645 551 3686 ne
581 3628 864 3684 videamur
890 3627 1119 3697 superbe
1151 3628 1371 3699 aggredi
1400 3628 1470 3683 ad
1494 3629 1609 3684 haec
1626 3627 2047 3693 conscribenda,

480 3735 546 3777 ac
619 3719 819 3776 diaboli
887 3719 1079 3774 morbo
1149 3719 1400 3775 laborare
1424 3719 1493 3787 ⁸³,
1559 3719 1720 3791 cujus
1780 3721 1867 3776 vei
1942 3736 2049 3775 nu-

479 3813 604 3867 dam
674 3813 908 3883 speciem
988 3825 1210 3868 necesse
1284 3822 1369 3870 est
1444 3828 1506 3869 ut
1582 3814 1774 3885 procul
1857 3828 2052 3870 aman-

478 3907 693 3967 demus.

550 3999 744 4055 Simile
765 3997 933 4069 igitur
964 3998 1173 4068 aliquid
1200 3998 1323 4058 feci.
1376 4013 1441 4053 ac
1471 3999 1518 4055 si
1550 4000 1696 4070 quis,
1725 4016 1889 4070 quam
1920 4015 2048 4072 pro-

479 4093 698 4145 ﬁtentur
728 4091 888 4145 fidem
908 4090 1184 4160 accipiens
1209 4132 1223 4154 ,
1267 4106 1485 4162 nempe,
1543 4110 1561 4144 ι
1588 4092 1763 4148 Credo
1791 4095 1844 4149 in
1875 4109 2045 4149 unum

477 4182 673 4247 Deum,
703 4202 720 4233 ι
754 4191 810 4237 et
846 4197 970 4251 quae
1002 4193 1329 4252 sequuntur,
1361 4183 1411 4237 id
1439 4184 1530 4239 illo
1554 4186 1774 4253 probari
1838 4186 2048 4245 diceret

478 4275 779 4343 Scriptum
810 4276 1122 4331 testimonio
1164 4314 1179 4341 ,
1206 4276 1348 4330 istud
1383 4276 1493 4332 alio
1524 4278 1784 4349 aliudque
1815 4279 1945 4336 alio.
1986 4290 2042 4337 et

476 4369 557 4423 sic
585 4367 840 4439 deinceps
874 4367 1117 4429 intllnem
1148 4385 1351 4440 usque;
1387 4371 1532 4427 unde
1573 4386 1751 4444 neque
1774 4375 2042 4446 meipsum

544 4527 595 4561 ⁸³
623 4526 643 4580 ι
676 4526 921 4592 Tim.m,
954 4527 1007 4583 5.

2154 3189 2291 3258 πρὸς
2335 3189 2437 3259 τὴν
2470 3188 2580 3242 τῶν
2603 3188 2933 3260 Ιλεγομένων
2964 3188 3258 3259 βεϐαίωσιν
3292 3192 3391 3245 καὶ
3439 3190 3720 3263 ἀλήθειαν.

2154 3280 2349 3334 Καίτοι
2371 3280 2493 3334 οὐδὲ
2522 3279 2668 3335 τοῦτ’
2706 3281 2773 3336 ἂν
2806 3282 3051 3349 ἐποίουν,
3078 3283 3128 3336 εί
3160 3285 3235 3355 μὴ
3263 3284 3419 3355 παρὰ
3456 3285 3550 3340 σοῦ
3576 3285 3722 3340 τοῦτ’

2152 3371 2481 3443 ἀπῃτούμην
2505 3387 2522 3403 ο
2571 3370 2694 3424 οὑδέ
2745 3388 2832 3440 γε,
2868 3372 3031 3442 εἴπερ
3083 3369 3152 3443 ἦν
3185 3391 3269 3427 σοι
3305 3376 3398 3428 καὶ
3432 3376 3598 3448 σχολὴ
3628 3379 3722 3431 καὶ

2152 3463 2335 3535 βιϐλία
2369 3463 2462 3518 καί
2501 3479 2587 3527 τις
2615 3464 2846 3535 δύναμις
2880 3464 3039 3533 λόγου
3072 3464 3247 3520 ταῦτα
3286 3467 3564 3535 συλλέγειν
3596 3487 3724 3523 σπο-

2155 3557 2322 3627 ράδην
2350 3556 2601 3625 κείμενα,
2631 3559 2729 3611 καὶ
2785 3558 3334 3628 συμπερασματικῶς
3385 3562 3452 3632 τῇ
3511 3561 3722 3633 διανοίᾳ

2150 3648 2564 3703 ἐναππιθέναι·
2615 3649 2705 3703 ἵνα
2738 3649 2813 3719 μὴ
2850 3648 3098 3719 ,δόξωμεν
3155 3651 3524 3719 ὑπερηφάνως
3548 3650 3725 3705 ἐλθεῖν

2149 3741 2242 3795 ἐπὶ
2263 3741 2325 3794 τὸ
2348 3740 2525 3795 ταῦτα
2564 3740 2926 3813 συγγράφειν,
2971 3742 3066 3796 καὶ
3094 3741 3195 3811 τὴν
3225 3743 3321 3797 τοῦ
3354 3742 3608 3797 διαϐόλου
3637 3730 3721 3797 νόέ

2152 3849 2245 3890 σον
2275 3835 2469 3899 νοσεῖν,
2498 3834 2565 3907 ἥν
2599 3837 2694 3890 καὶ
2724 3836 2887 3907 μέχρι
2912 3833 3007 3889 τοῦ
3036 3833 3218 3889 δοκεῖν
3250 3835 3647 3909 ἀπορριπτέον.

2221 4012 2448 4083 Ὅμοιον
2477 4005 2572 4064 οὖν
2608 4026 2660 4062 τι
2710 4008 3006 4080 πεποίηκα,
3058 4006 3251 4081 ὥσπερ
3284 4007 3350 4063 ἂν
3396 4009 3449 4064 ετ
3493 4025 3581 4073 τις
3620 4009 3718 4080 τὴν

2147 4102 2443 4174 ὁμολογίαν
2491 4102 2591 4171 τῆς
2646 4102 2887 4164 πίστεως
2916 4099 3072 4172 ἡμῶν
3119 4100 3322 4164 λαϐὼν,
3355 4100 3499 4170 λέγω
3550 4101 3609 4155 δὲ
3634 4101 3717 4166 τὸ.

2153 4212 2171 4246 ι
2212 4194 2462 4248 Πιστεύω
2504 4196 2583 4257 είς
2612 4195 2708 4248 ἕνα
2737 4194 2891 4260 Θεὸν,
2937 4215 2955 4248 ι
2995 4196 3092 4248 καὶ
3134 4193 3202 4249 τά
3242 4193 3391 4263 ἑξῆς.
3439 4193 3559 4248 τόδε
3601 4195 3718 4263 μέν,

2147 4283 2319 4355 εἶπεν,
2353 4287 2419 4340 ἐκ
2448 4286 2651 4356 ταύτης
2682 4286 2999 4340 συνίσταται
3046 4287 3149 4356 τῆς
3178 4285 3458 4358 γραφικῆς
3486 4285 3719 4355 ρήσεως,

2145 4379 2209 4432 τὸ
2233 4379 2289 4432 δέ
2318 4378 2378 4446 ἐξ
2397 4378 2617 4449 ἐτέρας,
2645 4379 2741 4433 καὶ
2767 4378 2896 4433 ἄλλο
2926 4379 2984 4446 ἐξ
3002 4378 3190 4449 ἄλλης,
3228 4377 3321 4432 καὶ
3345 4378 3476 4448 περὶ
3505 4377 3720 4435 πάντων

480 4696 696 4742 sanctus
746 4685 863 4757 iste»
899 4692 961 4737 et.
1004 4680 1252 4737 Ecclesia:
1286 4683 1507 4757 doctor?
1537 4685 1773 4756 Opponit
1806 4686 2119 4749 Rhaccn-c
2154 4690 2279 4743 data
2336 4687 2451 4743 haec
2509 4687 2630 4740 fidei
2689 4685 2961 4754 professio
3017 4687 3233 4743 dicatur
3277 4684 3498 4742 Liberio
3551 4703 3717 4757 papae,

480 4760 594 4812 dita
646 4756 915 4827 :M'fAvtov
975 4757 1075 4827 μὲν
1148 4757 1242 4827 καὶ
1303 4756 1621 4827 διδάσκαλον
1687 4758 1798 4826 ἐχω
1833 4776 1846 4789 ’
1908 4757 2046 4827 πλὴν

476 4818 816 4897 ἀμφιϐάλλςιί
857 4823 935 4893 μὴ
976 4818 1134 4877 ἐἶναι
1192 4826 1289 4892 τὴν
1345 4826 1504 4893 ῥῆσιν
1556 4818 1763 4897 ταύτην
1818 4818 2046 4895 γνησίαν

479 4897 645 4950 αὐτοῦ
678 4912 689 4923 ·
751 4895 855 4950 Per
911 4911 991 4948 me
1051 4906 1266 4948 sanctus
1321 4908 1394 4949 est
1444 4907 1492 4950 et
1546 4895 1765 4961 doctor;
1810 4909 2045 4951 attamen

478 4968 736 5022 sententia
784 4984 817 5019 α
859 4975 906 5018 te
948 4965 1115 5018 allata
1145 4966 1197 5018 in
1240 4965 1399 5019 dubio
1440 4977 1539 5032 est,
1566 4986 1632 5021 an
1665 4969 1901 5035 legitima
1936 4970 2046 5033 sit;

480 5054 579 5091 nec.
614 5039 660 5091 is
694 5038 849 5089 aliter
887 5035 1148 5093 vindicat.
1181 5053 1343 5104 qliant
1365 5051 1439 5091 ex.
1464 5040 1868 5103 communibus,
1899 5040 2044 5105 quod

478 5108 686 5163 scilicet
740 5107 824 5159 his
871 5106 1048 5159 aiiinia
1084 5107 1207 5163 aliis
1256 5106 1386 5161 locis
1437 5123 1543 5161 non
1594 5110 1862 5176 suspectis
1902 5108 2041 5161 idem

481 5176 1021 5247 Athanasiusdieat;
1055 5179 1197 5242 quod
1236 5187 1423 5247 utique
1455 5179 1630 5247 ipsum
1684 5194 1791 5231 non
1827 5176 2043 5241 sullicit,

477 5249 583 5304 nisi
617 5257 673 5301 et
704 5245 827 5301 libri
859 5246 1158 5299 authentici
1201 5247 1313 5301 sint
1342 5245 1605 5301 facientes
1638 5248 1794 5302 ﬁdem
1831 5248 2047 5314 aliaque

479 5317 834 5373 adminicula.
862 5316 1020 5387 Quod
1081 5332 1188 5369 non
1221 5318 1354 5369 satis
1391 5319 1634 5370 occurrit
1667 5319 1738 5387 _in
1790 5333 1854 5369 eo
1892 5320 2048 5387 Sym-

474 5389 638 5453 bclo;
678 5390 765 5441 vix
784 5386 927 5440 enim
956 5393 1152 5441 exstat.
1190 5396 1550 5455 prietcrquam
1581 5388 1633 5441 in
1663 5385 2044 5443 lleccntiurum

477 5459 850 5521 culleulaneis,
912 5456 1173 5524 librisque
1232 5470 1421 5510 eorum
1482 5456 1786 5525 pulemicis.
1846 5457 2046 5525 quibus

474 5530 656 5597 ipsum
691 5528 773 5581 vel
813 5523 1153 5597 impugnant,
1183 5525 1264 5579 vel
1296 5523 1804 5597 etiaurdcfendunt,
1831 5542 1845 5580 :
1868 5523 2046 5592 idque

473 5595 665 5649 volunt
722 5598 819 5662 illi,
874 5596 969 5663 qui
1024 5596 1182 5648 aiunt
1232 5610 1338 5647 non
1396 5595 1579 5647 haberi
1634 5597 1684 5649 in
1727 5595 2041 5649 Graecorum

473 5664 652 5729 libris,
700 5681 805 5719 nou
856 5666 1002 5733 cnim
1053 5666 1131 5718 sic
1182 5664 1382 5733 stupidi
1436 5667 1709 5727 videntur,
1750 5675 1805 5719 ut
1846 5676 2042 5733 negent

473 5735 660 5809 Graece
688 5735 895 5797 haberi.
946 5732 1359 5789 Observandum
1394 5743 1449 5790 et
1494 5736 1636 5809 (ιιιυιΙ
1690 5732 2059 5799 Ριιιεὶιιιιιὲηυ,

2155 4761 2379 4820 reliquis
2428 4773 2555 4811 vero
2586 4758 2769 4819 editis,
2824 4768 2882 4811 ut
2929 4769 2982 4810 ct
3032 4768 3222 4811 nostro
3274 4757 3498 4820 Calecaa,
3533 4757 3719 4815 Julio:

2155 4776 2269 4812 rem
2295 4776 2379 4813 lllS
2428 4776 2555 4811 vero
2586 4776 2769 4819 cuius,
2824 4776 2882 4811 ut
2929 4776 2982 4810 et
3032 4776 3222 4811 nosuo
3274 4776 3498 4820 ωηερε,
3533 4776 3719 4815 διιιιοε

2149 4776 2293 4896 (ιιιυᾶ
2344 4838 2398 4879 ct
2431 4828 2748 4894 ἐπιγραφὴν
2785 4836 3060 4880 nutantem
3108 4826 3327 4896 reddit,
3347 4840 3523 4890 exque
3578 4829 3724 4882 arbi-

2151 4894 2257 4952 trio
2287 4899 2643 4963 adscriptam,
2693 4896 3061 4964 suspicionem
3105 4895 3257 4950 facit.
3291 4894 3507 4951 Titulus
3535 4913 3719 4953 cmen-

2151 4970 2318 5023 tiendi
2350 4982 2543 5036 magna
2576 4966 2782 5033 pridem
2817 4966 2920 5019 fuit
2960 4966 3176 5020 licentia
3207 4985 3220 5019 :
3268 4966 3558 5036 nullusque
3601 4984 3716 5036 pro-

2149 5039 2311 5092 batus
2342 5049 2552 5099 auctor,
2580 5036 2668 5089 cui
2710 5051 2814 5088 non
2843 5037 2946 5090 alia
2977 5039 3132 5104 plura
3168 5036 3402 5102 ascripta
3444 5036 3592 5100 Sinti;
3625 5039 3716 5106 qui

2147 5124 2304 5161 error
2329 5119 2382 5161 et
2414 5108 2464 5159 in
2498 5115 2683 5159 sancta
2713 5106 2931 5176 irrepsit
2965 5106 3257 5176 divinaque
3286 5106 3461 5161 cilicia
3492 5116 3546 5161 et
3581 5108 3718 5175 ὡρο-

2152 5178 2330 5244 λόγια,
2395 5186 2451 5228 ιιι
2504 5185 2662 5229 vocat
2711 5174 2946 5231 Genebr.
2999 5174 3211 5241 Quanta
3268 5177 3413 5229 enim
3476 5174 3713 5231 auctoris

2152 5247 2475 5316 imperfecti,
2514 5246 2747 5299 hominis
2802 5260 2910 5316 non
2967 5246 3111 5316 satis
3151 5246 3429 5316 catholici.
3513 5246 3715 5314 legmus

2154 5314 2375 5371 noininc
2397 5316 2765 5386 Cirrysostomi
2788 5316 2810 5368 ?
2830 5314 3042 5381 Quanta
3071 5314 3313 5369 Fulberti
3334 5315 3714 5386 ACarnotens‘is,

2152 5384 2853 5508 plurimoqueincertorum
2875 5387 3092 5438 nomine
3116 5384 3447 5453 Augustini?
3479 5384 3720 5440 Pseudo-

2178 5457 2580 5508 lieronvmiana
2625 5455 2870 5508 eumdem
2903 5454 3162 5508 ιὼειυι-εἱι
3194 5458 3335 5508 iusta
3371 5455 3715 5508 sequentium

2178 5454 2580 5527 lieronymiana
2625 5455 2870 5527 quaedam
2903 5454 3162 5509 nbs‘tet'sit
3186 5458 3335 5521 justa
3371 5455 3715 5524 sequentium

2148 5525 2471 5593 pontiﬁcum
2506 5540 2763 5580 censura.
2816 5525 2943 5578 llaec
2995 5527 3132 5578 l'oite
3182 5529 3362 5594 plura,
3402 5540 3566 5593 quam
3622 5538 3720 5593 pro

2151 5597 2253 5650 luci
2288 5597 2521 5658 ratione,
2550 5598 2666 5663 ipsa
2699 5594 2881 5648 forsan
2913 5596 2977 5648 ad
3015 5595 3284 5663 ejusmodi
3335 5604 3716 5651 monumento-

2146 5681 2266 5719 rum
2307 5682 2593 5720 censuram
2625 5679 2732 5719 non
2766 5664 3004 5721 inutilia.
