4056 6266
287 282 388 344 661
1193 284 1530 345 JOANNES
1564 285 1851 345 CYPARI!

1967 287 2127 346 OTA.
2173 316 2241 325 —
2280 292 2614 354 ΝΟΤΙΤΙΑ.

3418 301 3528 365 662

283 385 485 454 ὁμοίως
529 383 689 455 μέχρι
726 385 818 438 τοῦ
846 385 1056 450 τέλους.
1079 388 1245 442 Ὅθεν
1279 391 1386 443 οὐδ’
1423 390 1571 454 ἄξιον
1610 393 1845 446 ἐπαίνων

1967 397 2024 450 ib
2060 414 2178 452 cam
2214 401 2470 456 collatam
2502 417 2724 471 operam
2761 403 2922 460 laude
2951 405 3176 476 dignum
3225 405 3524 471 existimo;

287 476 524 545 ἐμαυτὸν
555 477 643 528 διὰ
674 475 833 530 τοῦτο
873 479 1045 546 κρίνω
1067 495 1080 510 ·
1111 479 1252 550 πλὴν
1281 484 1328 533 εἰ
1356 482 1430 552 μὴ
1458 483 1728 550 λέγειτις,
1757 487 1852 538 καὶ

286 565 434 636 οἶμαι
461 569 708 645 δικαίωςἸ
743 570 824 622 ὅτι
849 569 983 622 καθὸ
1019 572 1184 641 μηδὲν
1211 573 1342 626 [διον
1367 571 1519 628 εἷπον
1547 578 1639 629 καὶ
1665 577 1847 646 ἀσύμ-

287 677 463 726 φωνον
494 662 558 730 τῇ
596 660 781 730 Γραφῇ
807 663 900 714 καὶ
920 664 1033 726 τοῖς
1061 663 1255 730 ἁγίοις,
1278 665 1427 730 ἄξιος
1449 667 1689 722 ἐπαίνων
1711 670 1849 738 εἰμί.

284 751 356 801 'l'b
379 751 488 819 γὰρ
518 752 616 819 τὴν
646 752 787 804 Ποιτέ
798 770 908 822 ρων
933 754 1116 807 πίστιν
1149 754 1243 809 καὶ
1272 758 1555 828 ὁμολογεῖν
1583 761 1676 813 καὶ
1714 779 1850 830 συγ-

284 842 520 909 γράφειν
545 843 840 895 τοῦτ’ὲστί·
870 845 950 898 διὸ
976 847 1161 900 πολλοὶ¹
1181 853 1592 918 στεφανοῦνται.
1613 853 1675 906 Et
1697 853 1743 908 δ’
1758 857 1851 908 ἐπὶ

282 932 496 997 τούτοις
530 933 590 987 οὕ
623 952 766 1004 φημι
796 936 1005 991 δίκαιον
1031 939 1314 1003 ἀξιοῦσθαι
1352 944 1617 1009 ἐπαίνων,
1652 947 1846 1000 καθότι

281 1024 433 1076 ἄλλοι
469 1026 857 1092 κεκοπιάκασι,
895 1029 992 1079 καὶ
1039 1029 1150 1097 ἐγὼ
1209 1031 1288 1094 εἰς
1335 1033 1426 1086 τὸν
1466 1035 1634 1088 κόπον
1671 1036 1851 1090 αὐτῶν

282 1117 639 1187 εἰσελήλυθαο
697 1121 880 1191 πολλῷ
915 1123 1116 1191 μᾶλλον
1145 1122 1267 1176 οὐδὲ
1305 1125 1586 1194 μέμψεως.
1620 1128 1846 1183 Ἑκάτε-

284 1227 379 1278 ρον
434 1214 545 1281 γὰρ
575 1213 665 1264 ἐπὶ
697 1214 795 1282 τὴν
825 1213 1176 1269 διδασκαλίαν
1223 1217 1322 1287 τῆς
1354 1219 1576 1290 Γραφῆς
1605 1222 1849 1285 καὶτοὺς

282 1300 472 1368 ἁγίους
504 1302 926 1373 ἀναδραμεῖται.
964 1307 1046 1359 Τὰ
1073 1308 1214 1363 αὐτὰ
1243 1310 1350 1378 γὰρ
1386 1311 1548 1364 πάλιν
1580 1312 1710 1381 ἐρῶ,
1774 1313 1851 1379 ὡς

281 1390 436 1442 οὐδὲν
481 1391 576 1443 ἀπ’
633 1395 878 1461 ἐμαυτοῦ
937 1398 1068 1450 ἴδιον
1104 1395 1278 1464 εἶπον,
1311 1399 1443 1465 ἀλλὰ
1471 1402 1538 1456 τὰ
1568 1403 1718 1473 παρὰ
1750 1405 1852 1474 τῆς

1969 493 2077 547 nisi
2107 493 2232 560 quis
2267 494 2406 548 forte
2436 495 2602 559 dicat,
2629 511 2692 551 ac
2720 506 2854 566 puto
2886 499 3100 560 merito,
3131 511 3194 552 ea
3220 511 3304 550 me
3361 498 3530 550 ratio-

1971 598 2038 638 ne
2087 585 2297 638 laudem
2326 587 2705 654 promeritum,
2737 589 2878 657 quod
2909 588 3042 642 nihil
3065 587 3345 657 pmprium
3373 587 3529 642 dixe-

1971 677 2096 742 rim,
2158 685 2318 732 antve
2381 678 2678 746 Seripturis
2725 679 3039 748 sanctisque
3094 679 3404 734 dissonum.
3468 679 3527 734 ld

1966 771 2108 824 enim
2131 769 2348 823 Patrum
2380 769 2536 822 ﬁdem
2569 770 2804 838 proﬁteri
2831 772 2900 824 sit
2930 785 2990 824 ac
3015 771 3394 837 conscribere;
3420 785 3529 839 quo

1968 863 2186 917 nomine
2216 862 2368 916 multi
2399 867 2757 914 coronantur.
2788 858 2884 912 Sin
2919 867 3102 912 autem
3165 858 3374 912 idcirco
3442 857 3528 909 di-

1965 973 2084 1012 cam
2125 956 2266 1010 haud
2299 969 2767 1025 acquumesscme
2805 953 3014 1006 laudem
3061 949 3336 1018 consequi,
3383 949 3527 1017 quod

1967 1049 2058 1103 alii
2093 1048 2498 1109 laboraverunt,
2527 1055 2580 1100 et
2607 1058 2708 1116 ego
2748 1045 2801 1099 in
2835 1044 3072 1097 laborem
3107 1042 3320 1095 illorum
3357 1040 3529 1093 intra~

1965 1137 2050 1202 vi;
2087 1127 2242 1204 longe
2273 1134 2468 1202 potiori
2516 1134 2724 1187 ratione
2748 1148 2848 1187 nec
2871 1147 2966 1202 par
2999 1130 3162 1185 fuerit
3212 1128 3336 1183 inde
3396 1127 3528 1181 mihi

1964 1226 2294 1294 vituperium
2323 1225 2522 1279 creari.
2557 1223 2866 1291 Utrumque
2919 1221 3064 1276 enim
3125 1221 3179 1273 in
3234 1219 3530 1288 Scriptura:

1966 1317 2269 1372 doctrinam
2302 1327 2626 1384 sanctosque
2656 1313 2870 1369 redibit.
2910 1312 3109 1367 Eadem
3159 1310 3304 1364 enim
3338 1324 3530 1364 rursus

1967 1408 2090 1463 dico
2124 1424 2139 1461 :
2171 1406 2316 1460 Nihil
2353 1421 2385 1460 a
2424 1422 2511 1460 mc
2541 1418 2698 1474 atque
2727 1405 3007 1474 proprium
3045 1417 3132 1456 me
3183 1399 3408 1463 dixisse,
3436 1400 3528 1454 sed

282 1481 446 1546 ἁγίας
476 1481 701 1551 Γραφῆς
761 1486 855 1538 καὶ
905 1487 1012 1540 τῶν
1049 1489 1388 1545 διδασκάλων
1422 1491 1524 1561 τῆς
1563 1493 1654 1546 τοῦ
1711 1493 1846 1548 Θεοῦ

1969 1513 2090 1569 quae
2118 1499 2185 1553 ab
2223 1496 2502 1566 Scriptura
2528 1511 2682 1562 sacra
2715 1511 2778 1555 ac
2805 1493 2900 1548 Dei
2934 1493 3193 1549 Ecclesim
3249 1489 3529 1560 magistris

296 1571 625 1641 Ἐκκλησίας
650 1576 890 1645 περὶτῆς
908 1579 1092 1645 ὑγιοῦς
1118 1581 1227 1632 τῶν
1244 1583 1587 1652 Χριστιανῶν
1615 1586 1851 1651 πίστεως

1967 1592 2231 1646 docentur
2256 1590 2322 1644 de
2345 1603 2476 1645 sana
2503 1586 2938 1642 Christianorum
2971 1584 3096 1648 ﬁde,
3140 1573 3256 1636 btet:
3305 1581 3530 1650 selegis-

282 1661 670 1732 διδασκόμενοι,
698 1667 868 1720 ταῦτα
905 1669 1294 1740 ἐξελεξάμεθα,
1331 1672 1368 1728 ἃ.
1397 1675 1488 1728 καὶ
1515 1675 1600 1728 διὰ
1633 1677 1730 1747 τὴν
1751 1695 1851 1731 σα-

287 1753 517 1777 .-.:..-.._-.
560 1755 640 1777 99,,
681 1775 722 1777 _.
775 1759 802 1777 ιη
946 1760 958 1777 ι
1144 1763 1159 1777 ς
1286 1763 1347 1777 --ι
1428 1749 1432 1754 ’
1561 1765 1573 1777 ι
1645 1768 1658 1777 .
1700 1768 1723 1777 -

1967 1697 2056 1748 se;
2081 1697 2254 1750 eaque
2287 1681 2400 1754 ipsa
2436 1679 2703 1734 claritatis
2733 1692 2895 1731 causa
2929 1675 3051 1729 rudi
3083 1684 3332 1728 sermone
3391 1685 3531 1740 pau-

285 1753 517 1822 φήνειαν
559 1755 844 1822 ἰδιωτικῶς
874 1760 966 1812 καὶ
998 1763 1386 1828 κεφαλαιωδῶς
1428 1753 1586 1819 κατὰ
1611 1768 1670 1820 τὸ
1695 1768 1851 1824 δυνα-

1967 1774 2149 1842 eisque
2181 1753 2599 1842 perstringendo
2628 1768 2805 1838 quoad
2854 1766 3029 1829 licuit,
3057 1763 3399 1818 defunctorie
3451 1762 3530 1816 le-

283 1844 375 1896 τὸν
400 1845 459 1896 ἐν
495 1845 572 1915 τῷ
615 1850 843 1916 παρόντι
874 1851 1258 1921 σχεδιάσαντες
1289 1854 1609 1927 ὲξεθὲμεθα.

1967 1863 2207 1931 viorique
2240 1875 2405 1930 opera
2437 1859 2492 1913 in
2515 1859 2766 1927 praesenti
2811 1857 2949 1910 libro
2983 1853 3323 1923 exposuisse.

1547 2265 1717 2313 ANNO
1752 2267 1980 2313 DOMINI
2028 2266 2301 2316 MCCCLV.

867 2485 1594 2719 JOANNliS
1714 2487 2938 2721 tuumnon

1308 3319 1552 3395 FABRIC.,
1580 3320 1833 3377 Biblioth.
1859 3321 1951 3378 Gr.
1987 3323 2072 3379 ed.
2109 3321 2319 3384 Harles,
2349 3331 2388 3374 t.
2413 3318 2504 3375 XI.

369 3657 609 3716 Joaasss
653 3657 1053 3731 Cyparissiota,
1098 3659 1426 3728 cognomine
1475 3655 1740 3726 Sapiens,
1782 3652 2015 3709 Palamae
2050 3653 2151 3724 ipsi
2184 3666 2409 3722 suppar,
2453 3661 2577 3722 post
2602 3669 2735 3707 ann.
2769 3651 2906 3708 1560
2937 3652 3155 3719 scripsit
3185 3652 3526 3722 Παλαμικῶν

301 3747 691 3818 παραϐάσεων,
726 3748 1177 3802 Palamiticarum
1219 3746 1698 3816 transgressionum
1736 3743 1907 3797 libros
1943 3742 2012 3806 4,
2043 3755 2108 3796 ex
2140 3741 2340 3809 quibus
2376 3741 2615 3811 primum
2648 3750 2704 3796 et
2741 3751 2997 3810 quartum
3026 3741 3264 3809 vulgavit
3293 3742 3527 3798 Combe-

302 3835 457 3890 ﬁsius
492 3835 677 3890 Graece
699 3844 754 3891 et
779 3835 972 3890 Latine
997 3834 1050 3888 in
1081 3833 1340 3888 Auctario
1371 3832 1696 3894 novissimo,
1733 3837 1884 3898 parte
1915 3827 2180 3895 secunda,
2214 3844 2268 3897 p.
2297 3829 2366 3885 68
2387 3837 2441 3883 et
2463 3828 2686 3884 85405.
2717 3827 2871 3903 [lude
2898 3828 3093 3884 Latine
3123 3830 3178 3883 in
3207 3829 3347 3884 Bibl.
3375 3845 3522 3884 max.

302 3921 460 3980 Patr.
487 3923 816 3991 Lugdatom.
848 3922 939 3987 21,
974 3935 1030 3990 p.
1057 3919 1342 3992 476489.]
1373 3919 1534 3975 Liber
1559 3918 1829 3974 secundus
1856 3925 1908 3971 et
1937 3915 2132 3972 tertius
2159 3917 2337 3972 adhuc
2365 3917 2554 3972 inediti
2585 3919 2775 3984 latent,
2808 3911 2949 3974 sicut
2973 3927 3027 3973 et
3049 3919 3150 3972 alia
3186 3918 3364 3988 spissa
3399 3919 3522 3986 eius

298 4023 465 4080 Opera
496 4021 731 4081 quatuor
770 4015 1032 4066 adversus
1071 4009 1320 4064 eumdem
1354 4007 1666 4071 Palamam,
1714 4014 1772 4060 ut
1813 4005 1869 4073 l)
1901 4003 2062 4073 Λόγοι
2113 4004 2175 4069 8,
2230 4004 2492 4061 adversus
2539 4005 2770 4060 Palamae
2806 4014 3014 4063 tomum
3051 4005 3280 4076 ejusque
3320 4021 3520 4060 novam

303 4098 460 4151 ﬁdem
495 4114 509 4152 :
584 4100 654 4167 2)
689 4098 778 4153 alii
820 4099 969 4165 λόγοι
1003 4098 1034 4153 8
1067 4094 1547 4151 criminationibus
1592 4092 1827 4146 Palamae
1861 4093 1914 4144 in
1954 4091 2297 4148 adversarios
2329 4092 2395 4146 de
2424 4091 2658 4147 Lumine
2699 4093 2950 4149 increato
2994 4093 3420 4163 respondentes,
3464 4108 3527 4147 ac

279 4186 509 4254 ,aliquot
538 4185 933 4254 qumstionibus
992 4199 1210 4239 omnem
1250 4183 1317 4238 de
1356 4181 1447 4237 illo
1479 4179 1979 4236 considerationem
2015 4179 2460 4248 complectentes.
2535 4181 2588 4251 5)
2625 4181 2790 4249 Λόγοι
2823 4191 2932 4238 tres
3007 4182 3268 4253 (quorum
3315 4182 3525 4251 primus

303 4275 354 4327 in
422 4273 603 4342 capita
653 4272 719 4327 75
757 4273 1104 4342 dispescitur)
1152 4280 1344 4325 contra
1395 4268 1785 4322 Palamitarum
1830 4267 2233 4322 anniversarias
2263 4267 2318 4322 in
2354 4269 2702 4324 adversarios
2744 4270 2892 4324 diras
2919 4281 2972 4326 et
2997 4271 3481 4326 exauctorationes
3508 4313 3521 4333 ,

300 4362 420 4415 sive
449 4371 642 4416 contra
682 4361 898 4416 illorum
932 4359 1292 4414 ἀποστασίαν.
1367 4360 1420 4428 4)
1454 4373 1592 4427 opus
1616 4353 2174 4419 Auti-Palamiticum,
2201 4369 2366 4409 unum
2399 4364 2594 4410 caetera
2626 4355 2737 4411 fere
2768 4357 2952 4412 omnia
2989 4372 3218 4428 aequatis
3247 4358 3528 4428 magnitu-

301 4449 453 4514 dine,
485 4458 538 4502 et
563 4461 688 4503 ante
713 4450 800 4502 illa
833 4449 996 4502 etiam
1024 4449 1092 4502 ab
1116 4446 1484 4519 Cyparissiota
1514 4445 1875 4516 publicatum.

372 4536 567 4590 Exstat
600 4545 654 4591 et
681 4536 829 4590 aliud
861 4536 1018 4590 istius
1049 4535 1436 4604 Cyparissiotze
1469 4535 1576 4588 huc
1603 4541 1876 4602 spectans,
1913 4538 1966 4585 ct
1995 4529 2155 4584 simul
2186 4530 2471 4601 mysticam
2504 4531 2727 4585 tradens
2757 4533 3087 4600 theologiam
3115 4575 3129 4600 ,
3160 4548 3299 4603 opus
3324 4520 3553 4589 subtile.

301 4631 357 4676 et
389 4623 686 4688 eruditum,
721 4623 863 4692 quod
916 4621 1236 4678 inscribitur
1274 4620 1532 4684 Ἔκθεσις
1567 4618 1851 4689 στοιχειώδ¹

1967 4621 2156 4690 ἱήσεων
2197 4619 2558 4688 Θεολογικῶν,
2611 4607 2883 4689 Expositio
2925 4623 3266 4676 elementaria
3307 4641 3487 4679 eorum
3513 4659 3528 4686 ,

301 4729 418 4780 quae
443 4714 507 4766 de
533 4711 639 4766 Deo
670 4729 702 4766 τι
725 4713 978 4778 theologis
1012 4711 1282 4774 dicuntur,
1317 4709 1371 4762 in
1395 4708 1580 4763 decem
1609 4707 1842 4762 decades
1871 4707 2092 4772 tributa,
2171 4707 2224 4774 t)
2261 4707 2326 4761 de
2357 4707 2626 4777 theologia
2652 4709 2986 4780 syinbolica;
3062 4711 3118 4777 2)
3154 4712 3221 4763 de
3248 4711 3520 4780 theologia

303 4803 773 4867 demonstrativa,-
848 4803 903 4873 '5)
933 4804 999 4856 de
1031 4801 1232 4857 divinis
1266 4799 1746 4865 enarrationibus;
1821 4798 1878 4868 4)
1917 4799 1984 4853 dc
2012 4798 2212 4854 divinis
2250 4801 2564 4855 nominibus
2599 4815 2900 4869 eorumque
2937 4802 3154 4869 origine
3182 4811 3235 4855 et
3259 4803 3525 4858 informa-

306 4894 492 4956 tione;
571 4891 624 4961 5)
659 4891 724 4945 de
755 4889 1186 4959 proprietatibus
1214 4887 1524 4942 divinorum
1557 4888 1876 4953 nominum;
1953 4885 2006 4956 6)
2046 4886 2113 4940 de
2150 4887 2586 4955 apparitionibus
2615 4885 2789 4940 divini
2827 4888 3090 4955 luminis;
3171 4888 3222 4959 7)
3255 4891 3323 4946 de
3347 4891 3527 4945 divina

305 4979 756 5048 participatione;
831 4979 886 5047 8)
921 4977 989 5032 de
1018 4975 1286 5030 inﬁnitate
1323 4975 1414 5029 Dei
1457 4974 1512 5028 in
1550 4977 1855 5040 creaturis;
1933 4972 1988 5043 9)
2022 4974 2088 5027 de
2121 4973 2388 5028 inﬁnitate
2420 4975 2472 5027 in
2507 4974 2653 5038 Deo;
2691 4974 2778 5046 10)
2816 4975 2882 5030 de
2918 4975 3101 5030 divina
3153 4977 3523 5047 simplicitate.

305 5065 419 5120 lloc
454 5082 592 5136 opus
622 5065 809 5120 Graece
837 5073 1107 5134 repertum
1139 5061 1405 5118 Messanae
1437 5061 1490 5114 in
1522 5062 1706 5116 Sicilia
1743 5061 1796 5115 in
1831 5061 2156 5116 bibliotheca
2185 5061 2245 5113 D.
2274 5059 2507 5116 Joannis
2541 5061 2820 5131 Lasearis,
2855 5062 3186 5120 Franciscus
3217 5065 3524 5122 Turrianus

306 5152 497 5206 Latine
521 5167 646 5207 cum
671 5151 893 5207 scholiis
917 5151 1122 5206 editum
1155 5149 1428 5205 dedicavit
1465 5148 1702 5204 Antonio
1745 5149 2070 5218 Augustino,
2113 5150 2357 5220 archiep.
2395 5149 2830 5220 Tarraconensi,
2873 5153 3033 5211 ltom.
3072 5155 3232 5219 1581,
3275 5156 3338 5222 4;
3384 5164 3524 5211 unde

304 5254 558 5295 recusum
589 5239 778 5295 Latine
805 5239 862 5294 in
887 5237 1237 5295 Bibliothecis
1266 5236 1484 5291 Patrum
1511 5236 1827 5292 Coloniensi
1852 5276 1868 5302 ,
1899 5247 2031 5293 tom.
2069 5237 2130 5291 XI
2165 5277 2180 5302 ,
2214 5246 2268 5292 et
2295 5237 2649 5308 Lugdunensi
2671 5279 2685 5303 ,
2719 5249 2852 5295 tom.
2883 5239 3022 5306 XXI,
3057 5257 3110 5310 p.
3144 5244 3270 5298 577.
3302 5243 3521 5314 (FABR.)

305 5332 476 5388 Paris.
505 5333 558 5387 in
592 5333 723 5388 bibl.
748 5332 902 5402 publ.
925 5332 1048 5386 cod.
1077 5329 1234 5396 1246,
1263 5339 1392 5384 sunt
1419 5328 1576 5385 Joan.
1599 5328 1979 5400 Cyparissiola:
2019 5332 2070 5401 l)
2102 5331 2503 5387 Palamicarum
2537 5335 3037 5405 transgressionum
3072 5338 3195 5390 libri
3227 5337 3280 5390 4.
3310 5336 3519 5389 Secun—

305 5420 408 5475 dus
435 5421 708 5488 ineditus;
747 5421 835 5476 inc
872 5438 886 5474 :
931 5418 1208 5489 Πρόδηλον
1238 5417 1338 5486 μὲν
1359 5412 1453 5470 οῦν
1481 5434 1495 5481 ;
1539 5418 1733 5472 tertius
1760 5417 1851 5472 etit

1967 5418 2146 5474 incdit.
2179 5419 2319 5472 Ὅσα
2359 5420 2458 5488 μὲν
2481 5415 2596 5476 οὖν.
2639 5421 2696 5481 2)
2738 5422 2885 5477 Libri
2919 5432 3042 5477 octo
3081 5425 3344 5477 adversus
3369 5421 3527 5474 Pala-

309 5523 477 5572 mam,
508 5510 735 5579 ejusque
768 5523 962 5563 novam
997 5506 1193 5571 ﬁdem;
1254 5506 1362 5560 ine.
1407 5505 1498 5567 Ὠς
1526 5506 1592 5559 ἂν
1612 5506 1666 5559 δὲ
1697 5509 1792 5561 καὶ
1819 5505 1887 5559 δι’
1913 5501 2011 5562 ὧν.
2048 5507 2102 5575 3)
2159 5507 2305 5561 Libri
2339 5517 2486 5570 octo,
2517 5508 2995 5566 criminationibus
3033 5511 3267 5563 Palaina:
3304 5521 3530 5578 respon-

305 5594 532 5663 dentes;
573 5596 693 5650 init.
727 5596 800 5647 Τὸ
845 5596 1026 5666 τρίτον
1073 5592 1277 5663 βιϐλίον
1327 5593 1462 5657 πρός
1514 5595 1616 5655 τὰς
1667 5593 1847 5664 καθ’ἡ

1967 5614 1991 5650 ι.
2071 5597 2125 5664 4)
2163 5595 2309 5650 Libri
2339 5606 2449 5650 tres
2482 5605 2675 5650 contra
2717 5595 3103 5652 Palamitarum
3164 5595 3529 5650 ἀποστασίαν·

306 5681 431 5738 init.
469 5683 543 5737 Τὸ
589 5701 847 5753 τεταρτον
897 5684 1099 5754 βιὸλεον
1143 5683 1275 5750 πρὸς
1314 5683 1431 5745 τάς.
1511 5683 1563 5748 5)
1619 5684 1851 5737 Adverso

1967 5681 2118 5738 iilum
2153 5682 2636 5739 'l‘lmssaloniceus.
2680 5683 3171 5738 Antirrheticorutn
3204 5683 3324 5737 libri
3365 5685 3528 5754 quin-
