4096 6292
484 242 592 303 665

481 354 546 410 δ’.

554 445 777 498 ἐαυτοῦ
812 444 1231 514 κατορθώματα
1267 447 1646 514 λογογραφεῖ.

483 537 545 593 ι’.
589 539 792 602 Ὅπως
859 538 928 591 ἐκ
1000 537 1248 592 πολλῶν
1315 539 1415 592 καὶ
1469 539 1773 608 διαφόρων
1826 538 2052 592 ἑαυτοῦ

551 632 752 700 λόγων
788 630 894 683 τὸν
925 631 1034 698 τῆς
1063 632 1304 697 πλάνης
1333 633 1413 698 ὡς
1438 632 1566 700 φῶς
1603 633 2052 700 συνιστάμενον

551 723 694 776 νέον
725 723 1104 792 ἀνοικοδομεῖ
1135 724 1303 788 Θεὸν,
1336 725 1534 778 πάντα
1563 721 1944 793 κομπάζοντα
1974 723 2044 776 τὰ

552 813 660 867 τοῦ
696 818 885 880 μόνου
915 816 1084 870 Θεοῦ.

484 908 558 970 ς’.
592 907 791 972 Ὅπως
819 909 886 962 ἐκ
945 908 1052 976 τῆς
1090 908 1552 979 ἐπισυναγωγῆς
1606 909 1726 963 τῶν
1766 911 2050 964 τοιούτων

549 1001 746 1067 λόγων
799 1003 832 1054 ὀ
884 1001 963 1066 τῷ
1015 1001 1268 1071 Παλαμᾷ
1327 1003 1698 1072 φαντασθεὶς
1755 1003 2048 1067 ιὶνούσιος

551 1091 696 1154 Θεὸς
745 1090 1106 1162 δημιουργὸς
1138 1092 1236 1147 καὶ
1282 1092 1593 1160 διοικητὴς
1647 1094 2045 1161 ἀναφαίνεται

546 1184 752 1252 πάσης
767 1186 1036 1252 κτίσεως,
1051 1187 1144 1240 κοί
1166 1185 1340 1252 τέλος
1359 1177 1563 1254 πάσης
1582 1188 2040 1257 μακαριότητος.

1071 1301 1302 1356 ΚΕΦΑΛ
1369 1301 1449 1358 A'.

478 1392 618 1459 Περὶ
653 1395 901 1460 εἰρήνης
928 1410 937 1422 ’
969 1393 1069 1447 καὶ
1101 1395 1258 1458 ὅπως
1292 1395 1525 1460 ταύτην
1563 1393 1875 1460 παρέλυσε
1921 1397 2037 1446 Πα-

545 1463 763 1532 λαμᾶς.
790 1464 942 1530 πρὸς
980 1465 1192 1530 καιρὸν
1225 1465 1642 1532 συγχωρηοείς
1669 1479 1682 1493 °
1718 1465 1818 1517 καὶ
1867 1465 1958 1528 τίς
2001 1461 2042 1528 ἠ

543 1530 662 1584 τῶν⁹
693 1533 892 1599 λόγων
917 1534 1104 1587 αἰτία.

543 1621 784 1692 Εἰρήνης
842 1623 995 1675 οὐδὲν
1047 1619 1200 1693 οἶμαι
1249 1624 1540 1694 θειότερον,
1588 1626 1776 1695 ὥσπερ
1821 1626 1886 1695 δὴ
1947 1626 2038 1679 καὶ

474 1712 714 1782 πολέμου
760 1715 855 1767 καὶ
902 1715 1080 1783 μάχης
1110 1714 1262 1768 οὐδὲν
1296 1717 1710 1788 χαλεπώτερονο
1753 1721 1951 1789 δεῖγμα
1979 1721 2038 1774 δὲ

471 1802 568 1857 τοῦ
603 1803 753 1857 ταῦτ’
778 1804 955 1874 ὀρθῶς
995 1806 1245 1877 εἰρῆσθαι
1275 1809 1366 1859 καί
1410 1809 1588 1861 πάντα
1619 1811 1687 1863 τὰ
1718 1811 2036 1880 ἀνθρώπινα

470 1897 808 1966 πράγματα·
851 1899 1108 1967 εὐθυμίαν.
1139 1902 1247 1970 γὰρ
1294 1903 1384 1952 καὶ
1422 1904 1755 1973 πανηγύρεις
1797 1908 1887 1957 καὶ
1920 1908 2040 1976 ἑορ-

469 1990 561 2041 τα)⁸
631 1991 725 2041 καὶ
782 1989 962 2059 νόμων
1022 1995 1415 2061 συνεισφοραὶ,
1485 1997 1580 2045 καὶ
1659 1995 1983 2065 δικαστήρια
2019 2015 2030 2025 ·

471 2080 734 2149 ἐμπορίαι
766 2098 824 2133 τε
855 2083 949 2135 καὶ
977 2085 1241 2153 γεωργίαι
1271 2101 1284 2115 ο
1319 2087 1410 2137 καὶ
1441 2085 1643 2154 τεχνῶν
1687 2087 1909 2152 κράτος,
1945 2089 2041 2140 καὶ

473 2171 790 2240 φιλοσοφίας
853 2175 1076 2226 σπουδαὶ
1136 2176 1225 2228 καὶ
1287 2177 1626 2246 συνοικήσεις
1682 2177 1890 2246 ἀνδρῶν
1943 2179 2039 2230 καὶ

471 2263 642 2332 φίλων
672 2265 950 2318 συνουσίαι
993 2266 1084 2318 καὶ
1139 2269 1333 2334 γάμων
1380 2268 1678 2336 ἐπιμιξίαι,
1736 2268 1830 2321 καὶ
1886 2270 2036 2322 πᾶσα

469 2353 680 2407 πόλεων
710 2355 1046 2422 εὐδαιμονία,
1086 2359 1308 2427 εἰρήνης
1344 2359 1546 2427 καρποί
1570 2374 1583 2386 ⁸
1610 2360 1704 2411 καὶ
1735 2360 1827 2413 τοῦ
1862 2361 2036 2414 ταῦτα

469 2447 690 2516 συρῤεϊν
758 2445 974 2501 ἅπαντα
1031 2450 1094 2502 ὲκ
1143 2449 1239 2501 τοῦ
1320 2451 1523 2520 ταύτην
1591 2451 1770 2515 καλῶς
1844 2453 2036 2506 ἀσκεῖν

467 2536 714 2607 ἀφορμή.
745 2539 809 2592 Τί
857 2539 902 2592 δ’
934 2539 1001 2592 ἂν
1033 2541 1122 2592 ἐπὶ
1158 2541 1268 2593 τῶν
1318 2543 1525 2612 καιρῶν
1561 2544 1706 2596 εἴποι
1731 2561 1836 2605 τις,
1876 2561 2039 2596 σπενο

468 2627 711 2696 δομένων
768 2631 896 2696 πρὸς
933 2631 1231 2698 ἀλλήλοι-ςς
1283 2632 1386 2699 Γῆς
1441 2634 1712 2701 εὐφορίαι,
1770 2634 2036 2701 Θαλάττης

469 2718 742 2784 εὐπλοιαι,
793 2722 1156 2781 καταστάσεις
1201 2723 1399 2791 ἀέρων,
1445 2724 1715 2790 σωμάτων
1753 2725 2036 2794 εὐχροια.ι⁸

471 2810 674 2876 ὐγεῑαι,
715 2811 979 2866 εὐτοκίαι.
1025 2813 1428 2879 καθαρεύουσαι
1486 2815 1621 2882 προς
1681 2814 1778 2882 τὴν
1844 2816 2038 2884 χρείαν

472 2899 791 2971 αἰσθήσεις,
847 2902 1021 2956 ἄδολοι
1070 2903 1306 2972 μνῆμαι.
1376 2905 1535 2956 Ἀλλὰ
1586 2905 1678 2956 καὶ
1727 2908 1785 2958 ὲν
1842 2923 2033 2974 μουσι-

473 2995 586 3054 κοῖς
631 2994 662 3061 ή
717 2993 902 3064 ἑνότης
928 3011 943 3024 ·
979 2997 1069 3048 καὶ
1119 2997 1174 3046 ἐν
1224 2995 1534 3066 γεωμετρίᾳ
1574 2998 1630 3049 τὸ
1662 2997 2033 3066 πολυύμνητον
2060 3034 2102 3094 c

471 3092 731 3159 ήίσότης.
788 3092 896 3143 Καὶ
930 3091 990 3143 τὸ
1033 3093 1169 3160 πρὸς
1209 3092 1433 3161 εἰρήνην
1477 3092 1543 3144 τὰ
1599 3093 1825 3162 οὐράνια
1884 3095 2032 3145 ἀντι-

465 3182 800 3250 φθέγγεσθαι
861 3183 1131 3251 σώματα,
1190 3185 1284 3238 καὶ
1338 3185 1512 3237 πάντα
1567 3187 1631 3252 τῇ
1690 3184 1879 3254 είρήνῃ
1939 3184 2033 3236 καὶ

464 3273 772 3327 συνδείσοαι
830 3276 922 3326 καὶ
978 3277 1322 3344 συνέχεσθαι,
1379 3279 1602 3347 εἰρήνης
1631 3275 1788 3346 ἔργα.
1827 3275 1934 3328 Καὶ
1976 3275 2030 3328 τί

462 3366 542 3419 δεῖ
572 3368 939 3435 παρατείνειν,
993 3370 1303 3437 κρατούσης
1342 3367 1436 3420 ἐπὶ
1468 3369 1628 3421 πλέον
1665 3369 1764 3437 τῆς
1806 3366 2029 3434 εἰρήνης

462 3446 533 3507 ἐν’
569 3458 682 3517 τοῖς
721 3455 907 3519 ΟεΞοις,
960 3460 1053 3509 καὶ
1110 3457 1386 3526 πανταχοῦ
1425 3457 1524 3524 τῆς
1577 3458 1800 3526 Γραφῆς
1859 3455 2030 3524 αὐτὴν

462 3545 698 3616 ᾀδούσης
731 3547 825 3597 καὶ
857 3547 1226 3614 περιηχούσης
1266 3545 1402 3614 προς
1457 3545 1714 3607 ἅπαντας
1751 3562 1769 3596 t
1813 3545 1972 3609 Δόξα,
2005 3562 2024 3594 ι

465 3637 652 3704 φησὶν,
691 3657 708 3688 ι
744 3638 801 3690 ὲν
831 3635 1073 3704 ὑψίστοις
1108 3635 1248 3705 Θεῷ,
1293 3637 1384 3687 καὶ
1421 3637 1514 3689 ἐπὶ
1553 3639 1657 3704 γῆς
1707 3635 1897 3704 εἰρήνη
1922 3650 1936 3664 ⁸
1973 3637 2032 3687 ὲν

464 3726 775 3794 ἀνθρώποις
817 3725 1056 3779 εὐδοκία.
1097 3743 1116 3776 ι
1147 3728 1306 3776 Δοκεῖ
1355 3741 1464 3793 μοι,
1499 3723 1749 3794 καθάπερ
1781 3724 1836 3774 ἐν
1868 3723 2031 3790 ἀγγέ-

463 3820 574 3880 λοις
603 3817 664 3870 τὸ
696 3819 985 3887 κράτιστόν
1031 3819 1175 3869 ἐστιν
1231 3817 1360 3868 ἰδεῖν
1397 3815 1495 3886 τὴν
1536 3815 1628 3868 τοῦ
1673 3815 1810 3868 Θεοῦ
1849 3815 2029 3878 δόξαν,

465 3911 609 3965 οὕτω
637 3909 702 3981 δὴ
737 3909 832 3964 καὶ
879 3910 974 3962 ἐπὶ
1015 3909 1115 3977 γῆς
1151 3907 1432 3978 εἰρηκέναι
1485 3907 1547 3960 τὸ
1598 3907 1889 3978 κράτιστον
1930 3907 2030 3974 τὴν

465 4001 778 4072 ετρήνηνοῆ
835 4003 1148 4068 συναγωγός
1194 4001 1342 4052 ἐστιν
1378 3998 1519 4067 αῦτη
1578 3999 1671 4052 κα.)⁵
1731 3999 2028 4068 σύνδεσμος

465 4094 714 4160 ἀσφαλὴς
740 4092 848 4146 τῶν
897 4093 944 4144 τ’
983 4093 1040 4144 ὲν
1081 4089 1296 4160 οὐρανῷ
1341 4092 1660 4156 ταγμάτων,
1696 4092 1805 4144 τῶν
1849 4093 1896 4143 τ’
1938 4092 2028 4143 ἐπὶ

465 4187 570 4254 γῆς
633 4182 975 4252 ἀνθρώπων
1028 4181 1123 4234 καὶ
1183 4183 1295 4242 τοῖς
1341 4183 1460 4250 μὲν,
1515 4182 1596 4242 εἰς
1647 4181 1808 4246 δόξαν
1866 4182 2026 4249 Θεοῦ,

464 4278 691 4341 ἐκείνοις
712 4278 755 4329 δ’
793 4272 859 4330 αὖ
892 4277 971 4340 είς
1005 4275 1106 4341 τὴν
1138 4275 1288 4342 παρὰ
1317 4272 1453 4326 Θεοῦ
1485 4273 1623 4342 πρδς
1649 4273 1846 4331 αὐτοὺς
1872 4291 2024 4343 γενο-

467 4373 638 4441 μένην
707 4368 956 4422 εὐδοκίαν
1021 4368 1418 4438 ηὐτρέπισται·
1481 4366 1681 4437 μᾶλλον
1731 4365 1777 4419 δ’
1823 4369 2021 4434 εἰπεῖν,
2059 4369 2099 4422 υ

463 4463 623 4524 αὐτὸς
679 4463 705 4514 ὁ
745 4461 837 4513 τοῦ
888 4458 1024 4512 Θεοῦ
1088 4459 1256 4526 Λόγος
1301 4459 1334 4528 ἡ
1389 4459 1580 4528 εἰρήνη
1633 4458 1726 4510 ἐπὶ
1785 4459 1882 4525 τῆς
1922 4460 2026 4526 γῆς

461 4557 729 4622 ὲ-τὲφανεν
767 4555 845 4613 εἰς
880 4552 1035 4617 δᾴξαν
1077 4551 1175 4620 μὲν
1218 4549 1313 4604 τοῦ
1355 4553 1412 4601 ἐν
1448 4549 1695 4617 ὑψίστοις
1737 4548 1874 4602 Θεοῦ
1932 4551 2027 4602 καὶ

463 4647 692 4716 [ἰατρὸς.
741 4645 988 4697 εὐδοκίαν
1041 4643 1097 4697 δὲ
1152 4640 1246 4695 τοῦ
1301 4641 1410 4693 τῶν
1450 4641 1755 4710 ἀνθρώπων
1809 4641 2024 4708 γένους.

474 4739 732 4810 Ἀλλαχοῦ
789 4739 898 4806 γὲιρ
951 4737 1200 4804 είρήνην
1250 4735 1412 4788 αὐτὸν
1472 4733 1570 4786 ἐπὶ
1613 4733 1717 4787 τὸν
1777 4734 2027 4804 Ἰσραὴλ

462 4832 708 4895 iniisse,
743 4831 835 4882 καὶ
875 4829 1178 4895 σωτήριον
1208 4826 1434 4882 ἔθνεσι.

533 5090 642 5143 Καὶ
678 5088 841 5158 σχολῇ
869 5085 920 5153 γ’
955 5084 1021 5139 ἂν
1074 5082 1490 5152 ἐξαριθμεῖσθαι
1556 5083 1653 5145 τὰς
1700 5079 2020 5150 ἁπανταχοῦ

463 5165 713 5252 περὶ’τῆς
756 5181 978 5250 εἰρήνης
1025 5177 1428 5244 ἀνυμνηϐείσας
1459 5176 1570 5237 τοῖς
1605 5173 1877 5240 θεολόγοις
1913 5191 2030 5239 φω-

464 5274 578 5326 νάς.
617 5275 687 5325 Τὸ
717 5272 824 5340 γὰρ
854 5268 917 5339 δὴ
971 5271 1111 5337 μέγα
1139 5265 1298 5318 τοῦτο
1342 5269 1433 5317 καὶ
1464 5265 1641 5316 πάντα
1681 5263 1808 5315 νοῦν
1857 5263 2027 5335 ὑπερ-

463 5371 615 5434 αῖρον
669 5362 759 5416 τοῦ
809 5361 1056 5428 Σωτῆρος
1120 5358 1261 5428 ὑπὲρ
1293 5357 1450 5426 ἡμῶν
1486 5356 1805 5426 μυστήριον.
1863 5356 2023 5426 atan

466 5459 599 5524 προς
659 5455 805 5524 ήμᾶς
877 5451 1039 5505 αὐτοῦ
1111 5453 1247 5519 μετὰ
1306 5448 1718 5517 φιλανθρωπίας
1779 5448 2024 5518 ἀρρήτου

465 5548 709 5609 καύοδος,
743 5544 1055 5611 natalium
1109 5541 1243 5610 πρὸς
1277 5541 1408 5593 Θεὸν
1444 5542 1538 5592 καὶ
1579 5540 1767 5608 εἰρήνη
1802 5540 2026 5610 προσεί-

535 5661 560 5692 "
586 5659 716 5716 Luc.
751 5677 808 5724 tt,
846 5662 923 5716 ll.
1004 5663 1022 5690 ²
1057 5658 1229 5713 Galat.
1271 5675 1339 5724 νι,
1375 5658 1458 5711 16.
1537 5658 1553 5687 ³
1589 5659 1708 5712 Aet.
1785 5674 1972 5724 xxvm,
2003 5657 2091 5711 ‘28.

1274 237 1903 302 PALAMITICARUM
1948 239 2697 308 TBANSGRESSIONUM
2724 248 2974 308 LIBER.

602 357 802 420 ’Ὅπως
867 355 936 408 τὰ
1004 355 1108 421 τῆς
1176 355 1419 422 πλάνης
1481 355 1917 427 συμπτώματα,
1983 355 2036 406 ὠ.

2134 399 2138 412 .
2170 359 2224 413 4.
2255 358 2472 415 Erroris
2499 363 2624 416 vitia
2641 363 2850 432 jactare
2883 372 3040 433 atque
3065 362 3283 430 referre,
3315 370 3372 414 ut
3394 363 3612 431 propria
3638 380 3734 417 sua

3633 254 3738 315 666

2232 461 2371 506 recte
2397 454 2539 520 facta
2557 471 2620 507 ac
2645 467 2888 508 munera.

2157 540 2209 593 5.
2245 540 2516 605 Quomodo
2542 557 2608 594 ea;
2636 542 2817 595 multis
2858 543 3185 613 diversisque
3223 544 3377 598 libris
3405 546 3519 598 suis
3537 561 3602 598 ac
3619 561 3731 599 ser-

2225 633 2485 698 monibus,
2521 649 2703 686 novum
2721 635 2918 687 erroris
2943 606 3114 686 Deum
3172 635 3393 690 luminis
3423 638 3480 691 in
3514 638 3725 691 modum

2224 724 2591 778 consistentem
2655 725 2974 793 fabricetur,
3015 733 3204 778 cuncta
3271 737 3566 795 crepantem
3607 743 3755 798 quia.

2223 816 2381 869 unius
2414 814 2508 869 Dei
2525 826 2670 871 sunt.

2150 905 2205 959 6.
2225 906 2500 970 Quomodo
2529 923 2592 960 ex
2622 908 2812 960 talium
2837 923 3140 962 sermonum
3161 911 3551 978 aggregatione,
3573 927 3724 981 quem

2220 995 2474 1050 Palamas
2505 999 2954 1062 comminiscitur,
2976 1000 3150 1068 ipsum
3182 1015 3285 1052 non
3318 1017 3435 1054 vere
3462 1003 3723 1056 exsisten-

2208 1096 2318 1144 .tem
2342 1103 2408 1140 ac
2431 1089 2726 1142 substantia
2761 1087 2945 1155 Deum,
2966 1102 3174 1144 creator
3205 1101 3463 1160 appareat
3493 1094 3719 1148 arbiter-

2216 1195 2316 1248 qne
2339 1181 2507 1233 omnis
2531 1190 2808 1246 creaturae,
2842 1197 2903 1234 ac
2935 1183 3101 1235 omnis
3125 1181 3390 1236 beatitatis
3409 1183 3578 1249 finis.,

2780 1287 3008 1344 CAPUT
3036 1290 3076 1346 Ι.

2146 1382 2224 1436 [ω
2278 1399 2425 1448 pace,
2485 1392 2534 1436 et
2587 1382 2848 1451 quomodo
2889 1399 3006 1435 eam
3064 1381 3324 1436 Palamas
3377 1383 3712 1446 dissolverit,

2215 1455 2356 1520 facta
2376 1452 2511 1533 eiad
2541 1462 2738 1517 tempus
2771 1454 2846 1504 rei
2880 1453 3026 1506 uenia
3043 1468 3063 1515 ,°
3092 1469 3156 1505 ac
3180 1469 3299 1524 qua:
3322 1469 3488 1508 causa
3515 1469 3718 1508 sermo-

2217 1539 2337 1574 num
2376 1531 2467 1575 sit.

2218 1613 2353 1666 Pace
2385 1614 2515 1667 nihil
2541 1624 2671 1680 puto
2695 1613 2956 1677 divinius,
2993 1614 3068 1666 uti
3099 1613 3356 1666 nimirum
3379 1613 3545 1667 etiam
3573 1615 3716 1668 bello

2073 1685 2111 1738 Β
2139 1717 2189 1759 et
2227 1721 2400 1776 pugna
2449 1707 2673 1776 rixaque
2726 1708 2860 1761 nihil
2898 1709 3196 1763 molestius.
3254 1707 3376 1762 Haec
3421 1708 3503 1762 sic
3569 1717 3716 1763 recte

2141 1797 2284 1851 dicta
2302 1812 2444 1860 esse,
2471 1797 2719 1851 humanae
2738 1813 2825 1852 res
2849 1812 3036 1852 omnes
3066 1798 3196 1867 ipsa:
3221 1808 3542 1866 argumento
3569 1808 3714 1859 sunt,

2145 1887 2352 1942 Etenim
2371 1887 2617 1942 hilaritas
2633 1895 2686 1942 et
2708 1889 2992 1952 securitas,
3013 1889 3212 1958 publici
3229 1899 3547 1951 conventus,
3579 1889 3715 1944 festa

2143 1979 2270 2031 item
2308 1988 2362 2032 et
2403 1978 2580 2048 legum
2609 1979 2929 2034 collationes
2959 1989 3016 2035 et
3041 1979 3271 2050 judicia,
3327 1981 3714 2034 mercimonio.

2141 2085 2248 2138 que
2280 2078 2334 2123 et
2361 2069 2714 2123 colendorum
2747 2085 3004 2138 agrorum
3058 2071 3379 2139 compendia
3417 2079 3581 2139 atque
3619 2086 3711 2124 ar-

2147 2163 2281 2214 tium
2316 2163 2487 2227 vigor,
2523 2162 2989 2231 philosophiaque
3019 2161 3200 2215 studia
3228 2171 3287 2216 et
3320 2162 3556 2215 virorum
3584 2176 3714 2214 cnn-

2142 2253 2389 2308 tubernia
2419 2253 2827 2322 amicorumque
2875 2267 3204 2321 congressus
3236 2261 3289 2305 et
3318 2252 3473 2305 mista
3515 2251 3713 2319 conju-

2141 2342 2250 2414 gia,
2273 2343 2599 2412 urbiumque
2623 2342 2802 2397 omnis
2829 2343 3086 2413 felicitas,
3109 2344 3260 2413 pacis
3290 2341 3558 2396 fructibus
3582 2351 3712 2395 sunt

2142 2435 2498 2492 ascribenda:
2553 2445 2607 2490 et
2643 2443 2704 2489 ut
2750 2438 2864 2488 haec
2901 2435 3085 2489 omnia
3135 2433 3437 2498 conﬂuant,
3472 2448 3534 2486 ea
3570 2433 3708 2486 ratio

2139 2536 2242 2584 est.
2274 2527 2417 2595 quod
2453 2529 2568 2582 hate
2614 2528 2716 2582 rite
2738 2529 2949 2582 colatur
2966 2536 3130 2596 atque
3171 2525 3368 2595 vigeat.
3399 2523 3542 2590 Quid
3575 2538 3706 2576 vero

2140 2618 2267 2684 quis
2301 2618 2367 2669 de
2420 2617 2546 2669 anni
2578 2616 2998 2685 tempestatibus
3053 2615 3218 2679 dicat,
3275 2629 3396 2667 cum
3439 2613 3558 2664 aliis
3587 2612 3706 2664 alia:

2139 2707 2372 2776 quodam
2427 2707 2574 2772 pacis
2625 2705 2928 2774 junguntur
2990 2704 3234 2760 foedere?
3280 2714 3438 2758 terra}
3511 2701 3707 2755 fertilis

2142 2805 2454 2864 proventus.
2489 2795 2680 2848 fausta:
2737 2795 3136 2865 nawgationes,
3172 2795 3316 2847 aeris
3357 2792 3625 2845 serenitas
3652 2800 3707 2843 et

2141 2886 2482 2950 temperatio,
2535 2899 2827 2952 corporum
2867 2899 3124 2939 venuStas
3159 2901 3174 2938 :
3249 2883 3544 2937 sanitatum
3579 2896 3703 2935 mu-

2138 2991 2290 3040 nera,
2324 2975 2506 3030 felices
2529 2986 2736 3045 partus,
2789 2989 3048 3030 sensuum
3086 2973 3326 3027 illihatus
3363 2986 3516 3035 usus,
3566 2969 3701 3023 nihil

2133 3067 2352 3122 fallaces
2387 3066 2682 3121 memoriae.
2714 3066 2856 3133 Quin
2889 3065 2941 3120 in
2967 3064 3189 3119 musicis
3221 3078 3440 3134 quoque
3475 3062 3657 3116 unitas
3687 3099 3704 3122 .

2133 3159 2296 3228 inque
2335 3157 2626 3225 geometria
2663 3158 2966 3227 aequalitas,
3018 3171 3289 3211 summam
3343 3155 3559 3209 laudem
3601 3154 3697 3208 ha-

2124 3252 2282 3306 bent.
2308 3249 2520 3306 Utitem
2556 3250 2621 3304 ad
2669 3265 2853 3320 pacem
2897 3249 3142 3305 cmlestia
3179 3248 3543 3318 respondeant
3572 3260 3700 3299 cor-

2132 3361 2287 3414 pora,
2355 3353 2667 3411 cunctaque
2722 3356 2853 3411 pace
2925 3352 3039 3395 tum
3106 3339 3520 3395 committantur
3584 3348 3696 3390 tum

2131 3435 2522 3488 contineantur
2567 3447 2632 3486 ac
2679 3441 3102 3495 conserventur,
3145 3431 3294 3499 pacis
3349 3438 3477 3484 sunt
3509 3427 3700 3482 effecta

2132 3534 2293 3591 atque
2323 3539 2510 3590 opera.
2550 3522 2614 3574 Et
2648 3523 2777 3590 quid
2805 3536 2934 3574 vero
2965 3537 3197 3576 necesse
3228 3535 3536 3574 sermonem
3573 3536 3701 3588 pro-

2134 3618 2366 3675 trahere,
2401 3629 2523 3666 cum
2563 3613 2615 3665 in
2643 3611 2844 3664 divinis
2881 3628 2984 3679 pax
3029 3613 3201 3680 magis
3231 3611 3425 3681 vigeat,
3475 3627 3703 3681 eamque

2134 3705 2334 3774 ubique
2365 3703 2646 3772 Scriptura
2673 3703 2738 3756 ad
2768 3704 2948 3758 omnia
3005 3712 3163 3757 canat
3190 3718 3253 3757 ac
3292 3703 3656 3758 circumsonet
3684 3703 3711 3756 7

2140 3797 2408 3860 «Gloria,»
2435 3795 2634 3864 inquit,
2669 3794 2753 3848 «in
2772 3795 3056 3849 altissimis
3085 3795 3215 3858 Deo,
3237 3803 3288 3848 et
3315 3794 3368 3848 in
3396 3804 3537 3849 terra
3561 3793 3690 3849 Pax:

2134 3889 2188 3942 in
2227 3888 2537 3942 hominibus
2567 3887 2706 3943 bona
2741 3887 2996 3943 voluntas
3021 3889 3060 3940 ‘.
3089 3906 3108 3939 ι
3167 3885 3392 3940 Videtur
3423 3887 3576 3952 mihi,
3613 3903 3705 3942 ve-

2134 3979 2211 4033 lut
2243 3980 2300 4032 in
2333 3978 2544 4048 angelis
2577 3977 3086 4046 prmstantissimum
3115 3987 3200 4032 est
3237 3977 3416 4031 videre
3446 3976 3538 4030 Dei
3577 3978 3696 4046 glo-

2132 4073 2294 4137 riam,
2326 4071 2405 4126 sic
2437 4069 2695 4124 nimirum
2731 4069 2898 4124 etiam
2931 4069 2986 4124 in
3013 4078 3154 4124 terra
3185 4068 3694 4136 prteslantissimutn

2131 4165 2434 4233 appellasse
2464 4178 2677 4231 pacem,
2723 4178 2843 4232 quae
2870 4162 2984 4229 ipsa
3020 4163 3207 4217 eadem
3239 4165 3365 4216 eoat
3415 4161 3569 4217 ..atio
3596 4172 3701 4228 est,

2131 4265 2415 4323 tutumque
2451 4253 2749 4315 vinculum,
2805 4261 2914 4306 tum
2935 4250 3383 4322 beatorumgcmlo
3413 4251 3702 4320 spirituum

2129 4358 2290 4414 atque
2331 4345 2612 4406 ordinum,
2647 4352 2760 4396 tum
2793 4342 2848 4396 in
2880 4351 3023 4397 terra
3049 4342 3368 4408 hominum;
3403 4351 3566 4411 atque
3593 4341 3704 4396 illis

2126 4437 2342 4507 quidem
2373 4436 2428 4489 in
2464 4435 2557 4489 Dei
2593 4435 2821 4504 gloriam
2854 4443 3097 4504 paratam
3129 4450 3250 4490 esse
3277 4453 3290 4501 ;
3353 4435 3435 4490 his
3469 4450 3600 4490 vero
3628 4437 3695 4490 ad

2125 4548 2244 4587 eam
2277 4547 2396 4601 quas
2419 4530 2650 4597 aDeoin
2683 4545 2778 4584 eos
2801 4529 2941 4584 iacta
2961 4540 3065 4593 est,
3091 4531 3290 4584 bonam
3323 4531 3687 4586 voluntatem.

2127 4622 2264 4688 Quin
2297 4623 2405 4674 imo
2430 4621 2606 4690 ipsum
2634 4621 2726 4675 Dei
2759 4618 2995 4674 Verbum
3029 4620 3145 4688 ipsa
3176 4635 3302 4690 pax,
3331 4622 3386 4674 in
3421 4631 3564 4676 terra
3597 4635 3698 4689 ap-

2129 4713 2332 4784 paruit,
2378 4713 2431 4767 in
2458 4713 2551 4767 Dei
2580 4712 2802 4782 quidem
2833 4728 2896 4767 ac
2931 4712 3133 4773 Patris.
3171 4713 3263 4780 qui
3318 4713 3371 4766 in
3411 4712 3707 4769 altissimis

2137 4815 2237 4870 est,
2267 4805 2528 4873 gloriam;
2568 4805 2792 4858 humani
2821 4819 2950 4859 vero
2995 4804 3209 4874 generis
3248 4819 3570 4874 propensam
3608 4805 3710 4860 bo-

2137 4913 2371 4966 namque
2404 4897 2763 4951 voluntatem.
2816 4897 2940 4951 Alio
2966 4912 3202 4966 namque
3235 4899 3356 4952 loco
3388 4916 3407 4950 ‹
3443 4915 3629 4969 pacem
3678 4904 3710 4953 ι’

2135 5002 2259 5043 eum
2280 5007 2299 5039 ι
2322 5003 2486 5057 super
2509 4989 2761 5042 lsraelem
2786 5007 2803 5041 ι
2826 5001 2984 5044 vocat
3007 4991 3113 5056 ’,ει
3131 4990 3378 5048 Salutare
3393 4999 3642 5065 gentibus
3660 4997 3702 5051 ³.

2208 5077 2309 5133 Vix
2351 5095 2484 5134 sane
2512 5095 2835 5136 enumerare
2858 5083 3040 5150 liceat,
3074 5100 3195 5155 qua:
3231 5087 3297 5142 de
3329 5102 3460 5156 pace
3501 5089 3708 5157 ubique

2135 5187 2298 5227 voces
2340 5173 2608 5243 theologis
2657 5175 2945 5230 celebrata:
2991 5188 3140 5233 sunt.
3172 5178 3427 5248 Magnum
3461 5196 3703 5248 namque

2130 5263 2282 5328 illud,
2315 5279 2378 5318 ac
2411 5265 2557 5334 quod
2593 5265 2700 5319 vim
2726 5282 2941 5323 omnem
2991 5273 3188 5325 mentis
3218 5272 3454 5332 excedit,
3504 5271 3700 5324 Salva-

2128 5359 2264 5411 toris
2313 5373 2412 5426 pro
2452 5359 2612 5412 nobis
2646 5360 2992 5428 mysterium,
3046 5364 3271 5431 ejusque
3301 5361 3368 5414 ad
3400 5376 3517 5420 nos,
3553 5364 3704 5421 nulla

2128 5451 2413 5504 verborum
2447 5451 2494 5503 vi
2535 5452 2838 5520 explicaliili
2889 5455 3204 5512 clementia,
3262 5453 3580 5512 descensus,
3611 5467 3700 5506 re-

2130 5543 2442 5596 conciliatio
2487 5557 2611 5596 cum
2662 5544 2769 5596 Deo
2809 5561 2871 5598 ac
2911 5560 3035 5612 pax,
3081 5540 3405 5609 appellatum
3441 5551 3521 5594 est
3552 5540 3591 5595 ⁵.
3629 5544 3702 5598 Et

2172 5658 2189 5688 ‘
2219 5659 2259 5713 ll
2305 5659 2431 5714 Cor.
2471 5677 2519 5725 ν,
2563 5663 2659 5720 ι8;
2703 5663 2916 5714 Coloss.
2951 5664 3001 5722 ι,
3026 5657 3111 5710 2’0.
