  <div class='ocr_page' id='page_1' title='image "/cluster/home/n/w/nwhite01/storage/ocr_20150623/152/mdp.39015078384735/342.png"; bbox 0 0 4056 6266; ppageno 0'>
   <div class='ocr_carea' id='block_1_1' title="bbox 326 293 434 360">
    <p class='ocr_par' dir='ltr' id='par_1_1' title="bbox 326 293 434 360">
     <span class='ocr_line' id='line_1_1' title="bbox 326 293 434 360; baseline -0.019 0"><span class='ocrx_word' id='word_1_1' title='bbox 326 293 434 360; x_wconf 79' lang='lat'><strong>669</strong></span> 
     </span>
    </p>
   </div>
   <div class='ocr_carea' id='block_1_2' title="bbox 1106 300 2816 365">
    <p class='ocr_par' dir='ltr' id='par_1_2' title="bbox 1106 300 2816 365">
     <span class='ocr_line' id='line_1_2' title="bbox 1106 300 2816 365; baseline -0.001 -5"><span class='ocrx_word' id='word_1_2' title='bbox 1106 300 1742 364; x_wconf 77' lang='lat' dir='ltr'><strong>PALAMJTICARUM</strong></span> <span class='ocrx_word' id='word_1_3' title='bbox 1769 302 2068 364; x_wconf 81' lang='lat' dir='ltr'><strong>TRANSG</strong></span> <span class='ocrx_word' id='word_1_4' title='bbox 2083 301 2524 365; x_wconf 80' lang='lat' dir='ltr'><strong>RESSIONUM</strong></span> <span class='ocrx_word' id='word_1_5' title='bbox 2563 300 2816 363; x_wconf 82' lang='lat' dir='ltr'><strong>LIBER.</strong></span> 
     </span>
    </p>
   </div>
   <div class='ocr_carea' id='block_1_3' title="bbox 3480 297 3587 363">
    <p class='ocr_par' dir='ltr' id='par_1_3' title="bbox 3480 297 3587 363">
     <span class='ocr_line' id='line_1_3' title="bbox 3480 297 3587 363; baseline 0.009 -2"><span class='ocrx_word' id='word_1_6' title='bbox 3480 297 3587 363; x_wconf 74' lang='lat'><strong>670</strong></span> 
     </span>
    </p>
   </div>
   <div class='ocr_carea' id='block_1_4' title="bbox 324 404 1914 486">
    <p class='ocr_par' dir='ltr' id='par_1_4' title="bbox 324 404 1891 486">
     <span class='ocr_line' id='line_1_4' title="bbox 324 404 1891 486; baseline 0.006 -28"><span class='ocrx_word' id='word_1_7' title='bbox 324 404 662 474; x_wconf 78' lang='grc' dir='ltr'>ἐπήγγελται</span> <span class='ocrx_word' id='word_1_8' title='bbox 692 405 984 477; x_wconf 65' lang='grc' dir='ltr'>ἄσπασμα,</span> <span class='ocrx_word' id='word_1_9' title='bbox 1022 408 1118 461; x_wconf 75' lang='grc' dir='ltr'>καὶ</span> <span class='ocrx_word' id='word_1_10' title='bbox 1148 410 1332 480; x_wconf 85' lang='grc' dir='ltr'>πάσης</span> <span class='ocrx_word' id='word_1_11' title='bbox 1363 412 1496 486; x_wconf 72' lang='grc' dir='ltr'>αὐτὸ</span> <span class='ocrx_word' id='word_1_12' title='bbox 1535 430 1637 482; x_wconf 85' lang='grc' dir='ltr'><strong>της</strong></span> <span class='ocrx_word' id='word_1_13' title='bbox 1672 416 1729 468; x_wconf 91' lang='grc' dir='ltr'><strong>ἐν</strong></span> <span class='ocrx_word' id='word_1_14' title='bbox 1759 418 1891 485; x_wconf 79' lang='grc' dir='ltr'>ἡμῖν</span> 
     </span>
    </p>
   </div>
   <div class='ocr_carea' id='block_1_5' title="bbox 2018 404 3582 486">
    <p class='ocr_par' dir='ltr' id='par_1_5' title="bbox 2018 412 3582 486">
     <span class='ocr_line' id='line_1_5' title="bbox 2018 412 3582 486; baseline 0.001 -18"><span class='ocrx_word' id='word_1_15' title='bbox 2018 424 2246 471; x_wconf 73' lang='lat' dir='ltr'><strong>nuntiata</strong></span> <span class='ocrx_word' id='word_1_16' title='bbox 2279 416 2592 486; x_wconf 77' lang='lat' dir='ltr'><strong>indictaque</strong></span> <span class='ocrx_word' id='word_1_17' title='bbox 2661 412 2919 470; x_wconf 76' lang='lat' dir='ltr'><strong>salutatio</strong></span> <span class='ocrx_word' id='word_1_18' title='bbox 2969 422 3072 477; x_wconf 89' lang='lat' dir='ltr'><strong>est,</strong></span> <span class='ocrx_word' id='word_1_19' title='bbox 3119 413 3286 482; x_wconf 90' lang='lat' dir='ltr'><strong>inque</strong></span> <span class='ocrx_word' id='word_1_20' title='bbox 3314 415 3460 468; x_wconf 86' lang='lat' dir='ltr'><strong>omni</strong></span> <span class='ocrx_word' id='word_1_21' title='bbox 3495 416 3582 469; x_wconf 87' lang='lat' dir='ltr'><strong>re</strong></span> 
     </span>
    </p>
   </div>
   <div class='ocr_carea' id='block_1_6' title="bbox 325 496 1898 575">
    <p class='ocr_par' dir='ltr' id='par_1_6' title="bbox 325 496 1898 575">
     <span class='ocr_line' id='line_1_6' title="bbox 325 496 1898 575; baseline 0.008 -26"><span class='ocrx_word' id='word_1_22' title='bbox 325 496 724 567; x_wconf 72' lang='grc' dir='ltr'>ἱεροτελεστίας</span> <span class='ocrx_word' id='word_1_23' title='bbox 791 499 1186 571; x_wconf 79' lang='grc' dir='ltr'>προήγγελται,</span> <span class='ocrx_word' id='word_1_24' title='bbox 1246 503 1394 563; x_wconf 83' lang='grc' dir='ltr'>τίνες</span> <span class='ocrx_word' id='word_1_25' title='bbox 1451 505 1518 559; x_wconf 82' lang='grc' dir='ltr'>ἂν</span> <span class='ocrx_word' id='word_1_26' title='bbox 1572 501 1683 558; x_wconf 75' lang='grc' dir='ltr'>εἷεν</span> <span class='ocrx_word' id='word_1_27' title='bbox 1737 509 1791 560; x_wconf 73' lang='lat' dir='ltr'><strong>of</strong></span> <span class='ocrx_word' id='word_1_28' title='bbox 1833 525 1898 575; x_wconf 89' lang='grc' dir='ltr'><strong>γε</strong></span> 
     </span>
    </p>
   </div>
   <div class='ocr_carea' id='block_1_7' title="bbox 321 587 1895 666">
    <p class='ocr_par' dir='ltr' id='par_1_7' title="bbox 321 587 1895 666">
     <span class='ocr_line' id='line_1_7' title="bbox 321 587 1895 666; baseline 0.009 -26"><span class='ocrx_word' id='word_1_29' title='bbox 321 587 593 658; x_wconf 86' lang='grc' dir='ltr'>πρότερον</span> <span class='ocrx_word' id='word_1_30' title='bbox 644 588 741 642; x_wconf 73' lang='grc' dir='ltr'>καὶ</span> <span class='ocrx_word' id='word_1_31' title='bbox 791 589 890 643; x_wconf 87' lang='grc' dir='ltr'><strong>νῦν</strong></span> <span class='ocrx_word' id='word_1_32' title='bbox 940 590 1074 646; x_wconf 80' lang='grc' dir='ltr'>αὐτὸ</span> <span class='ocrx_word' id='word_1_33' title='bbox 1128 595 1432 664; x_wconf 78' lang='grc' dir='ltr'><strong>παραλύειν</strong></span> <span class='ocrx_word' id='word_1_34' title='bbox 1475 599 1895 666; x_wconf 82' lang='grc' dir='ltr'>ἐσπουδακότες,</span> 
     </span>
    </p>
   </div>
   <div class='ocr_carea' id='block_1_8' title="bbox 321 679 1900 760">
    <p class='ocr_par' dir='ltr' id='par_1_8' title="bbox 321 679 1900 760">
     <span class='ocr_line' id='line_1_8' title="bbox 321 679 1900 760; baseline 0.009 -29"><span class='ocrx_word' id='word_1_35' title='bbox 321 679 421 733; x_wconf 77' lang='grc' dir='ltr'>καὶ</span> <span class='ocrx_word' id='word_1_36' title='bbox 478 679 650 749; x_wconf 83' lang='grc' dir='ltr'>μηδὲν</span> <span class='ocrx_word' id='word_1_37' title='bbox 705 680 1106 754; x_wconf 82' lang='grc' dir='ltr'><strong>ἀγνωμοσύνης</strong></span> <span class='ocrx_word' id='word_1_38' title='bbox 1160 687 1572 756; x_wconf 82' lang='grc' dir='ltr'><strong>παραλιπόντες</strong></span> <span class='ocrx_word' id='word_1_39' title='bbox 1597 729 1614 754; x_wconf 87' lang='grc'><strong>,</strong></span> <span class='ocrx_word' id='word_1_40' title='bbox 1674 691 1900 760; x_wconf 83' lang='grc' dir='ltr'>ὰναίδην</span> 
     </span>
    </p>
   </div>
   <div class='ocr_carea' id='block_1_9' title="bbox 327 769 1898 852">
    <p class='ocr_par' dir='ltr' id='par_1_9' title="bbox 327 769 1898 852">
     <span class='ocr_line' id='line_1_9' title="bbox 327 769 1898 852; baseline 0.009 -30"><span class='ocrx_word' id='word_1_41' title='bbox 327 769 474 822; x_wconf 80' lang='grc' dir='ltr'>οὕτω</span> <span class='ocrx_word' id='word_1_42' title='bbox 502 770 645 822; x_wconf 74' lang='grc' dir='ltr'>κατὰ</span> <span class='ocrx_word' id='word_1_43' title='bbox 689 769 870 841; x_wconf 83' lang='grc' dir='ltr'><strong>πάσης</strong></span> <span class='ocrx_word' id='word_1_44' title='bbox 897 773 1252 844; x_wconf 76' lang='grc' dir='ltr'><strong>κεχωρήκασι</strong></span> <span class='ocrx_word' id='word_1_45' title='bbox 1301 776 1402 844; x_wconf 83' lang='grc' dir='ltr'><strong>τῆς</strong></span> <span class='ocrx_word' id='word_1_46' title='bbox 1447 780 1604 848; x_wconf 85' lang='grc' dir='ltr'>ἡμων</span> <span class='ocrx_word' id='word_1_47' title='bbox 1634 781 1860 852; x_wconf 76' lang='grc' dir='ltr'>εἰρήνης</span> <span class='ocrx_word' id='word_1_48' title='bbox 1884 821 1898 846; x_wconf 90' lang='grc'><strong>,</strong></span> 
     </span>
    </p>
   </div>
   <div class='ocr_carea' id='block_1_10' title="bbox 319 861 1898 938">
    <p class='ocr_par' dir='ltr' id='par_1_10' title="bbox 319 861 1898 938">
     <span class='ocr_line' id='line_1_10' title="bbox 319 861 1898 938; baseline 0.008 -24"><span class='ocrx_word' id='word_1_49' title='bbox 319 861 523 926; x_wconf 81' lang='grc' dir='ltr'>ἐξῶσαι</span> <span class='ocrx_word' id='word_1_50' title='bbox 583 861 853 932; x_wconf 87' lang='grc' dir='ltr'>πρότερον</span> <span class='ocrx_word' id='word_1_51' title='bbox 911 864 1082 936; x_wconf 80' lang='grc' dir='ltr'>αὐτὴν</span> <span class='ocrx_word' id='word_1_52' title='bbox 1142 866 1544 938; x_wconf 70' lang='grc' dir='ltr'><strong>ἐνθυμηθέντες</strong></span> <span class='ocrx_word' id='word_1_53' title='bbox 1601 873 1708 926; x_wconf 78' lang='grc' dir='ltr'>ἀπὸ</span> <span class='ocrx_word' id='word_1_54' title='bbox 1740 873 1898 938; x_wconf 84' lang='grc' dir='ltr'>Θεοῦ,</span> 
     </span>
    </p>
   </div>
   <div class='ocr_carea' id='block_1_11' title="bbox 324 947 1901 1030">
    <p class='ocr_par' dir='ltr' id='par_1_11' title="bbox 324 947 1901 1030">
     <span class='ocr_line' id='line_1_11' title="bbox 324 947 1901 1030; baseline 0.008 -27"><span class='ocrx_word' id='word_1_55' title='bbox 324 947 440 1004; x_wconf 79' lang='grc' dir='ltr'>εἶτα</span> <span class='ocrx_word' id='word_1_56' title='bbox 471 951 567 1006; x_wconf 79' lang='grc' dir='ltr'>καὶ</span> <span class='ocrx_word' id='word_1_57' title='bbox 596 952 708 1006; x_wconf 87' lang='grc' dir='ltr'><strong>τῶν</strong></span> <span class='ocrx_word' id='word_1_58' title='bbox 723 955 781 1006; x_wconf 82' lang='grc' dir='ltr'><strong>ἐν</strong></span> <span class='ocrx_word' id='word_1_59' title='bbox 807 955 937 1024; x_wconf 78' lang='grc' dir='ltr'>ημῖν</span> <span class='ocrx_word' id='word_1_60' title='bbox 961 956 1428 1026; x_wconf 77' lang='grc' dir='ltr'>σπουδασμάτωνς</span> <span class='ocrx_word' id='word_1_61' title='bbox 1454 957 1580 1030; x_wconf 66' lang='grc' dir='ltr'><strong>Ἆρ’</strong></span> <span class='ocrx_word' id='word_1_62' title='bbox 1610 962 1710 1015; x_wconf 79' lang='grc' dir='ltr'>οὐκ</span> <span class='ocrx_word' id='word_1_63' title='bbox 1739 963 1901 1027; x_wconf 84' lang='grc' dir='ltr'>εὐθύς</span> 
     </span>
    </p>
   </div>
   <div class='ocr_carea' id='block_1_12' title="bbox 323 1039 1900 1124">
    <p class='ocr_par' dir='ltr' id='par_1_12' title="bbox 323 1039 1900 1124">
     <span class='ocr_line' id='line_1_12' title="bbox 323 1039 1900 1124; baseline 0.01 -33"><span class='ocrx_word' id='word_1_64' title='bbox 323 1039 562 1110; x_wconf 79' lang='grc' dir='ltr'>ἐξαρχῆς</span> <span class='ocrx_word' id='word_1_65' title='bbox 602 1041 703 1113; x_wconf 81' lang='grc' dir='ltr'>τὴν</span> <span class='ocrx_word' id='word_1_66' title='bbox 741 1043 953 1098; x_wconf 80' lang='grc' dir='ltr'>ἑαυτῶν</span> <span class='ocrx_word' id='word_1_67' title='bbox 1004 1047 1318 1114; x_wconf 88' lang='grc' dir='ltr'>παριστῶσι</span> <span class='ocrx_word' id='word_1_68' title='bbox 1355 1053 1484 1121; x_wconf 76' lang='grc' dir='ltr'>περὶ</span> <span class='ocrx_word' id='word_1_69' title='bbox 1526 1052 1588 1106; x_wconf 82' lang='grc' dir='ltr'><strong>τδ</strong></span> <span class='ocrx_word' id='word_1_70' title='bbox 1622 1051 1900 1124; x_wconf 82' lang='grc' dir='ltr'>ὀμόψυχον</span> 
     </span>
    </p>
   </div>
   <div class='ocr_carea' id='block_1_13' title="bbox 324 1133 1900 1211">
    <p class='ocr_par' dir='ltr' id='par_1_13' title="bbox 324 1133 1900 1211">
     <span class='ocr_line' id='line_1_13' title="bbox 324 1133 1900 1211; baseline 0.007 -25"><span class='ocrx_word' id='word_1_71' title='bbox 324 1133 664 1202; x_wconf 78' lang='grc' dir='ltr'>ὑπεροψίαν,</span> <span class='ocrx_word' id='word_1_72' title='bbox 725 1135 820 1188; x_wconf 80' lang='grc' dir='ltr'>καὶ</span> <span class='ocrx_word' id='word_1_73' title='bbox 874 1137 1022 1198; x_wconf 82' lang='grc' dir='ltr'>ὅπως</span> <span class='ocrx_word' id='word_1_74' title='bbox 1079 1137 1270 1210; x_wconf 73' lang='grc' dir='ltr'>ἔλαχον</span> <span class='ocrx_word' id='word_1_75' title='bbox 1320 1143 1452 1211; x_wconf 75' lang='grc' dir='ltr'>περὶ</span> <span class='ocrx_word' id='word_1_76' title='bbox 1505 1145 1566 1196; x_wconf 80' lang='grc' dir='ltr'><strong>τὺ</strong></span> <span class='ocrx_word' id='word_1_77' title='bbox 1617 1143 1900 1198; x_wconf 84' lang='grc' dir='ltr'>δυσσεϐεἶν</span> 
     </span>
    </p>
   </div>
   <div class='ocr_carea' id='block_1_14' title="bbox 322 1224 1901 1303">
    <p class='ocr_par' dir='ltr' id='par_1_14' title="bbox 322 1224 1901 1303">
     <span class='ocr_line' id='line_1_14' title="bbox 322 1224 1901 1303; baseline 0.008 -25"><span class='ocrx_word' id='word_1_78' title='bbox 322 1224 602 1295; x_wconf 76' lang='grc' dir='ltr'>αἱρεῖσθαι</span> <span class='ocrx_word' id='word_1_79' title='bbox 670 1226 928 1295; x_wconf 81' lang='grc' dir='ltr'>φύσεως;</span> <span class='ocrx_word' id='word_1_80' title='bbox 985 1229 1146 1283; x_wconf 83' lang='grc' dir='ltr'>Ἀλλά</span> <span class='ocrx_word' id='word_1_81' title='bbox 1214 1232 1418 1302; x_wconf 82' lang='grc' dir='ltr'><strong>ταύτης</strong></span> <span class='ocrx_word' id='word_1_82' title='bbox 1465 1236 1563 1303; x_wconf 81' lang='grc' dir='ltr'>μὲν</span> <span class='ocrx_word' id='word_1_83' title='bbox 1615 1236 1714 1303; x_wconf 90' lang='grc' dir='ltr'><strong>τῆς</strong></span> <span class='ocrx_word' id='word_1_84' title='bbox 1759 1238 1901 1289; x_wconf 82' lang='grc' dir='ltr'>κατὰ</span> 
     </span>
    </p>
   </div>
   <div class='ocr_carea' id='block_1_15' title="bbox 322 1315 1900 1395">
    <p class='ocr_par' dir='ltr' id='par_1_15' title="bbox 322 1315 1900 1395">
     <span class='ocr_line' id='line_1_15' title="bbox 322 1315 1900 1395; baseline 0.008 -29"><span class='ocrx_word' id='word_1_85' title='bbox 322 1316 423 1382; x_wconf 88' lang='grc' dir='ltr'><strong>τῆς</strong></span> <span class='ocrx_word' id='word_1_86' title='bbox 459 1315 686 1384; x_wconf 81' lang='grc' dir='ltr'>εἰρήνης</span> <span class='ocrx_word' id='word_1_87' title='bbox 732 1315 955 1386; x_wconf 87' lang='grc' dir='ltr'>λύττης,</span> <span class='ocrx_word' id='word_1_88' title='bbox 984 1320 1071 1372; x_wconf 85' lang='grc' dir='ltr'><strong>ἐπ’</strong></span> <span class='ocrx_word' id='word_1_89' title='bbox 1102 1321 1288 1384; x_wconf 80' lang='grc' dir='ltr'>ἄλλοις</span> <span class='ocrx_word' id='word_1_90' title='bbox 1332 1323 1484 1378; x_wconf 76' lang='grc' dir='ltr'>ἄλλοι</span> <span class='ocrx_word' id='word_1_91' title='bbox 1528 1325 1671 1379; x_wconf 89' lang='grc' dir='ltr'>κατὰ</span> <span class='ocrx_word' id='word_1_92' title='bbox 1709 1327 1900 1395; x_wconf 83' lang='grc' dir='ltr'>διαφό-</span> 
     </span>
    </p>
   </div>
   <div class='ocr_carea' id='block_1_16' title="bbox 331 1404 1902 1485">
    <p class='ocr_par' dir='ltr' id='par_1_16' title="bbox 331 1404 1902 1485">
     <span class='ocr_line' id='line_1_16' title="bbox 331 1404 1902 1485; baseline 0.006 -27"><span class='ocrx_word' id='word_1_93' title='bbox 331 1421 453 1473; x_wconf 85' lang='grc' dir='ltr'>ρους</span> <span class='ocrx_word' id='word_1_94' title='bbox 477 1404 779 1476; x_wconf 81' lang='grc' dir='ltr'>ἀρξάμενοι</span> <span class='ocrx_word' id='word_1_95' title='bbox 816 1409 1066 1477; x_wconf 88' lang='grc' dir='ltr'>χρόνους,</span> <span class='ocrx_word' id='word_1_96' title='bbox 1109 1411 1474 1477; x_wconf 83' lang='grc' dir='ltr'>τελευτῶντες</span> <span class='ocrx_word' id='word_1_97' title='bbox 1506 1415 1585 1477; x_wconf 80' lang='grc' dir='ltr'><strong>είς</strong></span> <span class='ocrx_word' id='word_1_98' title='bbox 1631 1416 1902 1485; x_wconf 80' lang='grc' dir='ltr'>Παλαμᾶν</span> 
     </span>
    </p>
   </div>
   <div class='ocr_carea' id='block_1_17' title="bbox 326 1492 1902 1578">
    <p class='ocr_par' dir='ltr' id='par_1_17' title="bbox 326 1492 1902 1578">
     <span class='ocr_line' id='line_1_17' title="bbox 326 1492 1902 1578; baseline 0.008 -28"><span class='ocrx_word' id='word_1_99' title='bbox 326 1492 509 1568; x_wconf 74' lang='grc' dir='ltr'>ἧκονο</span> <span class='ocrx_word' id='word_1_100' title='bbox 539 1498 731 1570; x_wconf 78' lang='grc' dir='ltr'>ἄνδρα,</span> <span class='ocrx_word' id='word_1_101' title='bbox 780 1501 870 1553; x_wconf 81' lang='grc' dir='ltr'>τὸν</span> <span class='ocrx_word' id='word_1_102' title='bbox 918 1502 1043 1554; x_wconf 82' lang='grc' dir='ltr'>νοῦν</span> <span class='ocrx_word' id='word_1_103' title='bbox 1081 1504 1336 1558; x_wconf 78' lang='grc' dir='ltr'>ἀϐέϐαιον</span> <span class='ocrx_word' id='word_1_104' title='bbox 1363 1521 1376 1535; x_wconf 81' lang='grc'><strong><em>⁸</em></strong></span> <span class='ocrx_word' id='word_1_105' title='bbox 1424 1506 1714 1561; x_wconf 86' lang='grc' dir='ltr'>ἀλλόκοτον</span> <span class='ocrx_word' id='word_1_106' title='bbox 1772 1511 1902 1578; x_wconf 80' lang='grc' dir='ltr'>περὶ</span> 
     </span>
    </p>
   </div>
   <div class='ocr_carea' id='block_1_18' title="bbox 327 1589 1903 1670">
    <p class='ocr_par' dir='ltr' id='par_1_18' title="bbox 327 1589 1903 1670">
     <span class='ocr_line' id='line_1_18' title="bbox 327 1589 1903 1670; baseline 0.01 -31"><span class='ocrx_word' id='word_1_107' title='bbox 327 1589 426 1658; x_wconf 75' lang='grc' dir='ltr'>τὴν</span> <span class='ocrx_word' id='word_1_108' title='bbox 476 1590 774 1660; x_wconf 77' lang='grc' dir='ltr'>θρησκείαν</span> <span class='ocrx_word' id='word_1_109' title='bbox 807 1609 822 1625; x_wconf 75' lang='grc'><strong><em>⁵</em></strong></span> <span class='ocrx_word' id='word_1_110' title='bbox 876 1595 1282 1666; x_wconf 78' lang='grc' dir='ltr'>ἀπερίσκεπτον</span> <span class='ocrx_word' id='word_1_111' title='bbox 1331 1600 1462 1667; x_wconf 77' lang='grc' dir='ltr'>περὶ</span> <span class='ocrx_word' id='word_1_112' title='bbox 1513 1601 1574 1653; x_wconf 73' lang='grc' dir='ltr'>τὸ</span> <span class='ocrx_word' id='word_1_113' title='bbox 1616 1603 1903 1670; x_wconf 81' lang='grc' dir='ltr'>παραστάν</span> 
     </span>
    </p>
   </div>
   <div class='ocr_carea' id='block_1_19' title="bbox 327 1681 1900 1761">
    <p class='ocr_par' dir='ltr' id='par_1_19' title="bbox 327 1681 1900 1761">
     <span class='ocr_line' id='line_1_19' title="bbox 327 1681 1900 1761; baseline 0.008 -28"><span class='ocrx_word' id='word_1_114' title='bbox 327 1681 477 1734; x_wconf 75' lang='grc' dir='ltr'>ἅπαν</span> <span class='ocrx_word' id='word_1_115' title='bbox 501 1699 514 1712; x_wconf 92' lang='grc'>·</span> <span class='ocrx_word' id='word_1_116' title='bbox 550 1683 673 1752; x_wconf 81' lang='grc' dir='ltr'>ὅρον</span> <span class='ocrx_word' id='word_1_117' title='bbox 706 1683 897 1737; x_wconf 88' lang='grc' dir='ltr'>τοῦτον</span> <span class='ocrx_word' id='word_1_118' title='bbox 928 1686 1210 1754; x_wconf 81' lang='grc' dir='ltr'><strong>ἐγνωκότα</strong></span> <span class='ocrx_word' id='word_1_119' title='bbox 1238 1688 1593 1757; x_wconf 78' lang='grc' dir='ltr'>φιλονεικίας,</span> <span class='ocrx_word' id='word_1_120' title='bbox 1631 1692 1730 1761; x_wconf 83' lang='grc' dir='ltr'>οὐχ</span> <span class='ocrx_word' id='word_1_121' title='bbox 1776 1692 1835 1745; x_wconf 85' lang='grc' dir='ltr'>ὃν</span> <span class='ocrx_word' id='word_1_122' title='bbox 1873 1695 1900 1761; x_wconf 72' lang='grc' dir='ltr'><strong>η</strong></span> 
     </span>
    </p>
   </div>
   <div class='ocr_carea' id='block_1_20' title="bbox 326 1750 1982 1858">
    <p class='ocr_par' dir='ltr' id='par_1_20' title="bbox 326 1750 1982 1858">
     <span class='ocr_line' id='line_1_20' title="bbox 326 1750 1982 1858; baseline 0.008 -34"><span class='ocrx_word' id='word_1_123' title='bbox 326 1773 491 1842; x_wconf 86' lang='grc' dir='ltr'>φύσις</span> <span class='ocrx_word' id='word_1_124' title='bbox 525 1750 660 1858; x_wconf 73' lang='grc' dir='ltr'>πρὸς</span> <span class='ocrx_word' id='word_1_125' title='bbox 692 1775 793 1843; x_wconf 77' lang='grc' dir='ltr'>τὴν</span> <span class='ocrx_word' id='word_1_126' title='bbox 835 1750 1027 1846; x_wconf 80' lang='grc' dir='ltr'>χρείαν</span> <span class='ocrx_word' id='word_1_127' title='bbox 1069 1750 1454 1847; x_wconf 81' lang='grc' dir='ltr'>ἐπετήδευσεν,</span> <span class='ocrx_word' id='word_1_128' title='bbox 1479 1750 1596 1834; x_wconf 51' lang='grc' dir='ltr'><strong>ἀλλἓ</strong></span> <span class='ocrx_word' id='word_1_129' title='bbox 1638 1750 1762 1838; x_wconf 42' lang='lat' dir='ltr'><strong>eis</strong></span> <span class='ocrx_word' id='word_1_130' title='bbox 1806 1750 1904 1854; x_wconf 77' lang='grc' dir='ltr'><strong>τῆς</strong></span> <span class='ocrx_word' id='word_1_131' title='bbox 1935 1750 1982 1807; x_wconf 75' lang='grc' dir='ltr'>Β</span> 
     </span>
    </p>
   </div>
   <div class='ocr_carea' id='block_1_21' title="bbox 327 1866 1905 1944">
    <p class='ocr_par' dir='ltr' id='par_1_21' title="bbox 327 1866 1905 1944">
     <span class='ocr_line' id='line_1_21' title="bbox 327 1866 1905 1944; baseline 0.008 -28"><span class='ocrx_word' id='word_1_132' title='bbox 327 1866 474 1935; x_wconf 83' lang='grc' dir='ltr'><strong>ζωῆς</strong></span> <span class='ocrx_word' id='word_1_133' title='bbox 521 1866 674 1935; x_wconf 80' lang='grc' dir='ltr'>αὐτῷ</span> <span class='ocrx_word' id='word_1_134' title='bbox 727 1867 917 1936; x_wconf 81' lang='grc' dir='ltr'>χρόνος</span> <span class='ocrx_word' id='word_1_135' title='bbox 969 1868 1324 1940; x_wconf 83' lang='grc' dir='ltr'>ἐξεμέτρησε.</span> <span class='ocrx_word' id='word_1_136' title='bbox 1399 1871 1667 1944; x_wconf 85' lang='grc' dir='ltr'>Τοιαύτην</span> <span class='ocrx_word' id='word_1_137' title='bbox 1751 1869 1905 1938; x_wconf 74' lang='grc' dir='ltr'>οὗτος</span> 
     </span>
    </p>
   </div>
   <div class='ocr_carea' id='block_1_22' title="bbox 325 1955 1902 2038">
    <p class='ocr_par' dir='ltr' id='par_1_22' title="bbox 325 1955 1902 2038">
     <span class='ocr_line' id='line_1_22' title="bbox 325 1955 1902 2038; baseline 0.008 -32"><span class='ocrx_word' id='word_1_138' title='bbox 325 1957 426 2024; x_wconf 80' lang='grc' dir='ltr'>τὴν</span> <span class='ocrx_word' id='word_1_139' title='bbox 447 1955 628 2025; x_wconf 77' lang='grc' dir='ltr'>ψυχὴν</span> <span class='ocrx_word' id='word_1_140' title='bbox 659 1959 993 2028; x_wconf 82' lang='grc' dir='ltr'>περιφέρων,</span> <span class='ocrx_word' id='word_1_141' title='bbox 1036 1963 1132 2015; x_wconf 71' lang='grc' dir='ltr'>καὶ</span> <span class='ocrx_word' id='word_1_142' title='bbox 1160 1961 1335 2033; x_wconf 76' lang='grc' dir='ltr'>τούτῳ</span> <span class='ocrx_word' id='word_1_143' title='bbox 1366 1964 1490 2027; x_wconf 82' lang='grc' dir='ltr'>τοὺς</span> <span class='ocrx_word' id='word_1_144' title='bbox 1515 1965 1708 2028; x_wconf 77' lang='grc' dir='ltr'>ἄλλους</span> <span class='ocrx_word' id='word_1_145' title='bbox 1740 1967 1902 2038; x_wconf 82' lang='grc' dir='ltr'>ὑπερ-</span> 
     </span>
    </p>
   </div>
   <div class='ocr_carea' id='block_1_23' title="bbox 329 2047 1907 2127">
    <p class='ocr_par' dir='ltr' id='par_1_23' title="bbox 329 2047 1907 2127">
     <span class='ocr_line' id='line_1_23' title="bbox 329 2047 1907 2127; baseline 0.008 -28"><span class='ocrx_word' id='word_1_146' title='bbox 329 2047 588 2102; x_wconf 59' lang='grc' dir='ltr'>ϐαλέσθαι</span> <span class='ocrx_word' id='word_1_147' title='bbox 620 2048 821 2119; x_wconf 83' lang='grc' dir='ltr'>ζητῶν,</span> <span class='ocrx_word' id='word_1_148' title='bbox 849 2051 985 2104; x_wconf 85' lang='grc' dir='ltr'>ὅπου</span> <span class='ocrx_word' id='word_1_149' title='bbox 1014 2052 1074 2104; x_wconf 84' lang='grc' dir='ltr'><strong>τδ</strong></span> <span class='ocrx_word' id='word_1_150' title='bbox 1099 2055 1253 2123; x_wconf 68' lang='grc' dir='ltr'>νικᾷ-θ</span> <span class='ocrx_word' id='word_1_151' title='bbox 1285 2054 1448 2108; x_wconf 76' lang='grc' dir='ltr'>πλέον</span> <span class='ocrx_word' id='word_1_152' title='bbox 1481 2056 1574 2108; x_wconf 78' lang='grc' dir='ltr'><strong>τὸν</strong></span> <span class='ocrx_word' id='word_1_153' title='bbox 1611 2061 1740 2127; x_wconf 72' lang='grc' dir='ltr'>περὶ</span> <span class='ocrx_word' id='word_1_154' title='bbox 1771 2058 1907 2112; x_wconf 85' lang='grc' dir='ltr'>Θεοῦ</span> 
     </span>
    </p>
   </div>
   <div class='ocr_carea' id='block_1_24' title="bbox 333 2141 1912 2220">
    <p class='ocr_par' dir='ltr' id='par_1_24' title="bbox 333 2141 1912 2220">
     <span class='ocr_line' id='line_1_24' title="bbox 333 2141 1912 2220; baseline 0.006 -26"><span class='ocrx_word' id='word_1_155' title='bbox 333 2141 578 2195; x_wconf 81' lang='grc' dir='ltr'>κίνδυνον</span> <span class='ocrx_word' id='word_1_156' title='bbox 619 2143 786 2214; x_wconf 75' lang='grc' dir='ltr'>αἴρει,</span> <span class='ocrx_word' id='word_1_157' title='bbox 841 2145 1060 2216; x_wconf 80' lang='grc' dir='ltr'>περιῄει</span> <span class='ocrx_word' id='word_1_158' title='bbox 1106 2147 1171 2200; x_wconf 82' lang='grc' dir='ltr'>τὸ</span> <span class='ocrx_word' id='word_1_159' title='bbox 1214 2149 1430 2218; x_wconf 89' lang='grc' dir='ltr'>πρῶτον</span> <span class='ocrx_word' id='word_1_160' title='bbox 1479 2151 1674 2220; x_wconf 74' lang='grc' dir='ltr'>καιρὸν</span> <span class='ocrx_word' id='word_1_161' title='bbox 1709 2151 1912 2203; x_wconf 83' lang='grc' dir='ltr'>ἐπιδεί-</span> 
     </span>
    </p>
   </div>
   <div class='ocr_carea' id='block_1_25' title="bbox 331 2235 1907 2312">
    <p class='ocr_par' dir='ltr' id='par_1_25' title="bbox 331 2235 1907 2312">
     <span class='ocr_line' id='line_1_25' title="bbox 331 2235 1907 2312; baseline 0.006 -25"><span class='ocrx_word' id='word_1_162' title='bbox 331 2235 469 2302; x_wconf 77' lang='grc' dir='ltr'>ξεως</span> <span class='ocrx_word' id='word_1_163' title='bbox 497 2236 963 2308; x_wconf 84' lang='grc' dir='ltr'>ἀνερευνώμενος,</span> <span class='ocrx_word' id='word_1_164' title='bbox 999 2239 1308 2309; x_wconf 84' lang='grc' dir='ltr'>φιλοπονῶν</span> <span class='ocrx_word' id='word_1_165' title='bbox 1355 2241 1486 2312; x_wconf 75' lang='grc' dir='ltr'>περὶ</span> <span class='ocrx_word' id='word_1_166' title='bbox 1518 2243 1589 2297; x_wconf 85' lang='grc' dir='ltr'>τὰ</span> <span class='ocrx_word' id='word_1_167' title='bbox 1624 2242 1907 2312; x_wconf 82' lang='grc' dir='ltr'>ἐλάχιστα,</span> 
     </span>
    </p>
   </div>
   <div class='ocr_carea' id='block_1_26' title="bbox 330 2327 1908 2404">
    <p class='ocr_par' dir='ltr' id='par_1_26' title="bbox 330 2327 1908 2404">
     <span class='ocr_line' id='line_1_26' title="bbox 330 2327 1908 2404; baseline 0.005 -25"><span class='ocrx_word' id='word_1_168' title='bbox 330 2327 539 2397; x_wconf 76' lang='grc' dir='ltr'>καὶτῷ</span> <span class='ocrx_word' id='word_1_169' title='bbox 585 2331 817 2398; x_wconf 78' lang='grc' dir='ltr'>κρατεῖν</span> <span class='ocrx_word' id='word_1_170' title='bbox 860 2333 919 2384; x_wconf 85' lang='grc' dir='ltr'><strong>ἐν</strong></span> <span class='ocrx_word' id='word_1_171' title='bbox 961 2331 1178 2401; x_wconf 78' lang='grc' dir='ltr'><strong>ἑκάστῳ</strong></span> <span class='ocrx_word' id='word_1_172' title='bbox 1216 2333 1364 2402; x_wconf 86' lang='grc' dir='ltr'>μάλα</span> <span class='ocrx_word' id='word_1_173' title='bbox 1407 2334 1908 2404; x_wconf 73' lang='grc' dir='ltr'>φιλοτιμούμενοςο</span> 
     </span>
    </p>
   </div>
   <div class='ocr_carea' id='block_1_27' title="bbox 333 2417 1912 2496">
    <p class='ocr_par' dir='ltr' id='par_1_27' title="bbox 333 2417 1912 2496">
     <span class='ocr_line' id='line_1_27' title="bbox 333 2417 1912 2496; baseline 0.004 -24"><span class='ocrx_word' id='word_1_174' title='bbox 333 2417 514 2472; x_wconf 81' lang='grc' dir='ltr'>πάντα</span> <span class='ocrx_word' id='word_1_175' title='bbox 544 2420 712 2472; x_wconf 85' lang='grc' dir='ltr'>κινῶν</span> <span class='ocrx_word' id='word_1_176' title='bbox 740 2422 837 2476; x_wconf 77' lang='grc' dir='ltr'>καὶ</span> <span class='ocrx_word' id='word_1_177' title='bbox 871 2423 1040 2493; x_wconf 82' lang='grc' dir='ltr'>μηδὲν</span> <span class='ocrx_word' id='word_1_178' title='bbox 1069 2423 1426 2494; x_wconf 80' lang='grc' dir='ltr'>παραλείπων</span> <span class='ocrx_word' id='word_1_179' title='bbox 1469 2425 1608 2491; x_wconf 75' lang='grc' dir='ltr'>ὑπὲρ</span> <span class='ocrx_word' id='word_1_180' title='bbox 1635 2423 1731 2477; x_wconf 90' lang='grc' dir='ltr'><strong>τοῦ</strong></span> <span class='ocrx_word' id='word_1_181' title='bbox 1772 2427 1912 2496; x_wconf 78' lang='grc' dir='ltr'>πρὸς</span> 
     </span>
    </p>
   </div>
   <div class='ocr_carea' id='block_1_28' title="bbox 337 2512 1913 2587">
    <p class='ocr_par' dir='ltr' id='par_1_28' title="bbox 337 2512 1913 2587">
     <span class='ocr_line' id='line_1_28' title="bbox 337 2512 1913 2587; baseline 0.003 -23"><span class='ocrx_word' id='word_1_182' title='bbox 337 2512 556 2566; x_wconf 79' lang='grc' dir='ltr'>ἅπαντα</span> <span class='ocrx_word' id='word_1_183' title='bbox 576 2512 861 2584; x_wconf 83' lang='grc' dir='ltr'>φιλαρχεϊν</span> <span class='ocrx_word' id='word_1_184' title='bbox 887 2515 1164 2583; x_wconf 70' lang='grc' dir='ltr'>αἱρεῖσθαι</span> <span class='ocrx_word' id='word_1_185' title='bbox 1188 2531 1206 2547; x_wconf 77' lang='grc' dir='ltr'><strong>ο</strong></span> <span class='ocrx_word' id='word_1_186' title='bbox 1236 2517 1336 2571; x_wconf 69' lang='grc' dir='ltr'><strong>καλ⁸</strong></span> <span class='ocrx_word' id='word_1_187' title='bbox 1360 2518 1470 2576; x_wconf 82' lang='grc' dir='ltr'><strong>πᾶς</strong></span> <span class='ocrx_word' id='word_1_188' title='bbox 1507 2513 1576 2587; x_wconf 87' lang='grc' dir='ltr'><strong>ῆν</strong></span> <span class='ocrx_word' id='word_1_189' title='bbox 1604 2516 1755 2586; x_wconf 82' lang='grc' dir='ltr'>αὐτῷ</span> <span class='ocrx_word' id='word_1_190' title='bbox 1785 2515 1913 2568; x_wconf 84' lang='grc' dir='ltr'>σύλ-</span> 
     </span>
    </p>
   </div>
   <div class='ocr_carea' id='block_1_29' title="bbox 299 2604 1912 2678">
    <p class='ocr_par' dir='ltr' id='par_1_29' title="bbox 299 2604 1912 2678">
     <span class='ocr_line' id='line_1_29' title="bbox 299 2604 1912 2678; baseline 0.002 -22"><span class='ocrx_word' id='word_1_191' title='bbox 299 2604 492 2672; x_wconf 78' lang='grc' dir='ltr'>λογος</span> <span class='ocrx_word' id='word_1_192' title='bbox 545 2605 762 2676; x_wconf 77' lang='grc' dir='ltr'>ἡμέρας</span> <span class='ocrx_word' id='word_1_193' title='bbox 810 2607 1070 2678; x_wconf 72' lang='grc' dir='ltr'>ἑκάστης,</span> <span class='ocrx_word' id='word_1_194' title='bbox 1127 2608 1228 2662; x_wconf 74' lang='grc' dir='ltr'>εἴτ’</span> <span class='ocrx_word' id='word_1_195' title='bbox 1277 2609 1342 2663; x_wconf 80' lang='grc' dir='ltr'><strong>ἐκ</strong></span> <span class='ocrx_word' id='word_1_196' title='bbox 1393 2609 1655 2665; x_wconf 82' lang='grc' dir='ltr'>πλειόνων</span> <span class='ocrx_word' id='word_1_197' title='bbox 1701 2609 1802 2663; x_wconf 73' lang='grc' dir='ltr'>εἴτ’</span> <span class='ocrx_word' id='word_1_198' title='bbox 1853 2609 1912 2674; x_wconf 80' lang='grc' dir='ltr'>ἐξ</span> 
     </span>
    </p>
   </div>
   <div class='ocr_carea' id='block_1_30' title="bbox 335 2697 1915 2840">
    <p class='ocr_par' dir='ltr' id='par_1_30' title="bbox 335 2697 1915 2840">
     <span class='ocr_line' id='line_1_30' title="bbox 335 2697 1915 2840; baseline 0.005 -92"><span class='ocrx_word' id='word_1_199' title='bbox 335 2697 637 2840; x_wconf 34' lang='grc' dir='ltr'>ἐλᾷαττόνων</span> <span class='ocrx_word' id='word_1_200' title='bbox 671 2701 1072 2768; x_wconf 84' lang='grc' dir='ltr'>συνεκροτεῖτο,</span> <span class='ocrx_word' id='word_1_201' title='bbox 1117 2699 1351 2771; x_wconf 90' lang='grc' dir='ltr'>θορύϐου</span> <span class='ocrx_word' id='word_1_202' title='bbox 1382 2701 1478 2754; x_wconf 74' lang='grc' dir='ltr'><strong>καὶ</strong></span> <span class='ocrx_word' id='word_1_203' title='bbox 1508 2702 1755 2772; x_wconf 81' lang='grc' dir='ltr'>ταραχῆς</span> <span class='ocrx_word' id='word_1_204' title='bbox 1784 2702 1915 2756; x_wconf 88' lang='grc' dir='ltr'>ἀνά-</span> 
     </span>
     <span class='ocr_line' id='line_1_31' title="bbox 335 2805 538 2840; baseline 0 0"><span class='ocrx_word' id='word_1_205' title='bbox 335 2806 376 2840; x_wconf 80' lang='lat' dir='ltr'><strong>s:</strong></span> <span class='ocrx_word' id='word_1_206' title='bbox 413 2805 538 2840; x_wconf 76' lang='grc' dir='ltr'>εως.</span> 
     </span>
    </p>
   </div>
   <div class='ocr_carea' id='block_1_31' title="bbox 335 2805 538 2854">
    <p class='ocr_par' dir='ltr' id='par_1_31' title="bbox 335 2805 538 2854">
     <span class='ocr_line' id='line_1_32' title="bbox 335 2805 538 2854; baseline 0 -12"><span class='ocrx_word' id='word_1_207' title='bbox 335 2805 538 2854; x_wconf 69' lang='grc' dir='ltr'>πλεως.</span> 
     </span>
    </p>
   </div>
   <div class='ocr_carea' id='block_1_32' title="bbox 2003 505 3579 580">
    <p class='ocr_par' dir='ltr' id='par_1_32' title="bbox 2003 505 3579 580">
     <span class='ocr_line' id='line_1_33' title="bbox 2003 505 3579 580; baseline 0 -18"><span class='ocrx_word' id='word_1_208' title='bbox 2003 523 2180 574; x_wconf 89' lang='lat' dir='ltr'><strong>sacra,</strong></span> <span class='ocrx_word' id='word_1_209' title='bbox 2221 523 2286 564; x_wconf 85' lang='lat' dir='ltr'><strong>ac</strong></span> <span class='ocrx_word' id='word_1_210' title='bbox 2305 510 2694 580; x_wconf 77' lang='lat' dir='ltr'><strong>mysteriorum</strong></span> <span class='ocrx_word' id='word_1_211' title='bbox 2725 505 3225 574; x_wconf 85' lang='lat' dir='ltr'><strong>celebrationeipsa</strong></span> <span class='ocrx_word' id='word_1_212' title='bbox 3279 507 3424 574; x_wconf 89' lang='lat' dir='ltr'><strong>apud</strong></span> <span class='ocrx_word' id='word_1_213' title='bbox 3479 521 3579 562; x_wconf 89' lang='lat' dir='ltr'><strong>nos</strong></span> 
     </span>
    </p>
   </div>
   <div class='ocr_carea' id='block_1_33' title="bbox 2001 595 3582 671">
    <p class='ocr_par' dir='ltr' id='par_1_33' title="bbox 2001 595 3582 671">
     <span class='ocr_line' id='line_1_34' title="bbox 2001 595 3582 671; baseline -0.001 -19"><span class='ocrx_word' id='word_1_214' title='bbox 2001 603 2422 671; x_wconf 72' lang='lat' dir='ltr'><strong>praenuntiatur,</strong></span> <span class='ocrx_word' id='word_1_215' title='bbox 2449 601 2671 671; x_wconf 86' lang='lat' dir='ltr'><strong>quinam</strong></span> <span class='ocrx_word' id='word_1_216' title='bbox 2705 613 2825 654; x_wconf 85' lang='lat' dir='ltr'><strong>esse</strong></span> <span class='ocrx_word' id='word_1_217' title='bbox 2855 597 3065 652; x_wconf 85' lang='lat' dir='ltr'><strong>dicendi</strong></span> <span class='ocrx_word' id='word_1_218' title='bbox 3099 605 3247 662; x_wconf 86' lang='lat' dir='ltr'><strong>sunt,</strong></span> <span class='ocrx_word' id='word_1_219' title='bbox 3279 596 3372 664; x_wconf 89' lang='lat' dir='ltr'><strong>qui</strong></span> <span class='ocrx_word' id='word_1_220' title='bbox 3426 595 3582 666; x_wconf 90' lang='lat' dir='ltr'><strong>prius</strong></span> 
     </span>
    </p>
   </div>
   <div class='ocr_carea' id='block_1_34' title="bbox 2003 687 3580 761">
    <p class='ocr_par' dir='ltr' id='par_1_34' title="bbox 2003 687 3580 761">
     <span class='ocr_line' id='line_1_35' title="bbox 2003 687 3580 761; baseline -0.005 -13"><span class='ocrx_word' id='word_1_221' title='bbox 2003 708 2259 761; x_wconf 89' lang='lat' dir='ltr'><strong>nuncque</strong></span> <span class='ocrx_word' id='word_1_222' title='bbox 2283 693 2404 760; x_wconf 76' lang='lat' dir='ltr'><strong>ejus</strong></span> <span class='ocrx_word' id='word_1_223' title='bbox 2425 691 2631 747; x_wconf 89' lang='lat' dir='ltr'><strong>bonum</strong></span> <span class='ocrx_word' id='word_1_224' title='bbox 2658 689 3044 753; x_wconf 88' lang='lat' dir='ltr'><strong>dissolventes,</strong></span> <span class='ocrx_word' id='word_1_225' title='bbox 3065 687 3319 756; x_wconf 78' lang='lat' dir='ltr'><strong>nihilque</strong></span> <span class='ocrx_word' id='word_1_226' title='bbox 3369 687 3580 757; x_wconf 82' lang='lat' dir='ltr'><strong>impro-</strong></span> 
     </span>
    </p>
   </div>
   <div class='ocr_carea' id='block_1_35' title="bbox 2002 779 3584 852">
    <p class='ocr_par' dir='ltr' id='par_1_35' title="bbox 2002 779 3584 852">
     <span class='ocr_line' id='line_1_36' title="bbox 2002 779 3584 852; baseline -0.005 -14"><span class='ocrx_word' id='word_1_227' title='bbox 2002 783 2188 852; x_wconf 80' lang='lat' dir='ltr'><strong>bitatis</strong></span> <span class='ocrx_word' id='word_1_228' title='bbox 2222 785 2451 840; x_wconf 90' lang='lat' dir='ltr'><strong>missum</strong></span> <span class='ocrx_word' id='word_1_229' title='bbox 2479 783 2766 844; x_wconf 80' lang='lat' dir='ltr'><strong>facientes,</strong></span> <span class='ocrx_word' id='word_1_230' title='bbox 2797 789 2943 835; x_wconf 89' lang='lat' dir='ltr'><strong>tanta</strong></span> <span class='ocrx_word' id='word_1_231' title='bbox 2978 779 3316 849; x_wconf 87' lang='lat' dir='ltr'><strong>impudentia</strong></span> <span class='ocrx_word' id='word_1_232' title='bbox 3349 779 3402 832; x_wconf 89' lang='lat' dir='ltr'><strong>in</strong></span> <span class='ocrx_word' id='word_1_233' title='bbox 3462 793 3584 832; x_wconf 93' lang='lat' dir='ltr'><strong>om-</strong></span> 
     </span>
    </p>
   </div>
   <div class='ocr_carea' id='block_1_36' title="bbox 2002 873 3582 946">
    <p class='ocr_par' dir='ltr' id='par_1_36' title="bbox 2002 873 3582 946">
     <span class='ocr_line' id='line_1_37' title="bbox 2002 873 3582 946; baseline -0.008 -13"><span class='ocrx_word' id='word_1_234' title='bbox 2002 894 2126 934; x_wconf 89' lang='lat' dir='ltr'><strong>nem</strong></span> <span class='ocrx_word' id='word_1_235' title='bbox 2155 888 2392 933; x_wconf 89' lang='lat' dir='ltr'><strong>nostram</strong></span> <span class='ocrx_word' id='word_1_236' title='bbox 2420 877 2651 946; x_wconf 77' lang='lat' dir='ltr'><strong>grassati</strong></span> <span class='ocrx_word' id='word_1_237' title='bbox 2675 884 3026 944; x_wconf 89' lang='lat' dir='ltr'><strong>suntpacem,</strong></span> <span class='ocrx_word' id='word_1_238' title='bbox 3062 874 3162 927; x_wconf 89' lang='lat' dir='ltr'><strong>hoc</strong></span> <span class='ocrx_word' id='word_1_239' title='bbox 3192 873 3496 942; x_wconf 78' lang='lat' dir='ltr'><strong>cogitantes</strong></span> <span class='ocrx_word' id='word_1_240' title='bbox 3525 881 3582 924; x_wconf 90' lang='lat' dir='ltr'><strong>ul.</strong></span> 
     </span>
    </p>
   </div>
   <div class='ocr_carea' id='block_1_37' title="bbox 2002 961 3584 1037">
    <p class='ocr_par' dir='ltr' id='par_1_37' title="bbox 2002 961 3584 1037">
     <span class='ocr_line' id='line_1_38' title="bbox 2002 961 3584 1037; baseline -0.006 -14"><span class='ocrx_word' id='word_1_241' title='bbox 2002 985 2032 1023; x_wconf 89' lang='lat' dir='ltr'><strong>a</strong></span> <span class='ocrx_word' id='word_1_242' title='bbox 2065 968 2171 1022; x_wconf 89' lang='lat' dir='ltr'><strong>Deo</strong></span> <span class='ocrx_word' id='word_1_243' title='bbox 2199 969 2372 1037; x_wconf 88' lang='lat' dir='ltr'><strong>prius,</strong></span> <span class='ocrx_word' id='word_1_244' title='bbox 2405 976 2626 1033; x_wconf 89' lang='lat' dir='ltr'><strong>tumque</strong></span> <span class='ocrx_word' id='word_1_245' title='bbox 2642 965 2800 1020; x_wconf 90' lang='lat' dir='ltr'><strong>etiam</strong></span> <span class='ocrx_word' id='word_1_246' title='bbox 2824 962 3164 1018; x_wconf 88' lang='lat' dir='ltr'><strong>abhumanis</strong></span> <span class='ocrx_word' id='word_1_247' title='bbox 3188 961 3384 1016; x_wconf 88' lang='lat' dir='ltr'><strong>studiis</strong></span> <span class='ocrx_word' id='word_1_248' title='bbox 3418 971 3584 1027; x_wconf 80' lang='lat' dir='ltr'><strong>atque</strong></span> 
     </span>
    </p>
   </div>
   <div class='ocr_carea' id='block_1_38' title="bbox 2003 1052 3584 1126">
    <p class='ocr_par' dir='ltr' id='par_1_38' title="bbox 2003 1052 3584 1126">
     <span class='ocr_line' id='line_1_39' title="bbox 2003 1052 3584 1126; baseline -0.008 -10"><span class='ocrx_word' id='word_1_249' title='bbox 2003 1060 2246 1116; x_wconf 87' lang='lat' dir='ltr'><strong>moribus</strong></span> <span class='ocrx_word' id='word_1_250' title='bbox 2284 1073 2401 1112; x_wconf 86' lang='lat' dir='ltr'><strong>eam</strong></span> <span class='ocrx_word' id='word_1_251' title='bbox 2436 1053 2974 1126; x_wconf 79' lang='lat' dir='ltr'><strong>profligarent?Num</strong></span> <span class='ocrx_word' id='word_1_252' title='bbox 2997 1055 3160 1123; x_wconf 79' lang='lat' dir='ltr'><strong>igitur</strong></span> <span class='ocrx_word' id='word_1_253' title='bbox 3182 1052 3364 1108; x_wconf 80' lang='lat' dir='ltr'><strong>Statim</strong></span> <span class='ocrx_word' id='word_1_254' title='bbox 3386 1067 3414 1106; x_wconf 88' lang='lat' dir='ltr'><strong>a</strong></span> <span class='ocrx_word' id='word_1_255' title='bbox 3435 1053 3584 1120; x_wconf 90' lang='lat' dir='ltr'><strong>priu-</strong></span> 
     </span>
    </p>
   </div>
   <div class='ocr_carea' id='block_1_39' title="bbox 2003 1141 3580 1219">
    <p class='ocr_par' dir='ltr' id='par_1_39' title="bbox 2003 1141 3580 1219">
     <span class='ocr_line' id='line_1_40' title="bbox 2003 1141 3580 1219; baseline -0.009 -13"><span class='ocrx_word' id='word_1_256' title='bbox 2003 1149 2168 1219; x_wconf 86' lang='lat' dir='ltr'><strong>cipio,</strong></span> <span class='ocrx_word' id='word_1_257' title='bbox 2204 1162 2357 1204; x_wconf 89' lang='lat' dir='ltr'><strong>suam</strong></span> <span class='ocrx_word' id='word_1_258' title='bbox 2390 1146 2705 1206; x_wconf 87' lang='lat' dir='ltr'><strong>ostendunt,</strong></span> <span class='ocrx_word' id='word_1_259' title='bbox 2727 1144 2869 1212; x_wconf 84' lang='lat' dir='ltr'><strong>quod</strong></span> <span class='ocrx_word' id='word_1_260' title='bbox 2907 1143 2972 1197; x_wconf 88' lang='lat' dir='ltr'><strong>ad</strong></span> <span class='ocrx_word' id='word_1_261' title='bbox 2994 1141 3345 1197; x_wconf 86' lang='lat' dir='ltr'><strong>concordiam</strong></span> <span class='ocrx_word' id='word_1_262' title='bbox 3365 1141 3580 1203; x_wconf 84' lang='lat' dir='ltr'><strong>attinet,</strong></span> 
     </span>
    </p>
   </div>
   <div class='ocr_carea' id='block_1_40' title="bbox 2004 1233 3584 1310">
    <p class='ocr_par' dir='ltr' id='par_1_40' title="bbox 2004 1233 3584 1310">
     <span class='ocr_line' id='line_1_41' title="bbox 2004 1233 3584 1310; baseline -0.006 -15"><span class='ocrx_word' id='word_1_263' title='bbox 2004 1239 2334 1310; x_wconf 79' lang='lat' dir='ltr'><strong>superbiam,</strong></span> <span class='ocrx_word' id='word_1_264' title='bbox 2360 1253 2532 1308; x_wconf 81' lang='lat' dir='ltr'><strong>quove</strong></span> <span class='ocrx_word' id='word_1_265' title='bbox 2549 1237 2755 1306; x_wconf 69' lang='lat' dir='ltr'><strong>praediti</strong></span> <span class='ocrx_word' id='word_1_266' title='bbox 2777 1235 2995 1304; x_wconf 81' lang='lat' dir='ltr'><strong>ingenio</strong></span> <span class='ocrx_word' id='word_1_267' title='bbox 3017 1233 3145 1297; x_wconf 90' lang='lat' dir='ltr'><strong>sint,</strong></span> <span class='ocrx_word' id='word_1_268' title='bbox 3167 1243 3227 1287; x_wconf 92' lang='lat' dir='ltr'><strong>ut</strong></span> <span class='ocrx_word' id='word_1_269' title='bbox 3253 1241 3446 1300; x_wconf 90' lang='lat' dir='ltr'><strong>sponte</strong></span> <span class='ocrx_word' id='word_1_270' title='bbox 3485 1247 3584 1286; x_wconf 82' lang='lat' dir='ltr'><strong>sua</strong></span> 
     </span>
    </p>
   </div>
   <div class='ocr_carea' id='block_1_41' title="bbox 2004 1322 3583 1403">
    <p class='ocr_par' dir='ltr' id='par_1_41' title="bbox 2004 1322 3583 1403">
     <span class='ocr_line' id='line_1_42' title="bbox 2004 1322 3583 1403; baseline -0.007 -15"><span class='ocrx_word' id='word_1_271' title='bbox 2004 1332 2266 1403; x_wconf 88' lang='lat' dir='ltr'><strong>impietati</strong></span> <span class='ocrx_word' id='word_1_272' title='bbox 2292 1329 2620 1386; x_wconf 82' lang='lat' dir='ltr'><strong>concedant?</strong></span> <span class='ocrx_word' id='word_1_273' title='bbox 2643 1327 2842 1382; x_wconf 83' lang='lat' dir='ltr'><strong>Verum</strong></span> <span class='ocrx_word' id='word_1_274' title='bbox 2873 1325 3019 1380; x_wconf 86' lang='lat' dir='ltr'><strong>hunc</strong></span> <span class='ocrx_word' id='word_1_275' title='bbox 3050 1323 3270 1393; x_wconf 89' lang='lat' dir='ltr'><strong>quidem</strong></span> <span class='ocrx_word' id='word_1_276' title='bbox 3319 1322 3583 1377; x_wconf 89' lang='lat' dir='ltr'><strong>adversus</strong></span> 
     </span>
    </p>
   </div>
   <div class='ocr_carea' id='block_1_42' title="bbox 2005 1415 3584 1493">
    <p class='ocr_par' dir='ltr' id='par_1_42' title="bbox 2005 1415 3584 1493">
     <span class='ocr_line' id='line_1_43' title="bbox 2005 1415 3584 1493; baseline -0.006 -16"><span class='ocrx_word' id='word_1_277' title='bbox 2005 1438 2192 1493; x_wconf 85' lang='lat' dir='ltr'><strong>pacem</strong></span> <span class='ocrx_word' id='word_1_278' title='bbox 2226 1421 2558 1484; x_wconf 88' lang='lat' dir='ltr'><strong>furorem,in</strong></span> <span class='ocrx_word' id='word_1_279' title='bbox 2583 1420 2702 1474; x_wconf 85' lang='lat' dir='ltr'><strong>aliis</strong></span> <span class='ocrx_word' id='word_1_280' title='bbox 2732 1419 2820 1473; x_wconf 88' lang='lat' dir='ltr'><strong>alii</strong></span> <span class='ocrx_word' id='word_1_281' title='bbox 2843 1416 3073 1473; x_wconf 86' lang='lat' dir='ltr'><strong>diversis</strong></span> <span class='ocrx_word' id='word_1_282' title='bbox 3097 1415 3434 1484; x_wconf 82' lang='lat' dir='ltr'><strong>temporibus</strong></span> <span class='ocrx_word' id='word_1_283' title='bbox 3483 1430 3548 1468; x_wconf 89' lang='lat' dir='ltr'><strong>au</strong></span> <span class='ocrx_word' id='word_1_284' title='bbox 3568 1444 3584 1453; x_wconf 90' lang='lat'><strong>-</strong></span> 
     </span>
    </p>
   </div>
   <div class='ocr_carea' id='block_1_43' title="bbox 2005 1505 3582 1583">
    <p class='ocr_par' dir='ltr' id='par_1_43' title="bbox 2005 1505 3582 1583">
     <span class='ocr_line' id='line_1_44' title="bbox 2005 1505 3582 1583; baseline -0.008 -14"><span class='ocrx_word' id='word_1_285' title='bbox 2005 1514 2220 1583; x_wconf 84' lang='lat' dir='ltr'><strong>spicati,</strong></span> <span class='ocrx_word' id='word_1_286' title='bbox 2254 1521 2528 1581; x_wconf 86' lang='lat' dir='ltr'><strong>postremo</strong></span> <span class='ocrx_word' id='word_1_287' title='bbox 2561 1511 2627 1566; x_wconf 87' lang='lat' dir='ltr'><strong>ad</strong></span> <span class='ocrx_word' id='word_1_288' title='bbox 2662 1511 2933 1565; x_wconf 89' lang='lat' dir='ltr'><strong>Palamam</strong></span> <span class='ocrx_word' id='word_1_289' title='bbox 2986 1511 3350 1572; x_wconf 81' lang='lat' dir='ltr'><strong>devenerunt;</strong></span> <span class='ocrx_word' id='word_1_290' title='bbox 3408 1505 3582 1572; x_wconf 83' lang='lat' dir='ltr'><strong>virum</strong></span> 
     </span>
    </p>
   </div>
   <div class='ocr_carea' id='block_1_44' title="bbox 2005 1596 3586 1671">
    <p class='ocr_par' dir='ltr' id='par_1_44' title="bbox 2005 1596 3586 1671">
     <span class='ocr_line' id='line_1_45' title="bbox 2005 1596 3586 1671; baseline -0.01 -9"><span class='ocrx_word' id='word_1_291' title='bbox 2005 1607 2234 1670; x_wconf 69' lang='lat' dir='ltr'><strong>scilicet,</strong></span> <span class='ocrx_word' id='word_1_292' title='bbox 2257 1604 2586 1659; x_wconf 87' lang='lat' dir='ltr'><strong>inconstauti</strong></span> <span class='ocrx_word' id='word_1_293' title='bbox 2611 1603 2791 1657; x_wconf 86' lang='lat' dir='ltr'><strong>animo</strong></span> <span class='ocrx_word' id='word_1_294' title='bbox 2818 1619 2833 1667; x_wconf 87' lang='lat'><strong>;</strong></span> <span class='ocrx_word' id='word_1_295' title='bbox 2854 1600 3241 1671; x_wconf 86' lang='lat' dir='ltr'><strong>superstitione</strong></span> <span class='ocrx_word' id='word_1_296' title='bbox 3255 1598 3456 1668; x_wconf 88' lang='lat' dir='ltr'><strong>Deique</strong></span> <span class='ocrx_word' id='word_1_297' title='bbox 3470 1596 3586 1652; x_wconf 79' lang='lat' dir='ltr'><strong>cul-</strong></span> 
     </span>
    </p>
   </div>
   <div class='ocr_carea' id='block_1_45' title="bbox 2009 1692 3588 1769">
    <p class='ocr_par' dir='ltr' id='par_1_45' title="bbox 2009 1692 3588 1769">
     <span class='ocr_line' id='line_1_46' title="bbox 2009 1692 3588 1769; baseline -0.006 -16"><span class='ocrx_word' id='word_1_298' title='bbox 2009 1707 2063 1753; x_wconf 87' lang='lat' dir='ltr'><strong>tu</strong></span> <span class='ocrx_word' id='word_1_299' title='bbox 2091 1708 2463 1769; x_wconf 79' lang='lat' dir='ltr'><strong>portentosum</strong></span> <span class='ocrx_word' id='word_1_300' title='bbox 2500 1715 2514 1763; x_wconf 92' lang='lat'><strong>;</strong></span> <span class='ocrx_word' id='word_1_301' title='bbox 2553 1695 2814 1765; x_wconf 88' lang='lat' dir='ltr'><strong>quidquid</strong></span> <span class='ocrx_word' id='word_1_302' title='bbox 2843 1693 3042 1764; x_wconf 79' lang='lat' dir='ltr'><strong>negotii</strong></span> <span class='ocrx_word' id='word_1_303' title='bbox 3069 1700 3333 1756; x_wconf 82' lang='lat' dir='ltr'><strong>vertatur,</strong></span> <span class='ocrx_word' id='word_1_304' title='bbox 3375 1692 3588 1753; x_wconf 77' lang='lat' dir='ltr'><strong>impru-</strong></span> 
     </span>
    </p>
   </div>
   <div class='ocr_carea' id='block_1_46' title="bbox 2010 1781 3588 1852">
    <p class='ocr_par' dir='ltr' id='par_1_46' title="bbox 2010 1781 3588 1852">
     <span class='ocr_line' id='line_1_47' title="bbox 2010 1781 3588 1852; baseline -0.008 -6"><span class='ocrx_word' id='word_1_305' title='bbox 2010 1793 2222 1846; x_wconf 85' lang='lat' dir='ltr'><strong>dentem</strong></span> <span class='ocrx_word' id='word_1_306' title='bbox 2251 1785 2802 1844; x_wconf 90' lang='lat' dir='ltr'><strong>acinconsideratum</strong></span> <span class='ocrx_word' id='word_1_307' title='bbox 2840 1800 2855 1838; x_wconf 92' lang='lat'><strong>:</strong></span> <span class='ocrx_word' id='word_1_308' title='bbox 2888 1783 2980 1852; x_wconf 86' lang='lat' dir='ltr'><strong>qui</strong></span> <span class='ocrx_word' id='word_1_309' title='bbox 3031 1783 3177 1835; x_wconf 82' lang='lat' dir='ltr'><strong>hunc</strong></span> <span class='ocrx_word' id='word_1_310' title='bbox 3220 1781 3588 1852; x_wconf 74' lang='lat' dir='ltr'><strong>contentionis</strong></span> 
     </span>
    </p>
   </div>
   <div class='ocr_carea' id='block_1_47' title="bbox 2010 1870 3586 1944">
    <p class='ocr_par' dir='ltr' id='par_1_47' title="bbox 2010 1870 3586 1944">
     <span class='ocr_line' id='line_1_48' title="bbox 2010 1870 3586 1944; baseline -0.01 -7"><span class='ocrx_word' id='word_1_311' title='bbox 2010 1883 2174 1937; x_wconf 78' lang='lat' dir='ltr'><strong>finem</strong></span> <span class='ocrx_word' id='word_1_312' title='bbox 2215 1878 2452 1942; x_wconf 88' lang='lat' dir='ltr'><strong>noverit,</strong></span> <span class='ocrx_word' id='word_1_313' title='bbox 2487 1892 2594 1931; x_wconf 91' lang='lat' dir='ltr'><strong>non</strong></span> <span class='ocrx_word' id='word_1_314' title='bbox 2631 1889 2789 1944; x_wconf 89' lang='lat' dir='ltr'><strong>quem</strong></span> <span class='ocrx_word' id='word_1_315' title='bbox 2827 1882 3022 1928; x_wconf 88' lang='lat' dir='ltr'><strong>natura</strong></span> <span class='ocrx_word' id='word_1_316' title='bbox 3064 1871 3226 1941; x_wconf 62' lang='lat' dir='ltr'><strong>justas</strong></span> <span class='ocrx_word' id='word_1_317' title='bbox 3285 1870 3586 1923; x_wconf 88' lang='lat' dir='ltr'><strong>necessita-</strong></span> 
     </span>
    </p>
   </div>
   <div class='ocr_carea' id='block_1_48' title="bbox 2011 1959 3590 2033">
    <p class='ocr_par' dir='ltr' id='par_1_48' title="bbox 2011 1959 3590 2033">
     <span class='ocr_line' id='line_1_49' title="bbox 2011 1959 3590 2033; baseline -0.01 -7"><span class='ocrx_word' id='word_1_318' title='bbox 2011 1973 2082 2026; x_wconf 88' lang='lat' dir='ltr'><strong>tis</strong></span> <span class='ocrx_word' id='word_1_319' title='bbox 2116 1983 2284 2025; x_wconf 87' lang='lat' dir='ltr'><strong>causa</strong></span> <span class='ocrx_word' id='word_1_320' title='bbox 2319 1968 2592 2029; x_wconf 83' lang='lat' dir='ltr'><strong>statuerit,</strong></span> <span class='ocrx_word' id='word_1_321' title='bbox 2634 1965 2727 2019; x_wconf 83' lang='lat' dir='ltr'><strong>sed</strong></span> <span class='ocrx_word' id='word_1_322' title='bbox 2764 1977 2925 2033; x_wconf 90' lang='lat' dir='ltr'><strong>quem</strong></span> <span class='ocrx_word' id='word_1_323' title='bbox 2954 1960 3080 2015; x_wconf 68' lang='lat' dir='ltr'><strong>vita:</strong></span> <span class='ocrx_word' id='word_1_324' title='bbox 3115 1959 3195 2014; x_wconf 88' lang='lat' dir='ltr'><strong>illi</strong></span> <span class='ocrx_word' id='word_1_325' title='bbox 3235 1967 3451 2028; x_wconf 80' lang='lat' dir='ltr'><strong>tempus</strong></span> <span class='ocrx_word' id='word_1_326' title='bbox 3474 1972 3590 2010; x_wconf 90' lang='lat' dir='ltr'><strong>om-</strong></span> 
     </span>
    </p>
   </div>
   <div class='ocr_carea' id='block_1_49' title="bbox 2011 2048 3676 2131">
    <p class='ocr_par' dir='ltr' id='par_1_49' title="bbox 2011 2048 3676 2131">
     <span class='ocr_line' id='line_1_50' title="bbox 2011 2048 3676 2131; baseline -0.009 -15"><span class='ocrx_word' id='word_1_327' title='bbox 2011 2077 2078 2116; x_wconf 87' lang='lat' dir='ltr'><strong>ne</strong></span> <span class='ocrx_word' id='word_1_328' title='bbox 2105 2057 2458 2131; x_wconf 82' lang='lat' dir='ltr'><strong>protenderit.</strong></span> <span class='ocrx_word' id='word_1_329' title='bbox 2485 2053 2826 2123; x_wconf 84' lang='lat' dir='ltr'><strong>Ejuscemodi</strong></span> <span class='ocrx_word' id='word_1_330' title='bbox 2847 2052 2934 2107; x_wconf 89' lang='lat' dir='ltr'><strong>ille</strong></span> <span class='ocrx_word' id='word_1_331' title='bbox 2953 2052 3195 2104; x_wconf 87' lang='lat' dir='ltr'><strong>animum</strong></span> <span class='ocrx_word' id='word_1_332' title='bbox 3223 2048 3588 2104; x_wconf 80' lang='lat' dir='ltr'><strong>cirumferens</strong></span> <span class='ocrx_word' id='word_1_333' title='bbox 3659 2107 3676 2120; x_wconf 30' lang='grc' dir='ltr'><strong>κ</strong></span> 
     </span>
    </p>
   </div>
   <div class='ocr_carea' id='block_1_50' title="bbox 2013 2137 3592 2220">
    <p class='ocr_par' dir='ltr' id='par_1_50' title="bbox 2013 2137 3592 2220">
     <span class='ocr_line' id='line_1_51' title="bbox 2013 2137 3592 2220; baseline -0.009 -13"><span class='ocrx_word' id='word_1_334' title='bbox 2013 2155 2224 2220; x_wconf 84' lang='lat' dir='ltr'><strong>hocque</strong></span> <span class='ocrx_word' id='word_1_335' title='bbox 2240 2149 2466 2218; x_wconf 84' lang='lat' dir='ltr'><strong>reliquis</strong></span> <span class='ocrx_word' id='word_1_336' title='bbox 2487 2145 2795 2217; x_wconf 59' lang='lat' dir='ltr'><strong>praecellere</strong></span> <span class='ocrx_word' id='word_1_337' title='bbox 2815 2157 3086 2213; x_wconf 68' lang='lat' dir='ltr'><strong>quaerens,</strong></span> <span class='ocrx_word' id='word_1_338' title='bbox 3109 2153 3217 2209; x_wconf 92' lang='lat' dir='ltr'><strong>quo</strong></span> <span class='ocrx_word' id='word_1_339' title='bbox 3231 2139 3457 2194; x_wconf 81' lang='lat' dir='ltr'><strong>victoria</strong></span> <span class='ocrx_word' id='word_1_340' title='bbox 3477 2137 3592 2193; x_wconf 85' lang='lat' dir='ltr'><strong>dis-</strong></span> 
     </span>
    </p>
   </div>
   <div class='ocr_carea' id='block_1_51' title="bbox 2011 2229 3664 2316">
    <p class='ocr_par' dir='ltr' id='par_1_51' title="bbox 2011 2229 3664 2316">
     <span class='ocr_line' id='line_1_52' title="bbox 2011 2229 3664 2316; baseline -0.011 -17"><span class='ocrx_word' id='word_1_341' title='bbox 2011 2245 2288 2316; x_wconf 87' lang='lat' dir='ltr'><strong>putatione</strong></span> <span class='ocrx_word' id='word_1_342' title='bbox 2316 2243 2380 2296; x_wconf 91' lang='lat' dir='ltr'><strong>de</strong></span> <span class='ocrx_word' id='word_1_343' title='bbox 2409 2241 2520 2294; x_wconf 90' lang='lat' dir='ltr'><strong>Deo</strong></span> <span class='ocrx_word' id='word_1_344' title='bbox 2561 2237 2740 2305; x_wconf 82' lang='lat' dir='ltr'><strong>majus</strong></span> <span class='ocrx_word' id='word_1_345' title='bbox 2799 2233 3102 2304; x_wconf 86' lang='lat' dir='ltr'><strong>periculum</strong></span> <span class='ocrx_word' id='word_1_346' title='bbox 3145 2230 3296 2294; x_wconf 80' lang='lat' dir='ltr'><strong>facit,</strong></span> <span class='ocrx_word' id='word_1_347' title='bbox 3324 2229 3592 2284; x_wconf 85' lang='lat' dir='ltr'><strong>circuibat</strong></span> <span class='ocrx_word' id='word_1_348' title='bbox 3661 2289 3664 2295; x_wconf 28' lang='grc' dir='ltr'><em>ι</em></span> 
     </span>
    </p>
   </div>
   <div class='ocr_carea' id='block_1_52' title="bbox 2011 2321 3599 2405">
    <p class='ocr_par' dir='ltr' id='par_1_52' title="bbox 2011 2321 3599 2405">
     <span class='ocr_line' id='line_1_53' title="bbox 2011 2321 3599 2405; baseline -0.011 -16"><span class='ocrx_word' id='word_1_349' title='bbox 2011 2335 2246 2405; x_wconf 87' lang='lat' dir='ltr'><strong>primum</strong></span> <span class='ocrx_word' id='word_1_350' title='bbox 2276 2331 2620 2386; x_wconf 89' lang='lat' dir='ltr'><strong>occasionem</strong></span> <span class='ocrx_word' id='word_1_351' title='bbox 2653 2327 2860 2380; x_wconf 90' lang='lat' dir='ltr'><strong>rimaus</strong></span> <span class='ocrx_word' id='word_1_352' title='bbox 2901 2322 2986 2378; x_wconf 91' lang='lat' dir='ltr'><strong>sui</strong></span> <span class='ocrx_word' id='word_1_353' title='bbox 3020 2331 3234 2378; x_wconf 72' lang='lat' dir='ltr'><strong>eatenta</strong></span> <span class='ocrx_word' id='word_1_354' title='bbox 3257 2321 3370 2387; x_wconf 91' lang='lat' dir='ltr'><strong>ndi,</strong></span> <span class='ocrx_word' id='word_1_355' title='bbox 3404 2321 3458 2374; x_wconf 92' lang='lat' dir='ltr'><strong>in</strong></span> <span class='ocrx_word' id='word_1_356' title='bbox 3496 2321 3599 2374; x_wconf 85' lang='lat' dir='ltr'><strong>mi-</strong></span> 
     </span>
    </p>
   </div>
   <div class='ocr_carea' id='block_1_53' title="bbox 2013 2401 3668 2491">
    <p class='ocr_par' dir='ltr' id='par_1_53' title="bbox 2013 2401 3668 2491">
     <span class='ocr_line' id='line_1_54' title="bbox 2013 2401 3668 2491; baseline -0.01 -11"><span class='ocrx_word' id='word_1_357' title='bbox 2013 2426 2177 2480; x_wconf 85' lang='lat' dir='ltr'><strong>nimis</strong></span> <span class='ocrx_word' id='word_1_358' title='bbox 2216 2437 2438 2491; x_wconf 85' lang='lat' dir='ltr'><strong>operam</strong></span> <span class='ocrx_word' id='word_1_359' title='bbox 2490 2432 2821 2487; x_wconf 78' lang='lat' dir='ltr'><strong>magnopere</strong></span> <span class='ocrx_word' id='word_1_360' title='bbox 2863 2415 3154 2476; x_wconf 86' lang='lat' dir='ltr'><strong>adhibens,</strong></span> <span class='ocrx_word' id='word_1_361' title='bbox 3199 2411 3449 2483; x_wconf 88' lang='lat' dir='ltr'><strong>atquein</strong></span> <span class='ocrx_word' id='word_1_362' title='bbox 3478 2426 3598 2465; x_wconf 87' lang='lat' dir='ltr'><strong>om-</strong></span> <span class='ocrx_word' id='word_1_363' title='bbox 3664 2401 3668 2404; x_wconf 64' lang='grc'><strong>’</strong></span> 
     </span>
    </p>
   </div>
   <div class='ocr_carea' id='block_1_54' title="bbox 2015 2501 3591 2584">
    <p class='ocr_par' dir='ltr' id='par_1_54' title="bbox 2015 2501 3591 2584">
     <span class='ocr_line' id='line_1_55' title="bbox 2015 2501 3591 2584; baseline -0.008 -14"><span class='ocrx_word' id='word_1_364' title='bbox 2015 2516 2173 2570; x_wconf 91' lang='lat' dir='ltr'><strong>nibus</strong></span> <span class='ocrx_word' id='word_1_365' title='bbox 2209 2513 2413 2584; x_wconf 84' lang='lat' dir='ltr'><strong>primas</strong></span> <span class='ocrx_word' id='word_1_366' title='bbox 2458 2509 2602 2564; x_wconf 79' lang='lat' dir='ltr'><strong>ferre</strong></span> <span class='ocrx_word' id='word_1_367' title='bbox 2651 2508 2811 2562; x_wconf 88' lang='lat' dir='ltr'><strong>etiam</strong></span> <span class='ocrx_word' id='word_1_368' title='bbox 2859 2514 3020 2576; x_wconf 82' lang='lat' dir='ltr'><strong>atque</strong></span> <span class='ocrx_word' id='word_1_369' title='bbox 3073 2503 3238 2559; x_wconf 91' lang='lat' dir='ltr'><strong>etiam</strong></span> <span class='ocrx_word' id='word_1_370' title='bbox 3296 2501 3591 2567; x_wconf 86' lang='lat' dir='ltr'><strong>ambiens;</strong></span> 
     </span>
    </p>
   </div>
   <div class='ocr_carea' id='block_1_55' title="bbox 2015 2594 3586 2668">
    <p class='ocr_par' dir='ltr' id='par_1_55' title="bbox 2015 2594 3586 2668">
     <span class='ocr_line' id='line_1_56' title="bbox 2015 2594 3586 2668; baseline -0.01 -6"><span class='ocrx_word' id='word_1_371' title='bbox 2015 2607 2222 2662; x_wconf 88' lang='lat' dir='ltr'><strong>nullum</strong></span> <span class='ocrx_word' id='word_1_372' title='bbox 2242 2621 2349 2658; x_wconf 93' lang='lat' dir='ltr'><strong>non</strong></span> <span class='ocrx_word' id='word_1_373' title='bbox 2369 2603 2554 2658; x_wconf 83' lang='lat' dir='ltr'><strong>funem</strong></span> <span class='ocrx_word' id='word_1_374' title='bbox 2571 2615 2796 2655; x_wconf 91' lang='lat' dir='ltr'><strong>movens</strong></span> <span class='ocrx_word' id='word_1_375' title='bbox 2811 2609 2972 2653; x_wconf 86' lang='lat' dir='ltr'><strong>autve</strong></span> <span class='ocrx_word' id='word_1_376' title='bbox 2990 2597 3284 2668; x_wconf 86' lang='lat' dir='ltr'><strong>quicquam</strong></span> <span class='ocrx_word' id='word_1_377' title='bbox 3305 2594 3586 2656; x_wconf 86' lang='lat' dir='ltr'><strong>omittens,</strong></span> 
     </span>
    </p>
   </div>
   <div class='ocr_carea' id='block_1_56' title="bbox 2014 2684 3589 2761">
    <p class='ocr_par' dir='ltr' id='par_1_56' title="bbox 2014 2684 3589 2761">
     <span class='ocr_line' id='line_1_57' title="bbox 2014 2684 3589 2761; baseline -0.011 -8"><span class='ocrx_word' id='word_1_378' title='bbox 2014 2708 2075 2753; x_wconf 92' lang='lat' dir='ltr'><strong>ut</strong></span> <span class='ocrx_word' id='word_1_379' title='bbox 2109 2699 2166 2753; x_wconf 87' lang='lat' dir='ltr'><strong>in</strong></span> <span class='ocrx_word' id='word_1_380' title='bbox 2200 2694 2457 2749; x_wconf 87' lang='lat' dir='ltr'><strong>omnibus</strong></span> <span class='ocrx_word' id='word_1_381' title='bbox 2477 2704 2708 2761; x_wconf 62' lang='lat' dir='ltr'><strong>praeesse</strong></span> <span class='ocrx_word' id='word_1_382' title='bbox 2725 2688 2860 2742; x_wconf 90' lang='lat' dir='ltr'><strong>velle</strong></span> <span class='ocrx_word' id='word_1_383' title='bbox 2883 2702 2947 2741; x_wconf 89' lang='lat' dir='ltr'><strong>ac</strong></span> <span class='ocrx_word' id='word_1_384' title='bbox 2965 2686 3236 2740; x_wconf 84' lang='lat' dir='ltr'><strong>dominari</strong></span> <span class='ocrx_word' id='word_1_385' title='bbox 3272 2684 3589 2746; x_wconf 81' lang='lat' dir='ltr'><strong>videretur;</strong></span> 
     </span>
    </p>
   </div>
   <div class='ocr_carea' id='block_1_57' title="bbox 2013 2774 3602 2854">
    <p class='ocr_par' dir='ltr' id='par_1_57' title="bbox 2013 2774 3602 2854">
     <span class='ocr_line' id='line_1_58' title="bbox 2013 2774 3602 2854; baseline -0.008 -13"><span class='ocrx_word' id='word_1_386' title='bbox 2013 2786 2304 2854; x_wconf 90' lang='lat' dir='ltr'><strong>omnisque</strong></span> <span class='ocrx_word' id='word_1_387' title='bbox 2339 2782 2414 2836; x_wconf 91' lang='lat' dir='ltr'><strong>illi</strong></span> <span class='ocrx_word' id='word_1_388' title='bbox 2447 2779 2692 2851; x_wconf 88' lang='lat' dir='ltr'><strong>quotidie</strong></span> <span class='ocrx_word' id='word_1_389' title='bbox 2720 2784 3041 2840; x_wconf 89' lang='lat' dir='ltr'><strong>conventus,</strong></span> <span class='ocrx_word' id='word_1_390' title='bbox 3086 2774 3203 2830; x_wconf 89' lang='lat' dir='ltr'><strong>sive</strong></span> <span class='ocrx_word' id='word_1_391' title='bbox 3239 2776 3441 2842; x_wconf 85' lang='lat' dir='ltr'><strong>plures,</strong></span> <span class='ocrx_word' id='word_1_392' title='bbox 3479 2775 3602 2829; x_wconf 82' lang='lat' dir='ltr'><strong>sive</strong></span> 
     </span>
    </p>
   </div>
   <div class='ocr_carea' id='block_1_58' title="bbox 2016 2863 3602 2951">
    <p class='ocr_par' dir='ltr' id='par_1_58' title="bbox 2016 2863 3602 2951">
     <span class='ocr_line' id='line_1_59' title="bbox 2016 2863 3602 2951; baseline -0.011 -17"><span class='ocrx_word' id='word_1_393' title='bbox 2016 2879 2302 2951; x_wconf 86' lang='lat' dir='ltr'><strong>pauciores</strong></span> <span class='ocrx_word' id='word_1_394' title='bbox 2324 2873 2720 2936; x_wconf 81' lang='lat' dir='ltr'><strong>conﬂuxerant,</strong></span> <span class='ocrx_word' id='word_1_395' title='bbox 2756 2869 2950 2940; x_wconf 83' lang='lat' dir='ltr'><strong>plenus</strong></span> <span class='ocrx_word' id='word_1_396' title='bbox 2965 2865 3234 2921; x_wconf 89' lang='lat' dir='ltr'><strong>tumultus</strong></span> <span class='ocrx_word' id='word_1_397' title='bbox 3247 2873 3300 2920; x_wconf 93' lang='lat' dir='ltr'><strong>et</strong></span> <span class='ocrx_word' id='word_1_398' title='bbox 3316 2863 3602 2935; x_wconf 73' lang='lat' dir='ltr'><strong>perturb1~</strong></span> 
     </span>
    </p>
   </div>
   <div class='ocr_carea' id='block_1_59' title="bbox 2017 2971 2410 3028">
    <p class='ocr_par' dir='ltr' id='par_1_59' title="bbox 2017 2971 2410 3028">
     <span class='ocr_line' id='line_1_60' title="bbox 2017 2971 2410 3028; baseline -0.013 0"><span class='ocrx_word' id='word_1_399' title='bbox 2017 2973 2183 3028; x_wconf 88' lang='lat' dir='ltr'><strong>tionis</strong></span> <span class='ocrx_word' id='word_1_400' title='bbox 2205 2971 2410 3024; x_wconf 81' lang='lat' dir='ltr'><strong>abibat.</strong></span> 
     </span>
    </p>
   </div>
   <div class='ocr_carea' id='block_1_60' title="bbox 419 3049 1914 3152">
    <p class='ocr_par' dir='ltr' id='par_1_60' title="bbox 419 3060 1911 3132">
     <span class='ocr_line' id='line_1_61' title="bbox 419 3060 1911 3132; baseline 0.001 -18"><span class='ocrx_word' id='word_1_401' title='bbox 419 3060 573 3114; x_wconf 76' lang='grc' dir='ltr'>Ἐπεὶ</span> <span class='ocrx_word' id='word_1_402' title='bbox 624 3060 681 3113; x_wconf 85' lang='grc' dir='ltr'><strong>δέ</strong></span> <span class='ocrx_word' id='word_1_403' title='bbox 741 3061 935 3129; x_wconf 85' lang='grc' dir='ltr'>καιρὸς</span> <span class='ocrx_word' id='word_1_404' title='bbox 997 3061 1316 3132; x_wconf 83' lang='grc' dir='ltr'>ἐφειστήκει</span> <span class='ocrx_word' id='word_1_405' title='bbox 1373 3063 1558 3117; x_wconf 78' lang='grc' dir='ltr'>πᾶσαν</span> <span class='ocrx_word' id='word_1_406' title='bbox 1619 3063 1705 3132; x_wconf 84' lang='grc' dir='ltr'>ἐφ’</span> <span class='ocrx_word' id='word_1_407' title='bbox 1755 3065 1911 3132; x_wconf 82' lang='grc' dir='ltr'>ἡμῶν</span> 
     </span>
    </p>
   </div>
   <div class='ocr_carea' id='block_1_61' title="bbox 2018 3049 3600 3152">
    <p class='ocr_par' dir='ltr' id='par_1_61' title="bbox 2089 3049 3600 3135">
     <span class='ocr_line' id='line_1_62' title="bbox 2089 3049 3600 3135; baseline -0.012 -15"><span class='ocrx_word' id='word_1_408' title='bbox 2089 3066 2385 3135; x_wconf 84' lang='lat' dir='ltr'><strong>Postquam</strong></span> <span class='ocrx_word' id='word_1_409' title='bbox 2409 3076 2538 3117; x_wconf 91' lang='lat' dir='ltr'><strong>vero</strong></span> <span class='ocrx_word' id='word_1_410' title='bbox 2563 3070 2781 3124; x_wconf 88' lang='lat' dir='ltr'><strong>tempus</strong></span> <span class='ocrx_word' id='word_1_411' title='bbox 2805 3051 3121 3112; x_wconf 88' lang='lat' dir='ltr'><strong>advenerat.</strong></span> <span class='ocrx_word' id='word_1_412' title='bbox 3141 3061 3202 3107; x_wconf 90' lang='lat' dir='ltr'><strong>ut</strong></span> <span class='ocrx_word' id='word_1_413' title='bbox 3218 3049 3398 3107; x_wconf 90' lang='lat' dir='ltr'><strong>omnis</strong></span> <span class='ocrx_word' id='word_1_414' title='bbox 3423 3049 3477 3103; x_wconf 91' lang='lat' dir='ltr'><strong>in</strong></span> <span class='ocrx_word' id='word_1_415' title='bbox 3499 3063 3600 3103; x_wconf 92' lang='lat' dir='ltr'><strong>no-</strong></span> 
     </span>
    </p>
   </div>
   <div class='ocr_carea' id='block_1_62' title="bbox 338 3152 1914 3226">
    <p class='ocr_par' dir='ltr' id='par_1_62' title="bbox 338 3152 1914 3226">
     <span class='ocr_line' id='line_1_63' title="bbox 338 3152 1914 3226; baseline 0.003 -19"><span class='ocrx_word' id='word_1_416' title='bbox 338 3153 569 3221; x_wconf 81' lang='grc' dir='ltr'>ἀνομίαν</span> <span class='ocrx_word' id='word_1_417' title='bbox 603 3152 1047 3221; x_wconf 85' lang='grc' dir='ltr'>συντελεσθῆναι,</span> <span class='ocrx_word' id='word_1_418' title='bbox 1078 3153 1176 3207; x_wconf 78' lang='grc' dir='ltr'>καὶ</span> <span class='ocrx_word' id='word_1_419' title='bbox 1205 3155 1461 3224; x_wconf 83' lang='grc' dir='ltr'>γενέσθαι</span> <span class='ocrx_word' id='word_1_420' title='bbox 1495 3155 1563 3209; x_wconf 83' lang='grc' dir='ltr'><strong>τὰ</strong></span> <span class='ocrx_word' id='word_1_421' title='bbox 1601 3155 1726 3210; x_wconf 83' lang='grc' dir='ltr'>καθ’</span> <span class='ocrx_word' id='word_1_422' title='bbox 1765 3159 1914 3226; x_wconf 79' lang='grc' dir='ltr'>ἡμᾶς</span> 
     </span>
    </p>
   </div>
   <div class='ocr_carea' id='block_1_63' title="bbox 336 3246 1914 3320">
    <p class='ocr_par' dir='ltr' id='par_1_63' title="bbox 336 3246 1914 3320">
     <span class='ocr_line' id='line_1_64' title="bbox 336 3246 1914 3320; baseline 0.003 -20"><span class='ocrx_word' id='word_1_423' title='bbox 336 3246 469 3300; x_wconf 68' lang='lat' dir='ltr'><strong>sitast</strong></span> <span class='ocrx_word' id='word_1_424' title='bbox 499 3248 710 3314; x_wconf 83' lang='grc' dir='ltr'>Σόδομα</span> <span class='ocrx_word' id='word_1_425' title='bbox 752 3247 847 3301; x_wconf 58' lang='grc' dir='ltr'><strong>καὶ⁷</strong></span> <span class='ocrx_word' id='word_1_426' title='bbox 881 3249 1136 3320; x_wconf 75' lang='grc' dir='ltr'>Γόμορρα</span> <span class='ocrx_word' id='word_1_427' title='bbox 1161 3264 1176 3281; x_wconf 75' lang='grc' dir='ltr'><strong>ο</strong></span> <span class='ocrx_word' id='word_1_428' title='bbox 1210 3251 1308 3302; x_wconf 77' lang='grc' dir='ltr'>καὶ</span> <span class='ocrx_word' id='word_1_429' title='bbox 1357 3250 1466 3303; x_wconf 81' lang='grc' dir='ltr'><strong>πᾶν</strong></span> <span class='ocrx_word' id='word_1_430' title='bbox 1513 3250 1611 3319; x_wconf 77' lang='grc' dir='ltr'>μὲν</span> <span class='ocrx_word' id='word_1_431' title='bbox 1654 3249 1914 3319; x_wconf 77' lang='grc' dir='ltr'>ἐξανδρα-</span> 
     </span>
    </p>
   </div>
   <div class='ocr_carea' id='block_1_64' title="bbox 341 3339 1910 3416">
    <p class='ocr_par' dir='ltr' id='par_1_64' title="bbox 341 3339 1910 3416">
     <span class='ocr_line' id='line_1_65' title="bbox 341 3339 1910 3416; baseline 0 -23"><span class='ocrx_word' id='word_1_432' title='bbox 341 3340 660 3409; x_wconf 80' lang='grc' dir='ltr'>ποδισθῆναι</span> <span class='ocrx_word' id='word_1_433' title='bbox 693 3339 754 3392; x_wconf 81' lang='grc' dir='ltr'>τὸ</span> <span class='ocrx_word' id='word_1_434' title='bbox 783 3339 959 3407; x_wconf 80' lang='grc' dir='ltr'>γένος,</span> <span class='ocrx_word' id='word_1_435' title='bbox 1009 3339 1192 3392; x_wconf 80' lang='grc' dir='ltr'>πᾶσαν</span> <span class='ocrx_word' id='word_1_436' title='bbox 1245 3341 1292 3393; x_wconf 83' lang='grc' dir='ltr'>δ’</span> <span class='ocrx_word' id='word_1_437' title='bbox 1323 3341 1679 3416; x_wconf 81' lang='grc' dir='ltr'>ἐρημωθῆναι</span> <span class='ocrx_word' id='word_1_438' title='bbox 1732 3343 1910 3407; x_wconf 84' lang='grc' dir='ltr'>πόλιν,</span> 
     </span>
    </p>
   </div>
   <div class='ocr_carea' id='block_1_65' title="bbox 340 3429 1913 3504">
    <p class='ocr_par' dir='ltr' id='par_1_65' title="bbox 340 3429 1913 3504">
     <span class='ocr_line' id='line_1_66' title="bbox 340 3429 1913 3504; baseline 0.001 -20"><span class='ocrx_word' id='word_1_439' title='bbox 340 3431 439 3484; x_wconf 76' lang='grc' dir='ltr'>καὶ</span> <span class='ocrx_word' id='word_1_440' title='bbox 491 3429 958 3500; x_wconf 83' lang='grc' dir='ltr'>καταπατηθῆναι</span> <span class='ocrx_word' id='word_1_441' title='bbox 1015 3430 1086 3485; x_wconf 81' lang='grc' dir='ltr'><strong>τὰ</strong></span> <span class='ocrx_word' id='word_1_442' title='bbox 1141 3431 1307 3500; x_wconf 76' lang='grc' dir='ltr'>Ἅγια</span> <span class='ocrx_word' id='word_1_443' title='bbox 1362 3431 1589 3500; x_wconf 86' lang='grc' dir='ltr'>Περσῶν</span> <span class='ocrx_word' id='word_1_444' title='bbox 1662 3433 1913 3504; x_wconf 76' lang='grc' dir='ltr'>βεϐήλοις</span> 
     </span>
    </p>
   </div>
   <div class='ocr_carea' id='block_1_66' title="bbox 342 3520 1915 3592">
    <p class='ocr_par' dir='ltr' id='par_1_66' title="bbox 342 3520 1915 3592">
     <span class='ocr_line' id='line_1_67' title="bbox 342 3520 1915 3592; baseline 0 -15"><span class='ocrx_word' id='word_1_445' title='bbox 342 3524 493 3587; x_wconf 79' lang='grc' dir='ltr'>ποσὶ,</span> <span class='ocrx_word' id='word_1_446' title='bbox 527 3523 621 3575; x_wconf 76' lang='grc' dir='ltr'>καὶ</span> <span class='ocrx_word' id='word_1_447' title='bbox 667 3521 766 3592; x_wconf 80' lang='grc' dir='ltr'>τὴν</span> <span class='ocrx_word' id='word_1_448' title='bbox 793 3520 974 3574; x_wconf 88' lang='grc' dir='ltr'>αὐτῶν</span> <span class='ocrx_word' id='word_1_449' title='bbox 1021 3521 1398 3591; x_wconf 85' lang='grc' dir='ltr'>ἀντισηκῶσαι</span> <span class='ocrx_word' id='word_1_450' title='bbox 1432 3524 1778 3592; x_wconf 83' lang='grc' dir='ltr'>παρανομίαν</span> <span class='ocrx_word' id='word_1_451' title='bbox 1820 3525 1915 3577; x_wconf 74' lang='grc' dir='ltr'>καὶ</span> 
     </span>
    </p>
   </div>
   <div class='ocr_carea' id='block_1_67' title="bbox 342 3608 1914 3685">
    <p class='ocr_par' dir='ltr' id='par_1_67' title="bbox 342 3608 1914 3685">
     <span class='ocr_line' id='line_1_68' title="bbox 342 3608 1914 3685; baseline -0.002 -15"><span class='ocrx_word' id='word_1_452' title='bbox 342 3616 633 3684; x_wconf 67' lang='grc' dir='ltr'>ἀσέλγειαν</span> <span class='ocrx_word' id='word_1_453' title='bbox 659 3616 772 3678; x_wconf 84' lang='grc' dir='ltr'>τοῖς</span> <span class='ocrx_word' id='word_1_454' title='bbox 807 3614 1105 3684; x_wconf 78' lang='grc' dir='ltr'>ἡμετέροις</span> <span class='ocrx_word' id='word_1_455' title='bbox 1133 3613 1283 3667; x_wconf 76' lang='grc' dir='ltr'>ἔθεσι</span> <span class='ocrx_word' id='word_1_456' title='bbox 1308 3615 1402 3667; x_wconf 79' lang='grc' dir='ltr'>καὶ</span> <span class='ocrx_word' id='word_1_457' title='bbox 1433 3610 1770 3682; x_wconf 83' lang='grc' dir='ltr'>σεϐάσμασιν</span> <span class='ocrx_word' id='word_1_458' title='bbox 1799 3608 1914 3685; x_wconf 72' lang='grc' dir='ltr'>(οἷα</span> 
     </span>
    </p>
   </div>
   <div class='ocr_carea' id='block_1_68' title="bbox 342 3705 1916 3777">
    <p class='ocr_par' dir='ltr' id='par_1_68' title="bbox 342 3705 1916 3777">
     <span class='ocr_line' id='line_1_69' title="bbox 342 3705 1916 3777; baseline 0.001 -17"><span class='ocrx_word' id='word_1_459' title='bbox 342 3708 411 3760; x_wconf 66' lang='grc' dir='ltr'><strong>τά</strong></span> <span class='ocrx_word' id='word_1_460' title='bbox 451 3708 546 3760; x_wconf 89' lang='grc' dir='ltr'><strong>τοῦ</strong></span> <span class='ocrx_word' id='word_1_461' title='bbox 597 3707 732 3760; x_wconf 88' lang='grc' dir='ltr'>Θεοῦ</span> <span class='ocrx_word' id='word_1_462' title='bbox 789 3706 1064 3776; x_wconf 77' lang='grc' dir='ltr'>κρίματαί</span> <span class='ocrx_word' id='word_1_463' title='bbox 1106 3705 1124 3773; x_wconf 65' lang='lat' dir='ltr'><strong>l</strong></span> <span class='ocrx_word' id='word_1_464' title='bbox 1186 3705 1526 3775; x_wconf 83' lang='grc' dir='ltr'>θρασύτερον</span> <span class='ocrx_word' id='word_1_465' title='bbox 1545 3706 1606 3758; x_wconf 60' lang='grc' dir='ltr'><strong>αὖ</strong></span> <span class='ocrx_word' id='word_1_466' title='bbox 1653 3705 1916 3777; x_wconf 83' lang='grc' dir='ltr'>ὑϐριστὴς</span> 
     </span>
    </p>
   </div>
   <div class='ocr_carea' id='block_1_69' title="bbox 344 3793 1918 3870">
    <p class='ocr_par' dir='ltr' id='par_1_69' title="bbox 344 3793 1918 3870">
     <span class='ocr_line' id='line_1_70' title="bbox 344 3793 1918 3870; baseline 0.002 -19"><span class='ocrx_word' id='word_1_467' title='bbox 344 3799 723 3868; x_wconf 85' lang='grc' dir='ltr'>ἐμπεπτωκὼς</span> <span class='ocrx_word' id='word_1_468' title='bbox 757 3793 932 3862; x_wconf 71' lang='grc' dir='ltr'>οὗτος,</span> <span class='ocrx_word' id='word_1_469' title='bbox 966 3799 1136 3862; x_wconf 80' lang='grc' dir='ltr'>Λυδὸς</span> <span class='ocrx_word' id='word_1_470' title='bbox 1176 3799 1338 3862; x_wconf 80' lang='grc' dir='ltr'>εὐθὺς</span> <span class='ocrx_word' id='word_1_471' title='bbox 1360 3795 1429 3870; x_wconf 83' lang='grc' dir='ltr'>ἦν</span> <span class='ocrx_word' id='word_1_472' title='bbox 1453 3801 1535 3860; x_wconf 83' lang='grc' dir='ltr'><strong>είς</strong></span> <span class='ocrx_word' id='word_1_473' title='bbox 1577 3798 1782 3860; x_wconf 85' lang='grc' dir='ltr'>πεδίον.</span> <span class='ocrx_word' id='word_1_474' title='bbox 1820 3801 1918 3854; x_wconf 73' lang='grc' dir='ltr'>καὶ</span> 
     </span>
    </p>
   </div>
   <div class='ocr_carea' id='block_1_70' title="bbox 343 3889 1916 3960">
    <p class='ocr_par' dir='ltr' id='par_1_70' title="bbox 343 3889 1916 3960">
     <span class='ocr_line' id='line_1_71' title="bbox 343 3889 1916 3960; baseline 0 -17"><span class='ocrx_word' id='word_1_475' title='bbox 343 3890 500 3952; x_wconf 73' lang='grc' dir='ltr'>δαλὸς</span> <span class='ocrx_word' id='word_1_476' title='bbox 541 3892 622 3954; x_wconf 79' lang='grc' dir='ltr'><strong>είς</strong></span> <span class='ocrx_word' id='word_1_477' title='bbox 655 3889 962 3960; x_wconf 72' lang='grc' dir='ltr'>εὔπρηστον</span> <span class='ocrx_word' id='word_1_478' title='bbox 996 3889 1167 3960; x_wconf 79' lang='grc' dir='ltr'>ὕλην·</span> <span class='ocrx_word' id='word_1_479' title='bbox 1215 3889 1309 3943; x_wconf 74' lang='grc' dir='ltr'>καὶ</span> <span class='ocrx_word' id='word_1_480' title='bbox 1351 3889 1541 3960; x_wconf 83' lang='grc' dir='ltr'>ὥσπερ</span> <span class='ocrx_word' id='word_1_481' title='bbox 1578 3892 1691 3952; x_wconf 78' lang='grc' dir='ltr'>τοῖς</span> <span class='ocrx_word' id='word_1_482' title='bbox 1732 3890 1916 3954; x_wconf 81' lang='grc' dir='ltr'>ἄλλοις</span> 
     </span>
    </p>
   </div>
   <div class='ocr_carea' id='block_1_71' title="bbox 345 3980 1915 4052">
    <p class='ocr_par' dir='ltr' id='par_1_71' title="bbox 345 3980 1915 4052">
     <span class='ocr_line' id='line_1_72' title="bbox 345 3980 1915 4052; baseline 0 -18"><span class='ocrx_word' id='word_1_483' title='bbox 345 3981 374 4034; x_wconf 77' lang='grc' dir='ltr'><strong>ὁ</strong></span> <span class='ocrx_word' id='word_1_484' title='bbox 400 3981 510 4035; x_wconf 87' lang='grc' dir='ltr'><strong>τῶν</strong></span> <span class='ocrx_word' id='word_1_485' title='bbox 546 3982 814 4051; x_wconf 83' lang='grc' dir='ltr'>σωμάτων</span> <span class='ocrx_word' id='word_1_486' title='bbox 848 3982 941 4034; x_wconf 75' lang='grc' dir='ltr'><strong>καὶ</strong></span> <span class='ocrx_word' id='word_1_487' title='bbox 993 3980 1103 4033; x_wconf 87' lang='grc' dir='ltr'><strong>τῶν</strong></span> <span class='ocrx_word' id='word_1_488' title='bbox 1145 3982 1444 4051; x_wconf 84' lang='grc' dir='ltr'>χρημάτων</span> <span class='ocrx_word' id='word_1_489' title='bbox 1475 3981 1693 4052; x_wconf 73' lang='grc' dir='ltr'>ὄλεθρος</span> <span class='ocrx_word' id='word_1_490' title='bbox 1733 3982 1915 4035; x_wconf 80' lang='grc' dir='ltr'>διεπο·</span> 
     </span>
    </p>
   </div>
   <div class='ocr_carea' id='block_1_72' title="bbox 347 4073 1917 4145">
    <p class='ocr_par' dir='ltr' id='par_1_72' title="bbox 347 4073 1917 4145">
     <span class='ocr_line' id='line_1_73' title="bbox 347 4073 1917 4145; baseline -0.002 -19"><span class='ocrx_word' id='word_1_491' title='bbox 347 4075 484 4144; x_wconf 84' lang='grc' dir='ltr'>νήθη</span> <span class='ocrx_word' id='word_1_492' title='bbox 515 4076 610 4128; x_wconf 73' lang='grc' dir='ltr'>καὶ</span> <span class='ocrx_word' id='word_1_493' title='bbox 652 4074 1175 4145; x_wconf 82' lang='grc' dir='ltr'>πεπραγμάτευται,</span> <span class='ocrx_word' id='word_1_494' title='bbox 1238 4073 1574 4144; x_wconf 87' lang='grc' dir='ltr'>μακρότερόν</span> <span class='ocrx_word' id='word_1_495' title='bbox 1608 4092 1709 4126; x_wconf 86' lang='grc' dir='ltr'><strong>που</strong></span> <span class='ocrx_word' id='word_1_496' title='bbox 1741 4073 1917 4142; x_wconf 80' lang='grc' dir='ltr'>τούτῳ</span> 
     </span>
    </p>
   </div>
   <div class='ocr_carea' id='block_1_73' title="bbox 257 4164 1920 4236">
    <p class='ocr_par' dir='ltr' id='par_1_73' title="bbox 257 4164 1920 4236">
     <span class='ocr_line' id='line_1_74' title="bbox 257 4164 1920 4236; baseline -0.001 -18"><span class='ocrx_word' id='word_1_497' title='bbox 257 4194 261 4198; x_wconf 60' lang='grc' dir='ltr'><strong>α</strong></span> <span class='ocrx_word' id='word_1_498' title='bbox 345 4166 406 4218; x_wconf 85' lang='grc' dir='ltr'>τὸ</span> <span class='ocrx_word' id='word_1_499' title='bbox 453 4167 565 4218; x_wconf 90' lang='grc' dir='ltr'><strong>τῶν</strong></span> <span class='ocrx_word' id='word_1_500' title='bbox 619 4165 808 4236; x_wconf 81' lang='grc' dir='ltr'>ψυχῶν</span> <span class='ocrx_word' id='word_1_501' title='bbox 854 4167 1108 4235; x_wconf 82' lang='grc' dir='ltr'>ἐξήνυται</span> <span class='ocrx_word' id='word_1_502' title='bbox 1156 4165 1518 4236; x_wconf 72' lang='grc' dir='ltr'>δηλητήριονο</span> <span class='ocrx_word' id='word_1_503' title='bbox 1555 4166 1631 4228; x_wconf 82' lang='grc' dir='ltr'>ὡς</span> <span class='ocrx_word' id='word_1_504' title='bbox 1673 4165 1737 4218; x_wconf 85' lang='grc' dir='ltr'>ἂν</span> <span class='ocrx_word' id='word_1_505' title='bbox 1796 4164 1920 4218; x_wconf 87' lang='grc' dir='ltr'>κατ’</span> 
     </span>
    </p>
   </div>
   <div class='ocr_carea' id='block_1_74' title="bbox 347 4256 1920 4328">
    <p class='ocr_par' dir='ltr' id='par_1_74' title="bbox 347 4256 1920 4328">
     <span class='ocr_line' id='line_1_75' title="bbox 347 4256 1920 4328; baseline -0.001 -15"><span class='ocrx_word' id='word_1_506' title='bbox 347 4257 514 4328; x_wconf 74' lang='grc' dir='ltr'>ἄμφω</span> <span class='ocrx_word' id='word_1_507' title='bbox 559 4259 658 4313; x_wconf 58' lang='grc' dir='ltr'><strong>καὶΙ</strong></span> <span class='ocrx_word' id='word_1_508' title='bbox 709 4257 908 4328; x_wconf 80' lang='grc' dir='ltr'>ψυχαῖς</span> <span class='ocrx_word' id='word_1_509' title='bbox 956 4256 1192 4311; x_wconf 75' lang='grc' dir='ltr'>θάνατον</span> <span class='ocrx_word' id='word_1_510' title='bbox 1241 4260 1332 4310; x_wconf 70' lang='grc' dir='ltr'>καὶ</span> <span class='ocrx_word' id='word_1_511' title='bbox 1393 4260 1642 4328; x_wconf 82' lang='grc' dir='ltr'>σώμασιν</span> <span class='ocrx_word' id='word_1_512' title='bbox 1706 4258 1920 4312; x_wconf 73' lang='grc' dir='ltr'>ὄλισθον</span> 
     </span>
    </p>
   </div>
   <div class='ocr_carea' id='block_1_75' title="bbox 347 4350 622 4418">
    <p class='ocr_par' dir='ltr' id='par_1_75' title="bbox 347 4350 622 4418">
     <span class='ocr_line' id='line_1_76' title="bbox 347 4350 622 4418; baseline 0.007 -16"><span class='ocrx_word' id='word_1_513' title='bbox 347 4350 622 4418; x_wconf 73' lang='grc' dir='ltr'>ἐπάγοιεν.</span> 
     </span>
    </p>
   </div>
   <div class='ocr_carea' id='block_1_76' title="bbox 2031 3140 3604 3212">
    <p class='ocr_par' dir='ltr' id='par_1_76' title="bbox 2031 3140 3604 3212">
     <span class='ocr_line' id='line_1_77' title="bbox 2031 3140 3604 3212; baseline -0.016 -3"><span class='ocrx_word' id='word_1_514' title='bbox 2031 3155 2114 3209; x_wconf 88' lang='lat' dir='ltr'><strong>bis</strong></span> <span class='ocrx_word' id='word_1_515' title='bbox 2147 3157 2628 3207; x_wconf 76' lang='lat' dir='ltr'><strong>consummaretur</strong></span> <span class='ocrx_word' id='word_1_516' title='bbox 2678 3140 3027 3212; x_wconf 87' lang='lat' dir='ltr'><strong>improbitas,</strong></span> <span class='ocrx_word' id='word_1_517' title='bbox 3085 3144 3378 3212; x_wconf 87' lang='lat' dir='ltr'><strong>essentque</strong></span> <span class='ocrx_word' id='word_1_518' title='bbox 3419 3141 3604 3187; x_wconf 86' lang='lat' dir='ltr'><strong>nostra</strong></span> 
     </span>
    </p>
   </div>
   <div class='ocr_carea' id='block_1_77' title="bbox 2029 3226 3603 3299">
    <p class='ocr_par' dir='ltr' id='par_1_77' title="bbox 2029 3226 3603 3299">
     <span class='ocr_line' id='line_1_78' title="bbox 2029 3226 3603 3299; baseline -0.016 0"><span class='ocrx_word' id='word_1_519' title='bbox 2029 3226 2282 3299; x_wconf 58' lang='lat' dir='ltr'><strong>Sodomae</strong></span> <span class='ocrx_word' id='word_1_520' title='bbox 2314 3255 2379 3294; x_wconf 87' lang='lat' dir='ltr'><strong>ac</strong></span> <span class='ocrx_word' id='word_1_521' title='bbox 2406 3237 2725 3294; x_wconf 77' lang='lat' dir='ltr'><strong>Gomorrha:</strong></span> <span class='ocrx_word' id='word_1_522' title='bbox 2754 3233 2897 3288; x_wconf 87' lang='lat' dir='ltr'><strong>haud</strong></span> <span class='ocrx_word' id='word_1_523' title='bbox 2929 3227 3218 3286; x_wconf 88' lang='lat' dir='ltr'><strong>dissimilia</strong></span> <span class='ocrx_word' id='word_1_524' title='bbox 3249 3243 3265 3292; x_wconf 89' lang='lat'><strong>;</strong></span> <span class='ocrx_word' id='word_1_525' title='bbox 3315 3233 3480 3294; x_wconf 90' lang='lat' dir='ltr'><strong>atque</strong></span> <span class='ocrx_word' id='word_1_526' title='bbox 3549 3229 3603 3275; x_wconf 89' lang='lat' dir='ltr'><strong>ut</strong></span> 
     </span>
    </p>
   </div>
   <div class='ocr_carea' id='block_1_78' title="bbox 2028 3315 3606 3392">
    <p class='ocr_par' dir='ltr' id='par_1_78' title="bbox 2028 3315 3606 3392">
     <span class='ocr_line' id='line_1_79' title="bbox 2028 3315 3606 3392; baseline -0.015 0"><span class='ocrx_word' id='word_1_527' title='bbox 2028 3348 2138 3392; x_wconf 90' lang='lat' dir='ltr'><strong>tota</strong></span> <span class='ocrx_word' id='word_1_528' title='bbox 2172 3335 2392 3389; x_wconf 85' lang='lat' dir='ltr'><strong>natione</strong></span> <span class='ocrx_word' id='word_1_529' title='bbox 2424 3332 2478 3385; x_wconf 91' lang='lat' dir='ltr'><strong>in</strong></span> <span class='ocrx_word' id='word_1_530' title='bbox 2509 3330 2824 3384; x_wconf 73' lang='lat' dir='ltr'><strong>servitutem</strong></span> <span class='ocrx_word' id='word_1_531' title='bbox 2852 3323 3091 3386; x_wconf 87' lang='lat' dir='ltr'><strong>redacta,</strong></span> <span class='ocrx_word' id='word_1_532' title='bbox 3124 3319 3276 3374; x_wconf 92' lang='lat' dir='ltr'><strong>nulla</strong></span> <span class='ocrx_word' id='word_1_533' title='bbox 3318 3333 3427 3372; x_wconf 93' lang='lat' dir='ltr'><strong>non</strong></span> <span class='ocrx_word' id='word_1_534' title='bbox 3467 3315 3606 3369; x_wconf 80' lang='lat' dir='ltr'><strong>civi-</strong></span> 
     </span>
    </p>
   </div>
   <div class='ocr_carea' id='block_1_79' title="bbox 2030 3405 3605 3487">
    <p class='ocr_par' dir='ltr' id='par_1_79' title="bbox 2030 3405 3605 3487">
     <span class='ocr_line' id='line_1_80' title="bbox 2030 3405 3605 3487; baseline -0.015 -5"><span class='ocrx_word' id='word_1_535' title='bbox 2030 3419 2112 3482; x_wconf 84' lang='lat' dir='ltr'><strong>tas</strong></span> <span class='ocrx_word' id='word_1_536' title='bbox 2144 3424 2504 3487; x_wconf 71' lang='lat' dir='ltr'><strong>(lesolaretur,</strong></span> <span class='ocrx_word' id='word_1_537' title='bbox 2538 3435 2601 3474; x_wconf 88' lang='lat' dir='ltr'><strong>ac</strong></span> <span class='ocrx_word' id='word_1_538' title='bbox 2636 3417 2836 3471; x_wconf 88' lang='lat' dir='ltr'><strong>Sancta</strong></span> <span class='ocrx_word' id='word_1_539' title='bbox 2864 3413 3107 3483; x_wconf 88' lang='lat' dir='ltr'><strong>profanis</strong></span> <span class='ocrx_word' id='word_1_540' title='bbox 3136 3410 3426 3464; x_wconf 86' lang='lat' dir='ltr'><strong>Persarum</strong></span> <span class='ocrx_word' id='word_1_541' title='bbox 3453 3405 3605 3475; x_wconf 83' lang='lat' dir='ltr'><strong>pedi-</strong></span> 
     </span>
    </p>
   </div>
   <div class='ocr_carea' id='block_1_80' title="bbox 2029 3499 3605 3579">
    <p class='ocr_par' dir='ltr' id='par_1_80' title="bbox 2029 3499 3605 3579">
     <span class='ocr_line' id='line_1_81' title="bbox 2029 3499 3605 3579; baseline -0.018 -1"><span class='ocrx_word' id='word_1_542' title='bbox 2029 3524 2132 3579; x_wconf 86' lang='lat' dir='ltr'><strong>bus</strong></span> <span class='ocrx_word' id='word_1_543' title='bbox 2162 3519 2642 3577; x_wconf 88' lang='lat' dir='ltr'><strong>conculcareutur,</strong></span> <span class='ocrx_word' id='word_1_544' title='bbox 2678 3510 2984 3578; x_wconf 80' lang='lat' dir='ltr'><strong>nostrisque</strong></span> <span class='ocrx_word' id='word_1_545' title='bbox 3015 3505 3259 3560; x_wconf 89' lang='lat' dir='ltr'><strong>moribus</strong></span> <span class='ocrx_word' id='word_1_546' title='bbox 3292 3511 3455 3572; x_wconf 86' lang='lat' dir='ltr'><strong>atque</strong></span> <span class='ocrx_word' id='word_1_547' title='bbox 3485 3499 3605 3555; x_wconf 85' lang='lat' dir='ltr'><strong>cul-</strong></span> 
     </span>
    </p>
   </div>
   <div class='ocr_carea' id='block_1_81' title="bbox 2027 3583 3602 3675">
    <p class='ocr_par' dir='ltr' id='par_1_81' title="bbox 2027 3583 3602 3675">
     <span class='ocr_line' id='line_1_82' title="bbox 2027 3583 3602 3675; baseline -0.015 -7"><span class='ocrx_word' id='word_1_548' title='bbox 2027 3614 2193 3675; x_wconf 77' lang='lat' dir='ltr'><strong>tibus,</strong></span> <span class='ocrx_word' id='word_1_549' title='bbox 2234 3609 2452 3664; x_wconf 92' lang='lat' dir='ltr'><strong>illorum</strong></span> <span class='ocrx_word' id='word_1_550' title='bbox 2481 3603 2704 3675; x_wconf 76' lang='lat' dir='ltr'><strong>perfidia</strong></span> <span class='ocrx_word' id='word_1_551' title='bbox 2735 3600 3025 3667; x_wconf 86' lang='lat' dir='ltr'><strong>insanique</strong></span> <span class='ocrx_word' id='word_1_552' title='bbox 3054 3583 3271 3650; x_wconf 85' lang='lat' dir='ltr'><strong>amores</strong></span> <span class='ocrx_word' id='word_1_553' title='bbox 3304 3594 3448 3664; x_wconf 75' lang='lat' dir='ltr'><strong>(quze</strong></span> <span class='ocrx_word' id='word_1_554' title='bbox 3509 3590 3602 3645; x_wconf 87' lang='lat' dir='ltr'><strong>Dei</strong></span> 
     </span>
    </p>
   </div>
   <div class='ocr_carea' id='block_1_82' title="bbox 2025 3685 3604 3778">
    <p class='ocr_par' dir='ltr' id='par_1_82' title="bbox 2025 3685 3604 3778">
     <span class='ocr_line' id='line_1_83' title="bbox 2025 3685 3604 3778; baseline -0.015 -17"><span class='ocrx_word' id='word_1_555' title='bbox 2025 3704 2276 3778; x_wconf 81' lang='lat' dir='ltr'><strong>judicia!)</strong></span> <span class='ocrx_word' id='word_1_556' title='bbox 2314 3699 2430 3773; x_wconf 88' lang='lat' dir='ltr'><strong>pari</strong></span> <span class='ocrx_word' id='word_1_557' title='bbox 2465 3699 2590 3769; x_wconf 84' lang='lat' dir='ltr'><strong>jure</strong></span> <span class='ocrx_word' id='word_1_558' title='bbox 2619 3696 2980 3754; x_wconf 85' lang='lat' dir='ltr'><strong>haberentur,</strong></span> <span class='ocrx_word' id='word_1_559' title='bbox 3007 3689 3203 3758; x_wconf 85' lang='lat' dir='ltr'><strong>majori</strong></span> <span class='ocrx_word' id='word_1_560' title='bbox 3260 3685 3486 3741; x_wconf 84' lang='lat' dir='ltr'><strong>audacia</strong></span> <span class='ocrx_word' id='word_1_561' title='bbox 3532 3685 3604 3738; x_wconf 86' lang='lat' dir='ltr'><strong>ir-</strong></span> 
     </span>
    </p>
   </div>
   <div class='ocr_carea' id='block_1_83' title="bbox 2034 3781 3609 3856">
    <p class='ocr_par' dir='ltr' id='par_1_83' title="bbox 2034 3781 3609 3856">
     <span class='ocr_line' id='line_1_84' title="bbox 2034 3781 3609 3856; baseline -0.016 -1"><span class='ocrx_word' id='word_1_562' title='bbox 2034 3814 2199 3855; x_wconf 88' lang='lat' dir='ltr'><strong>ruens</strong></span> <span class='ocrx_word' id='word_1_563' title='bbox 2231 3799 2395 3852; x_wconf 83' lang='lat' dir='ltr'><strong>homo</strong></span> <span class='ocrx_word' id='word_1_564' title='bbox 2425 3788 2875 3852; x_wconf 83' lang='lat' dir='ltr'><strong>contumeliosus,</strong></span> <span class='ocrx_word' id='word_1_565' title='bbox 2907 3786 3086 3856; x_wconf 84' lang='lat' dir='ltr'><strong>Ly-Jus</strong></span> <span class='ocrx_word' id='word_1_566' title='bbox 3116 3781 3298 3836; x_wconf 88' lang='lat' dir='ltr'><strong>statim</strong></span> <span class='ocrx_word' id='word_1_567' title='bbox 3329 3781 3380 3832; x_wconf 90' lang='lat' dir='ltr'><strong>in</strong></span> <span class='ocrx_word' id='word_1_568' title='bbox 3409 3791 3609 3846; x_wconf 85' lang='lat' dir='ltr'><strong>campo</strong></span> 
     </span>
    </p>
   </div>
   <div class='ocr_carea' id='block_1_84' title="bbox 2029 3873 3616 3959">
    <p class='ocr_par' dir='ltr' id='par_1_84' title="bbox 2029 3873 3616 3959">
     <span class='ocr_line' id='line_1_85' title="bbox 2029 3873 3616 3959; baseline -0.018 -9"><span class='ocrx_word' id='word_1_569' title='bbox 2029 3900 2167 3956; x_wconf 89' lang='lat' dir='ltr'><strong>erat,</strong></span> <span class='ocrx_word' id='word_1_570' title='bbox 2197 3890 2394 3959; x_wconf 78' lang='lat' dir='ltr'><strong>faxque</strong></span> <span class='ocrx_word' id='word_1_571' title='bbox 2464 3885 2794 3952; x_wconf 78' lang='lat' dir='ltr'><strong>adstupes;</strong></span> <span class='ocrx_word' id='word_1_572' title='bbox 2852 3892 2917 3932; x_wconf 85' lang='lat' dir='ltr'><strong>ac</strong></span> <span class='ocrx_word' id='word_1_573' title='bbox 2950 3877 3095 3931; x_wconf 90' lang='lat' dir='ltr'><strong>sicut</strong></span> <span class='ocrx_word' id='word_1_574' title='bbox 3151 3873 3272 3927; x_wconf 89' lang='lat' dir='ltr'><strong>aliis</strong></span> <span class='ocrx_word' id='word_1_575' title='bbox 3317 3883 3616 3940; x_wconf 79' lang='lat' dir='ltr'><strong>corporum</strong></span> 
     </span>
    </p>
   </div>
   <div class='ocr_carea' id='block_1_85' title="bbox 2031 3973 3616 4051">
    <p class='ocr_par' dir='ltr' id='par_1_85' title="bbox 2031 3973 3616 4051">
     <span class='ocr_line' id='line_1_86' title="bbox 2031 3973 3616 4051; baseline -0.016 -11"><span class='ocrx_word' id='word_1_576' title='bbox 2031 3987 2408 4051; x_wconf 82' lang='lat' dir='ltr'><strong>bonorumque</strong></span> <span class='ocrx_word' id='word_1_577' title='bbox 2433 3976 2657 4034; x_wconf 79' lang='lat' dir='ltr'><strong>exitium</strong></span> <span class='ocrx_word' id='word_1_578' title='bbox 2691 3974 2947 4040; x_wconf 87' lang='lat' dir='ltr'><strong>labesque</strong></span> <span class='ocrx_word' id='word_1_579' title='bbox 2974 3975 3260 4039; x_wconf 90' lang='lat' dir='ltr'><strong>procurata</strong></span> <span class='ocrx_word' id='word_1_580' title='bbox 3279 3975 3440 4032; x_wconf 84' lang='lat' dir='ltr'><strong>atque</strong></span> <span class='ocrx_word' id='word_1_581' title='bbox 3473 3973 3616 4030; x_wconf 63' lang='grc' dir='ltr'><strong>ιιι-ωο-</strong></span> 
     </span>
    </p>
   </div>
   <div class='ocr_carea' id='block_1_86' title="bbox 2030 4063 3619 4147">
    <p class='ocr_par' dir='ltr' id='par_1_86' title="bbox 2030 4063 3619 4147">
     <span class='ocr_line' id='line_1_87' title="bbox 2030 4063 3619 4147; baseline -0.02 -12"><span class='ocrx_word' id='word_1_582' title='bbox 2030 4082 2180 4147; x_wconf 92' lang='lat' dir='ltr'><strong>stita,</strong></span> <span class='ocrx_word' id='word_1_583' title='bbox 2213 4075 2290 4132; x_wconf 88' lang='lat' dir='ltr'><strong>sic</strong></span> <span class='ocrx_word' id='word_1_584' title='bbox 2319 4087 2483 4145; x_wconf 87' lang='lat' dir='ltr'><strong>prope</strong></span> <span class='ocrx_word' id='word_1_585' title='bbox 2517 4070 2592 4125; x_wconf 91' lang='lat' dir='ltr'><strong>illi</strong></span> <span class='ocrx_word' id='word_1_586' title='bbox 2630 4069 2790 4122; x_wconf 88' lang='lat' dir='ltr'><strong>latius</strong></span> <span class='ocrx_word' id='word_1_587' title='bbox 2819 4063 3074 4120; x_wconf 81' lang='lat' dir='ltr'><strong>dill‘usum</strong></span> <span class='ocrx_word' id='word_1_588' title='bbox 3110 4076 3173 4115; x_wconf 90' lang='lat' dir='ltr'><strong>ac</strong></span> <span class='ocrx_word' id='word_1_589' title='bbox 3229 4064 3619 4126; x_wconf 79' lang='lat' dir='ltr'><strong>exparrectmu</strong></span> 
     </span>
    </p>
   </div>
   <div class='ocr_carea' id='block_1_87' title="bbox 2035 4150 3612 4228">
    <p class='ocr_par' dir='ltr' id='par_1_87' title="bbox 2035 4150 3612 4228">
     <span class='ocr_line' id='line_1_88' title="bbox 2035 4150 3612 4228; baseline -0.018 -3"><span class='ocrx_word' id='word_1_590' title='bbox 2035 4171 2337 4226; x_wconf 84' lang='lat' dir='ltr'><strong>animarum</strong></span> <span class='ocrx_word' id='word_1_591' title='bbox 2373 4175 2674 4224; x_wconf 85' lang='lat' dir='ltr'><strong>venenum;</strong></span> <span class='ocrx_word' id='word_1_592' title='bbox 2719 4171 2829 4228; x_wconf 89' lang='lat' dir='ltr'><strong>quo</strong></span> <span class='ocrx_word' id='word_1_593' title='bbox 2881 4153 3136 4209; x_wconf 87' lang='lat' dir='ltr'><strong>nimirum</strong></span> <span class='ocrx_word' id='word_1_594' title='bbox 3185 4150 3459 4216; x_wconf 89' lang='lat' dir='ltr'><strong>utrinque,</strong></span> <span class='ocrx_word' id='word_1_595' title='bbox 3496 4155 3612 4198; x_wconf 90' lang='lat' dir='ltr'><strong>tum</strong></span> 
     </span>
    </p>
   </div>
   <div class='ocr_carea' id='block_1_88' title="bbox 2033 4246 3626 4321">
    <p class='ocr_par' dir='ltr' id='par_1_88' title="bbox 2033 4246 3626 4321">
     <span class='ocr_line' id='line_1_89' title="bbox 2033 4246 3626 4321; baseline -0.018 -1"><span class='ocrx_word' id='word_1_596' title='bbox 2033 4262 2322 4320; x_wconf 87' lang='lat' dir='ltr'><strong>animabus</strong></span> <span class='ocrx_word' id='word_1_597' title='bbox 2339 4268 2589 4319; x_wconf 87' lang='lat' dir='ltr'><strong>mortem,</strong></span> <span class='ocrx_word' id='word_1_598' title='bbox 2609 4266 2721 4309; x_wconf 86' lang='lat' dir='ltr'><strong>tum</strong></span> <span class='ocrx_word' id='word_1_599' title='bbox 2750 4249 3072 4321; x_wconf 86' lang='lat' dir='ltr'><strong>corporibus</strong></span> <span class='ocrx_word' id='word_1_600' title='bbox 3092 4246 3300 4302; x_wconf 90' lang='lat' dir='ltr'><strong>ruinam</strong></span> <span class='ocrx_word' id='word_1_601' title='bbox 3323 4253 3626 4308; x_wconf 83' lang='lat' dir='ltr'><strong>casumque</strong></span> 
     </span>
    </p>
   </div>
   <div class='ocr_carea' id='block_1_89' title="bbox 2035 4359 2333 4412">
    <p class='ocr_par' dir='ltr' id='par_1_89' title="bbox 2035 4359 2333 4412">
     <span class='ocr_line' id='line_1_90' title="bbox 2035 4359 2333 4412; baseline -0.013 0"><span class='ocrx_word' id='word_1_602' title='bbox 2035 4359 2333 4412; x_wconf 83' lang='lat' dir='ltr'><strong>induceret.</strong></span> 
     </span>
    </p>
   </div>
   <div class='ocr_carea' id='block_1_90' title="bbox 420 4437 1914 4513">
    <p class='ocr_par' dir='ltr' id='par_1_90' title="bbox 420 4443 1914 4513">
     <span class='ocr_line' id='line_1_91' title="bbox 420 4443 1914 4513; baseline 0.002 -19"><span class='ocrx_word' id='word_1_603' title='bbox 420 4444 590 4496; x_wconf 83' lang='grc' dir='ltr'>Γενεά</span> <span class='ocrx_word' id='word_1_604' title='bbox 637 4459 722 4504; x_wconf 88' lang='grc' dir='ltr'><strong>τις</strong></span> <span class='ocrx_word' id='word_1_605' title='bbox 761 4443 1102 4509; x_wconf 83' lang='grc' dir='ltr'>ἀναφανεῖσα</span> <span class='ocrx_word' id='word_1_606' title='bbox 1151 4444 1711 4513; x_wconf 78' lang='grc' dir='ltr'>παραπικραίνουσα·</span> <span class='ocrx_word' id='word_1_607' title='bbox 1762 4446 1914 4512; x_wconf 79' lang='grc' dir='ltr'>γενεέ</span> 
     </span>
    </p>
   </div>
   <div class='ocr_carea' id='block_1_91' title="bbox 2018 4437 3611 4513">
    <p class='ocr_par' dir='ltr' id='par_1_91' title="bbox 2101 4439 3611 4512">
     <span class='ocr_line' id='line_1_92' title="bbox 2101 4439 3611 4512; baseline -0.019 -7"><span class='ocrx_word' id='word_1_608' title='bbox 2101 4449 2246 4506; x_wconf 88' lang='lat' dir='ltr'><strong>Gens</strong></span> <span class='ocrx_word' id='word_1_609' title='bbox 2286 4445 2545 4502; x_wconf 90' lang='lat' dir='ltr'><strong>nimirum</strong></span> <span class='ocrx_word' id='word_1_610' title='bbox 2569 4441 2814 4512; x_wconf 61' lang='lat' dir='ltr'><strong>quasdam</strong></span> <span class='ocrx_word' id='word_1_611' title='bbox 2845 4449 3150 4504; x_wconf 77' lang='lat' dir='ltr'><strong>emergens,</strong></span> <span class='ocrx_word' id='word_1_612' title='bbox 3197 4445 3329 4501; x_wconf 75' lang='lat' dir='ltr'><strong>gens</strong></span> <span class='ocrx_word' id='word_1_613' title='bbox 3395 4439 3611 4479; x_wconf 80' lang='lat' dir='ltr'><strong>exacer-</strong></span> 
     </span>
    </p>
   </div>
   <div class='ocr_carea' id='block_1_92' title="bbox 350 4533 1952 4606">
    <p class='ocr_par' dir='ltr' id='par_1_92' title="bbox 350 4533 1952 4606">
     <span class='ocr_line' id='line_1_93' title="bbox 350 4533 1952 4606; baseline 0.006 -22"><span class='ocrx_word' id='word_1_614' title='bbox 350 4535 772 4606; x_wconf 80' lang='grc' dir='ltr'>ἐξοιστραμὲνη,</span> <span class='ocrx_word' id='word_1_615' title='bbox 808 4537 901 4587; x_wconf 72' lang='grc' dir='ltr'><strong>καὶ</strong></span> <span class='ocrx_word' id='word_1_616' title='bbox 931 4533 1062 4586; x_wconf 83' lang='grc' dir='ltr'>Θεὸν</span> <span class='ocrx_word' id='word_1_617' title='bbox 1096 4537 1182 4586; x_wconf 86' lang='grc' dir='ltr'><strong>ἐπ’</strong></span> <span class='ocrx_word' id='word_1_618' title='bbox 1209 4537 1270 4588; x_wconf 85' lang='grc' dir='ltr'>οὺ</span> <span class='ocrx_word' id='word_1_619' title='bbox 1300 4536 1439 4599; x_wconf 80' lang='grc' dir='ltr'>θεοῖς</span> <span class='ocrx_word' id='word_1_620' title='bbox 1473 4538 1885 4605; x_wconf 74' lang='grc' dir='ltr'>παρεικάζοιισα</span> <span class='ocrx_word' id='word_1_621' title='bbox 1908 4555 1922 4570; x_wconf 90' lang='grc'>⁶</span> <span class='ocrx_word' id='word_1_622' title='bbox 1949 4591 1952 4594; x_wconf 84' lang='lat'><strong>.</strong></span> 
     </span>
    </p>
   </div>
   <div class='ocr_carea' id='block_1_93' title="bbox 348 4625 1926 4695">
    <p class='ocr_par' dir='ltr' id='par_1_93' title="bbox 348 4625 1926 4695">
     <span class='ocr_line' id='line_1_94' title="bbox 348 4625 1926 4695; baseline 0.003 -18"><span class='ocrx_word' id='word_1_623' title='bbox 348 4625 436 4678; x_wconf 78' lang='grc' dir='ltr'>διὰ</span> <span class='ocrx_word' id='word_1_624' title='bbox 479 4627 637 4678; x_wconf 85' lang='grc' dir='ltr'>τοῦτο</span> <span class='ocrx_word' id='word_1_625' title='bbox 685 4627 780 4678; x_wconf 66' lang='grc' dir='ltr'>καὶ</span> <span class='ocrx_word' id='word_1_626' title='bbox 834 4625 965 4687; x_wconf 58' lang='grc' dir='ltr'>Θεὶς</span> <span class='ocrx_word' id='word_1_627' title='bbox 1020 4628 1379 4695; x_wconf 83' lang='grc' dir='ltr'>παρεικάσειν</span> <span class='ocrx_word' id='word_1_628' title='bbox 1439 4630 1636 4691; x_wconf 68' lang='grc' dir='ltr'>αὐτοὺς</span> <span class='ocrx_word' id='word_1_629' title='bbox 1689 4629 1775 4679; x_wconf 74' lang='grc' dir='ltr'>ἐπ’</span> <span class='ocrx_word' id='word_1_630' title='bbox 1826 4630 1926 4682; x_wconf 78' lang='grc' dir='ltr'>οὐκ</span> 
     </span>
    </p>
   </div>
   <div class='ocr_carea' id='block_1_94' title="bbox 351 4718 1927 4791">
    <p class='ocr_par' dir='ltr' id='par_1_94' title="bbox 351 4718 1927 4791">
     <span class='ocr_line' id='line_1_95' title="bbox 351 4718 1927 4791; baseline 0.001 -20"><span class='ocrx_word' id='word_1_631' title='bbox 351 4718 494 4771; x_wconf 70' lang='grc' dir='ltr'>ἔθνει</span> <span class='ocrx_word' id='word_1_632' title='bbox 541 4719 832 4788; x_wconf 74' lang='grc' dir='ltr'>διενοήθη,</span> <span class='ocrx_word' id='word_1_633' title='bbox 882 4719 977 4772; x_wconf 58' lang='grc' dir='ltr'><strong>καὶ¹</strong></span> <span class='ocrx_word' id='word_1_634' title='bbox 1028 4721 1135 4790; x_wconf 83' lang='grc' dir='ltr'>μὴν</span> <span class='ocrx_word' id='word_1_635' title='bbox 1191 4720 1495 4786; x_wconf 82' lang='grc' dir='ltr'>ἐξετέλεσε,</span> <span class='ocrx_word' id='word_1_636' title='bbox 1555 4721 1756 4791; x_wconf 83' lang='grc' dir='ltr'>μικροῦ</span> <span class='ocrx_word' id='word_1_637' title='bbox 1819 4723 1927 4773; x_wconf 79' lang='grc' dir='ltr'><strong>πᾶν</strong></span> 
     </span>
    </p>
   </div>
   <div class='ocr_carea' id='block_1_95' title="bbox 353 4807 1929 4882">
    <p class='ocr_par' dir='ltr' id='par_1_95' title="bbox 353 4807 1929 4882">
     <span class='ocr_line' id='line_1_96' title="bbox 353 4807 1929 4882; baseline 0 -19"><span class='ocrx_word' id='word_1_638' title='bbox 353 4811 532 4863; x_wconf 84' lang='grc' dir='ltr'>αὐτῶν</span> <span class='ocrx_word' id='word_1_639' title='bbox 557 4807 931 4880; x_wconf 82' lang='grc' dir='ltr'>ἐξαναστήσας</span> <span class='ocrx_word' id='word_1_640' title='bbox 963 4814 1060 4881; x_wconf 83' lang='grc' dir='ltr'><strong>τῆς</strong></span> <span class='ocrx_word' id='word_1_641' title='bbox 1088 4815 1191 4879; x_wconf 79' lang='grc' dir='ltr'><strong>γῆς</strong></span> <span class='ocrx_word' id='word_1_642' title='bbox 1221 4813 1280 4864; x_wconf 84' lang='grc' dir='ltr'>τὸ</span> <span class='ocrx_word' id='word_1_643' title='bbox 1309 4811 1560 4882; x_wconf 81' lang='grc' dir='ltr'>σύστημα</span> <span class='ocrx_word' id='word_1_644' title='bbox 1583 4830 1595 4841; x_wconf 79' lang='grc'><strong>’</strong></span> <span class='ocrx_word' id='word_1_645' title='bbox 1624 4813 1929 4882; x_wconf 80' lang='grc' dir='ltr'>καταπροέ-</span> 
     </span>
    </p>
   </div>
   <div class='ocr_carea' id='block_1_96' title="bbox 357 4901 1930 4973">
    <p class='ocr_par' dir='ltr' id='par_1_96' title="bbox 357 4901 1930 4973">
     <span class='ocr_line' id='line_1_97' title="bbox 357 4901 1930 4973; baseline 0 -19"><span class='ocrx_word' id='word_1_646' title='bbox 357 4919 515 4970; x_wconf 86' lang='grc' dir='ltr'>μενος</span> <span class='ocrx_word' id='word_1_647' title='bbox 552 4901 670 4966; x_wconf 84' lang='grc' dir='ltr'>μετ’</span> <span class='ocrx_word' id='word_1_648' title='bbox 702 4902 873 4971; x_wconf 85' lang='grc' dir='ltr'>ὀργῆς</span> <span class='ocrx_word' id='word_1_649' title='bbox 904 4902 1046 4954; x_wconf 75' lang='grc' dir='ltr'>ἔθνει</span> <span class='ocrx_word' id='word_1_650' title='bbox 1079 4903 1347 4970; x_wconf 74' lang='grc' dir='ltr'>ἀσυνέτῳ,</span> <span class='ocrx_word' id='word_1_651' title='bbox 1372 4906 1466 4957; x_wconf 79' lang='grc' dir='ltr'>καὶ</span> <span class='ocrx_word' id='word_1_652' title='bbox 1495 4903 1717 4972; x_wconf 84' lang='grc' dir='ltr'>ἄρχοντι</span> <span class='ocrx_word' id='word_1_653' title='bbox 1759 4920 1930 4973; x_wconf 84' lang='grc' dir='ltr'>πονη-</span> 
     </span>
    </p>
   </div>
   <div class='ocr_carea' id='block_1_97' title="bbox 359 4994 1926 5066">
    <p class='ocr_par' dir='ltr' id='par_1_97' title="bbox 359 4994 1926 5066">
     <span class='ocr_line' id='line_1_98' title="bbox 359 4994 1926 5066; baseline 0.002 -22"><span class='ocrx_word' id='word_1_654' title='bbox 359 4995 565 5064; x_wconf 71' lang='grc' dir='ltr'>ροτάτῳ</span> <span class='ocrx_word' id='word_1_655' title='bbox 597 4994 747 5059; x_wconf 72' lang='grc' dir='ltr'>παρὰ</span> <span class='ocrx_word' id='word_1_656' title='bbox 791 4995 1000 5057; x_wconf 84' lang='grc' dir='ltr'>πάντας</span> <span class='ocrx_word' id='word_1_657' title='bbox 1065 4996 1190 5057; x_wconf 81' lang='grc' dir='ltr'>τοὺς</span> <span class='ocrx_word' id='word_1_658' title='bbox 1233 4996 1624 5058; x_wconf 84' lang='grc' dir='ltr'>κατοικοῦντας</span> <span class='ocrx_word' id='word_1_659' title='bbox 1669 4996 1766 5066; x_wconf 80' lang='grc' dir='ltr'>τὴν</span> <span class='ocrx_word' id='word_1_660' title='bbox 1807 4995 1926 5065; x_wconf 87' lang='grc' dir='ltr'>γῆν.</span> 
     </span>
    </p>
   </div>
   <div class='ocr_carea' id='block_1_98' title="bbox 357 5085 1932 5157">
    <p class='ocr_par' dir='ltr' id='par_1_98' title="bbox 357 5085 1932 5157">
     <span class='ocr_line' id='line_1_99' title="bbox 357 5085 1932 5157; baseline 0 -18"><span class='ocrx_word' id='word_1_661' title='bbox 357 5087 470 5140; x_wconf 77' lang='grc' dir='ltr'><strong>Καὶ</strong></span> <span class='ocrx_word' id='word_1_662' title='bbox 499 5085 592 5139; x_wconf 82' lang='grc' dir='ltr'><strong>νῦν</strong></span> <span class='ocrx_word' id='word_1_663' title='bbox 635 5086 694 5138; x_wconf 83' lang='grc' dir='ltr'>τὸ</span> <span class='ocrx_word' id='word_1_664' title='bbox 728 5085 1078 5156; x_wconf 61' lang='grc' dir='ltr'>περιλειφθὲν</span> <span class='ocrx_word' id='word_1_665' title='bbox 1111 5087 1210 5156; x_wconf 82' lang='grc' dir='ltr'><strong>τῆς</strong></span> <span class='ocrx_word' id='word_1_666' title='bbox 1265 5087 1432 5156; x_wconf 79' lang='grc' dir='ltr'>ὀργῆς</span> <span class='ocrx_word' id='word_1_667' title='bbox 1482 5086 1756 5150; x_wconf 69' lang='grc' dir='ltr'>λείψανον,</span> <span class='ocrx_word' id='word_1_668' title='bbox 1794 5088 1932 5157; x_wconf 78' lang='grc' dir='ltr'>μηδὲ</span> 
     </span>
    </p>
   </div>
   <div class='ocr_carea' id='block_1_99' title="bbox 358 5173 1935 5250">
    <p class='ocr_par' dir='ltr' id='par_1_99' title="bbox 358 5173 1935 5250">
     <span class='ocr_line' id='line_1_100' title="bbox 358 5173 1935 5250; baseline 0.002 -22"><span class='ocrx_word' id='word_1_669' title='bbox 358 5178 495 5246; x_wconf 87' lang='grc' dir='ltr'><strong>μετά</strong></span> <span class='ocrx_word' id='word_1_670' title='bbox 541 5177 640 5248; x_wconf 81' lang='grc' dir='ltr'>τὴν</span> <span class='ocrx_word' id='word_1_671' title='bbox 680 5177 893 5249; x_wconf 76' lang='grc' dir='ltr'>πληγὴν</span> <span class='ocrx_word' id='word_1_672' title='bbox 921 5181 1001 5240; x_wconf 83' lang='grc' dir='ltr'>εἰς</span> <span class='ocrx_word' id='word_1_673' title='bbox 1038 5180 1230 5250; x_wconf 83' lang='grc' dir='ltr'>πεῖραν</span> <span class='ocrx_word' id='word_1_674' title='bbox 1280 5173 1437 5250; x_wconf 70' lang='grc' dir='ltr'>ἧκον,</span> <span class='ocrx_word' id='word_1_675' title='bbox 1471 5181 1522 5231; x_wconf 79' lang='grc' dir='ltr'>εἴ</span> <span class='ocrx_word' id='word_1_676' title='bbox 1571 5196 1673 5232; x_wconf 89' lang='grc' dir='ltr'><strong>που</strong></span> <span class='ocrx_word' id='word_1_677' title='bbox 1727 5180 1780 5231; x_wconf 71' lang='grc' dir='ltr'>τὶ</span> <span class='ocrx_word' id='word_1_678' title='bbox 1834 5180 1935 5248; x_wconf 89' lang='grc' dir='ltr'><strong>τῆς</strong></span> 
     </span>
    </p>
   </div>
   <div class='ocr_carea' id='block_1_100' title="bbox 356 5268 1926 5340">
    <p class='ocr_par' dir='ltr' id='par_1_100' title="bbox 356 5268 1926 5340">
     <span class='ocr_line' id='line_1_101' title="bbox 356 5268 1926 5340; baseline 0.001 -22"><span class='ocrx_word' id='word_1_679' title='bbox 356 5269 578 5338; x_wconf 84' lang='grc' dir='ltr'>είρήνης</span> <span class='ocrx_word' id='word_1_680' title='bbox 627 5268 770 5338; x_wconf 76' lang='grc' dir='ltr'>ἴχνος</span> <span class='ocrx_word' id='word_1_681' title='bbox 810 5270 1243 5339; x_wconf 72' lang='grc' dir='ltr'>περιλελειπται,</span> <span class='ocrx_word' id='word_1_682' title='bbox 1293 5270 1641 5340; x_wconf 72' lang='grc' dir='ltr'>καταρῤἀξαι</span> <span class='ocrx_word' id='word_1_683' title='bbox 1672 5271 1766 5322; x_wconf 76' lang='grc' dir='ltr'><strong>καὶ</strong></span> <span class='ocrx_word' id='word_1_684' title='bbox 1800 5287 1926 5322; x_wconf 84' lang='grc' dir='ltr'>συν-</span> 
     </span>
    </p>
   </div>
   <div class='ocr_carea' id='block_1_101' title="bbox 353 5360 1925 5430">
    <p class='ocr_par' dir='ltr' id='par_1_101' title="bbox 353 5360 1925 5430">
     <span class='ocr_line' id='line_1_102' title="bbox 353 5360 1925 5430; baseline 0.001 -20"><span class='ocrx_word' id='word_1_685' title='bbox 353 5360 538 5429; x_wconf 68' lang='grc' dir='ltr'>τρίψαι</span> <span class='ocrx_word' id='word_1_686' title='bbox 560 5360 1027 5430; x_wconf 84' lang='grc' dir='ltr'>προθυμούμενον,</span> <span class='ocrx_word' id='word_1_687' title='bbox 1051 5361 1170 5430; x_wconf 82' lang='grc' dir='ltr'>μεθ’</span> <span class='ocrx_word' id='word_1_688' title='bbox 1190 5361 1320 5429; x_wconf 84' lang='grc' dir='ltr'>ὅσης</span> <span class='ocrx_word' id='word_1_689' title='bbox 1341 5360 1438 5430; x_wconf 85' lang='grc' dir='ltr'><strong>τῆς</strong></span> <span class='ocrx_word' id='word_1_690' title='bbox 1464 5361 1736 5422; x_wconf 78' lang='grc' dir='ltr'>ἀναιδείας</span> <span class='ocrx_word' id='word_1_691' title='bbox 1757 5361 1925 5426; x_wconf 82' lang='grc' dir='ltr'>σοϐεῖ,</span> 
     </span>
    </p>
   </div>
   <div class='ocr_carea' id='block_1_102' title="bbox 354 5449 1925 5520">
    <p class='ocr_par' dir='ltr' id='par_1_102' title="bbox 354 5449 1925 5520">
     <span class='ocr_line' id='line_1_103' title="bbox 354 5449 1925 5520; baseline 0.002 -21"><span class='ocrx_word' id='word_1_692' title='bbox 354 5449 422 5500; x_wconf 73' lang='grc' dir='ltr'>τὰ</span> <span class='ocrx_word' id='word_1_693' title='bbox 457 5451 634 5519; x_wconf 80' lang='grc' dir='ltr'>μάχης</span> <span class='ocrx_word' id='word_1_694' title='bbox 682 5451 774 5502; x_wconf 76' lang='grc' dir='ltr'>καὶ</span> <span class='ocrx_word' id='word_1_695' title='bbox 824 5449 1055 5518; x_wconf 77' lang='grc' dir='ltr'>θορύϐου</span> <span class='ocrx_word' id='word_1_696' title='bbox 1106 5450 1200 5502; x_wconf 82' lang='grc' dir='ltr'>καὶ</span> <span class='ocrx_word' id='word_1_697' title='bbox 1244 5449 1423 5518; x_wconf 87' lang='grc' dir='ltr'>πάσης</span> <span class='ocrx_word' id='word_1_698' title='bbox 1455 5449 1625 5518; x_wconf 80' lang='grc' dir='ltr'>ἄλλης</span> <span class='ocrx_word' id='word_1_699' title='bbox 1675 5449 1925 5520; x_wconf 84' lang='grc' dir='ltr'>ἀκαθαρ-</span> 
     </span>
    </p>
   </div>
   <div class='ocr_carea' id='block_1_103' title="bbox 359 5537 1922 5611">
    <p class='ocr_par' dir='ltr' id='par_1_103' title="bbox 359 5537 1922 5611">
     <span class='ocr_line' id='line_1_104' title="bbox 359 5537 1922 5611; baseline 0.002 -21"><span class='ocrx_word' id='word_1_700' title='bbox 359 5541 476 5601; x_wconf 77' lang='grc' dir='ltr'>σῖας</span> <span class='ocrx_word' id='word_1_701' title='bbox 533 5539 789 5592; x_wconf 82' lang='grc' dir='ltr'>ἀνάπλεω</span> <span class='ocrx_word' id='word_1_702' title='bbox 844 5540 1110 5610; x_wconf 81' lang='grc' dir='ltr'>περιάγον</span> <span class='ocrx_word' id='word_1_703' title='bbox 1169 5540 1261 5592; x_wconf 78' lang='grc' dir='ltr'>καὶ</span> <span class='ocrx_word' id='word_1_704' title='bbox 1319 5537 1604 5609; x_wconf 77' lang='grc' dir='ltr'>θεατρίζον</span> <span class='ocrx_word' id='word_1_705' title='bbox 1639 5540 1922 5611; x_wconf 73' lang='grc' dir='ltr'>δόγματα·</span> 
     </span>
    </p>
   </div>
   <div class='ocr_carea' id='block_1_104' title="bbox 433 5719 1343 5784">
    <p class='ocr_par' dir='ltr' id='par_1_104' title="bbox 433 5719 1343 5784">
     <span class='ocr_line' id='line_1_105' title="bbox 433 5719 1343 5784; baseline -0.004 -8"><span class='ocrx_word' id='word_1_706' title='bbox 433 5725 472 5755; x_wconf 63' lang='grc'>⁸⁵</span> <span class='ocrx_word' id='word_1_707' title='bbox 524 5725 676 5776; x_wconf 80' lang='lat' dir='ltr'><strong>Deut.</strong></span> <span class='ocrx_word' id='word_1_708' title='bbox 718 5736 862 5780; x_wconf 73' lang='lat' dir='ltr'><strong>xui,</strong></span> <span class='ocrx_word' id='word_1_709' title='bbox 904 5719 1008 5784; x_wconf 70' lang='lat'><strong>27;</strong></span> <span class='ocrx_word' id='word_1_710' title='bbox 1052 5719 1343 5784; x_wconf 52' lang='lat' dir='ltr'><strong>mutual.</strong></span> 
     </span>
    </p>
   </div>
   <div class='ocr_carea' id='block_1_105' title="bbox 2026 4513 3613 4608">
    <p class='ocr_par' dir='ltr' id='par_1_105' title="bbox 2026 4513 3613 4608">
     <span class='ocr_line' id='line_1_106' title="bbox 2026 4513 3613 4608; baseline -0.017 -13"><span class='ocrx_word' id='word_1_711' title='bbox 2026 4541 2356 4608; x_wconf 84' lang='lat' dir='ltr'><strong>baus;gens</strong></span> <span class='ocrx_word' id='word_1_712' title='bbox 2386 4535 2570 4590; x_wconf 83' lang='lat' dir='ltr'><strong>furore</strong></span> <span class='ocrx_word' id='word_1_713' title='bbox 2598 4531 2893 4600; x_wconf 65' lang='lat' dir='ltr'><strong>exagitata,</strong></span> <span class='ocrx_word' id='word_1_714' title='bbox 2961 4529 3236 4592; x_wconf 89' lang='lat' dir='ltr'><strong>Deumque</strong></span> <span class='ocrx_word' id='word_1_715' title='bbox 3307 4521 3360 4574; x_wconf 90' lang='lat' dir='ltr'><strong>in</strong></span> <span class='ocrx_word' id='word_1_716' title='bbox 3395 4519 3460 4571; x_wconf 86' lang='lat' dir='ltr'><strong>iis</strong></span> <span class='ocrx_word' id='word_1_717' title='bbox 3519 4513 3613 4584; x_wconf 85' lang='lat' dir='ltr'><strong>qui</strong></span> 
     </span>
    </p>
   </div>
   <div class='ocr_carea' id='block_1_106' title="bbox 2023 4605 3632 4689">
    <p class='ocr_par' dir='ltr' id='par_1_106' title="bbox 2023 4605 3632 4689">
     <span class='ocr_line' id='line_1_107' title="bbox 2023 4605 3632 4689; baseline -0.016 -6"><span class='ocrx_word' id='word_1_718' title='bbox 2023 4645 2132 4685; x_wconf 84' lang='lat' dir='ltr'><strong>non</strong></span> <span class='ocrx_word' id='word_1_719' title='bbox 2162 4605 2288 4682; x_wconf 76' lang='lat' dir='ltr'><strong>sunt</strong></span> <span class='ocrx_word' id='word_1_720' title='bbox 2324 4625 2420 4689; x_wconf 84' lang='lat' dir='ltr'><strong>dii,</strong></span> <span class='ocrx_word' id='word_1_721' title='bbox 2455 4622 2760 4678; x_wconf 77' lang='lat' dir='ltr'><strong>assimilans</strong></span> <span class='ocrx_word' id='word_1_722' title='bbox 2786 4621 2827 4651; x_wconf 82' lang='lat'><strong>&quot;</strong></span> <span class='ocrx_word' id='word_1_723' title='bbox 2858 4632 3050 4684; x_wconf 89' lang='lat' dir='ltr'><strong>;quam</strong></span> <span class='ocrx_word' id='word_1_724' title='bbox 3084 4623 3137 4668; x_wconf 92' lang='lat' dir='ltr'><strong>et</strong></span> <span class='ocrx_word' id='word_1_725' title='bbox 3166 4620 3444 4682; x_wconf 83' lang='lat' dir='ltr'><strong>propterea</strong></span> <span class='ocrx_word' id='word_1_726' title='bbox 3475 4605 3632 4659; x_wconf 88' lang='lat' dir='ltr'><strong>Deus.</strong></span> 
     </span>
    </p>
   </div>
   <div class='ocr_carea' id='block_1_107' title="bbox 2026 4699 3610 4787">
    <p class='ocr_par' dir='ltr' id='par_1_107' title="bbox 2026 4699 3610 4787">
     <span class='ocr_line' id='line_1_108' title="bbox 2026 4699 3610 4787; baseline -0.015 -13"><span class='ocrx_word' id='word_1_727' title='bbox 2026 4723 2082 4774; x_wconf 88' lang='lat' dir='ltr'><strong>iu</strong></span> <span class='ocrx_word' id='word_1_728' title='bbox 2115 4735 2220 4772; x_wconf 88' lang='lat' dir='ltr'><strong>non</strong></span> <span class='ocrx_word' id='word_1_729' title='bbox 2252 4723 2410 4787; x_wconf 82' lang='lat' dir='ltr'><strong>gente</strong></span> <span class='ocrx_word' id='word_1_730' title='bbox 2426 4711 2730 4767; x_wconf 84' lang='lat' dir='ltr'><strong>assimilare</strong></span> <span class='ocrx_word' id='word_1_731' title='bbox 2762 4705 3071 4770; x_wconf 71' lang='lat' dir='ltr'><strong>constituit,</strong></span> <span class='ocrx_word' id='word_1_732' title='bbox 3104 4712 3158 4757; x_wconf 91' lang='lat' dir='ltr'><strong>et</strong></span> <span class='ocrx_word' id='word_1_733' title='bbox 3188 4717 3316 4756; x_wconf 91' lang='lat' dir='ltr'><strong>vero</strong></span> <span class='ocrx_word' id='word_1_734' title='bbox 3360 4699 3610 4769; x_wconf 82' lang='lat' dir='ltr'><strong>perteeit,</strong></span> 
     </span>
    </p>
   </div>
   <div class='ocr_carea' id='block_1_108' title="bbox 2026 4794 3627 4866">
    <p class='ocr_par' dir='ltr' id='par_1_108' title="bbox 2026 4794 3627 4866">
     <span class='ocr_line' id='line_1_109' title="bbox 2026 4794 3627 4866; baseline -0.011 -2"><span class='ocrx_word' id='word_1_735' title='bbox 2026 4813 2112 4866; x_wconf 82' lang='lat' dir='ltr'><strong>vix</strong></span> <span class='ocrx_word' id='word_1_736' title='bbox 2139 4825 2245 4864; x_wconf 89' lang='lat' dir='ltr'><strong>non</strong></span> <span class='ocrx_word' id='word_1_737' title='bbox 2279 4821 2494 4862; x_wconf 81' lang='lat' dir='ltr'><strong>omnem</strong></span> <span class='ocrx_word' id='word_1_738' title='bbox 2525 4818 2711 4857; x_wconf 89' lang='lat' dir='ltr'><strong>eorum</strong></span> <span class='ocrx_word' id='word_1_739' title='bbox 2742 4811 2943 4855; x_wconf 76' lang='lat' dir='ltr'><strong>coctum</strong></span> <span class='ocrx_word' id='word_1_740' title='bbox 2969 4813 2998 4850; x_wconf 88' lang='lat' dir='ltr'><strong>e</strong></span> <span class='ocrx_word' id='word_1_741' title='bbox 3031 4807 3176 4850; x_wconf 84' lang='lat' dir='ltr'><strong>terra</strong></span> <span class='ocrx_word' id='word_1_742' title='bbox 3214 4794 3627 4856; x_wconf 67' lang='lat' dir='ltr'><strong>extermil‘tans;:</strong></span> 
     </span>
    </p>
   </div>
   <div class='ocr_carea' id='block_1_109' title="bbox 2033 4885 3607 4962">
    <p class='ocr_par' dir='ltr' id='par_1_109' title="bbox 2033 4885 3607 4962">
     <span class='ocr_line' id='line_1_110' title="bbox 2033 4885 3607 4962; baseline -0.017 -2"><span class='ocrx_word' id='word_1_743' title='bbox 2033 4907 2252 4960; x_wconf 84' lang='lat' dir='ltr'><strong>tradens</strong></span> <span class='ocrx_word' id='word_1_744' title='bbox 2287 4915 2409 4954; x_wconf 86' lang='lat' dir='ltr'><strong>cum</strong></span> <span class='ocrx_word' id='word_1_745' title='bbox 2437 4898 2517 4950; x_wconf 85' lang='lat' dir='ltr'><strong>ira</strong></span> <span class='ocrx_word' id='word_1_746' title='bbox 2558 4889 3021 4962; x_wconf 80' lang='lat' dir='ltr'><strong>gentiinsipienti,</strong></span> <span class='ocrx_word' id='word_1_747' title='bbox 3082 4885 3314 4953; x_wconf 83' lang='lat' dir='ltr'><strong>ducique</strong></span> <span class='ocrx_word' id='word_1_748' title='bbox 3372 4885 3607 4936; x_wconf 81' lang='lat' dir='ltr'><strong>scelera-</strong></span> 
     </span>
    </p>
   </div>
   <div class='ocr_carea' id='block_1_110' title="bbox 2032 4975 3618 5059">
    <p class='ocr_par' dir='ltr' id='par_1_110' title="bbox 2032 4975 3618 5059">
     <span class='ocr_line' id='line_1_111' title="bbox 2032 4975 3618 5059; baseline -0.015 -9"><span class='ocrx_word' id='word_1_749' title='bbox 2032 4997 2242 5051; x_wconf 87' lang='lat' dir='ltr'><strong>tissimo</strong></span> <span class='ocrx_word' id='word_1_750' title='bbox 2265 5005 2426 5059; x_wconf 84' lang='lat' dir='ltr'><strong>super</strong></span> <span class='ocrx_word' id='word_1_751' title='bbox 2497 5001 2688 5040; x_wconf 85' lang='lat' dir='ltr'><strong>omnes</strong></span> <span class='ocrx_word' id='word_1_752' title='bbox 2733 4983 3066 5037; x_wconf 86' lang='lat' dir='ltr'><strong>habitatores</strong></span> <span class='ocrx_word' id='word_1_753' title='bbox 3096 4988 3275 5033; x_wconf 75' lang='lat' dir='ltr'><strong>terrae.</strong></span> <span class='ocrx_word' id='word_1_754' title='bbox 3350 4975 3618 5042; x_wconf 72' lang='lat' dir='ltr'><strong>Nuucque</strong></span> 
     </span>
    </p>
   </div>
   <div class='ocr_carea' id='block_1_111' title="bbox 2032 5065 3611 5152">
    <p class='ocr_par' dir='ltr' id='par_1_111' title="bbox 2032 5065 3611 5152">
     <span class='ocr_line' id='line_1_112' title="bbox 2032 5065 3611 5152; baseline -0.018 -10"><span class='ocrx_word' id='word_1_755' title='bbox 2032 5088 2198 5143; x_wconf 89' lang='lat' dir='ltr'><strong>etiam</strong></span> <span class='ocrx_word' id='word_1_756' title='bbox 2232 5083 2374 5152; x_wconf 86' lang='lat' dir='ltr'><strong>quod</strong></span> <span class='ocrx_word' id='word_1_757' title='bbox 2407 5079 2500 5133; x_wconf 66' lang='lat' dir='ltr'><strong>irae</strong></span> <span class='ocrx_word' id='word_1_758' title='bbox 2527 5075 2804 5130; x_wconf 86' lang='lat' dir='ltr'><strong>residuum</strong></span> <span class='ocrx_word' id='word_1_759' title='bbox 2840 5079 2944 5135; x_wconf 87' lang='lat' dir='ltr'><strong>est,</strong></span> <span class='ocrx_word' id='word_1_760' title='bbox 2981 5084 3049 5123; x_wconf 91' lang='lat' dir='ltr'><strong>ne</strong></span> <span class='ocrx_word' id='word_1_761' title='bbox 3088 5077 3210 5138; x_wconf 80' lang='lat' dir='ltr'><strong>pust</strong></span> <span class='ocrx_word' id='word_1_762' title='bbox 3245 5067 3457 5136; x_wconf 73' lang='lat' dir='ltr'><strong>plagam</strong></span> <span class='ocrx_word' id='word_1_763' title='bbox 3488 5065 3611 5132; x_wconf 81' lang='lat' dir='ltr'><strong>qui-</strong></span> 
     </span>
    </p>
   </div>
   <div class='ocr_carea' id='block_1_112' title="bbox 2030 5155 3600 5241">
    <p class='ocr_par' dir='ltr' id='par_1_112' title="bbox 2030 5155 3600 5241">
     <span class='ocr_line' id='line_1_113' title="bbox 2030 5155 3600 5241; baseline -0.018 -6"><span class='ocrx_word' id='word_1_764' title='bbox 2030 5179 2154 5235; x_wconf 83' lang='lat' dir='ltr'><strong>dem</strong></span> <span class='ocrx_word' id='word_1_765' title='bbox 2184 5191 2250 5229; x_wconf 83' lang='lat' dir='ltr'><strong>ex</strong></span> <span class='ocrx_word' id='word_1_766' title='bbox 2275 5170 2515 5241; x_wconf 87' lang='lat' dir='ltr'><strong>periculo</strong></span> <span class='ocrx_word' id='word_1_767' title='bbox 2541 5167 2782 5231; x_wconf 84' lang='lat' dir='ltr'><strong>cautius,</strong></span> <span class='ocrx_word' id='word_1_768' title='bbox 2811 5163 2986 5218; x_wconf 88' lang='lat' dir='ltr'><strong>sicubi</strong></span> <span class='ocrx_word' id='word_1_769' title='bbox 3028 5160 3320 5232; x_wconf 74' lang='lat' dir='ltr'><strong>vestigium</strong></span> <span class='ocrx_word' id='word_1_770' title='bbox 3381 5155 3600 5222; x_wconf 64' lang='lat' dir='ltr'><strong>aliquod</strong></span> 
     </span>
    </p>
   </div>
   <div class='ocr_carea' id='block_1_113' title="bbox 2037 5247 3676 5340">
    <p class='ocr_par' dir='ltr' id='par_1_113' title="bbox 2037 5247 3676 5340">
     <span class='ocr_line' id='line_1_114' title="bbox 2037 5247 3676 5340; baseline -0.02 -15"><span class='ocrx_word' id='word_1_771' title='bbox 2037 5267 2189 5340; x_wconf 85' lang='lat' dir='ltr'><strong>pacis</strong></span> <span class='ocrx_word' id='word_1_772' title='bbox 2217 5266 2481 5334; x_wconf 87' lang='lat' dir='ltr'><strong>reliquum</strong></span> <span class='ocrx_word' id='word_1_773' title='bbox 2515 5257 2834 5323; x_wconf 81' lang='lat' dir='ltr'><strong>est,clidere</strong></span> <span class='ocrx_word' id='word_1_774' title='bbox 2856 5271 2918 5310; x_wconf 85' lang='lat' dir='ltr'><strong>ac</strong></span> <span class='ocrx_word' id='word_1_775' title='bbox 2950 5264 3231 5310; x_wconf 84' lang='lat' dir='ltr'><strong>conterere</strong></span> <span class='ocrx_word' id='word_1_776' title='bbox 3262 5251 3418 5304; x_wconf 68' lang='lat' dir='ltr'><strong>avizle</strong></span> <span class='ocrx_word' id='word_1_777' title='bbox 3460 5247 3610 5304; x_wconf 46' lang='lat' dir='ltr'><strong>cosi-</strong></span> <span class='ocrx_word' id='word_1_778' title='bbox 3671 5257 3676 5260; x_wconf 93' lang='grc'>·</span> 
     </span>
    </p>
   </div>
   <div class='ocr_carea' id='block_1_114' title="bbox 2035 5337 3622 5428">
    <p class='ocr_par' dir='ltr' id='par_1_114' title="bbox 2035 5337 3622 5428">
     <span class='ocr_line' id='line_1_115' title="bbox 2035 5337 3622 5428; baseline -0.017 -14"><span class='ocrx_word' id='word_1_779' title='bbox 2035 5337 2178 5425; x_wconf 79' lang='lat' dir='ltr'><strong>taus,</strong></span> <span class='ocrx_word' id='word_1_780' title='bbox 2202 5370 2402 5428; x_wconf 87' lang='lat' dir='ltr'><strong>quanta</strong></span> <span class='ocrx_word' id='word_1_781' title='bbox 2435 5353 2560 5408; x_wconf 89' lang='lat' dir='ltr'><strong>licet</strong></span> <span class='ocrx_word' id='word_1_782' title='bbox 2596 5348 2928 5420; x_wconf 88' lang='lat' dir='ltr'><strong>itnpu-lentia</strong></span> <span class='ocrx_word' id='word_1_783' title='bbox 2951 5348 3263 5407; x_wconf 86' lang='lat' dir='ltr'><strong>submovet,</strong></span> <span class='ocrx_word' id='word_1_784' title='bbox 3283 5341 3435 5410; x_wconf 76' lang='lat' dir='ltr'><strong>plena</strong></span> <span class='ocrx_word' id='word_1_785' title='bbox 3463 5337 3622 5389; x_wconf 57' lang='lat' dir='ltr'><strong>svili~</strong></span> 
     </span>
    </p>
   </div>
   <div class='ocr_carea' id='block_1_115' title="bbox 2035 5427 3622 5514">
    <p class='ocr_par' dir='ltr' id='par_1_115' title="bbox 2035 5427 3622 5514">
     <span class='ocr_line' id='line_1_116' title="bbox 2035 5427 3622 5514; baseline -0.018 -6"><span class='ocrx_word' id='word_1_786' title='bbox 2035 5464 2121 5508; x_wconf 89' lang='lat' dir='ltr'><strong>cet</strong></span> <span class='ocrx_word' id='word_1_787' title='bbox 2151 5427 2302 5514; x_wconf 68' lang='lat' dir='ltr'><strong>rixae,</strong></span> <span class='ocrx_word' id='word_1_788' title='bbox 2341 5449 2714 5514; x_wconf 85' lang='lat' dir='ltr'><strong>tumultusque</strong></span> <span class='ocrx_word' id='word_1_789' title='bbox 2742 5458 2805 5497; x_wconf 87' lang='lat' dir='ltr'><strong>ac</strong></span> <span class='ocrx_word' id='word_1_790' title='bbox 2835 5442 2974 5494; x_wconf 89' lang='lat' dir='ltr'><strong>alius</strong></span> <span class='ocrx_word' id='word_1_791' title='bbox 3031 5437 3209 5492; x_wconf 88' lang='lat' dir='ltr'><strong>omnis</strong></span> <span class='ocrx_word' id='word_1_792' title='bbox 3245 5427 3622 5486; x_wconf 55' lang='lat' dir='ltr'><strong>immunditia}</strong></span> 
     </span>
    </p>
   </div>
   <div class='ocr_carea' id='block_1_116' title="bbox 2037 5524 3613 5611">
    <p class='ocr_par' dir='ltr' id='par_1_116' title="bbox 2037 5524 3613 5611">
     <span class='ocr_line' id='line_1_117' title="bbox 2037 5524 3613 5611; baseline -0.017 -13"><span class='ocrx_word' id='word_1_793' title='bbox 2037 5543 2411 5611; x_wconf 85' lang='lat' dir='ltr'><strong>circumagens</strong></span> <span class='ocrx_word' id='word_1_794' title='bbox 2461 5538 2732 5608; x_wconf 80' lang='lat' dir='ltr'><strong>dogmata.</strong></span> <span class='ocrx_word' id='word_1_795' title='bbox 2767 5533 2931 5587; x_wconf 71' lang='lat' dir='ltr'><strong>im&#39;ue</strong></span> <span class='ocrx_word' id='word_1_796' title='bbox 2968 5527 3117 5582; x_wconf 82' lang='lat' dir='ltr'><strong>orbis</strong></span> <span class='ocrx_word' id='word_1_797' title='bbox 3170 5524 3438 5578; x_wconf 86' lang='lat' dir='ltr'><strong>theatrum</strong></span> <span class='ocrx_word' id='word_1_798' title='bbox 3486 5531 3613 5588; x_wconf 54' lang='lat' dir='ltr'><strong>pro,</strong></span> 
     </span>
    </p>
   </div>
  </div>
