4056 6266
395 225 502 294 671

1552 231 1882 294 JOANNIS
1914 230 2483 296 εΥΡΑΒιδδιΟΤίΕ

3542 237 3655 302 672

400 338 718 397 dueens.Ad
739 354 861 411 qua:
884 353 984 396 nos
1012 340 1174 395 etiam
1206 354 1331 397 cum
1365 341 1549 397 multis
1571 343 1854 414 beatisque
1889 347 1966 399 vi-

2098 347 2209 417 ιρῢς
2262 350 2407 418 ἅπερ
2455 352 2552 403 καὶ
2596 350 2760 418 ἡμεῖς
2793 348 2932 418 μετά
2974 349 3188 403 πολλῶν
3214 349 3311 403 καὶ
3357 352 3650 421 μακαρίων

393 433 493 495 ris,
514 431 947 503 quandoquidem
967 439 1376 500 persecutorum
1398 434 1633 489 strueita
1654 436 1810 490 nobis
1824 452 1972 491 com-

399 531 647 590 paratum
685 531 789 585 est,
815 534 873 576 ut
903 525 1079 578 omnis
1111 525 1270 579 nobis
1315 525 1577 582 libertatis
1624 528 1697 583 sit
1757 528 1967 583 abolita

397 613 647 677 occasio,
691 614 939 682 privatim
967 624 1167 671 nostrae
1184 617 1397 686 pietatis
1416 633 1605 685 causa,
1634 634 1696 673 ac
1716 620 1833 686 ejus
1853 635 1973 685 (mae

399 705 530 759 olim
567 693 1386 775 ﬂoruit,pacispdefeusiunem
1439 710 1725 766 instituere
1786 728 1969 782 opera:

403 796 632 865 pretium
665 797 921 851 duximus
956 814 976 853 :
1012 816 1209 870 nempe
1249 802 1462 871 judices
1488 805 1821 873 appellantes
1874 822 1974 861 nu-

405 900 534 944 stra:
564 887 730 965 hujus
780 889 1131 958 defensionis,
1180 894 1355 963 quiin
1395 907 1672 961 posterum
1716 898 1971 969 legerint,

402 989 458 1033 et
486 981 912 1052 uniuscujusque
956 991 1191 1039 mentem
1245 998 1581 1055 sensuraque
1609 987 1970 1057 dispexerint.

405 1071 482 1125 Ex
519 1071 587 1127 iis
621 1083 802 1127 autem
835 1089 956 1142 quae
981 1089 1043 1129 ex
1078 1075 1230 1130 libris
1264 1075 1501 1133 Palamze
1552 1079 1781 1135 collecta
1834 1096 1962 1146 pro-

403 1162 674 1227 ducimus,
703 1161 864 1219 facile
940 1166 1246 1232 intelligant
1276 1168 1369 1235 qui
1425 1169 1710 1236 diligenter
1761 1172 1971 1228 rimen-

406 1264 512 1318 tur,
550 1257 769 1323 quinam
790 1268 903 1310 tum
930 1255 1178 1321 Dei,tum
1208 1268 1394 1328 nostra
1414 1262 1630 1328 repulsa
1658 1277 1813 1331 pace.
1838 1278 1973 1318 cou-

406 1356 486 1399 tra
518 1362 583 1401 ac
602 1346 807 1404 Christi
838 1349 1140 1404 rationibus
1166 1351 1336 1414 sedet,
1365 1353 1566 1407 sentire
1596 1355 1762 1409 velint
1813 1364 1976 1425 atque

407 1439 607 1494 vivere.
641 1438 880 1507 Pugnam
912 1440 1057 1494 enim
1089 1456 1278 1497 eorum
1307 1459 1428 1513 qua?
1458 1444 1509 1496 iu
1547 1446 1656 1499 De-t
1703 1448 1972 1502 naturalia

407 1539 555 1595 sunt,
591 1529 1098 1586 irreconeiliabilem
1146 1533 1651 1606 implacabilemque
1711 1536 1981 1595 adversus

408 1618 649 1671 divinam
684 1618 803 1687 ejus
830 1618 1157 1688 beatamque
1187 1621 1481 1676 essentiam
1549 1624 1970 1694 constituentes,

2079 440 2313 507 ἀνδρῶν,
2349 441 2536 511 ἐπειδὴ
2574 443 2670 495 καὶ
2714 442 2872 495 τοῦτο
2918 441 3161 511 μελῆσαν
3198 444 3315 505 τοῖς
3363 443 3643 506 διώκταις,

2076 531 2187 592 πᾶς
2231 532 2365 598 ἡμῖν
2412 531 2749 599 ἀπελήλατιι
2798 529 2990 596 καιρὸς
3026 530 3366 599 παρρησίας,
3413 529 3518 598 ἰδίᾳ
3547 528 3645 595 τῆ,

2078 623 2237 690 ἡμῶν
2272 622 2553 684 εὐσεϐείας
2582 622 2791 685 εἵνεκα,
2819 623 2914 675 καὶ
2957 623 3059 689 τῆς
3098 621 3310 675 ἄνωθεν
3352 620 3648 691 πρεσϐευοο

2083 711 2252 780 μένης
2293 712 2520 781 είρήνης
2552 711 2939 778 ἀπολογεῖσθαι
2985 711 3096 763 δεῖν
3139 709 3387 779 ἔγνωμεν
3413 725 3425 740 ·
3457 710 3651 778 κριτὰς

2077 802 2251 871 δήπου
2278 842 2294 866 ,
2331 804 2458 865 τοὺς
2503 803 2792 872 ἐσύστερον
2840 802 3073 864 διιόντας
3121 802 3215 854 καὶ
3264 799 3364 870 τὴν
3410 801 3649 854 ’ἑκάστου

2079 892 2319 947 δ.άνοιαν
2353 894 2657 957 συνιόντας,
2687 892 2789 961 τῆς
2836 892 2994 961 ἡμῶν
3037 890 3338 957 ἀπολογίας
3389 891 3652 959 αἱρούμε-

2082 1002 2189 1039 νοι.
2227 985 2350 1054 Ἀφ’
2373 977 2449 1038 ὧν
2474 983 2520 1039 δ’
2551 986 2614 1038 ἐκ
2641 984 2751 1039 τῶν
2790 982 2886 1035 τοῦ
2940 982 3174 1051 Παλαμᾶ
3226 981 3449 1051 βιϐλίων
3478 997 3654 1033 συνει-

2080 1076 2305 1144 λοχότες
2349 1076 2685 1146 προάγομεν,
2717 1072 2988 1141 εὖληπτον
3033 1076 3147 1136 τοῖς
3199 1072 3317 1142 μετ’
3364 1071 3658 1141 ἀκριϐείας,

2081 1166 2416 1231 ἐξετάζουσι,
2447 1166 2590 1230 τινες
2636 1166 2703 1221 ἂν
2735 1163 2845 1219 είεν
2876 1165 2928 1219 οἱ
2976 1165 3075 1233 τὴν
3113 1166 3341 1234 εἰρήνην
3390 1165 3484 1217 καὶ
3514 1163 3651 1215 Θεοῦ

2081 1260 2176 1311 καὶ
2216 1261 2373 1328 ἡμῶν
2413 1260 2844 1328 ἀποστήσαντες,
2879 1256 3382 1311 ἀντιπολιτεύεσθαι
3430 1254 3654 1325 Χριστῴ

2082 1350 2202 1404 λίαν
2247 1349 2563 1417 ἐπισξαλῶς
2608 1348 2840 1414 ἀξιοῦσι.
2885 1348 3082 1418 Μάχην
3111 1347 3220 1417 γάρ
3254 1345 3366 1398 τῶν
3399 1348 3458 1398 ἐν
3504 1346 3654 1415 αύτῷ

2083 1443 2332 1513 φυσικῶν
2383 1440 2707 1511 ἀσύμϐατον
2755 1442 2851 1495 καὶ
2904 1437 3137 1505 εκυυλον
3182 1437 3326 1490 κατὰ
3367 1436 3469 1504 τῆς
3501 1435 3653 1497 θείας

2082 1535 2248 1591 αὑτοῦ
2281 1535 2376 1588 καὶ
2418 1533 2696 1603 μακαρίας
2726 1531 3124 1601 ἐνστησάμενοι
3148 1529 3358 1594 οὐσίας,
3399 1529 3652 1582 κάκεῖθεν

2084 1629 2163 1692 είς
2194 1628 2343 1698 ἡμᾶς
2378 1627 2575 1689 αὐτοὺς
2603 1627 2665 1678 τὸ
2696 1623 2869 1681 δεινὸν
2898 1623 3339 1685 διαϐιϐάσαντες,
3370 1622 3651 1690 νομίζουσι

406 1717 571 1776 Itque
604 1707 729 1762 inde
761 1709 812 1764 in
845 1724 944 1764 nos
980 1709 1130 1778 ipsos
1160 1712 1362 1766 malum
1387 1712 1754 1779 traducentes,
1786 1715 1898 1772 Deo
1914 1691 1975 1774 se

2098 1691 2599 1789 λελειτουργηκέναι
2640 1720 2709 1770 τὰ
2743 1718 3025 1787 πρέποντα
3051 1730 3067 1746 ⁶
3100 1717 3196 1769 καὶ
3238 1715 3430 1783 ὥσπερ
3464 1717 3514 1767 οί
3559 1716 3655 1768 πό-

411 1797 729 1867 obsequium
761 1799 956 1853 merito
981 1801 1300 1868 praestitisse
1333 1801 1644 1859 existimant
1685 1820 1701 1860 :
1738 1821 1805 1862 ac
1834 1809 1984 1863 velut

412 1890 502 1959 qui
534 1889 723 1943 urbem
771 1904 1080 1959 expugnare
1125 1903 1398 1963 satagunt.
1432 1894 1553 1965 ejus
1604 1896 1756 1965 prius
1800 1914 1981 1954 arcent

409 1977 817 2047 aggrediuntur,
833 1979 995 2049 inque
1011 1995 1129 2034 eam
1150 1982 1405 2037 continue
1422 1996 1679 2053 rumpunt
1700 1986 1956 2061 impetum
1966 2029 1991 2056 ,.

416 2068 650 2124 interdiu
690 2079 960 2141 noctuque
990 2071 1323 2128 instruentes
1355 2074 1624 2143 insidias;
1661 2078 1802 2131 haud
1834 2079 1988 2133 aliter

415 2173 519 2213 nec
547 2159 758 2215 minora
782 2161 1070 2216 machinati
1093 2171 1242 2227 sunt,
1275 2165 1365 2232 qui
1412 2181 1556 2220 nunc
1599 2168 1749 2237 pacis
1779 2168 1985 2224 inimici

420 2256 572 2315 amt,
598 2259 653 2305 et
682 2260 742 2306 ut
765 2253 914 2306 omni
948 2266 1069 2306 eam
1084 2254 1291 2309 Christi
1324 2254 1563 2311 Ecclesia
1607 2258 1981 2319 eliminarent.

420 2341 684 2396 insulsam
717 2342 859 2397 hanc
888 2343 1208 2398 deliriorum
1250 2346 1440 2401 silvam
1475 2347 1889 2411 adinvenerunt.
1918 2352 1985 2405 ad

422 2429 779 2486 defectionem
810 2447 840 2485 a
876 2431 986 2487 Deo
1008 2432 1334 2503 faciendam,
1354 2437 1602 2508 hancque
1632 2439 1979 2499 abolendam.
2008 2496 2011 2501 ,

423 2531 482 2577 ut
510 2532 564 2578 et
590 2537 619 2576 a
649 2522 807 2578 nobis
829 2539 947 2579 eam
976 2524 1132 2580 facile
1156 2526 1428 2584 auferant.
1463 2530 1769 2599 Enimvero,
1797 2548 1988 2600 quem-

426 2612 720 2669 admodum
783 2612 1048 2672 Dominus
1092 2616 1197 2672 vita
1239 2627 1295 2674 et
1337 2619 1517 2674 lumen
1554 2630 1607 2675 et
1635 2622 1990 2678 veritas“re-

425 2706 684 2776 liquaque
714 2705 964 2762 laudatus
995 2716 1099 2773 est,
1121 2709 1202 2763 sic
1233 2709 1488 2764 nimirum
1551 2721 1603 2766 et
1634 2712 1771 2782 lapis
1805 2729 1980 2784 augu-

427 2797 586 2859 laris.
626 2804 680 2851 et
707 2797 845 2866 lapis
873 2796 1240 2854 oﬂ‘ensionis"
1266 2800 1333 2854 ab
1381 2800 1664 2871 Scriptura
1685 2806 2013 2874 appellatus.

426 2897 529 2943 est.
572 2888 706 2956 Quis
731 2905 861 2958 ergo
899 2891 1110 2944 tandem
1136 2891 1212 2947 illi
1271 2893 1599 2963 impingens,
1660 2912 1767 2950 non
1827 2909 1991 2967 caput

2085 1812 2169 1865 λιν
2197 1811 2339 1864 ἐλεῖν
2369 1810 2683 1880 βιαζόμενοι
2714 1808 2815 1877 τὴν
2845 1806 3146 1878 ἀκρόπολιν
3186 1807 3357 1875 αὐτῆς
3390 1807 3656 1874 πρότερον

2086 1900 2375 1969 κατασπᾷν
2429 1896 2787 1968 ἐπιχειροῦσι,
2838 1895 2929 1947 καὶ
2974 1894 3147 1965 ταύτῃ
3201 1894 3438 1962 συνεχῶς
3488 1910 3657 1962 προσ-

2090 1992 2409 2064 ρήγνυνται,
2444 1988 2664 2057 νύκτωρ
2695 1984 3147 2046 ἐπιϐουλεύοντες
3180 1984 3275 2036 καὶ
3310 1982 3655 2053 μεθημέραν,

2086 2081 2293 2134 τούτων
2336 2081 2436 2133 οὑκ
2465 2078 2694 2132 ἔλασσον
2724 2078 2885 2146 ἔσχον
2912 2078 2960 2130 οί
2990 2074 3085 2131 νῦν
3111 2075 3210 2143 τῆς
3242 2075 3464 2144 εἰρήνης
3495 2073 3657 2126 πολι-

2090 2187 2235 2243 μιοιο
2262 2171 2360 2224 καὶ
2388 2169 2590 2238 ταύτην
2607 2166 2924 2235 ἐξῶσαιτῆς
2946 2166 3040 2219 τοῦ
3068 2163 3304 2235 Χριστοῦ
3333 2163 3659 2233 Ἐκκλησίας

2089 2261 2511 2323 ἐσπουδακότες,
2566 2260 2660 2313 τὸν
2718 2258 3004 2326 ἀλόγιστον
3058 2255 3248 2309 τοῦτον
3310 2253 3503 2324 ὅμιλον
3551 2253 3657 2307 τῶν

2089 2352 2429 2424 ληρημάτων
2459 2350 2689 2420 ἀνεῦρον
2737 2351 2823 2413 είς
2852 2347 3194 2402 ἀποστασίαν
3221 2344 3380 2407 Θεοῦ,
3417 2345 3510 2397 καὶ
3534 2343 3659 2397 ταύ-

2091 2463 2188 2515 της
2219 2444 2566 2514 καθαίρεσιν,
2610 2442 2678 2496 ἵν’
2727 2440 2888 2511 ἡμῶν
2941 2439 3135 2511 ῥᾳδίως
3170 2439 3266 2492 καὶ
3294 2436 3501 2507 ταύτην
3551 2433 3664 2496 ἐξέ-

2090 2538 2276 2591 λωσιν.
2314 2537 2391 2591 Οὐ
2426 2536 2532 2606 μὴν
2565 2534 2681 2590 ἀλλ’
2727 2534 2915 2605 ὥσπερ
2953 2534 2982 2585 ὁ
3017 2532 3221 2603 Κύριος
3260 2530 3374 2601 ζωὴ
3404 2531 3497 2583 καὶ
3549 2528 3663 2596 φῶς

2092 2626 2187 2679 καὶ
2247 2625 2505 2696 ἀλήθεια,
2556 2628 2652 2679 καὶ
2707 2624 2867 2686 τᾶλλ’,
2902 2623 3233 2692 ἀνύμνηται,
3270 2618 3413 2674 οὕτω
3448 2619 3513 2687 δὴ
3568 2619 3663 2672 καὶ

2090 2716 2239 2779 λίθος
2295 2717 2713 2786 ἀκρογωνιαῖος,
2765 2713 2862 2769 καὶ
2917 2713 3093 2783 πέτρα
3136 2710 3567 2781 προσκόμματος
3597 2709 3663 2777 τῇ

2092 2808 2282 2878 Γραφῇ
2339 2808 2724 2877 προσείρηται,
2783 2805 2870 2866 τίς
2941 2802 3061 2856 ποτ’
3118 2802 3226 2870 ἄρα
3289 2799 3474 2852 λοιπὸν
3518 2796 3667 2865 αὐτῷ

2099 2900 2520 2972 προσαράττων,
2544 2899 2603 2951 οὐ
2643 2896 3063 2964 συντριϐήσεται
3093 2893 3190 2962 τὴν
3225 2891 3466 2960 κεφαλήν
3495 2907 3511 2955 ;
3545 2889 3665 2942 Κᾶν

428 2982 694 3037 conteret?
718 2981 1039 3050 Quanquam
1070 2983 1269 3052 aliquis
1287 2986 1474 3049 procul
1529 2987 1743 3057 sagittis
1803 3000 1990 3058 petere

2098 2990 2311 3061 βέλεσιν
2340 2986 2646 3057 ἐπιχειροίη
2692 2984 2987 3056 πόρρωθεν
3025 2982 3265 3052 βάλλειν,
3297 2981 3411 3049 ἔχει
3439 2980 3538 3048 τὴν
3570 2979 3667 3031 Βα-

426 3073 803 3143 aggrediatur,
855 3072 1196 3141 Babylonica:
1216 3073 1456 3131 fornacis
1485 3080 1754 3133 ﬂammam
1794 3083 1860 3136 ad
1915 3085 1994 3138 nl-

428 3165 744 3221 ciscendum
807 3166 1031 3221 habet".
1057 3165 1174 3220 Non
1206 3166 1348 3221 enim
1383 3183 1446 3222 ea
1479 3171 1531 3222 in
1554 3185 1650 3226 eos
1680 3176 1902 3236 exarsit,
1941 3176 1994 3229 in

431 3270 569 3323 quos
599 3269 825 3310 accensa
855 3261 971 3309 erat
980 3273 1020 3329 μς
1050 3256 1144 3311 sed
1193 3255 1367 3325 magis
1395 3255 1451 3309 in
1481 3272 1578 3312 eos
1605 3259 1763 3313 irruit
1792 3261 1883 3329 qui
1915 3261 1998 3315 in-

431 3349 746 3417 cenderant,
780 3365 845 3405 ac
865 3348 1183 3412 combussit.
1208 3346 1476 3403 Videntur
1498 3350 1632 3405 mihi
1675 3361 1730 3406 et
1785 3353 1999 3422 singula

432 3443 538 3499 tela
564 3443 703 3505 haec,
740 3442 796 3497 in
853 3443 1133 3497 mittentes
1187 3442 1388 3507 redire,
1452 3442 1674 3513 ictuque
1740 3446 2002 3502 validiore

429 3538 980 3607 percutere;_quanto
1014 3530 1273 3585 nimirum
1332 3534 1469 3586 duro
1528 3533 1764 3589 maxime
1825 3537 2001 3602 allisa,

431 3623 724 3680 violentius
757 3623 1144 3678 retunduntur.
1180 3623 1321 3689 Quid
1347 3623 1490 3677 enim
1524 3628 1694 3693 portis
1728 3627 1883 3683 inferi
1916 3629 2001 3683 in-

431 3712 801 3771 domahilius?
826 3711 1000 3767 IErca:
1038 3713 1180 3768 enim
1207 3723 1260 3767 et
1288 3714 1495 3775 ferrem,
1529 3730 1591 3769 ac
1620 3715 1840 3786 lapideae
1878 3718 2008 3771 ada-

437 3806 821 3877 tnantianue,
854 3820 921 3859 ac
982 3805 1027 3859 si
1091 3806 1218 3872 quid
1247 3807 1387 3867 aliud
1435 3806 1651 3861 infracti
1681 3809 1892 3862 roboris
1922 3820 2007 3865 est

436 3899 777 3968 appellantur
812 3898 854 3929 ¹⁹
894 3915 910 3964 ;
945 3907 997 3951 at
1036 3905 1212 3967 neque
1245 3897 1340 3952 has
1371 3898 1745 3964 prtevalituras
1803 3898 2001 3956 Clu-is—

435 3991 476 4043 ti
516 3989 796 4055 Ecclesiae,
822 3989 1075 4044 Christus
1104 3988 1482 4043 universorum
1536 3999 1702 4058 caput
1756 4004 1821 4045 ac
1850 3990 2004 4047 colu-

434 4094 558 4133 men
588 4080 837 4149 prmdixit
861 4080 928 4134 ¹⁹.

506 4172 656 4228 llaud
679 4188 804 4227 raro
824 4188 953 4227 sane
983 4169 1299 4241 permissum
1323 4178 1426 4231 est.
1449 4185 1556 4241 quo
1595 4172 1852 4226 nimirum
1877 4187 2006 4242 pro-

436 4265 586 4318 batio
618 4273 818 4317 nostra:
849 4263 970 4316 lidei
1001 4265 1256 4325 eluceret,
1286 4277 1350 4315 ac
1418 4250 1652 4329 prudens
1707 4263 2004 4332 dispensa-

2103 3082 2364 3136 ϐυλώνιον
2409 3081 2544 3150 πρὸς
2580 3077 2903 3147 ἐπιτίμησιν
2939 3077 3153 3145 φλόγα·
3191 3075 3252 3137 οὐ
3282 3074 3392 3144 γὰρ
3441 3072 3568 3125 καθ’
3594 3065 3671 3124 ὧν

2103 3171 2275 3244 ἧπται
2321 3174 2453 3243 δρᾷν
2499 3170 2863 3242 ἐγνωρίζετο·
2917 3170 3012 3222 ἐπὶ
3061 3167 3188 3231 τοὺς
3242 3166 3583 3226 ἀνάπτοντας
3614 3162 3672 3216 δὲ

2109 3266 2310 3336 μᾶλλον
2337 3264 2576 3332 διέτρεχε
2613 3262 2706 3315 καὶ
2741 3259 3068 3328 κατέφλεγε.
3102 3258 3262 3310 Δοκεῖ
3304 3273 3394 3323 μοι
3424 3254 3522 3307 καὶ
3564 3252 3673 3306 τῶν

2109 3356 2280 3426 βελῶν
2315 3353 2520 3407 τούτων
2549 3352 2784 3406 ἕκαστον
2830 3351 2925 3404 ἐπὶ
2959 3351 3052 3403 τὸν
3084 3345 3327 3420 βάλλοντ’
3363 3344 3672 3405 ἐπανιέναι,

2109 3448 2204 3500 καὶ
2258 3444 2585 3513 ἀπιπλῆξαι
2640 3442 3003 3512 σφοδρότερον
3039 3457 3052 3470 ·
3103 3438 3340 3509 παρόσον
3395 3436 3676 3502 ἀντιτύπῳ

2112 3540 2347 3609 μάλιστά
2380 3555 2442 3605 γε
2477 3536 2853 3608 προσαράξαν,
2892 3535 3196 3603 βιαιότερον
3244 3530 3673 3599 ἀντέστραπται.

2110 3631 2175 3682 Τί
2207 3630 2316 3700 γὰρ
2350 3629 2458 3682 τῶν
2490 3628 2583 3681 τοῦ
2615 3626 2744 3698 ᾅδου
2801 3624 2988 3679 πυλῶν
3039 3622 3475 3689 ἀναλωτότερονς
3533 3617 3675 3671 Χαλ-

2112 3725 2206 3775 καῖ
2235 3721 2344 3791 γὰρ
2373 3719 2471 3773 καὶ
2518 3719 2755 3789 σιδηραῖ,
2789 3717 2883 3770 καὶ
2925 3716 3116 3768 λίθινοι
3158 3712 3254 3766 καὶ
3301 3710 3675 3779 ἀδαμάντινοι,

2113 3815 2207 3867 καὶ
2243 3814 2349 3867 πᾶν
2390 3810 2671 3883 ἄρρηκτον
2722 3807 2851 3861 ἄλλο
2887 3803 3347 3874 κατονομάζονται
3374 3819 3386 3832 ·
3420 3800 3534 3853 ἀλλ’
3561 3797 3677 3851 οὺδέ

2113 3903 2314 3966 ταύτας
2373 3903 2728 3970 κατισχύσειν
2773 3900 2872 3968 τῆς
2926 3896 3018 3950 τοῦ
3067 3892 3307 3964 Χριστοῦ
3349 3889 3685 3961 Ἐκκλησίας

2113 3994 2349 4068 Χριστὸς
2381 3996 2412 4064 ή
2444 3993 2663 4047 πάντων
2698 3991 3077 4062 προηγόρευσε
3106 3984 3340 4055 κεφαλή.

2184 4168 2540 4242 Συνεχωρήθη
2575 4167 2673 4238 μὲν
2709 4164 2802 4229 οὖν
2831 4166 2886 4215 ἐν
2917 4161 3153 4221 πολλοῖς,
3189 4158 3275 4212 ἴνα
3321 4158 3386 4227 δὴ
3422 4155 3486 4208 τδ
3538 4152 3682 4207 δοκί-

2119 4283 2241 4338 μιον
2273 4264 2372 4334 τῆς
2408 4262 2641 4321 πίστεως
2665 4257 2824 4327 ἡμῶν
2865 4254 3136 4322 ἀναφανῇ,
3187 4251 3282 4303 καὶ
3344 4250 3372 4300 ὁ
3426 4247 3683 4338 φρόνιμος

441 4363 526 4407 tor
546 4355 888 4417 claresceret,
919 4360 976 4406 ut
1007 4353 1117 4420 lupi
1180 4352 1246 4406 ad
1308 4360 1522 4420 tempus
1569 4351 1737 4405 caulze
1775 4353 1992 4423 obrepe

2110 4336 2391 4426 οἰκονόμος
2446 4348 2757 4418 ἀναδειχθῇ,
2799 4345 2935 4415 προς
2976 4344 3164 4411 καιρὸν
3203 4336 3563 4407 ἐπιχωριάσαι
3618 4336 3685 4403 τῇ

440 4456 582 4511 rcut,
606 4453 658 4499 ct
688 4460 902 4517 gregem
927 4445 1252 4514 diSsiparent
1280 4455 1443 4513 atque
1457 4451 1661 4502 cortem
1705 4454 2002 4510 vastarent;

440 4554 550 4591 non
582 4546 765 4590 tamen
789 4538 840 4590 in
870 4537 1028 4590 linem
1054 4554 1227 4608 usque
1250 4555 1339 4595 res
1364 4541 1471 4596 illis
1495 4557 1557 4594 ex
1578 4539 1762 4593 animo
1827 4553 2007 4593 cesse-

440 4639 562 4677 runt
593 4640 607 4688 ;
648 4624 741 4677 sed
770 4628 1110 4690 pereuntium
1143 4628 1447 4682 animarum
1488 4645 1654 4697 prope
1706 4628 2001 4683 cruoribus

358 4768 359 4771 η
440 4715 599 4777 ebrii,
634 4715 814 4768 statim
848 4716 1051 4785 dirupti
1087 4728 1234 4784 sunt,
1287 4722 1404 4775 suis
1469 4720 1713 4789 ipsorum
1751 4719 2001 4789 impediti

444 4806 721 4862 funiculis.
756 4807 1057 4879 Singularis
1094 4827 1369 4883 propeque
1406 4816 1683 4869 inauditus
1742 4815 1899 4869 visus
1936 4812 2004 4866 il.

442 4898 619 4952 lnrum
676 4914 856 4954 casus.
890 4902 966 4955 Ac
999 4901 1215 4971 quidem
1262 4904 1481 4974 longum
1534 4905 1675 4959 haud
1700 4919 1823 4958 raro
1877 4913 2012 4959 tem-

445 5008 548 5061 pus
606 4992 720 5046 suis
748 4993 980 5063 gaudere
1003 4992 1367 5065 impietatibns
1403 4997 1653 5065 permissi
1695 5007 1843 5051 sunt.
1881 4995 2010 5065 Ejus

445 5087 661 5153 generis
692 5086 1206 5155 illnlolatria,auuos
1233 5099 1700 5159 trecentos,atque
1721 5091 1803 5144 his
1831 5089 2013 5157 plures

449 5187 575 5246 post
624 5178 1061 5245 praedicationem
1116 5182 1362 5236 libertate
1417 5182 1573 5236 fulta.
1635 5182 1764 5251 Ejus
1796 5181 2012 5250 generis

445 5269 645 5323 Ariana
675 5270 975 5340 nugacitas,
1005 5271 1591 5340 illonothelitarumque
1631 5274 1807 5341 inepta
1831 5273 2022 5340 loqua-

449 5361 587 5415 citas
618 5372 671 5416 et
705 5363 1185 5418 lcnuomacltorum
1240 5364 1416 5417 turba.
1455 5362 1630 5430 Supra
1664 5364 1805 5416 enim
1840 5379 2018 5418 annos

451 5456 777 5523 quingentos
827 5457 1171 5527 septuaginta
1210 5434 1495 5526 qumlibet~
1519 5455 1714 5508 harum
1743 5466 2016 5510 sectarum

531 5573 571 5600 ‘“
597 5572 621 5626 J
652 5589 753 5625 :au.
779 5588 889 5631 xw.
922 5574 975 5630 6.
999 5589 1069 5637 ix,
1100 5573 1152 5627 5.

459 5639 507 5672 '°
542 5643 732 5695 Matth.
768 5643 997 5705 “1,18.

1270 5572 1434 5627 “lsa.
1471 5588 1658 5639 xx‘nt,
1695 5573 1790 5636 16;
1831 5575 1848 5625 l
1888 5572 2027 5627 l‘ctr.
2068 5572 2209 5639 ",6;
2272 5572 2429 5625 Rom.
2462 5585 2535 5629 Ix.
2574 5567 2657 5621 55.

2116 4449 2328 4520 μάνδρᾳ.
2379 4446 2503 4506 τοὺς
2554 4441 2776 4503 λύκους,
2833 4438 2927 4488 καὶ
2976 4435 3038 4487 τὸ
3080 4432 3328 4501 ποίμνιον
3392 4428 3688 4482 διασπάσαι

2116 4544 2211 4598 καὶ
2235 4539 2504 4607 πορθῆσαι
2541 4535 2639 4602 τὴν
2684 4529 2915 4583 ἔπαυλιν
2950 4542 2965 4556 ·
3023 4527 3123 4578 οὐκ
3171 4526 3251 4587 εἰς
3302 4522 3453 4584 τέλος
3506 4520 3688 4579 αὐτοῖς

2120 4636 2302 4706 μέντοι
2363 4629 2503 4683 κατὰ
2554 4624 2755 4678 σκοπὸν
2810 4621 2968 4689 ἐξέϐη
3027 4620 3096 4671 τὰ
3143 4616 3442 4706 πράγματα
3528 4612 3692 4706 μεθη-

2120 4702 2337 4784 σθέντες
2363 4722 2408 4774 δ’
2436 4719 2626 4783 ὥσπερ
2656 4714 2732 4783 τῷ
2775 4713 2884 4767 τῶν
2912 4709 3305 4777 ἀπολλυμένων
3355 4703 3544 4774 ψυχῶν
3603 4702 3690 4755 αῖ-

2119 4832 2269 4886 ματι,
2298 4809 2463 4865 αὑτοῦ
2492 4827 2592 4860 που
2640 4805 3028 4874 διεῤῥάγησαν,
3061 4801 3172 4862 τοῖς
3208 4798 3428 4861 οἰκείοις
3480 4813 3691 4865 συμπο-

2115 4902 2383 4963 δισθέντες
2413 4898 2677 4968 ἅρμασιν.
2722 4893 2991 4957 Ἐξιίσιον
3043 4891 3103 4943 τὸ
3135 4888 3258 4942 κατ’
3321 4886 3520 4942 αὐτοὺς
3567 4887 3693 4938 ἁνα-

2117 4995 2283 5064 φανὲν
2349 4990 2571 5058 πτῶμα.
2624 4987 2733 5040 Καὶ
2788 4984 2979 5054 χρόιον
3036 4981 3134 5052 μὲν
3184 4981 3378 5050 συχνὸν
3435 4977 3692 5038 πολλάκις

2120 5082 2527 5154 ἐπεντρυφῆσαι
2550 5080 2668 5140 ταῖς
2707 5074 2914 5128 ἑαυτῶν
2950 5072 3229 5134 ἀσεϐείαις
3256 5069 3543 5139 εἰάθησαν.
3568 5065 3690 5120 Tat-

2121 5176 2276 5230 οῦτον
2296 5174 2404 5244 γὰρ
2434 5168 2867 5237 είδωλολατρεία,
2897 5167 2989 5219 ἐπὶ
3019 5162 3369 5232 τριακοσίους
3403 5162 3496 5214 καὶ
3559 5160 3694 5229 πρὸς

2125 5269 2263 5340 μετὰ
2293 5268 2352 5321 τδ
2375 5267 2635 5336 κήρυγμα
2678 5259 3184 5333 παρρησιασαμὲνη
3235 5257 3365 5319 τοὺς
3421 5254 3647 5324 χρόνους
3677 5267 3692 5283 ⁶

2120 5362 2358 5416 τοιοῦτον
2387 5361 2603 5429 Ἀρειος
2636 5352 2891 5424 φλυαρία.
2926 5352 3019 5405 καὶ
3064 5352 3097 5420 ἡ
3150 5347 3261 5401 τῶν
3312 5343 3697 5412 Μονοθελητῶν

2123 5455 2447 5523 ἀδολεσχία,,
2488 5452 2581 5504 καὶ
2627 5449 2654 5501 ό
2684 5446 2792 5499 τῶν
2848 5443 3231 5512 Είκονομάχων
3278 5439 3486 5507 ὅμιλος.
3523 5434 3697 5506 ’Υπὲρ

2745 5564 2784 5595 ¹⁸
2817 5562 2950 5615 Dan.
2984 5575 3067 5625 ιιι,
3097 5557 3186 5613 33.
3265 5558 3308 5589 ”
3351 5554 3456 5610 lsa.
3492 5569 3613 5619 xu,
3639 5551 3725 5606 2.,
