4096 6292
419 394 523 461 673

1189 386 1818 451 PALA‘a-llTlCARUM
1851 387 2000 446 TRA
2015 384 2151 444 ΝΞΟ
2166 382 2607 445 RESSIONUM
2639 387 2860 446 LlBElt
2876 431 2892 449 .

3571 384 3674 446 ΝΜ

421 513 528 581 γὰρ
552 508 880 575 πεντῆκοντα
910 506 1003 559 καὶ
1063 503 1430 572 ἑϐδομήκοντα
1500 502 1706 553 τούτων
1759 501 1990 553 ἕκαστον

2098 499 2284 568 viguit,
2314 499 2630 569 Christique
2661 500 2959 555 Ecclesiam
3019 499 3319 571 grassando
3351 499 3624 554 infestavit
3655 516 3672 554 :

423 601 764 656 ἐπολίτευσεν
790 598 904 666 ἔτη,
965 599 1056 650 καὶ
1092 595 1401 665 κατέδραμε
1441 593 1537 662 τὴν
1597 592 1691 645 τοῦ
1751 591 1991 660 Χριστοῦ

435 689 764 758 Ἐκκλησίαν
794 703 808 719 ο
840 686 1103 756 αἰφνίδιον
1139 686 1184 738 δ’
1213 685 1362 752 ὅμως
1401 677 1537 752 ἧκεν
1574 682 1661 735 ἐπ’
1704 683 1902 743 αὐτοὺς
1958 683 1992 750 ἡ

424 781 569 848 δίκη,
613 781 706 832 καὶ
727 776 822 830 νῦν
854 777 963 830 οὐδ’
995 777 1131 830 εἰσὶν
1183 778 1316 830 ὅπου
1347 771 1724 844 γνωρίζονται.
1784 769 1994 825 Οὔκουν

427 887 489 938 γε
521 869 706 922 λοιπὸν
735 868 842 921 οὐδ’
871 869 919 920 οί
946 869 1186 937 τήμερον
1228 865 1582 936 Θορυϐοῦντες
1617 863 1710 916 ἐπὶ
1736 861 1870 913 πολὺ
1895 859 1994 926 τὴν

424 960 616 1030 ἡδονὴν
649 959 1051 1030 καρπώσονται,
1099 958 1206 1010 οὐδ’
1239 960 1319 1021 είς
1369 958 1520 1018 τέλος
1570 954 1994 1022 ὲπιλησθήσεται

423 1053 455 1120 ή
484 1050 591 1104 τῶν
619 1051 862 1118 πενήτων
882 1049 1148 1118 ὑπομονὴ,
1179 1047 1289 1101 οὐδ’
1339 1046 1512 1116 ἀργὴν
1570 1047 1718 1098 ὲάσει
1763 1043 1998 1119 Χριστὸς¹

423 1141 521 1208 τὴν
554 1138 745 1208 pasam
770 1138 880 1190 τῶν
903 1139 1118 1206 κλήρων
1149 1137 1313 1190 αὐτοῦ
1344 1153 1356 1166 ·
1392 1137 1506 1189 ἀλλ’
1547 1137 1580 1205 ἢ
1636 1135 1870 1204 παντελῆ
1903 1136 1995 1188 τὸν

422 1229 643 1298 ὄλεθρον
677 1229 773 1280 σὺν
817 1231 928 1289 τοῖς
989 1228 1346 1296 κακοδαίμοσι
1389 1227 1656 1278 τουτοισὶν
1704 1225 1996 1289 ὲξανιστῶν

423 1321 567 1388 ἡμᾶς
605 1321 698 1372 καὶ
734 1322 984 1387 μετάγων
1009 1324 1086 1382 εἰς
1137 1319 1364 1388 ἀτίμους
1419 1318 1768 1388 κληρουχίας.
1823 1334 1994 1369 κατα·

422 1413 630 1479 στήσει,
657 1411 908 1479 καθάπερ
948 1412 1041 1464 καὶ
1074 1411 1164 1464 τὸν
1211 1411 1483 1462 Ἰουδαίων
1517 1410 1646 1460 λαὸν
1705 1408 1990 1477 πρότερον,

419 1501 863 1569 εἰδωλαλοτρείας
887 1503 1068 1563 αὐτοῖς
1091 1501 1300 1554 ἔκτισιν
1328 1503 1426 1568 τὴν
1449 1499 1598 1569 παρὰ
1619 1501 1724 1552 τῶν
1739 1499 1994 1551 Βαὸυλωο

421 1593 547 1645 νίων
595 1596 688 1646 καὶ
758 1591 1025 1662 Ἑλλήνων
1086 1591 1402 1660 ἐπιμετρῶν
1466 1592 1776 1660 πόρθησιν·
1835 1591 1995 1659 ἢτὴν

421 1683 689 1750 κραταιὰν
727 1681 1016 1751 ὑπερσχὼν
1057 1680 1220 1732 αὑτοῦ
1249 1684 1428 1750 χεῖρα,
1458 1681 1583 1742 τοὺς
1619 1681 1720 1749 μὲν
1775 1680 1996 1731 ἀπώσε-

418 1791 509 1825 ται
535 1773 811 1842 ταρτάρου
863 1771 1306 1840 συγκατακλείων
1358 1772 1538 1841 βυθοῖς
1581 1785 1594 1800 °
1649 1773 1795 1840 ἡμᾶς
1840 1772 1884 1823 δ’
1935 1772 1995 1823 ὲν

2095 600 2313 657 repente
2339 587 2518 646 tamen
2550 594 2694 645 venit
2723 606 2889 660 super
2918 607 3011 647 eos
3044 593 3197 652 ultio,
3231 608 3316 646 ac'
3347 593 3529 649 modo.
3601 609 3671 644 ne

2092 695 2160 732 an
2193 681 2299 733 sint
2327 682 2541 748 quidem
2573 693 2895 736 noscuntur.
2921 682 3071 736 lland
3090 683 3232 736 enim
3263 697 3389 736 vero
3421 685 3511 752 qui
3533 697 3678 737 nunc

2091 773 2349 841 deinceps
2371 775 2589 828 turbant
2609 774 2932 837 Eeclesiam,
2955 775 3045 827 diu
3076 776 3416 844 multumque
3434 776 3556 829 inde
3576 792 3676 828 vo-

2095 865 2354 932 luptatem
2389 873 2627 928 sument,
2655 876 2748 919 aut
2785 867 2835 918 in
2865 867 3028 920 finem
3058 866 3324 932 patientia
3370 882 3671 933 pauperum

2097 954 2149 1007 iu
2179 954 2453 1010 oblivione
2481 957 2656 1014 erit".
2692 967 2785 1010 aut
2814 957 3066 1012 Christus
3093 957 3299 1023 virgam
3317 971 3538 1008 suarum
3560 957 3642 1006 lue
3661 985 3674 997 -

2096 1045 2384 1098 reditatum
2416 1061 2535 1100 esse
2557 1047 2789 1100 otiosam
2820 1046 2959 1100 sinet
2993 1061 3008 1111 ;
3042 1047 3136 1100 sed
3164 1055 3254 1098 aut
3311 1048 3538 1097 omnino
3589 1047 3672 1098 in.

2099 1136 2263 1190 teritu
2304 1137 2528 1202 delebit,
2561 1153 2684 1192 cum
2710 1139 3016 1192 istiusmodi
3051 1137 3454 1192 miserabilibus
3485 1153 3512 1188 a
3573 1155 3674 1190 no-

2097 1227 2226 1282 stris
2249 1243 2348 1283 nos
2381 1229 2623 1291 avolsos,
2653 1232 2718 1282 ad
2762 1230 3026 1298 ignobiles
3059 1232 3213 1283 sedes
3242 1229 3554 1288 traducens,
3586 1246 3678 1280 ve-

2097 1317 2178 1370 lttt
2215 1317 2378 1371 etiam
2420 1319 2574 1386 prius
2601 1319 2892 1373 Judaicum
2922 1322 3180 1388 populum
3209 1337 3224 1384 ;
3255 1321 3375 1388 ejus
3454 1322 3678 1397 sceleris

2097 1417 2258 1460 reatu
2285 1423 2393 1476 quo
2435 1408 2578 1462 idola
2638 1408 2911 1472 colebant,
2961 1409 3202 1463 civitatis
3258 1424 3320 1462 ac
3381 1411 3678 1477 provincim

2098 1499 2408 1570 Babyloniis
2439 1500 2753 1570 Grmcisque
2780 1511 2950 1557 erutae
2982 1517 3046 1556 ac
3082 1513 3325 1567 vastata‘,
3364 1519 3456 1556 eos
3516 1519 3676 1573 paena

2099 1593 2336 1646 multans
2370 1609 2384 1656 ;
2413 1601 2503 1645 aut
2535 1603 2678 1646 certe
2711 1593 2919 1646 sublata
2959 1604 3180 1662 potente
3213 1610 3372 1648 manu
3414 1611 3538 1660 sua,
3577 1595 3677 1647 bos

2099 1685 2317 1754 quidem
2342 1685 2524 1738 tartari
2561 1686 2673 1740 imo
2705 1685 2827 1738 sinu
2853 1686 3144 1740 concludet
3169 1705 3183 1749 ;
3208 1702 3305 1740 nos
3327 1701 3455 1740 vero
3479 1687 3532 1740 in
3553 1688 3679 1740 bra-

2099 1777 2224 1830 cltio
2252 1780 2471 1831 excelso
2495 1778 2562 1832 ab
2597 1779 2872 1846 impietate
2911 1779 3116 1846 pariter
3150 1793 3214 1831 ac
3244 1779 3561 1847 captivitate
3611 1781 3677 1831 Ii-

421 1865 665 1934 βραχίονι
719 1863 909 1933 ὑψηλῷ
983 1863 1233 1923 ἀσεϐείας
1280 1863 1414 1931 ὁμοῦ
1473 1864 1564 1914 καὶ
1623 1863 1990 1931 αἰχμαλωσίας

2099 1869 2337 1931 beratos,
2365 1871 2638 1937 prioribus
2671 1844 2943 1938 dogmatis
2967 1870 3170 1937 pariter
3189 1881 3240 1924 et
3261 1844 3672 1942 seinsibusjuri-

419 1957 674 2024 ὲξαίριυν,
721 1957 832 2016 τοῖς
882 1955 1148 2025 πρότερον
1187 1956 1583 2022 ὲγκαταστήσει
1633 1955 1724 2006 καὶ
1763 1955 1995 2022 δόγμασι

421 2049 513 2098 καὶ
541 2049 854 2115 φρονήμασι
887 2047 982 2098 καλ⁸
1007 2044 1392 2112 πολιτεύμασι.

493 2137 603 2189 Καὶ
634 2136 806 2189 ταῦτα
840 2137 937 2206 μὲν
970 2134 1423 2204 ὲλπιζέσθωηκαὶ
1456 2135 1584 2202 παρ’
1620 2135 1776 2206 ήμῶν
1827 2137 1996 2187 αιτείο

421 2231 534 2286 σθω
568 2233 630 2286 τὰ
653 2233 939 2302 κρείττονα
959 2235 1116 2299 ’,νυνὶ
1147 2232 1203 2284 δὲ
1230 2233 1518 2299 πειρατέον
1552 2231 1641 2283 τὸν
1668 2233 1823 2298 λόγον
1853 2231 1986 2295 διεξ-

419 2325 614 2390 ελθεῖν,
655 2325 752 2396 τὴν
778 2324 870 2376 τοῦ
907 2325 1102 2387 παντὸς
1148 2323 1470 2392 ὑπεροῦσιον
1497 2324 1988 2393 προστησαμένους

418 2413 664 2484 δύναμιν,
713 2415 852 2484 ὑπὲρ
873 2410 940 2486 ἦς
978 2416 1110 2484 ἡμῖν
1138 2414 1232 2466 καὶ
1260 2413 1430 2466 ταῦτα
1461 2415 1725 2483 τἰλμᾶται
1750 2433 1762 2444 ·
1792 2417 1993 2484 ἥκιστα

420 2508 521 2576 μὲν
557 2507 924 2576 βουλομένοις,
955 2508 1042 2560 διὰ
1099 2509 1159 2560 τὸ
1217 2508 1450 2576 χείλεσιν
1491 2509 1822 2578 ἀκαθάρτοις
1855 2507 1992 2560 Θεοῦ

422 2597 738 2666 μυστηρίων
769 2597 1063 2661 ἅπτεσθαι,
1102 2597 1444 2666 προάγεσθαι
1467 2612 1482 2627 ⁸
1525 2598 1586 2648 οὐ
1628 2603 1736 2666 μὴν
1764 2598 1808 2649 δ’
1843 2600 1990 2665 ἡστι-

421 2690 612 2741 νοσοῦν
646 2689 810 2757 ἄλλης
845 2691 1027 2740 εἵνεκα
1081 2689 1394 2758 φιλοτιμίας
1437 2691 1529 2742 τὸν
1577 2691 1733 2758 λόγον
1767 2707 1992 2760 προχει-

425 2781 754 2850 ριζομένοις,
813 2780 1200 2848 ἀπολογεῖσθαι
1245 2779 1302 2832 δὲ
1369 2781 1573 2849 μᾶλλον
1612 2782 1707 2834 ὑπ’
1752 2783 1994 2852 ἀνάγκης

425 2872 804 2940 ἐξαγομὲνοις.
839 2872 900 2922 ῐιῗι
937 2873 1013 2940 μὴ
1044 2874 1150 2938 γὰρ
1181 2865 1256 2924 ὧν
1299 2873 1482 2924 κακῶς
1515 2873 1804 2941 ἀκούομεν,
1840 2874 1996 2940 λόγον

426 2966 822 3030 παραχχοιμεν,
852 2963 1092 3030 ἑκάστης
1121 2962 1334 3032 ἡμέρας
1375 2963 1533 3032 δίκην
1573 2964 1836 3033 κήρυκος,
1889 2962 1984 3014 τοῦ

373 3050 380 3056 ’
424 3059 489 3109 τὰ
526 3056 736 3127 πονηρὰ
768 3056 922 3110 ταῦθ’
964 3058 1362 3126 ῦπερασπίζειν
1398 3058 1643 3127 δόγματα
1679 3059 1870 3127 μισθὸν
1895 3057 1993 3127 τὴν

2100 1976 2205 2031 que
2233 1963 2546 2032 reipublicar
2577 1977 2640 2017 ac
2673 1961 2912 2032 propriis
2944 1961 3208 2017 institutis
3240 1964 3512 2019 restituet.

2171 2141 2369 2196 Verum
2408 2141 2520 2196 hmc
2545 2142 2766 2212 quidem
2815 2153 3223 2215 exspectentur,
3262 2160 3325 2200 ac
3363 2161 3484 2215 quae
3549 2157 3679 2202 sunt

2098 2232 2379 2300 potiora,a
2415 2232 2574 2286 nobis
2622 2240 2909 2299 petantur:
2973 2249 3117 2286 nunc
3181 2249 3309 2287 vero
3365 2237 3674 2288 conandum

2095 2332 2178 2375 est
2209 2331 2265 2375 ut
2291 2337 2596 2375 sermonem
2631 2337 3000 2389 exsequamur
3028 2340 3042 2387 ;
3071 2325 3146 2376 rei
3173 2326 3353 2378 omnis
3393 2342 3456 2379 ac
3516 2328 3677 2380 moli-

2097 2412 2262 2467 tionis
2290 2428 2594 2481 attspteem,
2616 2415 3203 2481 StlpCl'Stlbsltlllllalclll
3275 2418 3535 2472 virtutem
3578 2435 3679 2472 no-

2098 2503 2180 2557 bis
2237 2513 2563 2566 statuentes,
2595 2502 2754 2570 enjus
2800 2506 2962 2558 etiam
2993 2507 3166 2573 gratia
3227 2506 3339 2558 haee
3388 2508 3676 2573 audemus,

2099 2595 2322 2648 minime
2352 2596 2572 2662 quidem
2610 2595 2710 2662 ipsi
2741 2604 2939 2662 sponte
2969 2611 3082 2648 rem
3142 2598 3544 2665 aggredientes,
3609 2615 3675 2653 ro

2097 2687 2241 2756 quod
2275 2688 2496 2756 pollutis
2559 2688 2719 2740 labiis
2769 2687 2856 2740 Dei
2916 2690 3239 2754 mysterium
3300 2691 3677 2760 attittgentluttt

2097 2792 2489 2843 assumamus;
2551 2780 2691 2833 baud
2731 2788 2916 2834 tamen
2973 2781 3137 2835 ullius
3189 2793 3450 2850 praetcrea
3501 2785 3678 2836 ambi-

2100 2869 2266 2924 tionis
2299 2885 2460 2923 causa
2503 2881 2782 2925 certamen
2833 2873 3112 2937 ineuntes,
3151 2875 3243 2928 sed
3303 2878 3448 2943 quod
3505 2877 3678 2942 magis

2099 2962 2424 3015 necessitate
2455 2963 2519 3016 ad
2552 2965 2994 3032 respondendum
3040 2980 3324 3035 cogamur.
3359 2967 3478 3021 Nisi
3528 2969 3674 3022 enim

2098 3069 2566 3124 eorntn.qttorum
2596 3055 2814 3108 nomine
2859 3055 2999 3110 male
3051 3058 3337 3123 audimus,
3409 3059 3674 3112 rationem

425 3147 716 3216 προεδρίαν
741 3147 1018 3216 λαχόντος,
1064 3148 1467 3217 ἐπιϐοωμένου,
1502 3152 1592 3201 καὶ
1644 3150 1990 3202 κατυποϐέιλ-

2101 3146 2524 3212 reddiderinttts,
2556 3165 2680 3202 ettm
2713 3150 2963 3218 quotidie
3024 3153 3292 3219 praeconis
3337 3169 3512 3218 more,
3581 3156 3676 3223 qui

418 3236 602 3297 λοντος
651 3239 801 3306 ἡμᾶς
842 3242 959 3302 ταῖς
1012 3239 1515 3309 παλαμναιοτάταις
1565 3243 1762 3311 ἀραῖ,,
1811 3244 1903 3294 καὶ
1938 3243 1992 3296 τί

421 3332 520 3402 μὲν
549 3333 610 3385 οὺ
641 3334 1060 3402 μηχανωμένου,
1105 3335 1157 3386 τί
1200 3333 1322 3387 δ’οῦ
1385 3335 1681 3400 πείθοντος,
1737 3337 1873 3407 πρὸς
1931 3338 1993 3391 τὸ

422 3424 634 3486 πάντας
671 3424 790 3475 καθ’
832 3425 991 3492 ἡμῶν
1030 3427 1335 3490 ἀνασείσαι,
1391 3428 1482 3478 καὶ
1513 3427 1573 3478 τὸ
1605 3427 1810 3494 πλῆθος
1859 3445 1992 3480 στα-

419 3520 606 3565 σιάσαι
667 3517 1121 3584 παρασκευασαι;
1167 3517 1317 3586 Τάχα
1376 3519 1439 3569 ἂν
1494 3521 1628 3587 πρὸς
1681 3521 1740 3572 τὸ
1773 3521 1994 3590 τίμημα

418 3607 571 3674 παρὰ
605 3605 740 3656 Θεοῦ
770 3605 1057 3674 λήψεσθαι.
1090 3608 1270 3660 Τᾶλλα
1294 3609 1403 3675 γὰρ
1432 3612 1700 3678 εἰρηνικοὶ
1729 3610 1992 3664 διατελεῖν

417 3695 778 3764 κελευόμεθα·
811 3698 945 3749 ὅπου
993 3697 1049 3748 δὲ
1100 3697 1230 3757 Θεὸς
1267 3698 1326 3749 τὸ
1377 3699 1848 3765 κινδυνευόμενον,
1901 3701 1995 3752 καὶ

419 3788 565 3855 μάλα
619 3788 862 3840 νεανικοὶ
933 3789 1296 3841 καθίστασθαι
1348 3776 1841 3861 ’προτρεπόμεθαο
1899 3794 1994 3845 καὶ

417 3879 584 3932 πολὺν
629 3881 967 3952 ὀφλήσαιμεν
1033 3884 1183 3950 παρὰ
1225 3882 1334 3933 τῶν
1388 3883 1695 3936 ἀκουόντων
1753 3883 1990 3952 γέλωτα,

415 3975 625 4036 ἀκλεῶς
659 3972 802 4026 οὕτω
844 3976 968 4035 τοὺς
996 3973 1134 4042 ὑπὲρ
1165 3973 1324 4043 ἡμῶν
1381 3976 1700 4043 προϊέμενοι
1757 3976 1987 4045 λόγους·

417 4068 600 4120 καὶτὸ
627 4069 807 4136 σιωπῇ
839 4067 1130 4135 καρτερεῖν
1169 4069 1230 4119 οὐ
1271 4067 1331 4118 τὸ
1367 4068 1795 4133 συγκατίθεσθαι
1830 4070 1991 4140 μόνον

416 4163 527 4222 τοῖς
556 4158 678 4212 καθ’
725 4159 883 4228 ἡμῶν
931 4158 1241 4226 λεγομένοις
1279 4159 1540 4212 ὑπόνοιαν
1572 4160 1823 4229 παρέχει,
1858 4161 1992 4215 ἀλλὰ

417 4252 654 4314 καὶτοὺς
690 4252 982 4322 ἐσύστερον
1024 4252 1090 4303 ἂν
1134 4252 1371 4321 ἀδικοίη,
1437 4251 1738 4320 ἀνέλεγκτα
1795 4255 1862 4308 τὰ
1893 4255 1991 4325 τῆς

418 4345 765 4422 βλασφλημὶας
798 4344 886 4396 διὰ
928 4345 1225 4414 ’ρᾳθυμίαν
1269 4344 1716 4414 παραλιμπάνον.
1779 4348 1990 4400 Ἔπειτ’

393 4437 525 4490 κούδ’
564 4439 724 4507 ἡμεῖς
752 4438 849 4506 τὴν
898 4439 1074 4507 ἀρχὴν
1115 4435 1210 4488 ἐπὶ
1241 4439 1446 4507 ταύτην
1513 4440 1836 4508 ὲτράπημεν
1889 4440 1988 4510 τὴν

2102 3239 2305 3292 ideirco
2337 3242 2479 3308 quod
2505 3256 2669 3309 prava
2712 3241 2824 3295 lnec
2863 3243 3116 3310 dogmata
3144 3244 3399 3298 defendat
3448 3246 3678 3312 ejusque

2097 3345 2275 3397 operte
2308 3335 2559 3385 mercede
2580 3334 2932 3401 praesulatum
2961 3344 3152 3388 nactus
3179 3345 3283 3399 est,
3319 3336 3675 3399 vociferatur,

2098 3421 2384 3490 ultimique
2435 3426 2669 3491 exempli
2731 3442 2830 3479 nos
2888 3426 3024 3480 diris
3096 3427 3355 3494 subjiciat
3392 3444 3406 3482 :
3446 3438 3498 3480 et
3546 3431 3674 3497 quid

2097 3528 2205 3565 non
2237 3513 2491 3566 moliatur
2519 3514 2694 3581 ?qnid
2718 3531 2823 3566 non
2845 3517 3092 3578 atta‘leat,
3130 3527 3186 3568 ιιι
3210 3517 3260 3568 itt
3292 3533 3390 3570 nus
3429 3520 3673 3571 omnium

2097 3601 2334 3670 impetus
2377 3613 2610 3663 moveat,
2646 3603 2927 3670 plebisque
2963 3617 3258 3658 (‘tlllltlllt'lll
3306 3605 3332 3658 ί
3362 3608 3508 3660 ciat?
3538 3608 3608 3660 fet
3625 3617 3678 3661 te

2099 3698 2158 3742 ut
2188 3691 2469 3757 praemium
2507 3705 2535 3741 a
2570 3690 2678 3742 Deo
2703 3704 3092 3759 consequatur.
3123 3694 3200 3747 Ad
3263 3697 3470 3765 reliqua
3527 3698 3674 3750 enim

2097 3781 2241 3848 quod
2283 3780 2504 3843 attinet,
2541 3779 2801 3849 jnbemur
2855 3784 2969 3850 paci
3029 3785 3294 3838 studere:
3340 3788 3427 3840 ult.‘
3490 3800 3672 3841 autem

2099 3872 2240 3926 Drus
2276 3874 2326 3926 in
2356 3874 2655 3942 periculum
2692 3875 2938 3939 vertitur,
2975 3876 3137 3928 etiam
3175 3877 3327 3930 valde
3357 3880 3570 3932 strenui
3605 3897 3668 3933 ac

2095 3964 2329 4017 animosi
2365 3979 2487 4018 esse
2519 3966 2900 4034 praecipimur;
2940 3968 3243 4038 meritoque
3271 3970 3417 4039 large
3442 3971 3673 4026 audien-

2096 4057 2240 4111 tibus
2263 4059 2433 4111 ristttn
2494 4060 2846 4120 moverimus,
2876 4061 2965 4126 qui
3001 4063 3080 4115 sic
3117 4062 3364 4130 ingloria:
3399 4062 3679 4117 defensio-

2095 4150 2179 4203 nis
2210 4160 2409 4202 nostrae
2440 4149 2676 4203 rationes
2712 4154 3044 4218 prodamus;
3077 4154 3286 4223 ltot-qne
3323 4154 3462 4209 adeo
3524 4156 3672 4223 quod

2089 4243 2312 4297 silentio
2337 4244 2655 4308 toleramus,
2691 4245 2890 4298 nedum
2924 4247 3295 4315 suspicionem
3329 4247 3491 4301 faciat
3535 4266 3670 4302 cou-

2095 4335 2297 4388 sentire
2348 4351 2448 4388 nos
2475 4336 2702 4404 objemis
2731 4336 3079 4403 criminibus,
3133 4354 3320 4392 verum
3353 4342 3518 4393 etiam
3581 4356 3676 4407 po-

2093 4428 2252 4481 steris
2280 4427 2438 4494 longe
2469 4427 2689 4488 oll'itziat,
2724 4428 2852 4479 dum
2884 4441 2976 4494 per
3034 4428 3325 4497 segnitiem
3381 4443 3502 4498 quae
3529 4430 3675 4483 blas-

411 4534 562 4583 ὀδόνο
594 4531 776 4583 πολλοὶ
807 4531 864 4581 δὲ
922 4532 1025 4580 τῶν
1084 4529 1191 4596 πρὸ
1255 4530 1414 4597 ἡμῶν
1455 4532 1746 4599 μακαρίων
1784 4531 1985 4600 ταύτην

2097 4519 2328 4588 pltemia:
2365 4530 2490 4572 sunt
2516 4518 2894 4586 inreprehensa
2930 4518 3210 4573 sinuntur.
3249 4519 3520 4574 Prtetet'ea
3577 4536 3675 4572 ne-

412 4621 732 4690 δραμόντες,
765 4621 899 4688 πρὸς
939 4617 1155 4671 ἅπαντα
1189 4619 1540 4686 νενικήκασιν
1560 4631 1574 4646 °
1601 4616 1682 4680 οἷς
1711 4619 1983 4687 καίἠμεῖς

412 4713 728 4767 ἀκολουθεῖν
757 4713 984 4781 ἅσμενοι
1039 4709 1506 4790 προθυμούμενοι,
1554 4711 1644 4762 τὸν
1701 4711 1883 4763 ἔνθεον
1926 4713 1984 4763 ἂν

412 4807 616 4859 ἅπασιν
641 4805 822 4857 αὐτῶν
856 4801 1213 4865 ἁναλέξαντες
1261 4801 1408 4864 νοῦν,
1475 4801 1828 4868 ἀγωνιεῖσθαι
1889 4804 1983 4855 καὶ

411 4899 583 4952 ταῦτα
611 4895 982 4967 προύθέμεθα.

481 5165 592 5220 Καὶ
623 5165 863 5235 πρῶτον,
885 5167 934 5217 εί
964 5164 1132 5228 δοκεῖ,
1173 5164 1308 5231 πρὸς
1333 5163 1432 5227 τὰς
1462 5164 1557 5216 τοῦ
1614 5166 1849 5234 Παλαμᾶ
1880 5183 1986 5218 πα-

417 5259 674 5326 ραϐάσεις
696 5257 826 5310 εὐθὺ
864 5257 955 5310 τὸν
986 5256 1143 5323 λόγον
1198 5258 1337 5308 ἰέναι
1394 5258 1797 5326 ἐπιχειρητέον.
1870 5253 1982 5308 Εἶτ’

411 5351 708 5418 ἀπελέγξαι
737 5350 1048 5420 πειρατέον,
1076 5347 1142 5400 δι’
1169 5343 1244 5401 ὧν
1306 5347 1554 5399 ὲνώσεων
1605 5350 1703 5398 καὶ⁹
1767 5347 1980 5414 διακρί-

413 5458 550 5496 σεων
583 5444 861 5496 πιστεύειν
899 5444 1300 5514 ἐτερατεύσατο
1341 5443 1497 5496 Θεόν.
1564 5443 1718 5496 Μττά
1781 5443 1979 5506 ταῦ.α,

411 5535 512 5589 ὅσα
570 5539 838 5607 προσήκει
911 5539 1039 5607 περὶ
1088 5536 1266 5603 φωτὸς
1321 5536 1558 5605 ζητῆσαι
1632 5539 1982 5604 παραστῆσαι

411 5629 708 5679 σκεπτέον·
773 5629 870 5681 καὶ
914 5628 1219 5682 τελευταῖον
1281 5633 1381 5691 τας
1426 5628 1836 5698 σχεδιασθείσας
1893 5628 1980 5682 ἐπ’

483 5813 528 5846 ι·
559 5813 704 5870 Psal.
741 5829 814 5880 ιι,
850 5817 933 5872 ιο.
1867 5802 1945 5842 λη’·

2095 4615 2200 4682 qte
2260 4629 2360 4666 nos
2399 4612 2559 4680 primi
2626 4611 2767 4664 hanc
2821 4612 2960 4663 viam
2988 4612 3213 4665 iniimus
3253 4627 3267 4664 :
3318 4613 3674 4690 quinunulti

2092 4706 2468 4774 superiomtn,
2497 4705 2636 4758 beati
2669 4704 2792 4769 viri,
2825 4704 2966 4756 istud
2998 4706 3349 4757 decurrentes
3410 4693 3670 4770 stadium,

2093 4803 2145 4853 in
2176 4799 2432 4854 omnibus
2462 4799 2691 4851 victores
2723 4799 3083 4863 exstiterunt;
3117 4813 3353 4866 quorum
3387 4815 3486 4852 nos
3537 4815 3672 4868 quo-

2092 4907 2196 4958 que
2225 4891 2790 4944 Iibenteriusistentcs
2823 4891 3090 4958 vestigiis,
3121 4905 3310 4943 eorum
3335 4890 3386 4944 in
3414 4893 3672 4948 omnibus

2089 4983 2333 5036 divinum
2365 4983 2669 5050 relegentes
2696 4996 2943 5046 sensum,
2984 4982 3097 5036 lucc
3129 4997 3350 5052 quoque
3387 4983 3670 5039 decertare

2089 5072 2497 5128 ceustituintus.

2161 5167 2237 5219 Ac
2301 5167 2564 5234 primum,
2609 5165 2652 5218 si
2711 5165 2864 5230 libet,
2899 5165 3001 5221 hoc
3059 5167 3391 5232 conandum,
3452 5173 3509 5221 tit
3555 5179 3670 5220 sta-

2093 5258 2188 5310 tim
2245 5257 2511 5310 adversus
2554 5255 2788 5310 Palamte
2840 5260 3306 5328 transgressiOucs
3358 5271 3668 5312 sermonem

2087 5360 2384 5404 vertamus.
2414 5348 2616 5403 Deinde
2657 5351 3052 5404 confutandam
3117 5351 3317 5420 quibus
3370 5347 3668 5403 uuiouibus

2085 5459 2148 5497 ac
2210 5441 2660 5497 distinctionibus
2717 5442 3051 5496 credendum
3110 5443 3278 5494 Deum
3348 5449 3666 5508 portentose

2087 5533 2321 5589 induxit.
2369 5531 2562 5588 Postea
2611 5533 2788 5587 danda
2843 5549 3030 5601 opera,
3088 5540 3146 5583 ιιι
3194 5544 3533 5598 qua-cunque
3596 5530 3664 5584 de

2086 5628 2288 5683 lumine
2347 5640 2591 5695 quarere
2644 5626 2958 5687 conveniat,
3012 5625 3126 5676 lucc
3189 5630 3665 5690 tepra'sentetntts.
