4056 6266
374 394 479 459 677

1132 401 1382 462 PALAM
1395 400 1586 461 lTICA
1596 401 1766 462 RUM
1815 399 2566 463 TBANSGRESSIONUM
2628 402 2884 466 LIBER.

3519 391 3648 471 673‘

377 521 474 591 μέν
508 519 915 590 Θεσσαλονίκης
939 523 1236 589 ἱερώτατον
1271 522 1698 592 μητροπολίτην,
1752 525 1846 574 καὶ
1889 524 1944 574 ἐν

2057 523 2224 576 sacris
2258 523 2524 592 theologis
2549 525 2979 580 consentientem
3001 525 3336 587 invenimus.
3383 543 3447 583 ac
3469 528 3631 584 ειη-ἰ..

371 613 597 684 τούτοις,
619 611 914 681 σύμφωνον
938 615 1051 676 τοῖς
1074 613 1242 684 ἱεροῖς
1277 613 1550 680 θεολόγοις
1578 613 1835 683 εὕρομεν,
1855 617 1950 670 καὶ

375 706 677 774 συνήγορον
699 702 940 772 Χριστοῦ
986 703 1173 774 χάριτι
1212 703 1311 774 τῆς
1344 706 1467 757 κατ’
1507 704 1790 759 εὐσέϐειαν
1819 707 1952 776 ἀλη-

373 795 542 856 θείας.
584 814 602 846 ι

460 885 843 954 Ἀναφαίνεται
872 885 1052 940 τοίνυν
1081 888 1150 939 τὰ
1184 887 1530 955 καιριώτατα
1558 888 1659 956 τῆς
1693 889 1951 952 ἀσεϐείας

381 981 444 1031 ἐκ
472 981 581 1031 τῶν
611 978 704 1030 τοῦ
747 980 985 1047 Παλαμᾶ
1023 981 1413 1050 συνειλοχότων
1461 983 1746 1049 μακαρίων
1805 980 1952 1032 ὲκεί-

378 1092 484 1125 νων
518 1073 752 1138 ἀνδρῶν,
789 1072 932 1140 ἅπερ
963 1074 1053 1125 καὶ
1082 1076 1240 1142 ἡμεῖς
1275 1073 1556 1142 προϊόντες
1579 1074 1946 1142 ἐκθησόμεθα·

379 1165 475 1216 καὶ
518 1167 581 1231 τῇ
640 1163 907 1234 λῃστρικῇ
959 1164 1133 1217 ταῦτα
1181 1164 1948 1234 παραθεμένων,συναγωγῇ,

384 1252 516 1320 πρὶς
549 1253 772 1321 ἔλεγχον
822 1254 922 1322 τῆς
985 1255 1235 1323 ἀνομίας,
1296 1256 1947 1325 πολυπραγμονήσαντες,

380 1341 455 1403 ὥς
487 1360 649 1408 φασιν
673 1340 842 1408 οὗτοι,
901 1346 994 1397 καὶ
1039 1346 1162 1399 καθ’
1201 1347 1433 1399 ἕκαστον
1477 1347 1830 1416 ἐξητακότες,
1864 1345 1954 1400 εῦ-

381 1453 475 1504 ρον
503 1439 626 1496 ταῖς
667 1435 955 1504 ἀληθείαις
1023 1438 1120 1504 μὲν
1165 1439 1478 1506 συμφωνεῖν
1517 1439 1750 1504 ἑαυτοῖς,
1785 1456 1953 1509 προσ-

379 1529 582 1582 κείσθω
631 1530 688 1582 δὲ
743 1548 762 1580 ι
809 1531 907 1582 καὶ
951 1526 1032 1594 οἷς
1083 1531 1348 1585 διέϐαλον.
1389 1551 1407 1581 ι
1467 1531 1607 1599 Τρία
1665 1531 1844 1584 τοίνυν
1887 1535 1950 1585 ἐκ

379 1620 584 1672 τούτων
635 1623 940 1692 σκέψασθαι
978 1623 1182 1693 ῥᾴδιον,
1215 1624 1297 1676 ὅτι
1319 1641 1378 1675 τε
1404 1623 1502 1693 τῆς
1540 1625 1764 1675 ἐκείνων
1806 1620 1949 1694 ἦσαν

379 1718 886 1784 καταγεγραμμένα
925 1715 1109 1784 χειρός
1135 1731 1150 1747 ο
1181 1715 1275 1768 καὶ
1333 1716 1416 1767 ὅτι
1461 1714 1766 1784 ἀδιάϐλητα
1792 1717 1948 1769 ταῦθ’

381 1797 582 1873 εὖρον
617 1805 712 1858 καὶ
762 1807 967 1875 τρίτον,
1021 1808 1300 1877 συνήγορα
1347 1805 1445 1875 τῆς
1502 1807 1622 1859 κατ’
1669 1807 1952 1861 εὐσέϐειαν

382 1895 662 1966 ἀληθείας.
692 1896 836 1948 Ἀλλ’
871 1900 935 1948 ἐκ
965 1896 1064 1965 μὲν
1109 1897 1206 1950 τοῦ
1261 1898 1480 1964 πρώτου
1515 1897 1810 1965 συμϐαλεῖν
1839 1898 1955 1968 ἔχο-

384 2004 506 2056 μεν,
542 1987 639 2056 οὐχ
670 1987 760 2054 ὑφ’
802 1988 1005 2059 ἐτέρων
1041 1988 1218 2042 ἄλλων
1266 1989 1294 2040 ό
1353 1989 1488 2059 πρὶς
1544 1989 1644 2059 τὴν
1697 1989 1953 2043 ἀσέϐειαν

380 2079 601 2148 ἔλεγχος
629 2077 994 2148 ἐθριάμϐευεν
1025 2080 1141 2132 ἀλλ’
1186 2079 1218 2149 ἢ
1279 2081 1440 2150 μόνον
1486 2081 1596 2134 τῶν
1663 2081 1953 2154 μακαρίων

380 2170 609 2223 ἐκείνων
671 2171 902 2240 ἀνδρῶν,
945 2171 1112 2241 μηδὲν
1179 2171 1658 2241 ὐποστελλομένων
1689 2174 1789 2243 τὴν
1841 2173 1952 2227 τῶν

381 2261 692 2314 διωκόντων
725 2262 1052 2332 ὑπεροψίαν,
1110 2265 1203 2316 καὶ
1239 2263 1337 2333 τὴν
1367 2264 1535 2332 ἄλλην
1556 2265 1780 2320 ἐκείνων
1821 2267 1954 2337 περὶ

379 2351 437 2402 τὸ
477 2353 700 2419 κρατεῖν
763 2351 1016 2415 ἐξουσίαν
1044 2368 1058 2382 ·
1121 2351 1234 2404 ἀλλ’
1277 2351 1524 2422 ἀκριϐῶς
1570 2355 1634 2406 ἐκ
1690 2353 1802 2406 τῶν
1851 2351 1952 2422 τῆς

379 2437 610 2503 ἀνομίας
653 2437 876 2508 βιϐλίων
903 2439 972 2491 τὰ
1012 2440 1110 2508 τῆς
1145 2441 1375 2509 ἀνομίας
1420 2439 1949 2510 παρῤησιαζόντωνο

381 2531 477 2584 τοῦ
504 2531 560 2584 δέ
589 2548 651 2599 γε
676 2531 953 2602 δευτέρου,
983 2532 1079 2586 καὶ⁵
1108 2531 1219 2585 οἴου
1251 2533 1602 2604 φρονήματος
1640 2528 1781 2604 ἦσαν
1805 2533 1952 2584 ἐκεῖ·

383 2640 465 2674 νοι
494 2637 509 2652 ο
537 2622 585 2673 εί
624 2621 732 2692 γὰρ
758 2622 824 2674 τὰ
864 2622 974 2674 τῶν
1029 2623 1290 2676 ἐναντίων
1347 2623 1648 2692 ἀδιάϐλητα
1694 2625 1954 2692 παρεῖχον

384 2712 517 2781 ὁρᾷν
547 2710 925 2779 ἐκλεγόμενοι,
957 2711 1010 2763 τί
1037 2711 1103 2765 ἂν
1122 2713 1316 2783 ἔδρων,
1349 2714 1406 2763 ἐν
1434 2708 1515 2774 οἷς
1541 2712 1611 2764 τὰ
1660 2713 1813 2781 παρὰ
1844 2713 1952 2765 τῶν

387 2802 652 2871 θεολόγων
673 2802 1015 2873 προῦτεινον,
1036 2803 1170 2856 ὅπου
1195 2819 1256 2871 γε
1281 2803 1376 2854 καὶ
1402 2804 1461 2854 τὸ
1490 2804 1761 2870 συλλαϐὴν
1781 2803 1953 2872 ὑπερ-

387 2892 547 2960 ϐῆναι
572 2891 634 2945 οὐ
675 2876 924 2962 φορητὴν
952 2893 1136 2962 τίθησι
1162 2893 1259 2964 τὴν
1297 2893 1353 2944 ἐν
1382 2896 1496 2953 τοῖς
1553 2893 1715 2954 θείοις
1779 2911 1956 2962 παρα-

386 2983 592 3054 τροπὴν
621 2984 852 3050 ἐνεῖναι;
892 2985 1102 3047 Ἀλλως
1147 3003 1204 3038 τε
1248 2987 1383 3056 μηδέ
1437 2988 1613 3056 στόμα
1637 2987 1732 3038 τοῦ
1763 2985 1953 3038 λοιποῦ

386 3075 696 3145 Παλαμῖται
726 3075 908 3148 διᾶραι
942 3077 1185 3147 τολμῷεν
1215 3080 1302 3141 ἂν,
1333 3079 1559 3131 ἐκείνων
1623 3078 1804 3132 αὐτῶν
1838 3077 1953 3130 δει-

2072 615 2138 669 sti
2177 618 2345 683 gratia
2373 617 2648 681 verazlidei
2675 618 3004 688 pietatisque
3032 619 3392 675 defensorem.
3426 639 3445 670 ι

2123 870 2361 939 Apparet
2386 874 2549 942 igitur
2579 874 2764 930 beatos
2789 878 2910 933 illos
2939 881 3104 944 viros,
3133 896 3196 935 ex
3254 882 3408 938 libris
3468 883 3628 939 Pala-

2058 976 2156 1014 mte
2206 965 2486 1030 collegisse
2542 970 2819 1035 potissima
2883 971 3179 1038 impietatis
3230 974 3450 1042 capita,
3507 992 3629 1044 quae

2058 1069 2158 1109 nos
2193 1071 2412 1126 quoque
2469 1047 2821 1128 Sequentihus
2879 1066 3336 1133 enuntiabimus;
3395 1083 3631 1138 cumque

2053 1144 2356 1198 latrocinali
2395 1151 2690 1203 convcntui
2734 1154 2797 1204 ad
2856 1156 3250 1221 coarguendam
3307 1157 3630 1226 improbita-

2056 1243 2161 1290 tem
2197 1237 2418 1291 fuisSent
2454 1243 2750 1307 proposita,
2784 1244 3074 1312 diligenter
3134 1247 3412 1312 rimantes,
3485 1260 3543 1302 ut
3574 1253 3627 1304 hi

2051 1325 2374 1395 loquuntur,
2399 1341 2450 1382 et
2473 1332 2681 1400 singula
2715 1336 3112 1400 examinantes,
3163 1338 3438 1395 invenisse
3475 1355 3626 1397 reve-

2054 1436 2113 1474 ra
2147 1423 2259 1488 ipsa
2286 1422 2478 1489 sz'ipsis
2503 1425 2811 1478 consentire
2849 1445 2862 1480 ε
2913 1428 3144 1482 addatur
3173 1445 3335 1486 vrro:
3374 1451 3394 1484 ι
3430 1435 3493 1486 Ει
3546 1435 3631 1488 his

2057 1526 2193 1580 quos
2222 1513 2718 1569 calumniabantur.
2765 1536 2781 1566 ι
2810 1518 2882 1570 Ex
2917 1519 3001 1574 his
3039 1521 3202 1590 igitur
3232 1523 3388 1578 facile
3416 1535 3497 1580 est
3529 1527 3630 1582 tria

2056 1601 2324 1672 dispicere
2365 1623 2377 1658 :
2418 1607 2560 1675 quod
2593 1618 2645 1660 et
2677 1609 2822 1664 illius
2865 1627 3018 1666 erant
3050 1618 3358 1687 conscripta
3420 1633 3580 1672 manu
3615 1637 3630 1684 ;

2054 1697 2308 1766 quodque
2335 1699 2605 1768 inculpata
2637 1701 2753 1755 haec
2781 1705 3122 1771 invenerunt,
3173 1723 3237 1762 ac
3262 1711 3444 1777 tertio,
3485 1710 3632 1778 quod

2058 1789 2242 1856 pietati
2277 1804 2530 1858 verteque
2563 1791 2681 1845 fidei
2706 1795 3075 1861 astipulantia.
3114 1797 3380 1852 C:rterum
3413 1816 3478 1854 ex
3517 1801 3630 1869 pri-

2059 1894 2149 1932 mo
2167 1880 2382 1950 quidem
2407 1884 2681 1953 conjicere
2716 1886 3006 1949 habemus,
3029 1904 3136 1942 non
3168 1890 3234 1944 ab
3256 1891 3399 1954 aliis,
3439 1893 3633 1946 trimu-

2054 1971 2162 2040 pho
2191 1974 2507 2039 productam
2537 1975 2833 2045 impietatis
2873 1983 3310 2049 coargutionem,
3336 1986 3428 2039 sed
3489 1987 3630 2040 dun-

2056 2071 2255 2117 taxata
2315 2065 2614 2121 beatisillis
2667 2069 2820 2136 viris,
2870 2073 2960 2138 qui
3011 2074 3146 2126 nihil
3214 2087 3629 2144 persecutorem

2053 2154 2364 2222 superbiam
2403 2167 2770 2226 morarentur,
2804 2178 2904 2218 nec
2930 2164 3196 2234 reliquam
3236 2168 3451 2222 illorum
3518 2171 3621 2223 do—

2056 2243 2300 2298 minandi
2335 2248 2631 2314 potentiam
2661 2267 2675 2314 ;
2701 2252 2792 2306 sed
2831 2253 2922 2322 qui
2957 2266 3106 2309 certa
3139 2262 3367 2312 vrritate
3427 2276 3492 2313 ex
3521 2261 3624 2312 im-

2054 2334 2272 2404 pietatis
2306 2335 2480 2403 libris,
2511 2355 2632 2409 qua:
2661 2341 2955 2411 impietatis
2990 2359 3173 2400 essent
3203 2351 3375 2417 palam
3433 2353 3632 2420 produ-

2053 2438 2260 2484 cerent.
2291 2432 2365 2484 Ex
2391 2432 2559 2487 altero
2603 2450 2730 2488 vero
2759 2438 3046 2506 eujusnatn
3105 2441 3181 2494 illi
3237 2446 3519 2498 sentcntiae
3569 2461 3635 2500 ac

2055 2522 2223 2576 animi
2257 2533 2460 2578 essent.
2501 2525 2554 2579 Si
2588 2528 2730 2580 enim
2762 2530 2948 2599 hi,qni
2979 2547 3038 2585 ea
3081 2548 3481 2602 cXt-erps-.~rant,
3513 2555 3634 2607 quae

2055 2614 2494 2669 adversariorum
2523 2627 2701 2681 erant,
2742 2620 3012 2688 inculpata
3056 2627 3224 2678 videri
3267 2629 3625 2695 exhibebant,

2056 2705 2312 2774 quidnam
2341 2706 2535 2760 facturi
2570 2720 2776 2773 essent,
2802 2711 2852 2764 in
2886 2714 3085 2782 quibus
3111 2731 3229 2783 qua:
3257 2731 3410 2771 erant
3475 2720 3633 2773 theo-

2057 2796 2297 2867 logorum
2323 2801 2854 2868 proponebant;ubi
2899 2805 2977 2856 vel
3026 2807 3286 2874 syllabam
3323 2814 3631 2878 transgredi

2056 2903 2156 2941 nec
2186 2888 2456 2943 ferendam
2486 2890 2702 2960 quidem
2729 2893 2781 2946 in
2811 2893 3012 2949 divinis
3040 2895 3479 2962 depravationem
3553 2901 3636 2953 in-

2057 2978 2228 3032 ducit.
2250 2981 2522 3036 Prteterea
2558 2999 2621 3037 ne
2643 2998 2704 3038 os
2756 2986 2974 3053 quidem
3041 2987 3297 3058 deinceps
3359 2989 3637 3047 Palamitae

2056 3071 2240 3126 ausint
2271 3075 2502 3142 aperire,
2531 3075 2639 3130 illis
2665 3077 2798 3146 ipsis
2851 3080 3291 3146 ostendentibus,
3342 3084 3476 3137 nihil
3535 3100 3635 3140 nos

385 3167 689 3234 κνυμένων,
708 3165 784 3230 ὡς
808 3167 905 3236 οὐχ
937 3167 1027 3236 ὑφ’
1058 3169 1213 3240 ἡμῶν
1248 3170 1729 3238 συκοφαντοῦνται.
1761 3170 1952 3240 Ὁρᾶτε

2062 3180 2158 3234 per
2183 3163 2510 3220 calumniam
2537 3168 2644 3224 illis
2680 3172 2980 3240 imponere.
3036 3171 3230 3229 Videte
3276 3177 3418 3230 enim
3468 3195 3633 3248 quam

385 3259 495 3329 γὰρ
555 3256 675 3330 μεθ’
725 3260 1032 3331 ὑπερϐολῆς
1120 3263 1567 3333 ίσχυριζομένους
1649 3264 1953 3334 συζητῆσαι

384 3351 559 3404 ταῦτα
583 3352 870 3416 πολλάκις,
898 3353 996 3406 καὶ
1033 3355 1284 3424 ἀνευρεῖν
1341 3356 1601 3424 ἀκέραια.
1645 3357 1887 3411 Ἐκείνου
1910 3355 1954 3408 δ’

386 3439 477 3509 αὖ,
505 3445 588 3498 ὅτι
621 3445 836 3508 καὶτὰς
861 3448 1128 3509 τοσαύτας
1176 3448 1485 3517 τερατείας,
1517 3447 1697 3518 ἅσπερ
1750 3451 1813 3502 ἐκ
1847 3450 1955 3502 τῶν

385 3534 479 3586 τοῦ
505 3539 728 3603 γενναῖα
754 3535 1002 3602 δόγματα
1036 3540 1480 3604 συγγεγραφότος
1527 3537 1826 3590 ἀκούσεσθε
1861 3541 1956 3608 ρη-

391 3629 602 3697 μάτων,
632 3630 744 3690 τοῖς
801 3627 850 3679 θ’
904 3628 1070 3696 ἱεροῖς
1131 3627 1420 3691 θεολόγοις,
1473 3630 1586 3689 τοῖς
1638 3626 1685 3679 τ’
1732 3628 1954 3696 ἀληθέσι

390 3717 522 3788 περὶ
553 3717 687 3770 Θεοῦ
738 3718 992 3786 δόγμασι,
1053 3720 1367 3786 συμφωνεῖν
1409 3719 1834 3787 κατεπχίρονται
1873 3718 1959 3769 λέ-

387 3827 526 3878 γειν,
556 3811 649 3861 καὶ
674 3808 775 3861 οὐκ
823 3807 1181 3861 εὐλαϐοῦνται
1241 3806 1378 3877 πρὸς
1435 3807 1690 3859 τοσοῦτον
1730 3808 1957 3876 μέγεθος
1995 3813 1998 3816 ’

387 3900 640 3956 ἀσεϐείας
669 3900 766 3970 τὴν
806 3901 1201 3971 ἐπηρτημένην
1235 3899 1342 3951 ἀπο
1388 3899 1628 3969 Χριστοῦ
1690 3901 1802 3960 τοῖς
1867 3917 1959 3952 συ-

388 3991 690 4058 κοςάνταις
744 3991 978 4060 ποινήν·
1048 3990 1158 4059 ὅσῳ
1225 3989 1413 4042 λοιπὸν
1489 3987 1607 4057 μετ’
1659 3986 1958 4052 ἐξετάσεως

387 4080 558 4132 ταῦτα
584 4079 968 4147 παρεδέξαντο,
998 4082 1205 4149 καὶτῆς
1235 4080 1358 4132 κατ’
1389 4079 1669 4132 εὐσέϐειαν
1700 4079 1957 4148 ἀληθείας

387 4169 546 4240 ἔσχον
583 4171 1128 4241 συνήγορα,τοσούτῳ
1161 4171 1376 4232 πάντως
1406 4170 1804 4236 ἀναγκάζονται
1833 4172 1958 4222 τοῦ·

388 4277 503 4323 τοις
535 4260 820 4329 ἐμμένειν,
855 4259 970 4312 ἀλλ’
1001 4260 1118 4312 οὐδέ
1151 4277 1297 4322 τινος
1357 4261 1544 4330 ἐτέρου
1608 4260 1716 4311 τῶν
1765 4261 1959 4331 ἐκείνῳ

389 4353 944 4423 κατηκολουθηκόῖων
994 4351 1340 4424 ἀρνήσασθαι
1393 4369 1445 4405 τι
1503 4354 1790 4423 προσήκει.
1832 4353 1960 4406 Ἰσί-

387 4443 560 4515 δωρος
593 4445 727 4514 γὰρ,
765 4446 813 4498 εἰ
841 4444 937 4498 καὶ
991 4443 1460 4514 προτετελεύτηκε
1510 4443 1618 4496 τῶν
1645 4445 1737 4497 τοῦ
1778 4445 1958 4516 Τόμου

2059 3254 2223 3318 serio,
2280 3264 2594 3325 quantoque
2647 3272 2872 3313 excessu
2938 3259 3228 3324 allirtnent,
3275 3263 3390 3317 haec
3439 3265 3652 3334 sa‘pius-

2058 3344 2420 3415 disquisiisse,
2447 3347 2765 3417 sinceraque
2805 3350 3098 3406 invenisse.
3135 3355 3211 3405 Ex
3273 3356 3432 3408 tertio
3482 3355 3638 3408 deni-

2057 3453 2184 3506 que,
2224 3439 2369 3509 quod
2407 3448 2460 3494 et
2506 3449 2653 3493 tanta
2692 3450 2962 3509 portenta,
3024 3459 3323 3514 nugasque,
3381 3463 3518 3516 quas
3569 3464 3637 3502 ex

2059 3531 2203 3584 illius
2235 3531 2415 3583 verbis
2447 3533 2686 3584 audituri
2721 3535 2876 3597 estis,
2903 3534 2995 3602 qui
3061 3536 3260 3591 nobilia
3309 3541 3635 3608 conscripsit

2059 3623 2332 3690 dogmata,
2369 3625 2542 3676 sacris
2574 3625 2864 3692 theol03is,
2895 3628 3143 3694 verisque
3174 3627 3238 3680 de
3271 3628 3378 3703 I)_eo
3410 3632 3635 3700 dogma-

2061 3711 2128 3765 tis
2153 3713 2464 3776 convvnire,
2504 3715 2734 3782 superbe
2763 3717 2964 3768 audent
2994 3715 3198 3782 dicere,
3235 3734 3362 3783 nec,
3396 3723 3460 3773 ad
3511 3730 3635 3775 tan-

2062 3817 2166 3859 tam
2197 3806 2489 3873 impietatis
2513 3806 2729 3870 tnolem,
2788 3808 3184 3876 impendentem
3221 3826 3250 3864 a
3283 3811 3500 3866 Christo
3542 3830 3633 3866 ca-

2060 3897 2476 3952 lumniatoribus
2505 3915 2716 3968 pmnam
2743 3901 3132 3965 reformidant;
3155 3913 3359 3972 quanto
3381 3905 3634 3974 dc’nccps

2063 3991 2264 4057 majore
2299 3989 2549 4044 examine
2580 3992 2691 4043 hzee
2739 4001 3082 4059 receperunt.
3113 4009 3176 4047 ac
3229 3996 3415 4064 pit-tati
3469 4013 3636 4074 vera:-

2061 4083 2768 4151 quedoctl'inteastipnlari
2833 4096 3142 4148 senserunt,
3202 4097 3350 4140 tanto
3405 4104 3633 4158 prorsus

2061 4187 2284 4226 necesse
2311 4172 2512 4225 habent
2549 4173 2650 4225 illis
2680 4174 2996 4239 immanere,
3026 4191 3124 4229 nec
3157 4179 3480 4246 enjusquam
3549 4182 3626 4232 al-

2063 4263 2228 4316 terius
2261 4264 2409 4318 illius
2438 4267 2751 4333 sequacium
2809 4281 2974 4333 posse
3029 4283 3122 4321 eos
3173 4270 3374 4338 aliquid
3414 4287 3630 4339 negare.

2060 4355 2303 4411 Isidorus
2339 4359 2511 4424 enim,
2546 4358 2646 4411 etsi
2699 4369 2946 4413 mortuus
2976 4369 3204 4416 cstantc
3229 4361 3382 4416 Tomi
3411 4380 3634 4418 consar-

2063 4445 2273 4500 cinatas
2301 4461 2492 4515 nugas,
2520 4448 2720 4516 quibus
2747 4456 2926 4502 tamen
2957 4453 3134 4518 quoad
3173 4453 3304 4506 vixit
3333 4461 3388 4508 et
3419 4455 3626 4507 scribe-

391 4538 743 4608 ἐρεσχελιῶν,
767 4538 886 4592 ἀλλ’
914 4537 1014 4608 οὐχ
1044 4531 1209 4608 ἦττον
1237 4531 1318 4599 οἷς
1349 4535 1563 4607 ἐγραφέ
1583 4553 1641 4589 τε
1670 4537 1763 4588 καὶ
1808 4537 1954 4608 ὠμο-

2065 4537 2234 4593 batet
2280 4539 2661 4602 confitebatur,
2727 4539 2880 4594 Tomi
2935 4551 3130 4596 auctor
3182 4543 3300 4598 fuit.
3357 4544 3630 4602 Coccinus

387 4629 560 4696 λὸγει,
593 4630 928 4700 δημιουργὸς
957 4627 1027 4703 ἦν
1062 4631 1154 4684 τοῦ
1191 4631 1396 4700 Τόμου.
1452 4631 1746 4694 Κόκκινος’
1773 4631 1830 4684 δὲ
1866 4633 1959 4685 καὶ

389 4719 601 4785 Νεῖλος,
635 4723 772 4790 πρὸς
802 4719 880 4790 τῷ
915 4723 1207 4792 περιεῖναι,
1240 4723 1334 4775 καὶ
1364 4721 1662 4790 αὐτουργοὶ
1716 4723 1809 4774 τοῦ
1856 4724 1957 4774 Τόο

392 4815 822 4885 μοψέτύγχανον
861 4815 1033 4876 ὄντες.
1062 4813 1350 4867 ’Δδὺνατον
1382 4813 1577 4866 οὐκοῦν
1615 4814 1737 4875 τοὺς
1763 4814 1830 4865 τὰ
1863 4813 1958 4866 τοῦ

391 4902 571 4972 Τόμου
607 4904 969 4972 περιέποντας
997 4901 1337 4973 ἀρνήσασθαί
1364 4919 1418 4954 τι
1443 4901 1552 4955 τῶν
1586 4901 1959 4972 συγγραμμά-

389 5012 498 5046 των
515 4993 623 5046 τῶν
653 4995 748 5047 τοῦ
777 4995 958 5065 Τόμου
987 4994 1360 5064 δημιουργῶν.

375 5077 387 5087 ’
464 5087 584 5140 Ἐτι
618 5089 809 5141 πολλαὶ
849 5088 948 5157 μὲν
973 5089 1149 5157 ὅρκων
1185 5087 1322 5138 είσὶν
1358 5085 1492 5138 ἰδέαι
1521 5086 1634 5148 τοῖς
1692 5083 1959 5153 προσανέ-

387 5205 544 5262 χουσι
567 5204 580 5218 ·
612 5181 815 5256 μείζων
848 5181 904 5234 δέ
925 5183 991 5232 ’τὸ
1019 5181 1073 5233 τί
1114 5179 1525 5248 προσεπιθεῖναι
1567 5177 1676 5229 τῶν
1718 5177 1958 5247 τιμωμέ-

388 5300 496 5336 νων
525 5278 770 5354 ῄτινιοῦν
799 5274 995 5338 εἰκόνι,
1023 5271 1116 5325 καὶ
1147 5269 1356 5324 λαϐεῖν.
1390 5269 1575 5341 Πολλῷ
1623 5269 1668 5323 δ’
1695 5269 1776 5321 ἐτι
1838 5270 1956 5338 μεί-

386 5375 520 5441 ζων,
548 5375 598 5425 εἰ
622 5372 718 5425 καὶ
763 5369 940 5428 ἄλλως
968 5367 1311 5435 παράνομον,
1343 5365 1391 5416 εί
1428 5363 1504 5432 τῷ
1533 5362 1748 5432 φρικτῷ
1784 5379 1955 5430 προσ.

384 5466 627 5535 εγγίσειε
657 5456 1050 5527 θυσιαστηρίῳ.
1079 5453 1243 5508 Ἀλλᾶ
1269 5453 1440 5506 ταῦτα
1461 5455 1955 5521 παρανομήσαντες

385 5557 722 5624 Πιλαμῐται,
752 5550 830 5618 τῷ
864 5547 1074 5618 μείζονι
1103 5545 1211 5599 τῶν
1240 5545 1422 5615 ὅρκων
1465 5543 1534 5596 τὰ
1573 5542 1668 5596 τοῦ
1707 5543 1952 5613 βλασφή..

390 5667 490 5720 μου
553 5646 734 5715 Τόμου
771 5642 1022 5710 στέργειν
1087 5639 1407 5707 ὑπέσχοντο.
1468 5637 1860 5707 Περιεῦιηπται
1907 5637 1951 5689 δ’

384 5742 446 5792 ἐν
473 5737 649 5805 τούτῳ
671 5732 830 5786 πάντ’
890 5730 1150 5800 ἀληθείας
1186 5727 1407 5797 ἔχεσθαι
1435 5727 1504 5780 τὰ
1560 5725 1654 5778 τοῦ
1690 5727 1947 5795 Παλαμᾶ,

384 5831 482 5886 καὶ
514 5829 550 5884 ἃ
578 5825 709 5896 παρ’
740 5825 899 5895 ήμῶν
930 5822 1205 5893 ἀφῄρηται
1235 5819 1440 5873 τούτων
1468 5819 1630 5907 πρὸς
1684 5818 1904 5888 ἔλεγχον
1932 5834 1947 5851 ο

2064 4643 2194 4684 vero
2217 4639 2270 4684 et
2301 4628 2474 4694 Nilus,
2499 4641 2855 4700 prteterquam
2888 4633 3031 4700 quod
3058 4635 3108 4687 in
3136 4637 3272 4690 vivis
3295 4647 3470 4701 erant,
3501 4641 3630 4709 ipsi-

2062 4729 2170 4774 met
2204 4719 2433 4773 Tomum
2462 4733 2912 4790 composuerunt.
2950 4723 3114 4789 Igitur
3139 4728 3252 4780 fieri
3275 4743 3383 4780 non
3431 4739 3629 4798 potest,

2063 4819 2120 4864 ut
2148 4810 2240 4878 qui
2272 4809 2500 4864 Tomum
2535 4812 2737 4874 colant,
2779 4814 2979 4882 aliquid
3037 4825 3233 4884 negent
3298 4817 3632 4876 lucubratio-

2061 4918 2189 4956 num
2215 4914 2404 4957 eorum
2429 4902 2522 4972 qui
2547 4903 2702 4957 Tomi
2724 4917 2970 4959 auctores
3001 4908 3350 4964 exstiterunt.

2128 5079 2396 5135 Praeterea
2460 5079 2628 5133 multa
2689 5089 2834 5143 sunt,
2895 5084 3299 5142 altendentibus
3359 5090 3626 5159 animum,

2055 5172 2493 5243 jnramentorum
2525 5188 2741 5242 genera.
2778 5173 3003 5259 Interea
3062 5187 3244 5234 autem
3293 5185 3471 5249 majus
3521 5195 3630 5249 est.
3697 5256 3700 5259 Ι

2058 5283 2179 5322 cum
2205 5267 2334 5335 quid
2361 5281 2550 5320 eorum
2582 5281 2699 5335 qua:
2727 5267 2896 5334 pluris
2917 5251 3050 5322 liunt
3114 5275 3274 5328 alicui
3295 5275 3514 5343 imagini
3535 5293 3628 5332 su-

2059 5357 2395 5425 praponitnr,
2423 5366 2589 5426 atque
2622 5357 2849 5411 tollitur.
2876 5357 2954 5412 Ad
2987 5360 3100 5414 haec
3125 5377 3252 5414 vero
3280 5363 3433 5432 longe
3462 5365 3627 5421 etiam

2057 5452 2256 5519 majus,
2281 5450 2326 5504 si
2357 5448 2637 5502 tremendo
2676 5451 2830 5502 altari
2866 5453 3198 5519 (quanquam
3223 5453 3275 5506 id
3310 5453 3483 5524 nefas)
3529 5471 3626 5525 ap-

2057 5541 2517 5614 propinquaverit.
2549 5541 2747 5596 Verum
2773 5539 3051 5595 Palamitae
3083 5543 3208 5597 huic
3234 5544 3454 5600 obnoxii
3493 5546 3625 5603 facti

2057 5635 2270 5700 sceleri,
2303 5633 2736 5702 juratnentormn
2799 5635 3038 5685 maximo
3091 5633 3249 5686 tidem
3314 5637 3621 5695 obstrinxe-

2055 5736 2203 5790 runt,
2231 5739 2352 5795 qua:
2387 5732 2513 5777 sunt
2545 5722 2843 5792 blasphemi
2876 5721 3028 5775 Tomi
3080 5739 3137 5776 se
3192 5727 3619 5794 amplcxaturos.

2053 5819 2376 5874 Coutinetur
2416 5823 2599 5870 autem
2626 5815 2680 5869 in
2715 5815 2831 5883 illo,
2857 5831 2972 5884 qua:
3003 5811 3129 5870 sunt
3155 5817 3391 5876 l‘alatua:
3436 5827 3622 5878 omnia
