4056 6266
439 320 548 385 6⁷19

440 523 600 577 nobis
630 519 947 577 confutandi
980 518 1152 587 gratia
1180 523 1435 585 excerpta
1464 524 1614 570 sunt.
1670 515 1861 583 ltaque
1892 514 2006 569 lieri

441 624 547 661 nou
585 617 782 677 potest,
813 616 873 661 ut
908 614 1102 676 negent
1130 618 1190 659 se
1219 617 1327 657 non
1358 603 1643 657 admittere
1698 601 1902 672 aliquid
1947 601 2011 656 li-

443 700 664 752 brorum
701 698 951 760 Palmum,
980 708 1289 764 quanquam
1351 694 1588 748 maxima
1614 693 1722 748 illis
1749 695 1870 749 dica
1919 709 2009 749 so-

442 791 603 845 lerter
641 787 1046 859 inquirentibus
1074 786 1204 842 inde
1234 786 1531 853 scribatur,
1577 786 1679 841 nisi
1720 784 1860 842 forte
1914 801 2010 857 pa-

438 881 544 935 lam
565 894 686 935 reos
721 893 783 935 se
811 878 1036 947 perjurii
1068 877 1401 933 constituere
1435 876 1620 931 velint.

507 968 589 1021 Ad
621 968 734 1022 haec
755 967 888 1022 dicit
922 966 1142 1023 divinus
1194 966 1577 1037 Apostoluszt
1628 964 1687 1021 Si
1739 981 1860 1037 quae
1911 967 2008 1022 de-

434 1057 632 1121 struxi,
683 1057 881 1113 iterum
928 1058 1045 1112 haec
1112 1057 1343 1121 aedifico,
1397 1059 1872 1127 praevaricatorem
1920 1076 2006 1116 me

434 1149 708 1205 constituo
737 1147 802 1202 ".
835 1167 854 1200 ι
906 1148 1370 1215 Quemadmodum
1410 1147 1597 1217 igitur,
1647 1162 1767 1218 quae
1814 1164 2003 1208 eversa

433 1251 563 1296 sunt
594 1256 658 1296 ac
674 1242 950 1296 destructa
980 1240 1274 1305 aediﬁcare,
1310 1240 1817 1308 pravaricationem
1871 1256 2004 1295 con-

433 1334 607 1390 stituit
642 1352 656 1389 :
691 1335 770 1389 sic
815 1332 1074 1388 nimirum
1128 1331 1383 1398 etiam,si
1439 1331 1564 1401 quis
1601 1347 1662 1386 ea
1704 1348 1825 1400 quae
1879 1342 2006 1388 sunt

432 1424 692 1480 aedificata
733 1424 1001 1488 destruat,
1028 1422 1080 1476 in
1106 1421 1248 1476 idem
1274 1422 1477 1478 crimen
1538 1423 2004 1492 praevaricationis

433 1512 681 1568 incurrit.
712 1512 878 1582 igitur
912 1511 1247 1582 impossibile
1280 1522 1382 1574 est.
1454 1520 1511 1564 ut
1543 1527 1665 1581 quze
1694 1512 1769 1565 illi
1835 1512 1887 1564 in
1939 1511 2005 1564 li-

432 1606 652 1658 brorum
676 1602 909 1658 Palamaa
946 1603 1202 1675 gratiam,
1239 1614 1502 1677 quantum
1563 1602 1631 1657 ad
1669 1603 1790 1657 illos
1852 1618 2005 1671 spec-

433 1704 573 1756 tant,
645 1693 1002 1758 mditicavere,
1046 1706 1315 1749 conentur
1358 1695 1647 1764 aliquando
1670 1693 1999 1749 destruere:

1594 312 1922 374 JOANNIS
1962 312 2531 375 CYPARISSIOTIE
3514 373 3523 379 .

438 433 654 489 veritati
710 432 965 496 haerere;
1012 438 1174 499 atque
1227 429 1364 481 adeo
1392 428 1505 482 batc
1551 435 1767 497 quoque
1812 441 1934 496 quae
1985 441 2001 480 ε

2117 427 2379 482 ἀδύνατον
2406 429 2515 498 ἄρα
2545 425 2768 490 τούτους
2794 421 3142 496 ἁρνήσασθαί
3199 438 3251 476 τι
3287 420 3361 491 μὴ
3402 416 3684 491 ὁμολογεῖν

3582 302 3687 367 630

2111 518 2219 570 τῶν
2273 517 2367 571 τοῦ
2394 519 2636 586 Παλαμᾶ
2670 515 3150 586 συγγραμμάτων,
3203 504 3305 565 κᾶν
3336 512 3393 565 ὲν
3431 511 3553 571 ταῖς
3589 526 3685 578 με·

2109 609 2326 675 γίσταις
2378 607 2581 669 αἰτίαις
2640 607 2754 667 τοῖς
2809 603 3072 658 σκοποῦσι
3119 601 3324 671 τελοίη,
3381 600 3431 653 εἰ
3496 599 3679 669 μήπου

2111 700 2390 771 βούλοιντο
2414 700 2601 769 σαφῶς
2631 700 2928 770 ἐπιορκεῖν.

2184 961 2309 1025 Ἔτι
2342 963 2370 1015 ό
2406 961 2549 1023 οεῖος
2593 959 2917 1021 Ἀπόστολος
2944 959 3130 1028 φησὶν,
3161 978 3179 1011 ι
3211 958 3272 1012 Ei
3312 951 3349 1012 ὃ.
3382 957 3677 1024 κατέλυσα,

2107 1055 2280 1107 ταῦτα
2327 1051 2492 1107 πάλιν
2513 1046 2804 1120 οἰκοδομῶ,
2850 1052 3179 1121 παραϐάτην
3232 1048 3470 1119 ἐμαυτὸν
3528 1049 3678 1099 συνί-

2110 1165 2300 1216 στημι.
2332 1166 2351 1198 ι
2396 1148 2609 1216 ’Ὠσπερ
2642 1146 2736 1199 οὖν
2766 1145 2827 1197 τὸ
2858 1144 2927 1198 τά
2973 1143 3318 1214 πορθηοέντα
3369 1141 3676 1208 οἰκοδομεῖν

2106 1242 2205 1309 τὴν
2237 1238 2548 1307 παράϐασιν
2593 1236 2934 1307 συνίστησιν,
2966 1235 3110 1289 οὕτω
3145 1235 3242 1287 καὶ
3293 1233 3362 1286 τὰ
3399 1231 3678 1302 ᾠκοδομη-

2111 1330 2268 1399 μένα,
2299 1330 2353 1383 εί
2395 1345 2479 1390 τις
2501 1328 2787 1392 καταλύοι,
2843 1331 2924 1391 εἰς
2978 1330 3071 1380 τὸν
3113 1327 3280 1380 αὑτὸν
3331 1325 3490 1393 λόγον
3547 1325 3674 1394 ἣκει

2106 1419 2207 1490 τῆς
2297 1421 2686 1490 παραϐάσεως.
2732 1404 2735 1415 Ι
2786 1419 3073 1473 ’Λδύνατον
3160 1416 3355 1471 οὐκοῦν
3444 1417 3669 1478 τούτους

2107 1510 2254 1581 ἅπερ
2297 1510 2657 1582 ᾠκοδόμησαν
2722 1511 2864 1583 ὑπὲρ
2920 1511 3032 1563 τῶν
3084 1508 3179 1563 τοῦ
3239 1510 3474 1578 Παλαμᾶ
3535 1526 3671 1575 συγ-

2107 1604 2474 1673 γραμμάτων,
2557 1605 2750 1672 ἐφόσον
2832 1603 3018 1667 αύτοῖς
3098 1602 3445 1670 προσέχουσι,
3497 1600 3671 1654 ταῦτα

2106 1690 2407 1744 καταλῦσαί
2470 1707 2601 1745 ποτε
2685 1692 3055 1763 πειραθῆναι·
3141 1692 3191 1744 εἰ
3264 1691 3342 1761 μὴ
3392 1689 3672 1760 βούλοιντο

434 1784 536 1839 nisi
557 1785 656 1839 bac
694 1787 854 1839 etiam
890 1795 1039 1855 parte
1072 1786 1239 1841 velint
1276 1785 1488 1855 seipsos
1552 1785 1996 1854 praevaricatores

2105 1785 2197 1836 καὶ
2250 1785 2389 1838 κατὰ
2441 1781 2599 1838 τοῦτο
2633 1784 2696 1837 τὸ
2730 1785 2893 1855 μέρος
2922 1782 3255 1855 παραϐάτας
3287 1781 3516 1843 ἑαυτοὺς
3546 1797 3671 1832 συν-

431 1877 784 1932 constituere.

1038 1963 1265 2020 CAPUT
1297 1963 1364 2019 ιιι

431 2079 778 2147 Auspicatum
815 2093 926 2132 esse
949 2076 1228 2132 Palamam
1254 2074 1535 2154 exitiosum
1565 2073 1759 2144 dogma
1797 2075 1862 2128 ab
1914 2090 2000 2128 er-

919 2163 1036 2200 rore
1072 2162 1136 2199 ac
1161 2158 1512 2199 contemtone.

507 2239 582 2295 Ne
605 2253 731 2295 vero
759 2239 947 2309 procul
980 2238 1046 2291 ab
1067 2252 1233 2306 scopo
1262 2236 1511 2306 sagittam
1532 2235 1833 2301 mittamus,
1865 2249 2001 2304 pau-

431 2330 513 2384 cis
534 2328 857 2399 quibusdam
902 2327 1213 2398 praamissis,
1259 2326 1605 2381 ostendemus
1636 2325 1779 2380 unde
1837 2327 2000 2381 ducto

431 2421 658 2475 exordio
680 2421 734 2474 in
766 2435 882 2475 eam
923 2419 1442 2474 Palamasinvectus
1486 2418 1754 2472 insaniam
1785 2417 1877 2483 sit,
1936 2432 2000 2472 ac

429 2525 495 2564 ex
523 2510 722 2579 quibus
758 2509 1015 2565 fomentis
1048 2524 1300 2579 magnum
1337 2508 1634 2578 impietatis
1666 2508 1843 2577 ignem
1908 2523 2000 2565 ac-

432 2602 700 2656 cenderit.
738 2600 929 2656 Sciunt
958 2615 1168 2667 omnes,
1198 2614 1319 2669 quae
1341 2599 1418 2653 illi
1444 2599 1763 2654 Barlaamus
1809 2599 1996 2652 crimi-

427 2695 485 2748 ni
517 2701 748 2748 verteret
778 2708 922 2748 :non
956 2692 1027 2746 ita
1059 2692 1291 2758 scilicet,
1323 2701 1381 2745 ut
1409 2705 1628 2746 omnem
1679 2693 1845 2744 vitam
1875 2706 1995 2746 mo-

431 2785 695 2838 naSticam
731 2794 895 2854 atque
923 2783 1165 2837 caelibem
1194 2782 1672 2854 (quemadmodum
1694 2782 1807 2851 ipse
1834 2779 1996 2853 dixit)

426 2882 723 2927 arcesseret
754 2888 820 2926 ac
871 2872 1171 2941 sugillaret.
1212 2872 1307 2926 sed
1364 2879 1425 2924 ut
1482 2885 1580 2925 eos
1638 2870 1994 2939 vituperarct,

426 2966 627 3032 quibus
660 2965 806 3019 serio
844 2979 988 3018 curae
1020 2972 1183 3028 esset,
1206 2977 1330 3016 cum
1360 2962 1414 3016 in
1446 2962 1675 3032 reliquis
1714 2965 1996 3033 segniores

424 3066 624 3121 essent,
686 3070 786 3109 nec
838 3063 1107 3109 accurata:
1152 3052 1497 3123 disciplinat,
1545 3065 1605 3109 ut
1652 3056 1722 3124 in}
1762 3055 1997 3111 tenebris

429 3149 695 3214 tantisper
724 3145 1130 3210 clauderentur,
1186 3147 1545 3214 nonnih.lque
1594 3161 1785 3215 parum
1851 3144 2067 3203 velut“

428 3240 665 3309 deliquio
697 3240 998 3307 exspirare,
1027 3239 1157 3306 quin
1187 3239 1441 3307 spiritum
1466 3240 1625 3302 intus
1653 3254 1794 3307 aegre
1831 3239 2000 3295 duce-

429 3347 486 3384 re
521 3331 857 3394 sidereutur,
893 3329 1200 3399 intentique
1228 3331 1445 3384 oculum
1501 3331 1727 3386 immote
1764 3330 2000 3387 firmius-

425 3439 533 3494 que
560 3423 821 3480 umbilico
850 3421 1103 3491 defigere,
1147 3418 1344 3492 qiﬁbus
1375 3421 1533 3476 facile
1572 3424 1822 3489 peractis,
1853 3425 1998 3480 clare

427 3514 607 3571 statim
658 3524 966 3570 monstrosi
1039 3530 1291 3583 vanaque
1338 3529 1401 3567 ac
1460 3516 1743 3569 mendacia
1798 3526 1997 3583 praesto

425 3614 636 3662 essent.
688 3606 894 3676 Ecquid
924 3605 1075 3660 inde?
1122 3606 1301 3676 Ignem
1329 3607 1582 3677 dicebant
1610 3606 1831 3671 videre,
1856 3606 1998 3661 intra

428 3698 633 3753 viscera
660 3705 927 3767 extraque
953 3697 1346 3752 consistentem
1371 3714 1385 3762 ;
1413 3698 1713 3768 pulsusque
1729 3700 1994 3767 quosdam

428 3788 676 3843 insolitos
700 3798 754 3842 et
776 3799 956 3842 motus
992 3787 1196 3851 cordis,
1233 3802 1332 3842 nec
1364 3804 1469 3842 non
1503 3788 1715 3843 calores
1732 3791 1997 3858 quosdam

426 3895 490 3934 ae
521 3883 669 3934 velut
693 3879 960 3948 igniculos
981 3894 1048 3933 ex
1093 3893 1225 3933 naso
1257 3881 1429 3941 exire,
1470 3888 1820 3948 posteaquam
1883 3879 1998 3933 haec

425 3971 638 4041 aliaque
667 3983 779 4025 tum
814 3971 1093 4033 fecissent,
1135 3983 1248 4024 tum
1307 3972 1453 4041 passi
1517 3981 1720 4036 essent,
1750 3968 1996 4039 'sentire,

424 4080 549 4120 eum
578 4075 686 4120 tres
718 4076 1020 4135 quatuorve
1040 4074 1160 4117 tum
1206 4074 1411 4131 essent,
1462 4066 1555 4135 qui
1616 4065 1743 4120 huic
1777 4081 1996 4134 operam

426 4153 727 4222 disciplinae
753 4156 946 4208 darent
976 4169 992 4218 ;
1024 4153 1222 4223 reliqui
1257 4169 1407 4220 vero,
1433 4164 1490 4209 ut
1537 4156 1652 4226 ipse
1691 4173 1756 4211 ex
1812 4161 1998 4215 multis

426 4246 559 4300 viris
593 4247 792 4313 pietate
816 4246 1122 4303 illustribus
1163 4247 1372 4315 audivi,
1407 4248 1521 4305 haec
1576 4250 1995 4319 detestarcntur,

428 4349 763 4405 prorsusque
797 4336 1128 4405 deriderent,
1155 4339 1414 4410 plerique,
1451 4356 1518 4396 ne
1544 4341 1759 4411 quidem
1809 4344 1996 4400 auditu

431 4427 638 4497 aliquid
671 4428 739 4482 de
762 4428 870 4485 illis
900 4431 1261 4500 accepissent.

500 4519 627 4572 Haec
656 4518 823 4590 igitur
855 4518 1180 4579 Barlaamus
1215 4538 1247 4578 a
1274 4524 1509 4594 quodam
1542 4540 1665 4581 cum
1701 4526 1893 4583 doetus
1945 4538 2000 4583 et

429 4625 623 4679 passus
648 4620 811 4677 esset,
844 4613 1067 4669 minime
1088 4623 1236 4671 certe
1266 4617 1406 4681 tulit,
1442 4633 1728 4689 operteque
1759 4620 1997 4689 pretium

426 4704 657 4771 putavit,
687 4714 742 4758 ut
775 4705 1102 4761 venerandis
1126 4708 1443 4776 parentibus
1468 4709 1814 4764 educationis
1863 4724 1999 4777 prae-

428 4794 538 4850 mia
574 4796 860 4863 redderet;
919 4797 1013 4853 sed
1064 4798 1541 4869 contemplationis
1588 4808 1791 4855 struem
1850 4800 1998 4854 illam

427 4903 491 4940 ae
524 4889 802 4957 negOtium
828 4888 1083 4953 traducit,
1134 4891 1508 4946 seductionem
1558 4905 1623 4946 ac
1660 4905 1859 4946 noxam
1914 4906 2003 4945 sa-

426 4977 683 5031 tauieaim
701 4992 923 5043 vocans.
954 4980 1210 5051 pleraque
1244 4981 1362 5050 eius
1393 4982 1595 5047 morbi,
1644 4983 1846 5052 quibus
1868 4983 2006 5037 scri-

427 5068 536 5138 ptis
564 5076 977 5138 aggressus‘est,
1045 5072 1109 5127 ad
1171 5071 1532 5129 Massaiianos
1589 5076 1890 5129 revocavit.
1943 5075 1999 5128 In

425 5160 544 5231 ejus
588 5163 773 5231 itaque
791 5162 960 5218 libros
995 5178 1119 5219 cum
1159 5164 1443 5220 incidisset
1469 5164 1751 5231 Palamas,
1782 5182 1876 5221 seu
1903 5180 2003 5236 po-

426 5257 536 5309 tius
563 5255 771 5309 l‘uratus
797 5262 964 5319 esset,
1002 5254 1250 5325 perfosso
1280 5256 1534 5310 cubiculo
1567 5258 1656 5311 ubi
1690 5258 1743 5311 in
1800 5259 2001 5326 angulo

427 5344 679 5401 latentem
712 5346 909 5403 librum
933 5355 1097 5412 atque
1137 5347 1415 5401 occultum
1476 5350 1891 5418 pervestigaret,
1935 5365 2002 5404 ex

429 5437 656 5491 adverso
725 5438 1059 5508 impietatem
1139 5437 1463 5504 conscribit,
1514 5455 1709 5509 nempe
1774 5442 1998 5504 tlorens,

430 5529 579 5583 nulla
607 5545 796 5586 errore
826 5532 1076 5587 laborare
1109 5544 1409 5600 verumque
1439 5546 1559 5587 esse
1608 5534 1809 5588 erroris
1865 5532 1996 5587 illud

501 5705 550 5737 “
622 5705 798 5761 Galat.
831 5721 890 5773 ιι,
934 5706 1022 5762 l8.

2022 4432 2074 4492 ι)

2104 1876 2278 1945 ιστᾷν.

2697 1964 2950 2027 ΚΕΦΑΔ.
2981 1964 3055 2018 Γν.

2104 2081 2296 2145 Ὅπως
2318 2080 2386 2132 ἐκ
2409 2076 2648 2144 πλάνης
2683 2076 2782 2131 καὶ
2823 2076 3194 2146 φιλονεικίας
3218 2077 3438 2144 ἤρξατο
3471 2077 3669 2130 Παλα-

2341 2146 2458 2219 μᾶς
2500 2146 2605 2200 τοῦ
2629 2146 3057 2222 δόγματοςτοῦ
3088 2146 3385 2214 ὀλεθρίου.

2179 2240 2271 2303 Ὠς
2296 2238 2362 2293 ἃν
2393 2240 2448 2291 δὲ
2479 2238 2553 2309 μὴ
2586 2239 2776 2309 πόρῤω
2831 2236 3036 2291 σκοποῦ
3082 2237 3395 2308 βάλλοιμεν,
3455 2236 3666 2309 βραχέα

2100 2328 2225 2384 τινὰ
2253 2333 2716 2401 προστησάμενοι,
2774 2327 3020 2399 δείξομεν
3063 2328 3189 2383 ὅθεν
3239 2326 3306 2381 ἂν
3336 2328 3435 2398 τὴν
3486 2330 3660 2395 ἀρχὴν

2101 2421 2193 2476 ἐπὶ
2225 2421 2382 2476 τοῦτο
2409 2423 2606 2491 μανίας
2633 2421 2931 2492 παρήλασε
2975 2420 3263 2488 Παλαμᾶς,
3292 2421 3386 2473 καὶ
3424 2418 3484 2484 ἐξ
3535 2420 3660 2471 οἴων

2099 2511 2208 2565 τῶν
2239 2511 2508 2582 ἀφορμῶν
2556 2513 2617 2565 τὸ
2654 2512 2797 2581 μέγα
2840 2515 2940 2581 τῆς
2994 2512 3250 2575 ἀσεϐείας
3307 2510 3480 2580 ἀνῆψε
3531 2509 3661 2575 πῦρ.

2104 2602 2312 2658 Ἶσασιν
2343 2604 2603 2669 ἅπαντες,
2636 2596 2721 2667 οἷς
2767 2603 2916 2674 αύτῷ
2946 2603 3212 2673 Βαρλαὰμ
3257 2604 3529 2655 ἐνεκάλεισ
3566 2603 3665 2673 οὐχ

2099 2695 2173 2758 ὡς
2192 2694 2354 2757 αὐτὸς
2394 2693 2589 2765 ἔφησε,
2621 2694 2761 2764 πρὸς
2816 2695 3035 2748 ἅπαντα
3088 2682 3199 2747 τὸν
3226 2692 3524 2763 μοναδικόν
3572 2694 3666 2745 καὶ

2099 2788 2278 2856 ἄζυγα
2334 2786 2451 2857 βίον
2499 2786 2597 2857 τὴν
2649 2786 2985 2858 κατηγορίαν
3041 2786 3249 2838 ἐκεῖνον
3276 2786 3666 2855 ἐνστήσασθαι,

2099 2881 2220 2934 ἀλλ’
2274 2874 2357 2942 οἷς
2390 2878 2658 2949 ἐπιμελὲς
2693 2874 2763 2950 ἦν
2800 2879 2953 2932 τᾶλλ’
2985 2875 3390 2948 ἀδιαφορούσιν.
3428 2878 3484 2930 ἐν
3543 2878 3668 2930 σκό-

2101 2990 2183 3026 τει
2234 2970 2434 3042 μικρὸν
2465 2970 2857 3025 ἀποκλείεσθαι
2888 2988 2902 3002 ·
2953 2970 3048 3023 καὶ
3088 2970 3262 3042 βραχύ
3294 2989 3345 3024 τι
3374 2969 3669 3023 διαλείπον-

2100 3081 2198 3127 τας
2223 3065 2466 3128 ἐκπνεῖν,
2520 3064 2762 3116 εἰσπνεῖν
2801 3062 3001 3132 μᾶλλον
3054 3062 3514 3133 παραϐιάζεσθαι,
3572 3062 3668 3115 καὶ

2101 3151 2179 3221 τῷ
2224 3151 2494 3221 ὀφθαλμῷ
2552 3152 2847 3222 προσέχειν
2898 3149 3133 3214 ἀκλινῶς
3187 3149 3417 3220 ἐρείδειν
3449 3149 3526 3218 τῷ
3570 3150 3667 3217 όμ-

2102 3238 2381 3313 φαλῷοῶν
2412 3244 2653 3312 εὐχερῶς
2692 3241 3054 3305 ἀνυσθέντων,
3114 3241 3175 3293 τὸ
3224 3241 3320 3310 τῆς
3379 3241 3667 3310 τερατείας

2101 3337 2359 3406 ἄντικρυς
2401 3336 2582 3407 ἐπῄει.
2620 3334 2730 3389 Καὶ
2765 3334 2817 3387 τί
2865 3334 2926 3387 τὸ
2980 3332 3268 3399 ὲντεῦῢενς
3318 3331 3432 3400 φῶς
3482 3332 3666 3401 ἔλεγον

2098 3431 2255 3499 δρᾷν,
2297 3429 2448 3486 ἐντὸς
2505 3428 2613 3481 τῶν
2670 3428 2994 3496 σπλάγχνων
3043 3427 3140 3479 καὶ
3203 3424 3361 3488 ἐκτὸς
3418 3424 3669 3478 συνιστά-

2103 3537 2286 3590 μενον,
2326 3520 2422 3573 καὶ
2469 3518 2722 3589 παλμούς
2761 3536 2912 3581 τινας
2980 3517 3190 3587 ἀήθεις,
3248 3516 3345 3571 καὶ
3388 3516 3668 3584 κινήματα

2100 3613 2352 3683 καρδίας,
2382 3610 2479 3665 καὶ
2516 3611 2727 3682 θέρμας
2761 3611 2826 3664 ὲκ
2882 3609 2981 3680 τῆς
3022 3607 3168 3679 ῥινὸς
3210 3607 3459 3672 ἐξιούσας
3509 3609 3667 3659 ἐπαι-

2103 3704 2421 3767 σϋόινεσθαι,
2458 3703 2596 3773 μετὰ
2645 3703 2706 3755 τὸ
2763 3698 2939 3755 ταῦτά
2994 3716 3055 3753 τε
3104 3700 3201 3753 καὶ
3256 3698 3427 3753 τᾶλλα
3470 3697 3668 3766 δρᾶσαι

2101 3797 2197 3848 καὶ
2249 3796 2460 3856 παθεῖν,
2494 3794 2735 3864 τριῶνῆ
2791 3795 3068 3862 τεττάρων
3125 3790 3293 3844 ὄντων
3347 3788 3666 3862 τηνικαῦτα,

2098 3884 2209 3938 τῶν
2240 3887 2338 3954 τὴν
2369 3884 2631 3955 ἐργασίαν
2666 3883 2873 3954 ταύτην
2896 3883 3196 3952 μετιόντων
3217 3898 3232 3912 ’
3260 3883 3371 3944 τοῖς
3401 3879 3448 3934 δ’
3463 3880 3667 3943 ἄλλοις,

2100 3978 2172 4038 ὼς
2215 3976 2376 4039 αὐτὸς
2403 3980 2465 4029 ἐκ
2496 3975 2709 4029 πολλῶν
2736 3975 3021 4044 ἐπιφανῶν
3050 3976 3151 4045 τὴν
3171 3976 3370 4043 ἀρετὴν
3386 3974 3667 4044 t1quam.

2100 4068 2450 4139 ἀπηχθάνετο
2495 4086 2554 4122 τε
2594 4068 2789 4132 ταῦτα,
2838 4070 2932 4121 καὶ
2991 4068 3162 4134 γέλως
3211 4062 3278 4134 ἦν
3315 4066 3557 4135 μακρός·
3621 4065 3670 4116 oi

2101 4160 2316 4224 πλείους
2369 4162 2426 4213 δὲ
2497 4162 2593 4214 καὶ
2663 4160 2836 4231 μηδὲν
2910 4160 3036 4228 περὶ
3110 4157 3312 4211 τούτων
3385 4157 3670 4218 ἐπαΐοντες

2099 4249 2261 4323 ἦσαν.

2171 4522 2342 4576 Τοῦτο
2366 4523 2546 4576 τοίνυν
2576 4520 2843 4592 Βαρλαὰμ
2870 4520 2976 4574 ύπό
3019 4535 3166 4584 τινος
3196 4521 3287 4573 καὶ
3329 4516 3517 4588 μαθὼν
3577 4519 3669 4571 καὶ

2102 4614 2308 4683 παθὼν,
2354 4616 2557 4686 ἥκιστᾶ
2603 4630 2665 4681 γε
2717 4615 2948 4683 τροφεῖα
2996 4612 3173 4674 καλῶς
3210 4609 3520 4666 ὲκτιννύναι
3559 4611 3667 4670 τοῖς

2102 4706 2202 4774 τῆς
2232 4704 2584 4766 διδασκαλίας
2629 4702 2883 4770 γονεῦσιν
2900 4703 3134 4772 ἤνεγκεν
3151 4717 3164 4730 ·
3190 4700 3303 4752 ἀλλ’
3328 4698 3666 4767 ὲκπομπεύει

2102 4801 2164 4852 τὸ
2183 4799 2372 4870 χρῆμα
2426 4797 2525 4865 τῆς
2578 4788 2832 4863 θεὼρίας⁹
2877 4795 3086 4865 πλάνην
3132 4793 3178 4845 δ’
3212 4789 3668 4869 ἀποκαλῶναύτὺ

2104 4895 2197 4944 καὶ
2239 4890 2541 4958 σατανικὴν
2589 4888 2884 4957 ἐπήρειαν,
2939 4887 3009 4940 τὰ
3050 4885 3277 4937 πλεῖστα
3308 4884 3403 4936 τοῦ
3466 4886 3669 4947 πάθους

2102 4984 2182 5045 είς
2209 4980 2635 5041 Μασσαλιανοὺς
2679 4978 2937 5047 ἀνέφερε,
2993 4976 3062 5028 δι’
3120 4968 3195 5029 ὧν
3252 4977 3668 5046 συνεγεγράφει.

2102 5077 2225 5137 Τοῖς
2264 5074 2443 5141 λόγοις
2472 5073 2559 5144 ἄρ’
2585 5070 2678 5126 οὖν
2725 5069 2966 5139 ἐντυχὼν
3014 5068 3301 5138 Παλαμᾶς,
3360 5068 3564 5137 μᾶλλον
3614 5067 3669 5116 δὲ

2104 5165 2413 5233 κεκλοφὼς,
2440 5162 2691 5233 διορύξας
2718 5164 2817 5232 τὴν
2848 5162 3030 5214 οἰκίαν
3081 5160 3213 5211 ὅπου
3264 5173 3325 5226 γε
3354 5158 3415 5211 τὸ
3471 5157 3673 5228 βιϐλίον

2103 5258 2532 5326 διερευνώμενος
2584 5256 2909 5323 ἀνίχνευσεν
2973 5250 3371 5319 ὲγκεκρύφθαι,
3420 5251 3481 5316 ἐξ
3528 5254 3671 5304 ἀντι-

2106 5349 2263 5401 θέτου
2298 5349 2631 5418 λογογραφεί
2671 5347 2768 5417 τὴν
2813 5345 3094 5407 ἀσέϐειαν,
3122 5343 3359 5406 ἀπλανὲς
3385 5342 3485 5412 μὲν
3533 5337 3670 5393 εἶναι

2105 5442 2165 5493 τὸ
2192 5439 2306 5509 φῶς
2337 5443 2525 5495 ἐκεῖνο,
2547 5439 2646 5507 τῆς
2674 5439 2883 5506 πλάνης
2910 5434 3326 5501 ὑποτιθέμενος,
3378 5433 3671 5503 ἐλαχίστην

2107 5532 2164 5585 δὲ
2195 5532 2286 5585 καὶ
2317 5530 2543 5602 μηδενὸς
2590 5529 2746 5593 ἀξίαν
2780 5530 2912 5599 πρὸς
2940 5528 3071 5582 αὐτὸ
3113 5543 3176 5593 γε
3232 5525 3409 5578 δοκεῖν
3458 5524 3559 5593 τὴν
3579 5519 3669 5575 τοῦ
