4056 6266
325 301 427 367 681

1066 303 1251 362 PALA
1262 303 1315 362 Μ
1326 301 1696 363 lTlCARUM
1734 300 2478 364 TRANSGRESSIONUM
2531 304 2786 365 LIBER.

3451 303 3558 364 682

315 416 460 470 θεοῦ
485 415 867 486 δημιουργίαν.
903 413 1111 469 Γῦκουν
1151 433 1216 482 γε
1259 415 1448 466 λοιπὸν
1491 415 1600 467 τῶν
1653 413 1886 467 κτιστῶν

1999 414 2193 478 lumen,
2226 416 2623 484 minimumque
2653 432 2716 471 ac
2743 416 2941 471 nullius
2971 416 3129 486 pretii
3165 417 3283 483 ejus
3338 431 3559 488 compa-

317 506 464 562 εἶναι
493 509 587 560 καὶ
637 508 840 562 δούλων
891 507 1199 560 διετείνετοο
1263 506 1400 559 ἀλλὰ
1453 506 1588 559 Θεὸν
1633 507 1885 559 ἄκτιστον

316 601 700 655 τοῦτ’ὲπενόει
758 601 850 652 καὶ
884 599 1112 669 θεότητα
1160 599 1363 670 κυρίως
1409 598 1742 670 δημιουργὸν
1789 597 1882 650 τοῦ

318 694 519 756 παντός
529 734 543 746 .

389 984 841 1053 Περιφανέστατα
894 983 939 1035 δ’
989 977 1147 1045 αὖθις
1200 981 1557 1050 ἐλεγχόμενος
1600 981 1706 1034 ὑπὸ
1743 982 1886 1048 Βαρ-

315 1079 466 1145 λαὰμ
487 1076 567 1130 ἔτι
605 1077 846 1144 μάλιστα
869 1077 939 1128 τὰ
971 1074 1374 1128 Μασσαλιανῶν
1406 1073 1500 1126 καὶ
1544 1075 1763 1143 φρονεῖν
1791 1073 1886 1126 καὶ

313 1169 731 1238 τερατευεσθαι,
781 1168 918 1235 πρὸς
947 1167 1071 1220 τίνα
1112 1167 1318 1234 τόλμαν
1364 1169 1392 1218 ὁ
1435 1167 1607 1230 δεινὸς
1643 1166 1734 1218 καὶ
1766 1164 1889 1218 ἐπί-

317 1277 546 1330 τριπτος
575 1259 938 1326 καταφεύγει.
987 1259 1080 1311 καὶ
1106 1259 1158 1310 τί
1191 1257 1285 1311 τοῦ
1333 1258 1570 1326 πονηροῦ
1605 1255 1885 1326 θησαυροῦ

318 1355 419 1421 τῆς
467 1351 634 1406 αὐτοῦ
665 1351 895 1420 καρδίας
951 1350 1342 1420 ἐξερεύγεταις
1408 1349 1735 1418 Περιφρονεῖ
1787 1347 1888 1416 μὲν

317 1444 494 1516 ἀρχὰς
543 1445 636 1496 καὶ
687 1445 1015 1514 κυριότητας
1050 1444 1143 1496 καὶ
1195 1442 1417 1512 θρόνους
1465 1443 1561 1494 καὶ
1615 1441 1887 1505 ἐξουσίας,

317 1534 455 1586 εἵσω
485 1533 537 1586 δὲ
572 1534 783 1599 γίνεται
814 1532 972 1597 Θεοῦ,
1020 1535 1117 1586 καὶ
1150 1533 1484 1602 διερευνᾶται
1527 1531 1595 1584 τὰ
1629 1531 1766 1601 βάθη
1799 1533 1889 1584 καὶ

317 1626 387 1678 τὰ
411 1625 619 1694 κρύφια
659 1624 755 1693 τῆς
776 1624 1058 1692 δυνάμεως
1084 1624 1272 1685 αὐτοῦ.
1300 1625 1395 1677 καὶ
1429 1626 1624 1692 γυμνοί
1655 1625 1754 1692 μὲν
1790 1624 1890 1694 τὴν

319 1716 416 1770 τοῦ
461 1715 599 1768 Θεοῦ
630 1715 818 1768 οὐσίαν
843 1715 1068 1784 ταύτης.
1101 1716 1224 1769 καθ’
1275 1717 1343 1784 ἣν
1387 1711 1523 1769 εἷναί
1555 1733 1613 1768 τε
1661 1716 1886 1769 δύναται

1999 506 2209 561 ratione
2237 507 2402 560 videri
2434 508 2629 562 divina!
2689 525 2826 577 opus
2883 511 3194 563 creatiOnis.
3275 508 3392 564 Jam
3451 514 3554 566 ita-

1996 612 2102 665 que
2158 597 2210 650 in
2270 597 2375 650 illis
2418 598 2610 652 rebus-
2643 598 3060 667 haudquaquam
3135 602 3554 664 numerandum,

1996 704 2117 758 quae
2155 697 2336 743 creata
2401 690 2507 741 sint
2534 695 2588 742 et
2637 704 2814 754 serva,
2876 690 3190 745 aﬂirmare:
3247 694 3338 748 sed
3389 693 3558 746 Deum

1997 781 2294 835 increatum
2326 795 2389 834 ac
2425 779 2686 835 Deitatem
2740 797 2923 836 rerum
2952 783 3115 852 hujus
3175 785 3556 844 univcrsitatis

1996 887 2121 926 vere
2150 873 2468 927 creatrieem
2503 874 2675 942 ipsum
2711 875 3088 929 considerare.

1973 1043 1975 1046 η
2066 982 2508 1040 Manifestissime
2558 995 2740 1040 autem
2787 1005 2979 1044 rursus
3026 1006 3056 1044 a
3095 990 3381 1046 Barlaamo
3428 1011 3563 1050 con-

1998 1075 2208 1131 iutatus
2268 1089 2432 1146 atque
2494 1080 2799 1143 convictus,
2847 1082 3023 1134 adhuc
3072 1085 3306 1138 maxime
3371 1087 3564 1140 Μηεεί-

1998 1165 2268 1219 lianorum
2333 1182 2496 1221 sensu
2554 1166 2835 1232 laborare,
2908 1186 3206 1241 eorumque
3255 1175 3444 1230 deliria
3501 1193 3566 1232 ae

1999 1257 2279 1311 mendacia
2310 1257 2507 1322 colere,
2547 1260 2848 1328 praefracta:
2893 1263 3132 1317 nudat-ie
3188 1267 3349 1320 homo
3387 1277 3560 1321 teme—

1998 1346 2177 1400 rarius
2213 1339 2290 1401 Ec-
2314 1347 2632 1413 sceleratus,
2680 1351 2985 1421 perfugium
3035 1356 3250 1421 qumrit,
3288 1359 3565 1413 nonnihil-

1998 1450 2104 1503 que
2149 1446 2359 1492 eructat
2404 1454 2468 1492 ex
2508 1441 2652 1494 malo
2699 1442 2955 1496 thesauro
2991 1445 3171 1499 cordis
3223 1448 3328 1501 sui.
3361 1448 3563 1520 Nempe

1999 1529 2302 1582 contemnit
2333 1528 2688 1599 Principatus
2735 1541 2796 1588 ct.
2830 1533 3270 1603 Dominationes,
3310 1539 3565 1597 Thronos

1999 1631 2220 1685 quoque
2260 1627 2311 1671 et
2350 1617 2680 1686 Potestates,
2713 1623 2981 1694 lintraqne
3017 1625 3107 1679 Dei
3146 1628 3322 1683 sinum
3358 1631 3564 1684 irrum-

2001 1721 2156 1776 pens,
2189 1708 2310 1775 ejus
2347 1709 2578 1765 Virtutis
2617 1711 2880 1780 profunda
2906 1715 3123 1783 altaque
3152 1729 3468 1786 scrutatur;
3498 1737 3564 1776 ac

447 1766 556 1876 ζ’ῇῖ
577 1766 809 1860 δύναται.
826 1766 1254 1877 ο-θι-ιστξδί-αή
1284 1766 1534 1876 αλλήλων
1562 1807 1745 1876 μέτρῳ
1777 1807 1890 1860 δαι-

2002 1766 2020 1776 ,
2146 1766 2152 1767 ,
2219 1766 2236 1775 ,
2618 1766 2628 1780 ,
2992 1766 3013 1768 η
3039 1766 3119 1783 ,ρ
3152 1766 3418 1774 ---η--.η
3453 1766 3468 1786 ,
3498 1766 3564 1776 ..ν

1999 1797 2087 1850 Dei
2129 1798 2346 1866 quidem
2392 1803 2684 1856 essentiam
2714 1805 2801 1857 illa
2849 1806 3017 1858 nudat
3052 1807 3250 1864 virtute
3285 1826 3392 1880 qua
3441 1827 3564 1867 esse

323 1899 496 1968 μονίφ
525 1900 618 1953 καὶ
644 1899 929 1969 διαφοραῖς
967 1901 1174 1963 ᾶλὶαις,
1207 1900 1272 1955 ἃς
1308 1901 1640 1954 ἀκούσεσθε·
1685 1903 1886 1968 ὀνομα-

322 1991 530 2044 τοθετεί
559 1992 615 2044 δὲ
639 1991 702 2043 τὸ
731 1992 846 2060 φῶς
875 1995 1053 2045 ἐκεῖνο
1081 1993 1180 2060 τῆς
1217 1993 1424 2060 πλάνης
1452 1993 1551 2061 τὴν
1579 1992 1725 2060 ζωὴν
1751 1991 1891 2047 εἶναι

322 2085 418 2137 καὶ
445 2083 544 2151 τὴν
573 2082 805 2150 δύναμιν
833 2083 928 2135 τοῦ
955 2084 1112 2144 Θεοῦ,
1145 2085 1330 2136 οὐκέτι
1358 2084 1415 2137 δὲ
1445 2083 1542 2152 τὴν
1572 2085 1760 2137 οὐσίαν
1793 2087 1892 2138 αὐε-

321 2174 451 2228 τοῦο
484 2175 549 2227 ἵν’
579 2175 795 2246 ἐκφύγῃ
817 2174 976 2240 δῆθεν
1015 2175 1238 2244 ἀσεϐείᾳ
1266 2173 1513 2244 χειρίστη
1564 2175 1892 2227 Μασσαλια-

321 2269 516 2335 νισμδν
550 2267 898 2337 κουφότερον,
933 2268 1156 2319 ἐκείνων
1187 2261 1399 2320 ἅκούων
1421 2267 1553 2336 ὁρᾷν
1583 2266 1680 2335 τὴν
1706 2266 1895 2320 οὐσίαν

323 2358 418 2412 τοῦ
449 2358 586 2412 Θεοῦ
627 2360 1062 2428 διατεινομένων.
1095 2360 1548 2428 Εὺπρεπέστερον
1588 2359 1694 2428 γὰρ
1721 2359 1897 2428 ἥγητο

322 2450 402 2520 τῷ
446 2452 578 2519 παρ’
622 2449 788 2504 αὐτοῦ
825 2451 966 2520 φωτὶ
1016 2450 1115 2519 τὴν
1160 2451 1388 2517 δύναμιν
1437 2449 1700 2518 ἁρμόσαι,
1837 2449 1897 2501 τὸ

325 2543 563 2612 φοϐερὸν
591 2545 849 2613 πρόσεστι
899 2546 965 2612 τῇ
1011 2543 1106 2596 τοῦ
1167 2543 1302 2595 Θεοῦ
1329 2543 1508 2612 οὐσίᾳ,
1545 2543 1642 2595 καὶ
1688 2541 1897 2610 ταύτην

323 2635 459 2704 ὁρᾷν
492 2632 551 2686 τὸ
593 2634 707 2702 φῶς
735 2633 920 2700 οὖσαν,
954 2635 1097 2705 ἥπερ
1133 2633 1559 2695 Μασσαλιανοὺς
1607 2631 1897 2687 τοῦλαττον

325 2743 570 2795 εχοντας.

398 3026 896 3096 Συγκαλυψάμενος
921 3025 1105 3079 τοίνυν
1135 3025 1225 3077 τὸν
1255 3025 1373 3078 νέον
1399 3024 1586 3078 τοῦτον
1607 3026 1700 3079 καὶ
1729 3027 1897 3097 πρόσ-

1995 1894 2172 1954 potest
2218 1899 2378 1958 atque
2433 1893 2637 1958 vivere,
2707 1909 3031 1964 separatque
3089 1900 3157 1952 ab
3203 1901 3432 1956 invicem
3463 1921 3562 1959 ex-

1995 1993 2149 2034 cessu
2199 1983 2455 2044 mirabili,
2503 1976 2734 2055 aliisque
2766 1988 3108 2055 diﬂ'erentiis,
3142 2009 3280 2061 quas
3321 1995 3559 2052 audituri

1994 2074 2148 2126 eSliS.
2188 2071 2507 2144 Nomenque
2555 2079 2841 2147 imponens
2887 2097 2950 2136 ac
2999 2083 3312 2152 imligitans,
3359 2091 3564 2143 erroris

1996 2163 2178 2217 lumen
2217 2165 2371 2229 illud,
2416 2167 2507 2220 Dei
2556 2171 2717 2224 vitam
2755 2187 2881 2226 esse
2913 2173 3043 2228 dicit
3088 2186 3250 2244 atque
3284 2178 3559 2242 virtutem,

1997 2272 2101 2309 non
2133 2257 2254 2326 ejus
2275 2261 2566 2314 essentiam
2595 2280 2608 2327 ;
2638 2264 2872 2330 pessima
2909 2266 3162 2339 nimirum
3197 2270 3489 2339 impietate,
3533 2290 3564 2327 a

1999 2349 2454 2418 Massalianismo,
2499 2355 2641 2422 quod
2692 2355 2864 2410 levius
2895 2368 2996 2419 est,
3034 2375 3090 2413 Se
3123 2360 3238 2428 ipse
3283 2363 3562 2428 liberans;

1999 2454 2136 2508 quos
2161 2440 2492 2498 aliirmantes
2521 2445 2757 2510 audiret,
2800 2447 2889 2500 Dei
2937 2464 2996 2501 se
3027 2451 3318 2504 essentiam
3355 2452 3560 2506 videre.

1998 2531 2424 2589 COIIVGIIit‘IIlilIS
2476 2550 2710 2605 namque
2750 2538 3119 2604 existimavit,
3169 2555 3269 2594 suo
3322 2542 3396 2595 illi
3450 2543 3562 2612 lgni

2000 2623 2256 2678 virtutem
2308 2636 2495 2694 aptare
2525 2641 2620 2680 seu
2661 2630 2978 2695 potentiam,
3027 2647 3133 2699 qua
3170 2631 3260 2686 Dei
3313 2635 3566 2687 essentia:

2001 2718 2260 2785 competit
2296 2727 2355 2769 ut
2402 2719 2677 2772 tremenda
2712 2720 2802 2782 sit,
2835 2730 2998 2786 atque
3042 2725 3179 2776 hanc
3223 2724 3421 2787 videre,
3457 2725 3567 2779 Lu-

2002 2823 2116 2861 cem
2152 2810 2500 2865 exsistentem
2523 2853 2536 2876 ,
2581 2811 2775 2866 minori
2823 2829 2932 2882 pra:
2959 2814 3300 2870 Massalianis
3329 2834 3462 2874 ausu
3498 2837 3562 2874 ac

2001 2901 2344 2968 compendio.

2071 3015 2377 3084 Contegens
2433 3017 2613 3084 itaque
2644 3034 2841 3072 novuen
2887 3021 3028 3074 hunc
3073 3032 3234 3090 atque
3285 3036 3554 3080 recmttem

326 3135 498 3188 φατον
525 3118 660 3171 Θεὸν
684 3116 760 3187 τῷ
790 3118 890 3186 τῆς
918 3116 1194 3186 ἐνεργείας
1221 3116 1314 3168 καὶ
1339 3115 1620 3185 δυνάμεως
1645 3116 1892 3186 ὀνόματι,

2003 3109 2170 3166 Deum
2196 3112 2527 3182 operationis
2565 3116 2784 3168 nomine
2809 3123 2971 3184 atque
3020 3119 3258 3180 virtutis,
3311 3135 3409 3174 nec
3457 3138 3561 3174 non

327 3211 425 3265 καὶ
449 3208 528 3280 τῷ
566 3209 705 3277 φωτὶ
744 3209 840 3276 τῆς
888 3208 982 3260 τοῦ
1032 3207 1237 3277 Κυρίου
1273 3207 1764 3278 Μεταμορφώσεως
1792 3209 1896 3279 (ol-

327 3302 608 3371 κειότερον
641 3299 750 3368 γὰρ
795 3299 1058 3370 ἁρμόζειν
1105 3299 1253 3362 αὐτῷ
1300 3299 1387 3352 διὰ
1416 3300 1514 3371 τὴν
1573 3300 1897 3369 ὁμωνυμίαν

328 3391 649 3461 ἁνεύρισκε)
681 3406 696 3421 ·
723 3391 860 3461 προς
905 3391 1116 3453 τούτοις
1151 3389 1207 3442 δὲ
1241 3389 1334 3442 καὶ
1374 3395 1438 3461 τῇ
1475 3391 1658 3461 χάριτι
1690 3393 1782 3444 καὶ
1827 3394 1896 3461 τῇ

325 3483 531 3552 δωρεᾷ,
555 3483 650 3535 καὶ
671 3483 785 3543 τοῖς
810 3481 990 3542 ἄλλοις
1015 3477 1098 3542 οἷς
1130 3481 1312 3534 εἰώθει
1359 3483 1496 3550 πρὸς
1523 3483 1741 3551 ἀπάτην
1771 3485 1902 3542 ὲπιέ

326 3574 581 3643 λέγεσθαι
635 3572 742 3627 τῶν
771 3573 1006 3636 πολλῶν,
1049 3571 1194 3625 οὓτω
1232 3573 1442 3642 προῆγε
1479 3575 1576 3626 καὶ
1628 3575 1898 3641 ὑπέφαινε

328 3665 630 3735 φωνασκῶν
645 3665 733 3717 διὰ
761 3665 937 3719 πάντα
968 3666 1058 3716 τὸν
1092 3664 1248 3730 λόγον
1274 3665 1366 3716 καὶ
1394 3665 1746 3730 ὑπομειδιῶν.
1776 3668 1898 3718 Μά-

325 3749 574 3829 τηνὶρα
601 3755 788 3809 λοιπὸν
817 3757 958 3826 πρὸς
977 3755 1072 3818 τὰς
1097 3754 1206 3806 τῶν
1235 3755 1565 3824 Παλαμιτῶν
1604 3759 1896 3829 ἐπιφορὰς,

328 3843 416 3911 αἷς
470 3847 761 3900 πεποίθασι
797 3847 888 3900 τὸν
943 3848 1062 3900 νέον
1114 3848 1544 3914 περικαλύπτειν
1595 3845 1751 3912 Θεὸν,
1800 3851 1898 3911 τὰς

329 3940 648 4010 ἀποκρίσεις
689 3939 836 4007 ἡμᾶς
875 3939 1202 4005 ἀντεπάγειν
1228 3953 1242 3966 ·
1297 3941 1566 4008 προσήκει
1608 3941 1664 3993 δὲ
1701 3942 1898 4009 μᾶλλον

329 4031 690 4100 ἐπινέμεσθαι
719 4031 936 4094 αὐτοὺς.
991 4033 1036 4083 εἰ
1075 4033 1329 4096 ἇκτιστός
1363 4035 1480 4086 ἐστι
1509 4033 1642 4098 Θεὸς
1667 4037 1727 4087 τὸ
1761 4052 1900 4101 φαν-

328 4122 626 4190 ταζόμενον
667 4122 849 4184 αὐτοῖς
880 4123 1058 4176 ἐκεῖνο
1105 4124 1256 4192 φῶς·
1305 4123 1463 4177 τοῦτο
1499 4126 1606 4195 γὰρ
1642 4126 1737 4178 καὶ
1794 4144 1898 4178 πα-

335 4213 606 4282 ραστῆσαι
631 4211 1040 4282 βεϐουλημᾶνοι,
1064 4218 1201 4284 πρδς
1228 4215 1327 4277 τὰς
1361 4217 1748 4280 ἀτοπωτάτους
1771 4217 1901 4270 ταύ-

330 4320 426 4365 τας
453 4303 755 4357 ἀπέκλιναν
787 4304 1082 4375 διαιρέσεις
1115 4308 1209 4358 καὶ
1237 4309 1574 4376 κατατομὰς.
1605 4311 1697 4362 Δεὶ⁹
1720 4310 1899 4362 τοίνυν

330 4395 516 4448 ὶοιπὺν
549 4397 673 4458 τοὺς
723 4397 1152 4465 ἐντυγχάνοντας
1181 4399 1282 4466 τὴν
1329 4401 1505 4469 ἀρχὴν
1546 4402 1674 4471 περὶ
1704 4403 1898 4456 τούτου

2001 3203 2208 3258 lumine
2246 3205 2441 3258 divina:
2485 3205 2982 3261 transformationis
3034 3209 3178 3278 (hoe
3211 3212 3355 3264 enim
3392 3215 3562 3280 magis

2001 3296 2102 3348 sibi
2165 3309 2462 3365 congruere
2508 3298 2762 3361 invenit,“
2786 3300 2854 3350 ob
2902 3299 3137 3354 nominis
3181 3303 3288 3354 alio
3347 3303 3564 3371 alioque

1999 3401 2162 3440 sensu
2209 3388 2672 3457 usurpationem),
2708 3389 2880 3458 gratia
2933 3390 3059 3442 item
3095 3390 3347 3460 donoque
3371 3409 3434 3446 ac
3476 3409 3564 3455 reg

1997 3479 2179 3547 liquis,
2230 3495 2352 3548 quae
2400 3495 2718 3548 percensere
2772 3481 2998 3542 solebat,
3049 3482 3115 3534 ad
3185 3483 3344 3549 vulgo
3402 3485 3561 3537 inne-

2000 3571 2246 3624 ctendam
2285 3571 2550 3632 fraudem.
2589 3575 2642 3624 in
2691 3586 2813 3625 eum
2861 3572 3083 3624 modum
3123 3574 3464 3639 procedebat,
3499 3591 3563 3630 ac

2001 3678 2095 3731 per
2124 3661 2304 3715 omnia
2327 3671 2670 3715 exercentem
2699 3677 2884 3716 vocem
2914 3663 3015 3716 sub
3041 3663 3316 3730 phonasco
3343 3679 3405 3718 ac
3429 3672 3556 3719 sub.

1999 3754 2264 3808 ridentem
2303 3752 2616 3810 exhibebat.
2648 3752 2872 3808 Frustra
2902 3753 3013 3822 jam
3061 3755 3224 3822 igitur
3254 3765 3355 3817 est,
3391 3765 3448 3809 ut
3491 3760 3557 3810 ad

2001 3846 2390 3899 Palamitarnm
2423 3845 2718 3910 illationes_
2747 3846 2948 3909 quibus
2978 3860 3177 3899 novum
3211 3846 3378 3900 Deum
3409 3851 3562 3902 obte-

1994 3934 2116 3988 gere
2135 3920 2416 3971 conlidunt
2463 3920 2841 3985 responsiones
2860 3933 3072 3977 nOstras
3093 3933 3508 3995 0p|)9lltttttus;d
3541 3960 3572 3974 ο

1994 4019 2185 4074 ectque
2211 4008 2378 4074 magis
2402 4017 2460 4061 ut
2497 4024 2590 4062 eos
2609 4010 3005 4080 interrogemus
3029 4034 3040 4068 :
3064 4033 3191 4070 num
3216 4020 3357 4085 quod
3384 4023 3568 4076 animo

1997 4098 2274 4150 inﬁrmant
2313 4100 2605 4168 videntque
2648 4100 2866 4168 lumen,
2915 4104 3056 4159 Deus
3103 4109 3381 4165 incrcatus
3425 4118 3570 4166 exsi-

1995 4199 2122 4242 stat.
2166 4188 2281 4246 lloc
2305 4207 2542 4261 namque
2569 4194 2733 4264 etiam
2782 4209 3022 4251 statuere
3057 4200 3318 4261 volentes,
3373 4210 3438 4258 ad
3471 4207 3572 4258 ab-

1999 4283 2354 4340 surdissimas
2386 4286 2484 4340 has
2519 4288 2941 4344 declinaverunt
2963 4292 3268 4350 divisiones
3297 4312 3360 4350 ac
3387 4301 3574 4352 conci-

2002 4375 2208 4430 siones.
2238 4375 2356 4430 Jam
2393 4378 2558 4448 igitur
2589 4395 2769 4446 opcrze
2805 4384 3039 4449 pretium
3078 4386 3171 4446 sit,
3211 4397 3269 4440 ut
3302 4389 3395 4458 qui
3435 4391 3573 4444 allo-

332 4487 483 4552 σφίσι
516 4451 988 4554 διαλέγεσθαίἒοῦ
1020 4451 1647 4554 φωτθς,.τᾶλίι’ἣέῶνταξ
1687 4492 1895 4562 χαίρειν

2005 4481 2270 4533 quuntur,
2297 4469 2362 4521 de
2391 4471 2492 4522 hoc
2518 4470 2752 4537 primum
2787 4474 2994 4528 lumine
3017 4475 3319 4544 disputent,
3348 4482 3574 4551 reliquis

335 4578 587 4646 μακράν
645 4579 740 4631 καὶ
788 4578 1022 4646 φανερὸν
1062 4581 1126 4632 ὲκ
1175 4579 1381 4635 τούτων
1428 4583 1576 4635 ἐστὶν
1629 4583 1900 4653 ἀνευρεῖν,

328 4668 452 4722 ὅθεν
499 4668 706 4739 ἦρξατο
742 4669 1004 4739 Παλαμᾶς
1038 4670 1218 4738 λέγειν
1260 4688 1320 4724 τε
1373 4671 1472 4726 καὶ
1504 4676 1726 4744 συγχεῖν
1775 4677 1906 4745 περὶ

330 4777 536 4813 τουτων
543 4798 559 4814 ο

404 4874 526 4927 Ἔτι
560 4875 659 4942 μιᾷ
689 4875 894 4946 ἑκάστῃ
928 4873 1036 4927 τῶν
1070 4874 1394 4945 ἐπιστημῶν
1437 4878 1795 4947 προσήκουσά
1814 4896 1901 4943 τις

330 4963 688 5033 ἀναφαίνεται
721 4967 754 5032 ὴ
781 4966 946 5034 ἀρχή.
984 4965 1169 5019 Ἔστιν
1203 4966 1292 5036 ἄρ’
1337 4962 1431 5020 οὖν
1478 4971 1541 5021 ὲκ
1573 4969 1681 5022 τῶν
1711 4970 1898 5041 ἀρχῶν

332 5053 640 5123 σκέψασθαι
670 5055 763 5107 τὸν
793 5055 1157 5125 ἐπιστήμονα,
1201 5057 1337 5126 πρὸς
1368 5056 1512 5127 ἆπερ
1545 5057 1694 5127 αὐτῷ
1734 5060 1900 5112 τείνει

330 5145 427 5214 τῆς
461 5147 904 5216 πραγματείαςή
942 5148 1182 5216 μέθοδος,
1229 5145 1296 5219 ἦς
1327 5152 1469 5221 ἀρχὴ
1513 5152 1631 5203 τόδε
1663 5169 1717 5204 τι
1765 5169 1898 5221 τυγ-

333 5237 485 5307 χάνει
513 5237 595 5292 ὃν.
641 5238 784 5292 Ἀλλ’
829 5241 862 5309 ἡ
892 5240 1003 5292 τῶν
1031 5240 1360 5309 Παλαμιτῶν
1391 5243 1532 5313 ἀρχὴ
1562 5245 1627 5297 ὲκ
1668 5245 1902 5313 φιλονει-

333 5329 455 5393 κίας
490 5334 582 5382 καὶ
619 5331 820 5401 μάχης,
849 5332 925 5395 ὡς
961 5333 1272 5402 ὴκηκόειτε,
1320 5319 1658 5404 καθέστηκεο
1692 5338 1902 5403 συμϐα-

333 5417 446 5472 λεῖν
475 5419 522 5474 θ’
574 5422 772 5476 οὐκοῦν
809 5424 874 5476 ἐκ
903 5425 1108 5478 τούτων
1133 5425 1210 5478 ἔνι
1235 5427 1331 5478 καί
1353 5425 1453 5496 τὴν
1488 5428 1671 5479 πᾶσαν
1722 5428 1904 5480 αὐτῶν

337 5513 464 5580 περὶ
492 5513 562 5567 τὰ
593 5512 860 5586 λεγόμενα
887 5519 1295 5587 πραγματείαν.

408 5712 528 5766 Ἐτι
562 5713 592 5767 ὁ
625 5713 827 5784 Κύριος
852 5727 1040 5786 φησιν,
1075 5735 1095 5768 ι
1148 5717 1244 5770 Ἐκ
1282 5719 1375 5772 τοῦ
1412 5720 1645 5792 πονηροῦ
1695 5721 1900 5796 θησαυο

674 5808 939 5870 Parnm.
987 5815 1104 5876 Gtt.
1149 5813 1324 5873 CLII.

2003 4557 2192 4622 procul
2227 4557 2406 4610 valere
2431 4557 2640 4625 jussis;
2679 4560 2913 4631 hincque
2939 4562 3074 4618 adeo
3105 4566 3394 4623 manifeste
3424 4571 3576 4626 inve-

2009 4647 2126 4700 nire
2161 4649 2344 4711 liceat,
2387 4649 2529 4702 unde
2565 4648 2814 4707 i'alamas
2856 4655 2923 4708 de
2952 4655 3037 4708 his
3070 4655 3218 4726 loqui
3251 4675 3315 4714 ac
3344 4665 3577 4717 conl‘un-

2002 4734 2134 4790 dere
2161 4740 2506 4803 occcrptarit.

2073 4851 2363 4915 Pranerea,
2402 4856 2633 4925 singulis
2674 4859 2921 4913 scientiis
2951 4870 3116 4928 atque
3157 4864 3392 4928 artibus,
3443 4881 3580 4919 con-

2004 4943 2234 4996 veniens
2261 4947 2536 5013 quoddam
2567 4959 2794 5017 apparet
2843 4950 3203 5018 principium.
3231 4951 3383 5008 Licet
3411 4957 3580 5026 igitur

2002 5051 2066 5089 ex
2102 5035 2388 5104 principiis
2419 5039 2723 5107 despicere,
2753 5041 2872 5094 viro
2899 5043 3128 5096 scientia
3163 5054 3394 5114 arteque
3440 5063 3579 5115 prte-

2006 5129 2140 5192 dito,
2186 5145 2296 5196 quo
2329 5131 2404 5182 illi
2454 5134 2654 5200 negotii
2704 5135 2841 5188 ratio
2891 5135 3086 5204 viaque
3130 5147 3363 5203 spectet,
3415 5141 3576 5208 cujus

2006 5222 2332 5289 principium
2369 5223 2510 5277 istud
2545 5224 2823 5294 quidpiam
2859 5230 3111 5282 exsistat.
3143 5231 3304 5298 Atqui
3346 5230 3579 5283 l’alami-

2007 5322 2184 5367 tarum
2214 5315 2543 5383 principium
2566 5332 2630 5370 ex
2657 5318 3008 5374 contentione
3039 5321 3286 5388 rixaque.
3319 5321 3583 5387 quemad-

2008 5403 2227 5457 modum
2259 5407 2509 5467 audistis,
2542 5409 2759 5462 exstitit
2788 5425 2804 5473 ;
2841 5411 2966 5464 hinc
2999 5411 3178 5479 itaque
3207 5410 3480 5476 conjicere
3508 5411 3578 5463 li-

2006 5505 2110 5557 cet,
2160 5512 2412 5562 quaenam
2449 5501 2518 5552 sit
2555 5501 2737 5556 omnis
2775 5502 2988 5557 illorum
3028 5515 3228 5567 strues,
3283 5504 3349 5555 de
3373 5501 3580 5570 quibus

2005 5603 2186 5642 sermo
2212 5591 2450 5644 exsistit.

2081 5701 2348 5760 Praeterea
2378 5706 2446 5759 ait
2484 5704 2790 5762 Dominus:
2833 5727 2849 5759 ι
2881 5707 2955 5762 De
2989 5710 3129 5762 malo
3163 5709 3422 5801 thcsrfuro
3456 5729 3579 5770 cor-

2280 5797 2282 5799 ·
3029 5805 3106 5862 22
