4096 6292
356 296 465 360 635

1098 289 1729 356 PALAMITICARUM
1764 281 2521 347 TRANSGRESSIONUM
2560 281 2819 343 LIBER.

3475 276 3584 340 686

351 421 466 478 τοῖς
494 414 632 485 πρὸς
675 412 736 466 τὺ
783 410 1068 465 λανθάνειν
1118 408 1443 479 ἐπιτηδείοις
1493 405 1621 465 τοὺς
1672 402 1917 470 ὁρῶντας

2040 399 2168 452 velut
2207 397 2302 466 qui
2335 404 2523 465 turpes
2551 395 2736 450 vultus
2767 395 2833 450 iis
2869 394 3170 459 obducunt,
3215 393 3418 462 quibus
3467 408 3589 461 pro-

353 503 858 577 καταχρωννῦντες,
894 501 928 572 ἢ
974 501 1072 553 καὶ
1100 500 1152 553 oi
1183 499 1292 552 τῶν
1329 494 1677 576 δηλητηρίων
1711 494 1778 546 τά
1809 491 1923 562 χεί-

356 613 516 668 ριστα
573 595 686 655 τοῖς
748 591 977 645 εὐώδεσι
1031 591 1466 654 συσκευάζοντες
1504 587 1602 640 καὶ
1660 584 1921 654 ἡδίστοις,

355 683 727 757 παρῤησιάζει
759 683 820 734 τὸ
847 682 1062 752 χρῆμα’
1096 683 1189 734 καὶ
1231 682 1351 744 ταῖς
1385 679 1540 732 ὠδῖσι
1569 675 1797 736 ταύταις
1831 674 1926 725 καὶ

355 777 469 836 τοῖς
501 771 960 842 πυριφλεγέθουσι
1001 772 1112 824 τῶν
1139 770 1401 834 τοκετῶν,
1434 769 1512 832 ὡς
1560 767 1676 837 φῶς
1719 764 1923 834 τίμιον,

363 865 456 916 καὶ
485 864 593 916 τῶν
618 864 680 916 οῦ
727 864 926 932 χαμαὶ,
975 863 1334 932 προσανέχειν
1362 859 1686 920 “άναπείθει,
1725 856 1927 917 πολλὰς

362 954 474 1006 τῶν
503 955 665 1007 πάλαι
713 957 1086 1022 φωτοφανείας
1119 953 1393 1007 ἐπαντλῶν
1421 951 1578 1021 ὴμῶν
1620 949 1886 1019 πρότερον
1908 962 1924 980 ο

365 1043 439 1102 ὼς
467 1041 533 1092 ἂν
562 1042 620 1093 τὸ
649 1041 1086 1111 κατεψευσμένον
1113 1041 1260 1110 αὐτῷ
1290 1042 1406 1109 φῶς
1437 1039 1533 1109 τὴν
1573 1038 1794 1091 ἐκείνων
1832 1035 1930 1090 λά-

364 1149 448 1200 χοι
481 1130 684 1199 χώραν,
713 1133 744 1201 ἢ
775 1135 866 1184 καὶ
898 1131 1067 1201 μείζω
1092 1132 1178 1185 διὰ
1199 1131 1297 1202 τὴν
1330 1133 1395 1183 ἐκ
1417 1120 1531 1183 τῶν
1553 1128 1762 1196 καιρῶν
1785 1129 1928 1196 παῤ-

368 1223 588 1290 ρησίαν,
621 1223 715 1274 καὶ
741 1223 840 1291 τὴν
888 1223 986 1290 τῆς
1014 1221 1194 1291 ψυχῆς
1236 1220 1398 1276 αὐτοῦ
1431 1219 1786 1288 κακοήθειαν,
1839 1217 1931 1269 καὶ

364 1312 464 1382 τὴν
493 1313 664 1381 ἄλλην
689 1315 758 1365 ὲκ
782 1313 890 1366 τῶν
916 1312 1132 1382 τρόπων
1159 1313 1458 1377 ἀναίδειαν,
1494 1305 1528 1386 ᾖ
1559 1310 1758 1380 χρῆται
1788 1306 1932 1362 κατὰ

366 1401 503 1456 Θεοῦ
531 1404 660 1474 περὶ
687 1403 864 1458 πάντα
895 1402 1073 1472 λόγον.

440 1671 503 1723 El
532 1669 633 1739 μὲν
653 1667 749 1722 οὖν
778 1667 1083 1737 ἐξελέγχειν
1104 1667 1252 1737 ἡμᾶς
1273 1668 1444 1720 ταῦτα
1470 1664 1592 1720 νυνὶ
1615 1664 1930 1736 προῦκειτο,

371 1762 603 1826 πολλοὺς
659 1762 725 1814 ἂν
768 1759 878 1812 τῶν
930 1759 1214 1828 Θεοφόρων
1268 1756 1614 1828 παρήγομεν,
1670 1755 1932 1825 ἄντικρυς

369 1856 512 1908 αὐτὰ
543 1853 738 1924 μανίαν
783 1851 1250 1921 ἀποφαινομένους
1297 1849 1392 1901 καὶ
1441 1846 1800 1918 παρατροπὴν
1835 1843 1932 1899 τοῦ

371 1949 431 2000 ἐν
463 1949 592 2016 ἡμῖν
623 1943 1043 2015 ἡγεμονεύοντος
1069 1939 1301 2011 ψυχικοῦ
1327 1940 1637 2009 πνεύματος
1659 1956 1675 1971 ·
1706 1934 1780 1992 ὧν
1807 1939 1932 1992 Διάι-

369 2037 522 2105 δοχός
549 2052 609 2087 τε
636 2035 663 2086 ὁ
693 2034 834 2096 θεῖός
879 2035 1016 2098 ἐστι,
1048 2031 1146 2083 καὶ
1189 2031 1380 2093 Νεῖλος
1417 2031 1446 2084 ὁ
1471 2029 1793 2098 θαυμάσιος,
1833 2030 1934 2083 καὶ

383 2127 572 2178 Ἰσαὰκ
621 2127 649 2178 ὁ
703 2125 979 2196 λαμπρὸς,
1038 2129 1117 2190 είς
1167 2123 1421 2178 τοσοῦτον
1487 2120 1933 2193 ὑπεραναϐάντες

372 2220 661 2288 ἀσκήσεως
690 2220 783 2271 καὶ
817 2219 1072 2288 Θεωρίας,
1108 2218 1247 2271 ὥστε
1287 2219 1379 2270 καὶ
1423 2218 1535 2279 τοῖς
1571 2215 1750 2278 ἄλλοις
1785 2214 1932 2268 ᾶπα-

374 2327 460 2363 σιν
490 2310 716 2373 ειυτοῦς
767 2312 845 2370 είς
879 2311 1226 2381 παράδειγμα
1280 2305 1546 2377 λαμπρῶς
1591 2307 1935 2377 καταστῆσαι

379 2403 558 2471 πάσης
589 2399 1008 2471 ἀρετῆς,οῦστ,ς
1053 2417 1112 2453 τε
1153 2400 1246 2453 καὶ
1280 2399 1677 2469 ἐπινοηθείσης.
1731 2398 1869 2452 Ἀλλ’
1907 2399 1937 2452 ὁ

377 2495 476 2565 μὲν
504 2495 644 2548 οὕτω
687 2496 786 2563 τὴν
832 2493 1067 2564 θεωρίαν
1097 2493 1360 2562 ὁρίζεται,
1411 2493 1488 2560 τῷ
1519 2493 1610 2545 τὸν
1663 2495 1720 2545 ὲν
1764 2492 1935 2562 ταύτῃ

351 2588 463 2648 ,διὰ
487 2587 584 2655 τῆς
617 2585 925 2654 προσευχῆς
964 2585 1319 2654 άπηντηκότα
1343 2599 1362 2635 ι
1402 2585 1608 2637 ἄπνουν
1648 2582 1744 2636 καὶ
1771 2583 1937 2634 ἔκπε-

374 2680 686 2748 πληγμένον
734 2679 962 2745 ὁρᾶσθαι
989 2693 1003 2708 ⁸
1047 2696 1064 2728 ι
1101 2680 1194 2728 καί
1241 2679 1342 2745 οὐχ
1384 2677 1460 2740 ὡς
1499 2677 1547 2728 oi
1583 2676 1814 2745 ἄφρονες
1851 2673 1941 2726 λέ-

375 2785 587 2836 γουσιν,
625 2762 764 2830 είδός
797 2783 941 2828 τινος
967 2765 1000 2836 ἢ
1031 2767 1243 2835 μορφὴν
1271 2767 1304 2836 ἢ
1331 2767 1518 2836 σχῆμα
1542 2764 1930 2834 φαντάζεσθαι·

377 2858 584 2917 ἐκεῖνος
615 2855 673 2907 δὲ
709 2871 728 2904 ι
768 2853 860 2906 τὸν
890 2853 1121 2922 δαίμονα
1159 2852 1502 2920 ἐφάπτεσθαι
1536 2871 1554 2904 ι
1600 2869 1738 2922 φησι
1793 2870 1811 2904 ι
1845 2850 1940 2904 τοῦ

378 2946 675 3013 εἰρημένου
706 2942 896 3008 τόπου,
926 2945 1021 2995 καὶ
1045 2942 1106 2995 τὺ
1128 2943 1257 3009 περὶ
1285 2941 1376 2994 τὸν
1421 2941 1545 2995 νοῦν
1575 2942 1690 3012 φῶς
1719 2943 1942 3012 τρέπειν

380 3035 565 3097 καθὼς
594 3034 867 3104 βούλεται,
901 3033 996 3087 καὶ
1037 3032 1178 3087 οὕτω
1206 3035 1471 3086 κινεῖσθαι
1499 3031 1559 3086 τὺ
1599 3031 1700 3102 τῆς
1727 3033 1939 3087 κενοδο-

377 3127 497 3188 ξίας
538 3126 730 3190 πάθος,
763 3126 843 3187 είς
882 3123 1142 3192 λογισμὸν
1191 3123 1504 3194 μορφοῦντα
1531 3125 1624 3178 τὸν
1647 3125 1774 3177 νοῦν
1806 3142 1936 3177 κου-

378 3215 747 3284 φογνὼμονος,
772 3215 908 3282 πρὸς
944 3215 1299 3283 ἀναπλασμὸν
1327 3214 1478 3278 θείας
1524 3217 1616 3268 καὶ
1647 3216 1937 3279 οὑειὼδους

377 3306 652 3373 γνώσεως.
685 3325 706 3357 ι
739 3305 986 3374 Διάδοχός
1019 3304 1065 3358 δ’
1102 3308 1131 3358 ὁ
1182 3307 1371 3373 μέγας,
1411 3325 1432 3358 ι
1489 3308 1614 3360 Ἐὰν
1643 3307 1780 3379 ὀφθῇ
1828 3307 1940 3361 τινὶ

376 3397 486 3449 τῶν
525 3395 937 3464 ἀγωνιζομένων
968 3395 999 3464 ἢ
1039 3395 1174 3464 φῶς,
1203 3396 1236 3466 ἢ
1267 3397 1474 3466 σχῆμα,
1514 3399 1544 3468 ἢ
1574 3401 1860 3471 πυροειδές
1886 3419 1937 3454 τι

377 3491 629 3557 σημεῖον,
658 3487 922 3557 μηδαμῶς
953 3487 1337 3567 καῖαδεξάσθω
1360 3491 1422 3542 τὸ
1453 3491 1694 3546 τοιοῦτον
1721 3494 1930 3566 ὅραμα⁸

376 3581 560 3647 ἀπάτη
590 3581 697 3648 γάρ
727 3582 842 3630 ἐστι
889 3580 1098 3647 φανερὰ
1144 3577 1236 3630 τοῦ
1265 3579 1480 3649 ἐχθροῦ.
1515 3583 1692 3653 Ὅπερ
1747 3583 1935 3636 πολλοὶ

377 3672 642 3733 παθόντες
687 3670 745 3735 ἐξ
788 3669 1032 3734 ἀγνοίας,
1085 3669 1465 3738 ἆξετράπησαν
1515 3674 1616 3741 τῆς
1665 3675 1786 3727 ὁδοῦ
1840 3677 1936 3744 τῆς

376 3757 672 3833 ἀληθείαςο
703 3761 864 3829 ἡμεῖς
907 3759 962 3812 ει
996 3759 1158 3828 ἴσμεν
1187 3762 1269 3813 ὅτι
1321 3763 1405 3829 ἐφ’
1438 3763 1562 3816 ὅσον
1594 3765 1938 3835 ὲνὸημοῧμεν

379 3855 461 3923 τῷ
492 3851 717 3921 φθαρτῷ
760 3851 934 3920 τούτῳ
987 3850 1222 3918 σώματι,
1287 3850 1632 3923 ἐκδημοῦμεν
1683 3858 1792 3908 ἀπὸ
1841 3857 1936 3910 τοῦ

379 3945 552 3997 Θεοῦ·
613 3944 913 4008 τουτέστιν,
939 3943 1149 4012 ὁρατῶς
1188 3941 1221 4010 ἢ
1258 3942 1442 4004 αὐτὸν,
1475 3944 1508 4011 ἢ
1543 3946 1598 3996 τὶ
1631 3946 1737 3998 τῶν
1773 3947 1939 4016 ὑπερ-

373 4033 650 4102 ουρανίων
683 4032 846 4084 αὑτοῦ
878 4031 1166 4100 θεαμάτων
1201 4032 1332 4100 όρᾷν
1366 4033 1427 4083 οὐ
1459 4031 1755 4100 δυνάμεθά.
1806 4053 1825 4086 ι

2023 492 2162 545 clive
2189 501 2270 543 est
2298 498 2358 543 ut
2389 487 2691 542 videntium
2727 487 2930 540 lateant
2956 485 3146 542 oculos
3178 500 3241 540 ac
3274 484 3590 554 decipiunt,

2023 581 2137 636 sive
2194 579 2360 636 etiam
2421 593 2624 630 venena
2681 577 2975 630 deterrima

2024 673 2308 742 speciebus
2345 685 2409 724 ac
2449 669 2630 724 succis
2674 668 3009 722 dulcissimis
3053 668 3336 732 condiunt,
3385 683 3500 722 rem
3534 669 3590 721 in

3046 575 3590 642 suavefragrantibns

2026 765 2204 834 palam
2239 763 2531 831 producit;
2561 761 2758 828 hisque
2799 761 3251 830 parturitionibus
3285 772 3448 828 atque
3479 761 3588 830 igni

2028 855 2345 909 ardentibus
2394 853 2682 920 partubus,
2735 861 2793 905 ut
2836 852 3204 905 venerandum
3253 851 3438 905 lumen
3491 868 3593 906 nec

2027 945 2322 1012 quidquam
2347 943 2632 996 humilium
2661 949 2756 996 aut
2778 952 3140 1006 terrenarum,
3171 941 3446 996 attendere
3469 942 3597 995 hor.

2031 1048 2200 1099 tatur,
2257 1035 2458 1089 multas
2513 1034 2645 1088 olim
2709 1033 2882 1087 factas
2949 1033 3172 1104 luminis
3220 1033 3597 1103 apparitioues

2030 1130 2180 1199 prius
2207 1128 2364 1181 nobis
2393 1141 2730 1196 congerens;
2765 1139 2876 1193 quo
2918 1125 3129 1178 scilicet
3159 1123 3596 1177 commentitinm

2030 1221 2178 1273 illius
2218 1219 2399 1272 lumen
2432 1232 2618 1271 eorum
2653 1218 2827 1270 locum
2871 1220 3246 1276 nanciscatur,
3308 1227 3401 1268 aut
3433 1215 3596 1268 etiam

2031 1309 2226 1379 majori
2260 1309 2653 1371 constituatur,
2690 1308 2760 1360 ob
2786 1315 3094 1376 temporum
3123 1307 3447 1370 libertatem,
3474 1306 3600 1358 ani-

2030 1402 2214 1464 mique
2245 1399 2365 1467 ejus
2400 1397 2816 1468 malignitatem,
2846 1411 2909 1451 ac
2937 1395 3202 1466 reliquam
3243 1411 3456 1450 morum
3492 1396 3600 1448 im-

2031 1490 2366 1560 pmlentiam,
2420 1505 2527 1558 qua
2575 1488 2766 1552 utitur,
2814 1487 3018 1556 quibus
3062 1487 3319 1542 omnibus
3353 1486 3600 1557 loquitur

2033 1580 2294 1634 adversus
2322 1580 2512 1634 Deum.

2109 1666 2253 1724 Sane
2309 1669 2527 1738 quidem
2564 1670 2609 1724 si
2645 1668 2804 1726 nobis
2841 1671 3306 1740 inprrscntiarum
3337 1665 3603 1722 constitu-

2037 1772 2150 1816 tum
2176 1775 2340 1828 esset,
2369 1773 2428 1816 ut
2455 1763 2568 1816 haec
2591 1763 3024 1827 confutarcmus,
3059 1761 3258 1815 multos
3285 1759 3597 1813 divinorum

2035 1848 2256 1907 Patrum
2297 1852 2763 1922 produxissemus,
2801 1853 2894 1922 qui
2938 1855 3051 1907 haec
3092 1853 3268 1922 palam
3306 1850 3600 1914 insaniam,

2036 1945 2410 2014 principisque
2457 1944 2511 1996 in
2557 1944 2718 1998 nobis
2753 1946 2983 2014 spiritus
3032 1943 3199 1997 animi
3254 1944 3600 1996 eversionem

2035 2043 2326 2098 asseram;
2362 2032 2415 2086 in
2445 2033 2644 2102 quibus
2669 2042 2822 2096 sunt,
2868 2032 3087 2086 divinus
3139 2029 3471 2094 Uiadochus,
3511 2026 3606 2079 Ni-

2035 2128 2233 2194 lusque
2268 2125 2538 2178 mirabilis
2567 2140 2631 2178 ac
2668 2124 2818 2180 Isaac
2855 2123 3232 2187 clarissimus;
3271 2121 3367 2174 viri
3399 2121 3606 2174 scilicet

2036 2224 2188 2269 tanta
2227 2218 2466 2284 provecti
2495 2215 2711 2270 virtutis
2749 2216 3000 2285 religiosa
3043 2215 3298 2284 paltestra
3333 2213 3606 2266 exercita-

2036 2307 2182 2359 tione
2209 2321 2272 2358 ae
2302 2305 2784 2374 contemplatione,
2834 2314 2890 2358 ut
2925 2306 3138 2359 cunctis
3180 2320 3238 2358 se
3270 2303 3450 2356 omnis
3497 2301 3609 2355 vir-

2036 2397 2168 2449 tutis
2218 2394 2500 2464 inagnilice
2545 2395 2856 2462 exeluplum
2909 2393 3280 2463 pra‘imet'inl,
3327 2402 3440 2445 tum
3484 2390 3606 2459 ejus

2035 2503 2158 2557 ηιιιε
2208 2499 2326 2550 cst,
2368 2498 2478 2540 tum
2515 2488 2558 2540 si
2597 2503 2702 2556 qua
2749 2487 3145 2541 adiuvenienda
3194 2495 3300 2540 est.
3349 2485 3514 2554 Atqui
3561 2486 3608 2538 is

2036 2579 2252 2647 quidem
2291 2580 2344 2631 in
2383 2578 2527 2632 hunc
2560 2579 2779 2630 modum
2815 2579 3336 2646 contemplationem
3371 2576 3604 2636 deﬂuit;

2037 2668 2182 2734 quod
2211 2667 2464 2720 videlicet
2493 2667 2584 2734 qui
2612 2668 2678 2720 ad
2708 2682 2826 2720 eam
2856 2683 2950 2736 per
2974 2668 3279 2721 orationem
3305 2668 3606 2727 devenerit,

2045 2775 2064 2808 ι
2097 2759 2216 2812 sine
2247 2757 2439 2827 spiritu
2473 2773 2535 2810 ac
2567 2767 2793 2828 stupore
2827 2760 3017 2826 plenus
3044 2761 3329 2822 videatur;
3361 2777 3378 2809 ι
3413 2774 3516 2812 non
3546 2766 3611 2812 ut

2041 2847 2219 2904 insani
2256 2848 2506 2902 homines
2555 2848 2764 2913 dicunt,
2803 2849 3038 2919 alicujus
3066 2848 3299 2903 formam
3329 2861 3424 2904 aut.
3474 2851 3608 2918 θευ-

2043 2954 2158 2993 ram
2190 2954 2285 2994 seu
2330 2940 2566 3008 speciem
2604 2939 2861 2994 informet
2889 2957 2952 2994 ac
2993 2955 3180 2995 secum
3228 2943 3344 3010 ipse
3381 2943 3604 3012 conspi-

2041 3031 2168 3084 ciat.
2217 3029 2310 3084 Ille
2349 3047 2477 3086 vero
2506 3033 2522 3098 (
2553 3029 2708 3086 Nilus
2755 3033 3044 3103 scilicet):
3085 3051 3102 3083 ι
3148 3033 3375 3087 Assilire
3407 3032 3610 3088 dmino-

2043 3141 2189 3190 nem,
2219 3126 2314 3192 ait,
2345 3125 2526 3180 locum
2556 3127 2649 3195 qui
2677 3127 2856 3183 dictus
2884 3139 2989 3190 est,
3013 3143 3077 3182 ac
3105 3130 3247 3198 quod
3275 3128 3420 3184 circa
3456 3145 3610 3184 meu-

2040 3229 2146 3274 tem
2177 3228 2260 3274 est
2321 3219 2527 3282 lumen,
2569 3231 2628 3275 ut
2673 3221 2894 3274 libuerit
2933 3234 3167 3287 vertere,
3213 3223 3399 3288 sicque
3426 3223 3608 3276 inanis

2039 3311 2229 3380 gloria:
2255 3309 2509 3364 allectum
2545 3311 2772 3378 moveri,
2802 3313 2894 3380 qui
2930 3316 3051 3364 vani
3089 3313 3329 3368 hominis
3368 3324 3603 3367 mentem

2037 3403 2106 3455 ad
2153 3404 2499 3470 cogitandum
2547 3402 2826 3465 informet,
2877 3419 2988 3471 quo
3019 3403 3224 3456 scilicet
3271 3404 3510 3456 divinam
3542 3419 3608 3457 ac

2041 3491 2459 3544 substantialem
2492 3492 2781 3544 scientiam
2809 3494 3108 3559 conlingat.
3141 3511 3157 3541 ι
3191 3491 3418 3562 Magnus
3445 3508 3606 3562 porro

2044 3581 2390 3638 Diadochus:
2425 3601 2443 3632 ι
2476 3582 2529 3634 Si
2562 3582 2648 3636 cui
2680 3599 2893 3646 eorum,
2925 3586 3015 3650 qui
3043 3587 3338 3638 certamine
3377 3585 3612 3655 fungum

2047 3684 2134 3727 tur
2165 3674 2514 3743 apparuerit,
2551 3685 2646 3727 aut
2679 3674 2859 3726 lumen
2881 3715 2896 3737 ,
2921 3685 3016 3728 aut
3046 3677 3212 3742 figura
3232 3716 3244 3738 ,
3273 3683 3366 3728 aut
3396 3677 3608 3744 signum

2043 3766 2264 3832 aliquod
2297 3767 2360 3818 ad
2392 3765 2610 3817 modum
2643 3765 2809 3832 ignis,
2844 3765 3262 3832 haudquaquam
3300 3765 3607 3818 istiusmodi

2043 3856 2217 3907 visunt
2269 3855 2512 3922 recipiat.
2569 3855 2766 3922 Aperta
2815 3856 2957 3905 cnim
3001 3863 3084 3906 est
3132 3855 3300 3906 ho5tis
3341 3856 3607 3922 deccptio.

2043 3947 2199 4012 Quod
2236 3961 2356 3997 eum
2395 3945 2581 3998 multis
2611 3947 2905 4010 evenisset,
2937 3959 2965 3999 τι
2996 3946 3240 3999 Veritatis
3275 3947 3358 4000 via
3385 3950 3605 4000 abducti

2043 4039 2269 4104 sunt";
2301 4040 2442 4106 quod
2467 4039 2720 4091 nimirum
2746 4041 2986 4107 quandin
3010 4042 3061 4093 in
3102 4041 3315 4094 moi'tali
3357 4043 3456 4094 hoc
3489 4055 3613 4094 coro

376 4144 514 4198 pore
544 4141 846 4188 versamur,
867 4137 897 4178 ι
929 4122 1037 4179 Deo
1062 4123 1507 4193 peregrinatum:
1542 4125 1749 4179 scilicet
1775 4139 1906 4220 ευιιι
1937 4130 2110 4186 oculis
2169 4130 2436 4191 contueri,
2472 4130 2584 4182 sive
2621 4130 2898 4198 quidpiam
2945 4131 3410 4199 supcrcu-lestium
3485 4135 3609 4202 ejus

373 4238 693 4285 munerum,
729 4219 871 4273 haud
902 4233 1210 4288 possumus.
1249 4236 1270 4270 ι

451 4319 516 4369 Εἰ
556 4316 654 4384 μὲν
682 4313 796 4381 οὖν,
826 4311 1014 4380 ὥσπερ
1036 4311 1265 4380 ἔφαμεν,
1294 4311 1702 4381 ἐξαριθμεῖσθαι
1727 4316 1851 4377 τοὺς
1875 4316 1936 4368 τὰ

2118 4313 2400 4382 Siquidem
2447 4311 2647 4381 igitur,
2700 4313 3158 4380 quemadmodum
3206 4316 3474 4380 dicebam,
3511 4322 3613 4374 hoc

373 4407 607 4463 τοιαῦτα
635 4407 911 4473 λέγοντας,
943 4403 1037 4455 καὶ
1072 4402 1192 4469 μεθ’
1226 4401 1356 4470 ὅσης
1385 4405 1484 4473 τῆς
1512 4403 1818 4475 ὑπερϐολῆς
1844 4407 1944 4468 τὰς

378 4507 440 4555 ἑν
483 4502 602 4560 ταῖς
658 4497 988 4564 προσευχαῖς
1041 4493 1182 4544 οὕτω
1237 4509 1352 4556 πως
1401 4495 1747 4562 τυπουμένας
1796 4494 1949 4563 ὄψεις

375 4589 886 4660 ἀποτρεπομένους,
941 4585 1023 4645 εις
1076 4583 1261 4652 μέσον,
1297 4587 1570 4652 παράγειν
1627 4584 1946 4656 προῦκειτο,

377 4679 680 4751 πάμπολλα
717 4679 784 4731 ἂν
827 4679 896 4730 τὰ
923 4675 1022 4744 τὴν
1064 4675 1275 4742 πλάνην
1308 4673 1659 4744 ἐξελέγχοντα
1692 4669 1950 4746 παρείχο-

380 4792 486 4845 μεν
532 4772 945 4840 ἀνευρίσκοντες
971 4783 986 4797 ·
1026 4769 1149 4820 ἐπεὶ
1187 4766 1234 4818 δ’
1261 4765 1447 4829 ἁπλῶς
1493 4767 1732 4821 ἐκθεῖναι
1761 4768 1946 4838 ιταῦτα

377 4865 757 4937 προύθέμεθα,
815 4863 1037 4916 σκοπεῖν
1095 4861 1256 4927 μόνον
1302 4862 1570 4930 προσήκει
1619 4861 1716 4924 τάς
1776 4879 1840 4916 τε
1887 4862 1948 4926 ἐξ

377 4960 559 5029 ἀρχῆς
585 4957 761 5018 αἰτίας
781 4954 881 5025 τῆς
907 4954 1134 5021 πλάνης,
1167 4955 1260 5005 καὶ
1287 4953 1426 5022 ὑπὲρ
1453 4945 1528 5005 ὧν
1560 4951 1824 5022 Παλαμᾶς
1853 4955 1946 5006 τὸν

375 5049 638 5102 τοσοῦτον
667 5044 1081 5114 ἀναδεδεγμένος
1115 5043 1325 5110 ἀγῶνα,
1365 5043 1457 5095 τὸν
1493 5046 1636 5096 κατὰ
1673 5044 1810 5097 Θεοῦ
1851 5062 1942 5097 κε-

382 5145 580 5210 κίνηκε
612 5139 846 5202 πόλεμον
869 5152 885 5168 ο
909 5137 1000 5188 καὶ
1025 5137 1171 5196 ὅπως
1199 5135 1362 5188 αὐτὸν
1389 5132 1489 5202 τῆς
1511 5134 1678 5187 αὐτοῦ
1714 5135 1941 5196 κτίσεως

381 5229 776 5299 ἀλλοτριώσας,
812 5227 970 5281 ἄλλον
1000 5227 1291 5278 ἀνεστάιιει
1329 5225 1438 5280 τῶν
1476 5227 1686 5279 ἐκείνου
1721 5226 1947 5278 δικαίων

382 5321 742 5392 κληρονόμον.
772 5318 882 5380 Τὰς
910 5318 1018 5387 γὰρ
1065 5316 1287 5385 ἀνάψεις
1321 5315 1430 5370 τῶν
1477 5316 1823 5385 σπλάγχνων,
1853 5318 1950 5369 καὶ

381 5411 484 5474 τὰς
508 5411 655 5464 ινδον
689 5411 962 5482 πυρκαϊὰς
992 5410 1225 5475 ὲκείνας,
1258 5409 1354 5460 καὶ
1376 5413 1444 5462 τά
1470 5409 1826 5478 σκιρτήματα
1853 5409 1946 5461 καὶ

384 5504 664 5573 κινήματα
696 5503 794 5574 τῆς
828 5501 1056 5572 ζεούσης
1089 5501 1266 5572 τούτῳ
1292 5499 1544 5572 καρδίας,
1582 5501 1676 5554 καὶ
1698 5501 1795 5562 τὰς
1819 5501 1950 5554 ἀνα-

465 5691 506 5722 ³¹
563 5690 601 5744 ll
636 5690 764 5746 Cor.
798 5707 851 5754 ν,
879 5690 932 5743 ‘2.

2049 4406 2208 4459 nobis
2249 4404 2606 4457 constitutum
2638 4413 2806 4466 esset,
2858 4417 2915 4456 ιιι
2965 4419 3059 4460 eos
3109 4407 3201 4474 qui
3249 4410 3377 4463 talia
3425 4412 3614 4465 dicunt

2047 4509 2514 4557 enumeraremus,
2546 4509 2867 4562 quantoque
2893 4511 3120 4550 cxoessn
3151 4514 3271 4566 qua:
3299 4503 3379 4554 sic
3408 4502 3461 4555 in
3489 4517 3614 4572 pre-

2048 4586 2206 4640 cibus
2236 4585 2564 4649 formantur,
2595 4590 2710 4639 visa
2748 4599 3096 4651 aversantur,
3136 4591 3186 4642 in
3218 4594 3455 4646 medium
3490 4612 3615 4662 pro-

2050 4678 2401 4737 duceremus,
2461 4693 2622 4744 quam
2686 4679 2854 4730 multa
2914 4678 3252 4735 οειιιίιιιιιιιιίο
3315 4687 3486 4738 errori
3556 4690 3610 4742 in

2056 4782 2305 4838 ριοιιιριιι
2337 4777 2480 4821 esset
2523 4768 2815 4823 adducere.
2852 4770 3006 4833 Quod
3044 4785 3172 4825 vero
3217 4773 3318 4826 hoc
3352 4776 3619 4834 duntaxat

2055 4862 2381 4928 simpliciter
2422 4857 2698 4925 exiilicar‘e
2728 4861 3095 4928 decrevimus,
3146 4863 3196 4916 id
3239 4880 3406 4919 unum
3437 4885 3617 4937 opem

2055 4955 2287 5020 pretium
2318 4962 2421 5014 cst,
2456 4961 2512 5003 ιιι
2539 4951 2744 5046 ergatis
2773 4966 2802 5005 a
2834 4953 3108 5022 principio
3135 4970 3327 5012 causas
3358 4963 3617 5019 conside-

2056 5058 2280 5106 remus,
2331 5057 2395 5094 ac
2451 5041 2784 5111 cujus'ergo
2824 5043 3072 5100 Palamas
3119 5056 3270 5102 tanto
3323 5055 3620 5110 certamine

2055 5145 2331 5204 suscepto,
2381 5135 2646 5189 adversus
2688 5135 2856 5190 Deiim
2890 5138 3089 5193 bellum
3126 5146 3350 5206 moverit
3383 5165 3397 5212 ;
3444 5165 3619 5216 quove

2058 5229 2241 5290 modo,
2276 5226 2368 5280 illo
2395 5242 2424 5280 a
2458 5241 2555 5280 sua
2591 5236 2840 5283 creatura
2870 5239 3117 5297 extruso,
3154 5236 3320 5289 alium
3356 5239 3505 5291 illius
3530 5238 3620 5305 ju-

2055 5320 2194 5373 rium
2227 5319 2492 5372 haeredem
2518 5325 2930 5390 nuncupaverit.
2956 5324 3236 5381 Viscorum
3260 5330 3401 5382 enim
3425 5339 3618 5381 aestua-

2059 5412 2259 5474 tiones,
2303 5425 2643 5481 accensaque
2675 5415 2818 5470 intus
2851 5417 3122 5483 incendia,
3169 5429 3331 5486 atque
3358 5420 3622 5476 ferventis

2059 5503 2109 5557 ei
2141 5501 2323 5557 cordis
2347 5504 2744 5561 exsultatione:
2776 5517 3090 5578 motusque,
3121 5523 3225 5562 nec
3252 5524 3361 5564 non
3402 5509 3630 5580 Siculo-_
