4056 6266
480 292 583 356 68?

1648 292 1895 353 JOANN
1909 293 1977 353 IS
1996 293 2187 354 ’CYPA
2198 292 2571 355 RISSIOTEE

3641 287 3751 354 ass
3821 237 3831 244 ’

485 413 898 462 iumeraternm
933 418 1082 460 more
1122 418 1255 461 naso
1288 412 1642 475 erumpentes
1673 405 1885 460 calores
1916 405 2061 476 quod

2172 408 2428 479 πηδὼσας
2473 407 2614 462 κατὰ
2660 406 2787 470 τοὺς
2836 406 3153 471 Σικελικός
3207 401 3493 478 κρατῆρας
3532 406 3625 461 διὰ
3653 407 3757 477 τῆς

482 515 547 555 ex
600 497 688 553 bis
720 486 977 553 om’nibns
1019 496 1317 552 conﬂatum
1387 505 1570 563 esset,
1610 496 1790 568 ignem
1821 499 2063 553 divinum

482 593 754 657 voeitans,
792 592 1036 646 divinum
1073 591 1122 645 ei
1167 588 1570 646 circumfusum
1602 590 1811 655 lumen,
1842 600 1896 646 et
1931 592 2065 647 sub-

481 685 742 740 stantiam
783 698 849 737 ac
877 681 1174 736 essentiam
1213 689 1377 749 atque
1408 683 1812 752 operationem,
1863 683 2069 737 illumi-

485 786 703 831 nantem
725 774 1064 829 etlueentetn
1094 782 1264 843 atque
1291 770 1570 828 alﬂantem
1604 786 1847 837 sanctos,
1881 776 1949 847 ad
1969 791 2066 833 eos

481 867 838 931 dedicandos,
869 866 992 931 bne,
1033 874 1089 919 n-t
1122 876 1176 921 et
1213 865 1387 921 Deum
1426 867 1812 921 universorum
1848 869 2064 936 inspec—

482 969 654 1013 torem
705 958 1149 1020 demonstraret,
1192 958 1395 1027 quibus
1440 957 1660 1013 locutus
1711 969 1826 1025 est,
1876 975 2065 1017 versus

478 1064 582 1108 08!.

1101 1163 1330 1220 CAPUT
1373 1164 1435 1219 ν.

481 1301 762 1368 Quomodo
810 1299 1070 1353 Palamas
1102 1313 1165 1351 ra:
1203 1296 1381 1351 multis
1413 1296 1735 1368 diversisque
1768 1293 1919 1349 libris
1949 1298 2062 1349 suis

549 1389 611 1426 ac
659 1371 987 1425 sermonibus
1058 1384 1248 1421 novum
1292 1368 1490 1421 erroris
1534 1365 1724 1426 Deum,
1769 1368 1983 1419 luminis
2012 1368 2064 1419 in.

549 1443 760 1496 modum
794 1441 1157 1493 consistentem
1203 1439 1515 1506 fabricetur,
1552 1445 1741 1491 cuncta
1766 1447 2064 1507 crrpantent

502 1526 511 1533 '
547 1529 666 1582 qua:
701 1513 863 1565 unius
902 1511 993 1564 Dei
1037 1516 1186 1563 sunt.

546 1627 678 1683 Tale
705 1630 889 1694 itaque
929 1625 1135 1688 lumen,
1179 1638 1357 1694 exque
1393 1622 1592 1678 talibus
1622 1622 1857 1677 saltibus
1891 1633 2060 1690 atque

2172 503 2323 573 ῥινὸς
2358 502 2590 574 θέρμας,
2622 501 2683 555 τὸ
2722 500 2809 554 διὰ
2848 501 3065 553 πάντων
3113 499 3321 554 τούτων
3351 500 3608 569 σύστημα
3641 499 3753 569 πῦρ

2169 595 2444 663 ὀνομάσας
2470 594 2679 658 θεῖκδν,
2709 594 2801 648 καὶ
2825 595 2939 663 φῶς
2963 592 3396 664 περικεχυμένον
3412 591 3563 661 αὐτῷ
3586 591 3753 657 θεῖον,

2170 685 2262 741 καὶ
2293 686 2593 739 ὑπόστασιν
2627 689 2721 739 καὶ
2756 686 2947 739 οὐσίαν
2983 684 3079 736 καὶ
3129 684 3441 752 ἐνάργειαν,
3486 681 3754 750 φωτίζου-

2171 793 2273 829 σαν
2299 777 2392 829 καὶ
2416 774 2740 845 λάμπουσαν
2768 775 2862 827 καὶ
2904 777 3234 845 ὲνεργουσαν
3260 776 3390 834 τοὺς
3425 772 3610 835 ἀξίους
3660 774 3753 826 ἐπὶ

2170 870 2230 922 τὸ
2263 869 2605 937 θεοποιῆσαι,
2633 868 2792 922 τοῦτο
2820 870 2913 922 καὶ
2961 868 3097 921 Θεδρν
3123 863 3400 931 ἀπμδεῖξαι
3426 862 3522 918 τοῦ
3551 864 3753 928 παντὸς

2170 960 2384 1031 ἔφορον,
2425 960 2492 1014 δι’
2528 954 2608 1014 ὧν
2658 955 2809 1013 εἶπεν
2860 960 3146 1031 ἐτράπετο.

2786 1161 3027 1216 ΚΕΦᾹΛ.
3064 1161 3139 1216 Ε’.

2173 1305 2376 1368 Ὅπως
2413 1303 2482 1356 ἐκ
2525 1301 2776 1356 πολλῶν
2809 1302 2905 1354 καὶ
2944 1300 3246 1370 διαφόρων
3274 1298 3496 1352 ἑαυτοῦ
3529 1300 3752 1370 λόγων,

2242 1374 2310 1427 τὸ
2352 1372 2465 1440 τῆς
2515 1373 2757 1436 πλάνης
2796 1371 2877 1437 ὠς
2915 1368 3058 1439 φῶτά
3096 1370 3551 1440 συνισζᾴμενον
3611 1368 3754 1440 νέον

2239 1437 2625 1512 ἀνοικοδομεῖ
2674 1443 2846 1508 Θεὸν,
2877 1437 3078 1496 πάντα
3122 1437 3503 1510 κομπάζοντα
3533 1443 3605 1494 τὰ
3648 1437 3756 1494 τοῦ

2236 1516 2431 1584 μόνου
2458 1513 2629 1568 Θεοῦ.

2240 1630 2315 1683 Τὸ
2351 1629 2452 1697 μὲν
2481 1627 2546 1700 δὴ
2588 1627 2852 1692 τοιοῦτον,
2884 1626 2982 1682 καὶ
3030 1629 3098 1682 ὲκ
3139 1627 3399 1682 τοιούτων
3445 1627 3758 1697 σκιρτημάο

479 1722 666 1792 ignitis
712 1720 973 1786 motibus,
1011 1717 1270 1773 sensibile
1297 1730 1359 1772 ac
1401 1716 1585 1771 colore
1616 1716 1886 1769 imbutum
1937 1725 2018 1769 est
2045 1754 2060 1781 ,

2169 1740 2278 1776 των
2309 1722 2404 1775 καὶ
2451 1721 2561 1773 τῶν
2608 1721 2852 1790 πυρίνων
2890 1721 3182 1790 κινήσεων,
3213 1718 3471 1787 αἰσθητὸν
3512 1720 3609 1773 καὶ
3661 1736 3754 1774 κε-

478 1803 640 1886 quale
671 1812 910 1882 denique
942 1812 1121 1865 solent
1172 1809 1319 1865 baud
1362 1823 1489 1863 raro
1530 1824 1561 1863 a
1588 1820 1713 1879 potu
1745 1816 2060 1878 surgentes,

477 1918 531 1963 et
560 1908 650 1964 ubi
690 1907 954 1976 tantisper
994 1905 1046 1958 in
1080 1903 1323 1958 tenebris
1355 1904 1570 1973 seipsos
1604 1904 1950 1966 incluserint,
1980 1904 2064 1956 in-

454 2012 560 2057 .tra
591 2018 716 2056 mox
748 2010 1013 2069 extraque
1046 1999 1256 2053 viscera
1288 1995 1688 2052 circumfusum
1729 1996 1936 2060 videre,
1963 1991 2066 2047 Pa-

478 2098 652 2150 lamas
703 2092 1158 2151 uiidieebamus,
1209 2104 1274 2144 ex
1329 2090 1688 2144 contentione
1749 2103 1934 2152 orsus,
1997 2103 2061 2143 ac

476 2193 634 2263 quasi
694 2186 999 2258 depellendi
1059 2182 1323 2239 contrarii
1390 2182 1743 2237 animositate
1801 2192 2064 2245 certans,

477 2283 653 2337 Deum
692 2280 1000 2334 increatum
1035 2274 1294 2346 praedicat
1328 2288 1393 2327 ac
1442 2271 1732 2337 Deitatem,
1759 2286 2064 2340 vernaque

476 2377 690 2436 lumen,
736 2381 791 2425 et
826 2385 934 2425 non
972 2365 1358 2439 symbolicum,
1393 2367 1487 2420 sed
1523 2379 1741 2432 semper
1769 2365 2058 2419 exsistens.

481 2450 572 2523 Sic
609 2478 845 2532 namque
876 2464 1049 2519 solum
1075 2460 1475 2523 arbitrabatur,
1505 2458 1726 2529 dignam
1759 2473 1818 2513 se
1846 2472 2061 2527 ptenam

479 2569 865 2628 sumpturum,
904 2570 1096 2610 eorum
1150 2553 1374 2608 nomine
1427 2567 1661 2622 quorum
1711 2567 1739 2605 a
1776 2550 2064 2605 Barlaamo

478 2666 606 2704 reus
638 2648 899 2718 agebatur
925 2662 939 2711 ;
968 2645 1012 2700 si
1040 2661 1163 2698 eum
1202 2642 1337 2697 nihil
1364 2642 1501 2697 falso
1524 2638 1851 2695 calumniari
1878 2649 2065 2694 osten-

479 2732 652 2804 deret,
686 2742 779 2794 sed
806 2752 1027 2809 manere
1054 2736 1272 2806 quidem
1300 2748 1364 2788 ac
1387 2747 1509 2788 esse
1540 2731 1763 2786 luminis
1799 2731 2061 2785 visionem

479 2829 756 2894 seaderet,
793 2841 901 2881 non
937 2836 1118 2879 tamen
1151 2823 1367 2893 qualem
1403 2822 1491 2875 ille
1526 2821 1755 2875 diceret.
1795 2819 1966 2889 Igitur
1998 2832 2067 2873 ne

481 2926 765 2979 videamur
800 2920 989 2991 pl‘OL‘lll
1018 2935 1046 2971 a
1081 2917 1316 2971 l‘alamae
1367 2914 1665 2970 verborum
1699 2926 1869 2980 scopo
1902 2909 2062 2965 aber-

478 2996 620 3080 rare,
658 3029 823 3085 atque
848 3029 876 3066 a
903 3011 1140 3065 mirabili
1176 3008 1276 3062 viri
1313 3007 1434 3062 diva
1469 3006 1749 3077 progenie,
1773 3005 1890 3074 ipse
1915 3019 2063 3058 nunc

2168 1810 2491 1882 χρωσμένον
2521 1809 2660 1878 φῶς,
2700 1810 2796 1883 καὶ
2834 1809 2972 1879 ὅπερ
3018 1809 3285 1863 εἰώθεσαν
3325 1810 3389 1862 ἐκ
3418 1812 3586 1862 π’ῐτου
3624 1809 3754 1861 πο).-

2165 1904 2322 1966 λάκις
2347 1903 2701 1968 ἀναστάντες,
2719 1901 2814 1955 καὶ
2835 1902 3029 1973 μικρὸν
3047 1903 3242 1964 αὐτοὺς
3266 1896 3754 1962 ἐναποκλείσαντες
3848 1899 3852 1902 ⁴

2164 1996 2242 2065 τῷ
2300 1995 2505 2060 σκότει,
2559 1996 2954 2065 συνιστάμενον
3007 1995 3140 2065 δρᾷν
3197 1994 3395 2048 αὐτίκα
3451 1992 3607 2054 ἐντὸς
3660 1992 3755 2044 κει)⁸

2166 2090 2325 2153 ἐκτὸς
2363 2088 2474 2142 τῶν
2504 2088 2853 2158 σπλάγχνων,
2906 2088 2971 2140 ὲκ
3007 2087 3362 2157 φιλονεικίας.
3394 2085 3470 2148 ὼς
3519 2086 3752 2155 ἔφαμεν,

2170 2180 2435 2249 Παλαμᾶς
2468 2178 2777 2251 ὡρμηκὼς,
2818 2181 2914 2233 καὶ
2949 2180 3089 2234 κατά
3123 2181 3577 2250 ἀντιπερίστασιν
3607 2180 3753 2246 ἀγωο

2166 2272 2471 2340 νιξόμενος,
2510 2271 2645 2325 Θεὸν
2676 2272 2934 2330 ἅκτιστον
2960 2274 3333 2341 ἀνακηρύττει
3362 2273 3454 2325 καὶ
3482 2272 3753 2339 Θεότητα,

2168 2368 2262 2421 καὶ
2288 2366 2403 2436 φῶς
2432 2364 2709 2436 ἀληθινὸν,
2750 2368 2846 2418 καὶ
2888 2366 2964 2436 μὴ
2999 2365 3350 2434 συμϐολικὸν,
3385 2367 3503 2420 ἀλλ’
3551 2367 3640 2419 ἀεὶ
3668 2364 3749 2418 ὅν.

2168 2458 2327 2513 Οὖτω
2358 2459 2453 2512 xui
2482 2458 2592 2527 γὰρ
2623 2456 2784 2527 μόνον
2808 2456 2947 2528 ᾤετο
2971 2458 3129 2528 δίκην
3154 2456 3312 2522 ἀξίαν
3333 2450 3407 2511 ὧν
3432 2457 3753 2512 ἐνεκάλεσεν

2170 2552 2323 2624 αὑτῷ
2382 2549 2651 2622 Βαρλαάμ
2710 2551 2916 2616 λαϐεῖν,
2964 2553 3014 2605 εί
3068 2551 3144 2622 μὴ
3190 2552 3538 2622 συκοφάντην
3590 2547 3752 2603 αὐτὸν

2167 2643 2522 2709 ἀποδείξειεν,
2556 2642 2691 2696 ἀλλὰ
2722 2643 2904 2713 μένειν
2945 2641 3045 2712 μὲν
3087 2642 3182 2696 καὶ
3208 2636 3347 2694 εἶναι
3376 2641 3475 2711 τὴν
3500 2639 3595 2693 τοῦ
3627 2657 3738 2709 φωο

2166 2737 2258 2799 τὸς
2290 2739 2482 2807 ὅρασιν
2508 2722 2882 2799 ἀναπείσειεν,
2919 2735 3018 2805 οὐχ
3048 2734 3166 2788 οἵαν
3195 2735 3249 2787 δὲ
3290 2735 3495 2796 ἐκεῖνος
3541 2731 3748 2802 ἔλεγεν.

2173 2828 2273 2885 ”Ιν’
2300 2829 2392 2882 οὖν
2429 2828 2504 2900 μὴ
2541 2827 2791 2897 δοκῶμεν
2834 2827 3053 2897 μακράν
3100 2826 3208 2879 τῶν
3236 2823 3329 2879 τοῦ
3361 2824 3602 2893 Παλαμᾶ
3649 2825 3756 2875 τεε-

2174 2938 2286 2973 νειν
2312 2920 2512 2989 λόγων,
2556 2922 2652 2975 καὶ
2697 2922 2796 2989 τῆς
2822 2918 3152 2990 θαυμαστῆς
3190 2916 3592 2986 ἀφυστερῶμεν
3631 2915 3757 2968 τάν·

2166 3010 2289 3081 δρὸς
2324 3011 2629 3080 θεογονίας,
2661 3010 2883 3081 παρίτω
2910 3007 3004 3064 νῦν
3034 3009 3221 3075 αὐτὸς,
3258 3010 3351 3062 καὶ
3379 3005 3588 3073 λεγέτω
3612 3005 3667 3060 τί
3697 3020 3755 3058 τε

478 3106 724 3178 prodeat,
758 3119 823 3158 ac
848 3103 1014 3164 dicat,
1062 3099 1321 3177 quidnam
1361 3112 1392 3150 a
1421 3095 1684 3164 principio
1718 3098 1900 3148 lumen
1933 3093 2062 3147 illud

2175 3104 2273 3176 τὴν
2303 3104 2476 3175 ἀρχὴν
2505 3102 2565 3158 ὃν
2613 3102 2774 3157 τοῦτο
2800 3102 3088 3172 τυγχάνει,
3131 3103 3225 3154 καὶ
3268 3101 3389 3171 οἵαν
3419 3098 3517 3171 τὴν
3561 3099 3618 3149 ὲν
3648 3098 3753 3160 τοῖς

478 3199 729 3261 exsistat,
770 3210 1006 3265 quemve
1058 3191 1110 3244 in
1155 3205 1338 3243 rerum
1399 3186 1684 3240 matricida
1734 3199 1951 3239 nactum
1998 3185 2067 3239 sit

479 3290 727 3345 ordinem
756 3304 819 3342 ac
845 3285 1075 3341 classem
1105 3302 1119 3338 :
1155 3281 1417 3352 quidnam
1454 3279 1539 3333 bis
1569 3277 1923 3333 commistum
1949 3277 2064 3332 eili-

479 3384 623 3447 ciat;
660 3395 909 3452 quamam
946 3378 1094 3432 dicat
1128 3374 1422 3447 acjubeat.

552 3476 822 3530 Nimirum
862 3493 879 3526 ι
912 3472 1120 3527 Lumen
1155 3472 1207 3525 in
1255 3469 1593 3532 substantia,
1628 3466 1951 3538 spiritaliter
1986 3464 2066 3518 vi-

480 3574 649 3625 dere:
714 3572 908 3635 aiunt;
973 3589 991 3617 τ
1021 3567 1164 3636 quod
1224 3566 1408 3636 ipsum
1454 3563 1705 3628 exsistat,
1739 3570 1793 3614 et
1837 3574 1945 3614 llUIl
1997 3559 2069 3613 sit

415 3642 419 3653 λ
481 3660 886 3734 symbolieum:
924 3672 1141 3725 semper
1178 3672 1415 3725 namque
1450 3664 1554 3718 est,
1590 3662 1857 3720 extraque
1889 3663 2066 3703 mate-

481 3760 615 3808 riam
659 3769 723 3809 ac
764 3762 948 3807 mente
995 3749 1336 3820 intelligibile
1369 3756 1486 3811 est;
1529 3748 1674 3817 quod
1707 3754 1858 3800 certa
1895 3759 2064 3813 expe-

483 3847 680 3901 rientia
709 3855 1000 3901 noverunt.
1031 3843 1120 3898 Dei
1148 3842 1369 3913 quidem
1398 3840 1639 3895 cswntia
1671 3854 1774 3892 non
1801 3845 1905 3902 est,
1940 3852 2064 3889 nam

481 3943 573 3996 illa
599 3941 804 4012 palpari
843 3954 951 3993 non
979 3947 1181 4008 potest.
1206 3934 1445 4006 Angelus
1469 3948 1577 3987 non
1601 3942 1723 3996 est;
1752 3929 2067 3984 Dominicos

482 4052 719 4106 namque
750 4034 857 4087 lert
886 4034 1259 4086 characteres.
1296 4046 1314 4077 ι
1354 4026 1604 4096 Dignitas
1630 4024 1785 4084 lucis,
1823 4038 1884 4076 ae
1918 4021 2065 4088 quod

481 4141 541 4181 se
567 4124 891 4195 spiritaliter
925 4120 1113 4174 videre
1142 4118 1336 4172 dicunt
1362 4118 1509 4169 illius
1539 4114 1806 4176 cultores,
1849 4112 1946 4166 illo
1978 4126 2068 4181 ge-

482 4220 575 4272 nio
611 4231 675 4271 ac
725 4215 920 4270 ordine
968 4220 1095 4276 est:
1132 4225 1252 4279 qua:
1285 4222 1416 4262 vero
1468 4216 1707 4276 priestat,
1744 4206 1848 4258 ista
1893 4214 2062 4258 sunt:

488 4332 507 4364 ι
543 4310 746 4375 Unum,
785 4307 983 4377 inquit,
1022 4313 1127 4365 est,
1174 4317 1297 4356 cum
1334 4307 1419 4354 est
1451 4315 1577 4353 cum
1624 4298 1883 4364 vidente;
1930 4296 2066 4351 alias

482 4405 630 4461 aliud
666 4403 879 4457 videtur
906 4418 920 4452 :
955 4397 1287 4468 quandoque
1315 4393 1537 4463 quidem
1566 4411 1595 4447 e
1625 4406 1856 4461 corpore
1878 4406 2068 4447 assur—

2167 3192 2319 3251 οὖσιν
2345 3197 2531 3267 εἴληχε
2558 3197 2732 3264 τάξιν,
2766 3195 2860 3249 καὶ
2889 3195 2945 3247 τί
2992 3195 3097 3266 δρᾷ
3128 3191 3580 3263 συμμιγνύμενον
3627 3191 3751 3244 τού-

2167 3307 2281 3352 τοις
2305 3307 2319 3320 ·
2356 3292 2450 3344 καὶ
2488 3293 2609 3343 τίνα
2640 3288 2913 3358 λέγεικαὶ
2952 3287 3414 3357 παρακελεύεται.

2245 3497 2263 3530 i
2302 3478 2362 3530 Οἱ
2401 3476 2586 3546 μέντοι
2618 3475 2734 3544 φῶς
2765 3476 2823 3528 ἐν
2855 3474 3159 3528 ὑποστάσει
3196 3463 3755 3544 φασὶπνευματικῶς

2167 3569 2321 3640 δρᾷν,
2347 3569 2408 3621 ὃν
2444 3568 2564 3639 μὲν,
2609 3568 2704 3622 καὶ
2733 3568 2812 3637 μὴ
2841 3566 3193 3637 συμϐολικόν,
3245 3566 3356 3619 Ἀεὶ
3388 3566 3494 3635 γὰρ
3543 3564 3625 3630 ὃν,
3658 3566 3757 3620 ἀΰ·

2169 3663 2261 3716 λόν
2295 3679 2354 3714 τε
2386 3663 2480 3715 καὶ
2522 3662 2598 3732 νῷ
2626 3660 2930 3731 θεωρητὸν,
2957 3660 3116 3714 τοῦτο
3141 3660 3231 3713 διά
3260 3662 3362 3729 τῆς
3408 3660 3605 3730 πείρας
3633 3662 3754 3713 ha.-

2170 3772 2278 3809 σιν.
2314 3753 2489 3809 Οὑσία
2522 3752 2621 3822 μὲν
2651 3752 2761 3823 γὰρ
2787 3752 2923 3807 Θεοῦ
2959 3754 3061 3807 οὐκ
3098 3753 3245 3807 ἐστι’
3276 3753 3368 3806 καὶ
3411 3753 3524 3822 γὰρ
3550 3751 3756 3807 ἀνεπι-

2170 3865 2269 3918 φος
2319 3849 2506 3918 ὲκείνη
2537 3859 2553 3878 ⁸
2600 3846 2834 3914 ἄγγελος
2894 3847 2994 3900 οὐκ
3047 3845 3196 3900 ἐστι’
3235 3846 3604 3910 Δεσποτικοὺς
3646 3846 3755 3918 γὰρ

2169 3939 2324 4009 φέρει
2355 3936 2736 4008 χαρακτῆρας.
2776 3956 2793 3989 ι
2828 3937 2902 3991 Τὸ
2936 3937 3034 4003 μὲν
3059 3933 3154 3991 οὖν
3180 3937 3403 4007 ἀξίωμα
3430 3936 3523 3990 τοῦ
3551 3937 3753 4007 φωτὸς,

2170 4031 2261 4081 καὶ
2291 4029 2319 4083 ὃ
2348 4045 2480 4096 φασι
2529 4027 2915 4097 πνευματικῶς
2944 4029 2992 4081 oi
3043 4027 3167 4082 κατ’
3200 4029 3363 4082 αὑτὸν
3393 4028 3550 4098 ὁρᾷν,
3578 4025 3753 4091 οὕτως

2168 4121 2294 4191 ἔσχε
2324 4120 2540 4191 φύσεώς
2594 4137 2656 4172 τε
2699 4122 2796 4174 καὶ
2845 4120 3091 4186 τάξεωςο
3121 4120 3269 4190 ἅπερ
3316 4120 3374 4173 δὲ
3421 4121 3549 4191 δρᾷ,
3598 4121 3755 4176 ταῦτ’

2169 4211 2350 4267 te“:th
2382 4232 2400 4264 ι
2444 4213 2547 4267 Ἕν
2579 4212 2719 4275 ὲστι,
2759 4231 2778 4265 ι
2824 4214 3013 4282 φησὶν,
3050 4231 3070 4265 ι
3106 4214 3193 4267 ὅτε
3228 4212 3368 4282 μετά
3394 4211 3489 4265 τοῦ
3514 4212 3754 4285 ὁρῶντος

2169 4306 2413 4374 γίνεται·
2448 4306 2635 4374 ἓτερον
2665 4306 2856 4359 ἄλλοτε
2884 4308 3100 4375 ὁρᾶται.
3136 4307 3275 4360 [lore
3306 4307 3408 4376 μὲν
3438 4307 3531 4361 τοῦ
3562 4308 3753 4376 σῶμα·

2170 4416 2261 4462 τος
2312 4399 2591 4469 ἀπανιστᾷ
2640 4400 2735 4452 καὶ
2767 4401 2849 4462 εἰς
2881 4398 3014 4468 ὕψος
3044 4400 3308 4469 ἀναφέρει
3351 4399 3594 4472 ἄρρητον
3618 4414 3633 4429 ·
3660 4400 3753 4454 ἄλο

483 4502 581 4569 git,
614 4509 778 4565 atque
810 4492 878 4546 ad
926 4490 1250 4544 immensam
1298 4485 1643 4542 altitudinem
1683 4483 1845 4549 tollit,
1890 4498 2064 4553 quan-

2169 4488 2289 4542 λοτε
2326 4488 2370 4542 δ’
2399 4484 2555 4551 αὖθις
2581 4488 2678 4542 καὶ
2704 4488 2766 4541 τὸ
2792 4489 2956 4558 σῶμα
2982 4487 3119 4558 μεθα
3131 4490 3497 4559 ρμοσὰμενον,
3527 4492 3624 4545 καὶ
3652 4492 3751 4558 τῆς

481 4594 660 4659 duque
694 4603 823 4641 vero
872 4599 1062 4639 rursus
1092 4582 1259 4638 etiam
1291 4589 1551 4651 coaptato
1591 4593 1821 4649 corpore
1854 4591 2068 4647 suaque

482 4683 763 4757 impartito
809 4680 1081 4744 claritate,
1130 4690 1373 4747 paceque
1412 4689 1479 4730 ac
1504 4673 1819 4737 dilectione,
1863 4672 2068 4741 illoque

482 4779 769 4847 deiformi,
795 4784 962 4846 atque
1008 4774 1286 4843 voluptate
1320 4769 1936 4840 imperturbationeque
1978 4779 2066 4819 re-

479 4872 646 4943 pleto,
671 4870 849 4926 oculis
864 4866 1148 4936 corporeis
1166 4864 1232 4935 (0
1251 4878 1365 4918 rem
1388 4863 1610 4935 dignam
1633 4858 1999 4914 admiratione
2025 4857 2064 4924 !)

483 4966 686 5036 spiritu
722 4961 1030 5017 immutatis
1052 4958 1296 5028 seipsum
1330 4955 1793 5025 comprehensum
1830 4948 2059 5004 reddit.»

479 5058 616 5112 Cum
665 5064 812 5110 tanta
863 5056 1035 5123 igitur
1096 5053 1282 5116 faciat,
1314 5038 1558 5119 taliaqi‘ie
1596 5046 1679 5101 eis
1728 5056 1953 5098 munera
1995 5041 2066 5095 ad

422 5179 427 5185 -
478 5154 817 5221 voluptatem
853 5149 1194 5220 gratiamque
1227 5145 1499 5209 conferat,
1534 5141 1761 5196 minime
1795 5137 2065 5192 hactenus

479 5247 715 5317 gratiam
771 5243 982 5306 detinit,
1034 5242 1332 5309 diguuntve
1374 5232 1681 5291 cultoribus
1730 5241 1968 5300 reputat,
2009 5238 2067 5282 ut

480 5340 691 5407 absque
721 5334 1195 5403 eunteinplatione
1238 5345 1334 5384 seu
1372 5328 1549 5381 amica
1594 5323 1936 5378 tubulatione
1981 5337 2065 5373 re-

479 5430 715 5500 linquat.
759 5447 776 5477 i
808 5425 1151 5493 Quandoque
1184 5421 1358 5484 enim,
1396 5419 1597 5487 inquit,
1629 5416 1771 5469 baud
1808 5429 1969 5468 secus
2000 5428 2063 5468 ac

480 5520 670 5576 radius
719 5516 1095 5572 circumfusus
1134 5513 1298 5567 rebus
1343 5521 1539 5563 natura
1599 5503 2062 5573 intelligibilibus,

476 5612 829 5684 aspectabilia
879 5625 942 5664 ea
995 5593 1161 5674 facit,
1195 5608 1279 5668 ei,
1328 5604 1422 5673 qui
1472 5603 1594 5672 ejus
1627 5598 1763 5653 tanti
1814 5596 2061 5650 muneris

475 5708 735 5778 dignatus
792 5708 883 5774 sit,
939 5720 1066 5760 cum
1114 5705 1293 5772 ipsum
1344 5699 1549 5753 nullam
1599 5708 1822 5767 prorsus
1871 5707 2060 5748 vocem

478 5800 708 5854 mittat:
768 5796 1100 5867 quandoque
1150 5793 1372 5859 videnti,
1427 5789 1820 5854 iiii-ﬂebilibus,
1874 5797 1931 5840 ut
1980 5785 2060 5841 sic

2170 4581 2377 4645 οἰκείας
2413 4581 2786 4652 μεταδεδωκὸς
2833 4581 3219 4652 λαμπρότητος
3259 4581 3354 4635 καὶ
3397 4583 3626 4653 εἰρήνης
3658 4587 3751 4637 xui.

2167 4674 2392 4745 ἀγάπης
2423 4673 2692 4737 θεοειδοῦς
2724 4690 2784 4727 τε
2822 4672 3020 4745 ἡδονῆς
3053 4673 3149 4727 καὶ
3198 4672 3467 4736 ἀπαθείας
3494 4673 3751 4744 ἔμπλεων

2168 4767 2432 4841 ποιῆσαν,
2465 4765 2770 4837 ὀφθαλμοῖς
2818 4769 3175 4837 σωματικοῖς,
3213 4765 3260 4820 ὣ
3299 4767 3394 4821 τοῦ
3430 4767 3747 4839 θαύματοςι

2167 4861 2380 4930 γίνεται
2406 4859 2636 4928 ληπτὸν,
2677 4858 3065 4930 ὴλλοιωμένοις
3109 4858 3201 4913 διὰ
3229 4859 3323 4913 τοῦ
3355 4858 3690 4929 πνεύματος.
3724 4877 3744 4911 ο

2168 4950 2421 5005 Τοσαῦτα
2459 4950 2640 5004 τοίνυν
2673 4949 3020 5016 ποιοῦν,,καὶ
3052 4949 3263 5005 τοιαῦτ’
3305 4951 3491 5013 αὐτοῖς
3520 4949 3583 5002 τὸ
3608 4949 3748 5020 epib-

2170 5058 2333 5109 μενον
2378 5042 2558 5094 ἐκεῖνο
2603 5041 2721 5108 φῶς
2751 5040 2889 5110 πρὸς
2942 5041 3138 5111 ἡδονὴν
3184 5043 3279 5095 καὶ
3312 5041 3474 5112 χάριν
3524 5041 3752 5109 εὐεργε-
3803 5058 3841 5087 ι.

2166 5133 2317 5199 τούν,
2347 5132 2414 5186 οὐ
2442 5134 2605 5203 μέχρι
2629 5131 2839 5186 τούτων
2862 5134 2959 5203 τὴν
2985 5132 3145 5204 χάριν
3178 5133 3393 5203 ῖιτησιν
3419 5149 3433 5164 ·
3463 5132 3576 5185 οὐδ’
3602 5133 3750 5197 ἄξιον

2165 5221 2276 5277 τῶν
2309 5222 2620 5294 λατρευτῶν
2646 5224 2869 5295 νομίζει,
2897 5223 3026 5279 ἄνευ
3066 5224 3301 5294 θεωρίας
3341 5224 3374 5296 ἢ
3410 5229 3505 5278 καὶ
3533 5224 3749 5295 ὁμιλίας

2167 5315 2633 5370 ἀπαλλάττεσθαι.
2668 5335 2688 5368 ι
2736 5316 2938 5370 Ἐνίοτε
2968 5319 3101 5387 γὰρ,
3135 5336 3154 5369 ι
3193 5317 3379 5388 φησὶν,
3416 5336 3436 5369 ι
3475 5316 3552 5382 ὡς
3593 5318 3749 5378 ἀκτὶς

2166 5411 2544 5482 περιρρέουσα
2574 5413 2687 5475 τοῖς
2722 5410 2885 5480 φύσει
2936 5412 3149 5479 νοητοῖς
3186 5410 3357 5485 θεατὰ
3392 5413 3557 5461 ’ποιεί
3607 5408 3747 5462 αὐτὰ

2164 5503 2243 5573 τῷ
2275 5501 2673 5574 κατηξιωμένῳ
2725 5501 2970 5571 βλέπειν,
3019 5503 3153 5556 αὐτὸ
3204 5499 3454 5572 φθογγὴν
3504 5500 3644 5564 ὅλως
3685 5499 3745 5552 οὐ

2166 5598 2492 5666 προῖέμενον
2518 5611 2534 5626 ·
2562 5595 2751 5650 ἄλλοτε
2776 5596 2856 5666 τῷ
2886 5597 3085 5667 ὁρῶντι
3118 5596 3330 5666 τρανῶς
3359 5594 3426 5647 δι’
3463 5594 3743 5664 ἀρρήτων,

2164 5693 2240 5755 ὡς
2270 5696 2467 5758 εἰπεῖν,
2522 5695 2785 5765 ῥημάτων
2833 5696 3014 5764 ὁμιλεῖ
3040 5708 3054 5723 ⁸
3102 5694 3196 5747 καὶ
3229 5692 3390 5744 τοῦτο
3421 5689 3520 5761 τὴν
3570 5688 3744 5760 ἀρχὴν

2163 5786 2309 5853 λέγει
2362 5785 2609 5856 φανερῶς
2662 5787 2847 5858 αὐτῷ·
2893 5807 2911 5840 ι
2983 5784 3125 5854 Ἐγώ
3172 5785 3329 5854 εἰμι·
3377 5783 3454 5855 μὴ
3538 5778 3748 5852 φοὸοὗ⁹
