4056 6266
309 411 418 475 689

1073 408 1704 470 PALAMITICARUM
1750 408 2498 471 TRANSGRESSIONUM
2553 405 2797 467 LlBER.
2841 385 2844 388 Α

3434 371 3547 469 σεο

301 520 414 588 ἐγώ
449 518 603 589 εἶμι·
677 517 738 571 οὐ
797 518 904 587 γὰρ
951 517 1246 587 χωρίζεται
1304 521 1466 590 μουή
1515 521 1728 587 θεότης,
1757 521 1876 575 καθ’

1994 521 2180 584 liram,
2209 519 2392 575 verbis
2421 517 2682 588 loquitur.
2717 519 2892 585 Atque
2925 515 2976 570 id
3003 531 3030 571 ιι
3057 514 3324 586 principio
3363 515 3537 583 palam

301 612 370 682 ἣν
391 612 461 682 τῇ
511 613 768 681 κοινωνεᾳ
799 610 910 662 θεῶ
970 610 1098 672 τοὺς
1129 610 1476 679 θεουμὲνους.
1523 611 1664 679 Ἐγώ
1701 613 1816 680 εἰμι
1843 614 1872 665 ὁ

303 703 498 772 παρὼν
523 704 616 755 καὶ
643 702 889 772 ἐνεργῶν
924 702 1024 772 τὴν
1050 701 1268 756 θέωσιν.
1293 703 1404 769 Οὐχ
1435 701 1565 772 ὁρᾷς
1593 702 1662 753 τὰ
1695 703 1873 756 πάντα

302 796 360 847 ὲν
388 793 534 864 ἐμοὶ,
563 795 659 847 καὶ
707 794 805 862 ἐμὲ
837 794 944 863 πρὸ
985 795 1240 852 πάντωνς
1281 793 1444 848 Ἀλλὰ
1468 795 1558 849 διὰ
1605 795 1664 848 σὲ
1692 796 1874 849 πάντα

301 883 526 953 γίνομαι
559 884 618 935 ὲν
644 883 728 935 σοι
754 899 768 912 ·
796 881 884 936 διὰ
920 882 980 934 σὲ
1017 883 1114 935 καὶ
1144 882 1342 952 ὁρατός
1373 899 1456 936 σοι
1487 884 1736 952 γιναμαι.
1775 902 1794 934 ι

372 1137 485 1212 ’Δρ
518 1137 612 1196 οὖν
641 1143 1070 1212 παραλέλειπται
1115 1163 1166 1199 τι
1217 1146 1382 1216 μέρος
1413 1145 1716 1214 θεολογίας,
1745 1148 1774 1200 ὃ
1801 1148 1876 1217 μὴ

305 1236 384 1304 τῷ
421 1237 560 1303 φωτὶ
585 1234 760 1304 τούτῳ
790 1237 1146 1305 προσήρμοσε
1173 1238 1356 1307 ;πλὴν
1384 1238 1494 1306 γὰρ
1517 1238 1611 1290 τοῦ
1637 1239 1711 1310 μὴ
1734 1233 1874 1291 εἶναι

306 1327 497 1379 οὐσίαν
525 1326 684 1389 Θεοῦ,
717 1326 886 1379 τάλλα
935 1329 1114 1381 πάντα
1165 1329 1344 1398 φέρων
1404 1328 1671 1398 ἐπέθηκεν
1704 1329 1873 1398 αὐτῷ.

307 1416 494 1480 Οὕτως
538 1420 564 1469 ὁ
603 1417 772 1480 δεινὸς
824 1420 918 1471 καὶ
967 1419 1289 1489 ὲπίτριπτος
1339 1421 1650 1490 ἄνθρωπος.
1709 1422 1876 1491 μηδὲν

306 1509 414 1562 τῶν
448 1509 748 1580 εἰρηκότων
795 1510 1019 1564 ἐκείνων
1065 1511 1228 1564 θείων
1261 1513 1555 1582 φρονιισας
1593 1514 1874 1583 Πατέρων,

307 1598 500 1652 τούτου
537 1601 657 1668 μὲν,
694 1618 714 1650 «
753 1601 1040 1670 Μακάριος
1068 1605 1095 1655 ὁ
1127 1603 1250 1664 νοῦς
1279 1606 1508 1669 ἐκεῖνος,
1529 1603 1659 1664 ὃςὲν
1673 1608 1740 1674 τῇ
1773 1623 1878 1659 πα-

313 1689 577 1758 ραστάσει
625 1691 725 1760 τῆς
786 1696 1096 1762 προσευχῆς
1149 1693 1364 1746 τελείαν
1397 1697 1678 1765 ἀμορφίαν
1715 1697 1878 1767 ἐκτήο

313 1797 466 1844 σατο,
503 1798 522 1830 ι
553 1781 670 1844 καὶ,
719 1799 737 1830 «
777 1781 868 1848 Μὴ
901 1783 1245 1854 σχηματισῃς
1274 1785 1337 1837 τὸ
1381 1784 1535 1838 Θεῖον
1576 1789 1634 1838 ὲν
1666 1787 1880 1857 σεαυτῷ

312 1870 770 1939 προσευχόμενος.
806 1850 943 1940 μηδὲ
974 1873 1109 1942 πρὸς
1135 1850 1350 1944 μδρφήν
1374 1894 1493 1929 τινα
1517 1850 1880 1950 συγχωρήηέ
1911 1850 1953 1904 Β

313 1961 628 2030 τυπωθῆναί
665 1978 756 2014 σου
789 1963 879 2016 τὸν
909 1964 1034 2017 νοῦν
1054 1978 1067 1992 ·
1100 1965 1216 2018 ἀλλ’
1242 1966 1419 2029 αὔλως
1448 1967 1527 2037 τῷ
1554 1969 1703 2039 ἀθλῳ
1723 1971 1882 2041 πρόσ-

314 2050 457 2116 ελθε,
492 2053 584 2104 καὶ
613 2054 892 2122 συνήσεις·
931 2069 952 2104 ι
980 2055 1190 2108 ἐκείνου
1217 2056 1298 2119 δὲ,
1339 2075 1357 2108 «
1408 2058 1624 2122 Πάντας
1658 2061 1757 2129 μὲν
1778 2061 1884 2132 ὁρᾷ

314 2142 342 2191 ὁ
373 2142 503 2203 Θεὸς
529 2180 545 2204 ,
583 2144 750 2212 ὁρῶσι
783 2144 839 2195 δὲ
868 2144 957 2196 τὸν
988 2146 1122 2198 Θεὸν
1152 2147 1202 2200 οι
1233 2148 1399 2216 μηδὲν
1446 2150 1680 2219 ὁρῶντες
1715 2154 1775 2205 ἐν
1808 2154 1884 2222 τῷ

317 2232 740 2300 προσεύχεσθαι·
783 2252 801 2285 ι
837 2233 996 2286 ἄλλου
1032 2235 1108 2301 δὲ,
1143 2237 1224 2289 ὅτι
1257 2255 1275 2287 ι
1325 2239 1436 2292 Πᾶν
1464 2240 1525 2292 τὸ
1555 2241 1612 2292 ὲν
1643 2241 1886 2310 σχήματι

318 2324 663 2401 φαινόμενον,
692 2327 802 2378 εἴτε
831 2326 904 2387 ὡς
943 2329 1080 2395 φῶς,
1123 2329 1231 2381 εῐτε
1267 2330 1341 2392 ὡς
1385 2331 1517 2400 πῦρ,
1557 2333 1622 2386 ὲκ
1667 2336 1763 2402 τῆς
1793 2334 1884 2387 τοῦ

321 2413 520 2482 ἐχθροῦ
575 2419 932 2487 κακοτεχνίας
978 2419 1223 2486 γίνεσθαι
1271 2423 1299 2474 ὁ
1341 2423 1624 2486 Θεσπέσιος
1679 2426 1887 2488 Παῦλος

322 2506 510 2573 σαφῶς
538 2506 804 2574 διδάσκει,
831 2509 908 2570 εἰς
950 2511 1178 2578 ἄγγελον
1205 2513 1380 2582 φωτὸς
1407 2514 1582 2580 λέγειν
1612 2533 1889 2586 μετασχη-

326 2596 676 2663 ματίζεσθαι.
725 2617 743 2650 ι
777 2601 851 2652 Οὐ
877 2600 960 2652 δεῖ
1008 2599 1100 2653 οῦν
1128 2603 1220 2654 ἐπὶ
1264 2605 1438 2673 ταύτῃ
1475 2607 1540 2674 τῇ
1566 2606 1739 2658 ἐλπίδι
1770 2610 1901 2660 τινὰι

321 2689 412 2739 τὸν
461 2689 762 2758 ἀσκητικὸν
816 2692 1057 2758 μετιέναι
1099 2692 1234 2762 βίον.
1303 2697 1414 2749 Καὶ
1463 2699 1743 2750 Διονυσίου
1796 2701 1890 2751 τοῦ

326 2780 588 2847 μεγάλου,
627 2801 645 2834 «
696 2785 852 2837 Κατὰ
891 2785 1080 2837 τοῦτον
1147 2789 1240 2838 καὶ
1290 2789 1452 2855 ἡμεῖς
1506 2789 1760 2855 γενέσθαι
1801 2793 1891 2844 τὸν

325 2872 648 2942 ὑπέρφωτον
677 2876 950 2945 εὐχόμεθα
983 2877 1204 2945 γνόφον,
1251 2880 1346 2930 καὶ
1385 2880 1450 2932 δι’
1482 2883 1756 2948 ἀγνωσίας
1798 2885 1894 2938 καὶ

325 2965 586 3034 ἀϐλεψὶας
632 2967 756 3019 ἰδεῖν
805 2969 897 3020 καὶ
933 2968 1135 3036 γνῶναι
1180 2970 1271 3024 τὸν
1297 2970 1436 3040 ὑπὲρ
1471 2973 1597 3026 θέαν
1626 2977 1718 3027 καὶ
1751 2976 1891 3042 γνῶ.

329 3070 432 3115 σιν,
458 3055 605 3124 αὑτῷ
625 3056 702 3125 τῷ
731 3058 802 3125 μὴ
837 3058 986 3122 ἔδεῖν,
1013 3059 1146 3128 μηδὲ
1189 3062 1412 3127 γνῶναι.
1439 3061 1608 3116 Τοῦτο
1642 3067 1750 3136 γάρ
1779 3069 1893 3120 ἐστι

327 3145 387 3197 τὸ
424 3146 593 3210 ὄντως
633 3149 780 3212 ἰδεῖν,
815 3150 946 3201 αὐτὸ
979 3151 1038 3202 τὸ
1075 3150 1151 3220 μὴ
1187 3151 1312 3204 ἰδεῖν
1350 3154 1484 3222 μηδὲ
1517 3157 1740 3222 γνῶναι.
1790 3178 1806 3208 ι

400 3427 622 3482 Τούτων
662 3430 916 3484 ἁπάντων
944 3433 1384 3504 ὑπερφρονήσας,
1415 3437 1510 3490 καὶ
1555 3437 1895 3506 κατορχησά-

332 3538 491 3588 μενος
518 3521 694 3577 θείους
724 3523 882 3593 ὄρους
913 3526 1006 3577 καὶ
1035 3528 1244 3593 λόγους,
1280 3527 1373 3580 τὸν
1403 3527 1460 3580 ὃν
1479 3529 1590 3597 ,μὲν
1621 3530 1783 3596 ἡμεῖς
1813 3527 1896 3579 ἵσ-

335 3631 434 3682 μεν
490 3616 922 3683 τρισυπόστατον
969 3620 1063 3670 καὶ
1110 3620 1338 3689 ἀόρατον
1365 3621 1496 3673 Θεὸν
1525 3623 1752 3684 ἄνωθεν,
1803 3621 1896 3674 τοῦ

337 3707 507 3774 μέσου
538 3707 765 3771 ἀπάγει,
798 3709 892 3761 καὶ
939 3709 1131 3762 τοῦτον
1182 3711 1282 3780 τῆς
1338 3713 1458 3764 καθ’
1515 3715 1667 3782 ἡμᾶς
1695 3714 1900 3783 ἁφιστᾷ

331 3798 651 3867 διοικήσεως
677 3815 691 3829 ·
730 3799 919 3868 ἕτερον
945 3800 990 3852 δ’
1025 3802 1186 3863 αὐτὸς
1215 3801 1468 3873 ἀνίστησι
1501 3805 1652 3871 παρὰ
1681 3805 1780 3872 τὴν
1810 3805 1899 3856 οὐ·

337 3889 457 3940 σίαν
494 3889 587 3941 τοῦ
635 3889 796 3956 Θεοῦ,
844 3891 1052 3962 ληπτὸν
1083 3892 1384 3962 ὀφθαλμοῖς
1431 3898 1760 3962 σωματικοῖς
1809 3897 1900 3949 καὶ

335 3981 583 4047 ἀνούσιον
626 3983 783 4035 Θεόν.
831 3983 1069 4037 Λύτόθεν
1105 3985 1150 4036 δ’
1178 3985 1243 4038 ἄν
1273 4003 1356 4047 τις
1387 3989 1626 4050 σκοπῶν,
1663 3993 1755 4043 καὶ
1792 4006 1902 4046 των

336 4071 478 4124 οὓτω
531 4066 1055 4143 καινοτομηθέντων,
1086 4075 1245 4128 τοῦτο
1275 4076 1428 4129 λάϐοι
1458 4081 1776 4148 περιφανῶς
1797 4098 1814 4112 υ
1845 4084 1902 4134 ἐν

341 4165 438 4230 μὲν
470 4164 576 4231 γὰρ
605 4165 682 4232 τῷ
709 4167 904 4231 εἰπεῖν,
947 4184 965 4216 ι
1012 4167 1182 4218 Οὐσία
1215 4168 1350 4220 Θεοῦ
1380 4171 1478 4220 οὐκ
1505 4169 1639 4233 ἐστι,
1666 4167 1904 4245 καβγὰρ

341 4254 616 4323 ἀνέπαφος
648 4256 854 4324 ἐκείνη,
907 4275 925 4306 ι
977 4256 1146 4322 ἔδειξε
1183 4259 1257 4327 μὴ
1294 4253 1614 4313 εἶναιτοῦτο
1638 4262 1728 4315 τὸν
1755 4281 1907 4334 τρισ-

343 4345 646 4399 υπὸστατον
672 4346 805 4398 Θεόν
831 4361 846 4377 '
908 4350 964 4400 ὲν
996 4348 1052 4400 δὲ
1079 4348 1156 4418 τῷ
1181 4350 1592 4418 ἀποφήνασθαι,
1631 4371 1649 4404 «
1700 4356 1922 4424 Ἀγγε-’

340 4437 429 4500 λος
458 4439 558 4490 οὐκ
588 4437 788 4495 ἐστιν.»
815 4437 1016 4505 ἀπάγει
1041 4439 1198 4491 τούτο
1229 4440 1408 4509 πάσης
1435 4442 1751 4513 ἡστινοσοῦν
1782 4463 1902 4498 κτι-

1975 613 2023 668 ei
2058 612 2230 668 dicit:
2283 611 2402 682 Ego
2443 625 2563 666 sum
2595 627 2610 677 ;
2646 609 2755 663 noli
2806 609 3020 673 limere,
3071 623 3172 677 ego
3228 622 3371 662 sum.
3422 607 3540 660 Non

1978 706 2123 759 enim
2157 720 2193 758 at
2214 719 2301 757 me
2329 711 2630 772 separatur
2649 701 2856 764 Deitas,
2887 698 3044 766 cujus
3072 698 3402 753 commercio
3428 699 3541 752 dei.

1979 797 2080 850 tiro
2119 810 2237 860 eos,
2272 795 2365 864 qui
2397 794 2744 849 deificantur.
2789 792 2898 862 Ego
2927 807 3046 846 sum
3093 791 3184 859 qui
3228 792 3444 854 adsum,
3483 805 3547 846 ac

1977 897 2177 959 praesto
2215 888 2437 942 deitalis
2475 901 2699 940 munus.
2731 885 2873 939 Num
2923 883 3076 937 vides
3109 884 3163 936 in
3211 879 3544 945 me'omnia,

1977 995 2040 1034 ac
2070 994 2154 1034 me
2183 979 2415 1047 priorem
2451 974 2750 1031 omnibus?
2785 973 3078 1027 Enimvero
3116 973 3193 1026 tui
3229 971 3426 1040 gratia,
3490 972 3544 1024 in

1977 1077 2028 1121 te
2049 1067 2230 1126 omnia
2257 1065 2344 1120 llo.
2374 1064 2474 1119 Tui
2505 1079 2670 1119 causa
2698 1064 2861 1117 etiam
2894 1062 3125 1116 visibilis
3161 1061 3256 1116 tibi
3287 1061 3540 1114 reddar.»

2049 1155 2304 1212 Ullutnne
2325 1157 2488 1226 igitur
2507 1156 2774 1224 reliquum
2799 1163 2883 1208 est
2918 1153 3228 1207 divinorum
3255 1151 3483 1206 attribnt
3506 1171 3549 1192 '-

1978 1264 2098 1302 rum
2131 1249 2454 1311 membrum,
2485 1248 2628 1316 quod
2658 1262 2764 1300 non
2814 1245 2937 1298 huic
2966 1244 3403 1314 luciaptaverit‘l
3431 1243 3550 1298 Uno

1977 1339 2120 1394 enim
2148 1340 2249 1392 hoc
2276 1340 2516 1406 dempto,
2546 1339 2688 1406 quod
2713 1351 2818 1389 non
2854 1334 2942 1388 Dei
2966 1335 3200 1389 essentia
3230 1335 3320 1398 sit,
3354 1343 3548 1388 cuncta

1977 1432 2051 1486 illi
2083 1432 2292 1485 tribuit.
2321 1431 2409 1487 Sic
2445 1432 2699 1484 nimirum
2738 1430 2901 1483 homo
2947 1429 3356 1482 temerarius-ac
3378 1426 3546 1482 scele-

1977 1531 2153 1586 ratus,
2173 1523 2306 1575 nihil
2330 1523 2540 1575 divinos
2559 1521 2678 1574 iHos
2703 1519 2891 1574 Patres
2916 1534 3136 1583 curans,
3161 1520 3350 1589 quisic
3381 1519 3556 1573 locuti

1978 1616 2106 1680 sint,
2131 1616 2219 1669 ille
2245 1615 2485 1683 quidem.
2521 1634 2538 1666 «
2579 1614 2736 1668 Beata
2771 1629 2946 1678 mens,
2982 1596 3104 1682 qua:
3129 1611 3400 1682 fungenda
3424 1627 3551 1666 ονε-ι

1979 1707 2128 1759 tione
2152 1715 2308 1759 nacta
2340 1715 2444 1768 est,
2476 1715 2533 1759 ut
2559 1706 2707 1759 omni
2735 1704 2970 1774 perfecte
2997 1704 3171 1759 forma
3195 1712 3367 1759 vacet.
3400 1722 3418 1753 ι
3443 1701 3507 1755 Ει
3533 1720 3547 1754 :

1985 1798 2094 1852 «Ne
2131 1797 2271 1851 inter
2296 1796 2586 1862 orandum,
2631 1796 2799 1851 Dcum
2832 1798 2884 1850 in
2923 1805 2974 1850 te
3006 1796 3298 1851 simulacro
3357 1809 3559 1864 reputa--

1982 1890 2300 1951 scntaveris,
2332 1903 2433 1943 nec
2463 1890 2570 1942 ulla
2604 1897 2837 1943 mentem
2891 1888 3068 1942 forma
3091 1871 3320 1958 figurari
3350 1886 3554 1956 permi-

1985 1980 2154 2043 seris;
2184 1979 2278 2033 sed
2327 1979 2711 2043 immateriate,
2747 1980 2817 2044 ei,
2847 1980 2940 2047 qui
2975 1990 3138 2033 extra
3163 1993 3377 2031 omnem
3431 1993 3549 2029 ma-

1985 2071 2176 2125 teriam
2219 2071 2568 2137 esthaccede,
2595 2079 2648 2126 et
2682 2072 3010 2141 intelliges.»
3037 2071 3133 2126 Hic
3163 2086 3292 2124 vero
3321 2087 3334 2124 :
3379 2070 3554 2124 «Deus

1985 2160 2200 2228 quidem
2225 2175 2414 2215 omnes
2442 2161 2607 2224 videt,
2641 2160 2824 2214 vizlent
2845 2169 3024 2215 autem
3057 2161 3247 2226 Deum,
3272 2161 3363 2230 qui
3393 2175 3570 2213 orano»

1987 2250 2056 2304 do
2078 2251 2212 2304 nihil
2246 2252 2447 2305 vident.
2480 2269 2499 2301 ι
2547 2251 2703 2306 Alius
2734 2260 2993 2320 praetcrea
3025 2267 3040 2304 :
3089 2251 3386 2320 «Quidquid
3418 2251 3471 2304 in
3493 2250 3560 2303 ii-

1988 2358 2119 2412 gura
2142 2351 2389 2413 apparet,
2425 2346 2541 2398 sive
2578 2352 2638 2398 ut
2669 2343 2872 2408 lumen,
2923 2343 3038 2398 sive
3075 2354 3134 2396 ut
3161 2343 3324 2412 ignis,
3360 2357 3425 2395 ex
3454 2341 3549 2394 ini-

1991 2436 2114 2488 mici
2148 2435 2549 2489 machinatione
2575 2449 2716 2499 esse,
2749 2435 2922 2502 palam
2956 2435 3115 2488 docet
3151 2433 3368 2486 divinus
3414 2432 3558 2499 Apo-

1991 2526 2182 2588 stolus,
2208 2526 2335 2578 dum
2369 2525 2443 2578 ait
2473 2525 2851 2580 transformari
2897 2525 2951 2578 in
2981 2525 3228 2594 angelum
3280 2523 3416 2577 lucis
3455 2523 3569 2575 “.r

1993 2617 2106 2671 Hau
2132 2619 2144 2668 l
2171 2619 2336 2687 igitur
2366 2619 2575 2682 deceat,
2609 2627 2667 2670 ιιι
2711 2631 2772 2670 ea
2823 2632 2920 2684 spe
2949 2617 3237 2684 quisquam
3277 2615 3400 2668 vita:
3431 2608 3572 2668 reli-'

1993 2708 2158 2774 giosae
2178 2709 2484 2772 palaestram
2520 2718 2789 2761 exerceat.
2828 2706 3208 2775 Magnusitem
3247 2706 3557 2774 Dionysius:

2003 2798 2145 2852 «Nos
2177 2813 2393 2866 quoque
2419 2798 2483 2852 ad
2520 2798 2637 2867 ejus
2667 2797 2912 2868 caliginis
2949 2797 3168 2850 modum
3204 2796 3376 2864 aptari
3410 2805 3562 2863 opta-

1995 2906 2141 2950 mus,
2175 2890 2488 2944 excedentis
2515 2891 2622 2942 vim
2653 2905 2870 2943 oumetn
2912 2889 3157 2952 luminis,
3197 2903 3258 2940 ac
3291 2889 3561 2956 ρει-ἱειιο-

1996 2982 2227 3036 rantiam
2257 2981 2579 3052 videmliquc
2599 2984 2922 3044 ahsent‘am,
2959 2981 3139 3033 videre
3170 2994 3232 3034 ac
3257 2979 3416 3042 scire,
3437 2993 3561 3031 eum

1995 3077 2088 3143 qui
2133 3091 2346 3129 omnem
2386 3075 2603 3128 exet-dit
2643 3076 2818 3128 visum
2855 3091 2918 3128 ac
2951 3074 3258 3135 scientiam,
3313 3073 3428 3140 ipso
3461 3072 3566 3124 huc

1923 3191 1961 3243 υ
1997 3167 2138 3233 quod
2174 3182 2278 3218 nun
2309 3167 2594 3219 videmnus
2623 3183 2802 3234 neque
2850 3167 3113 3222 sciamus.
3162 3167 3213 3217 ld
3263 3164 3405 3218 enim
3441 3177 3574 3218 vere

1997 3258 2176 3310 videre
2228 3266 2330 3321 est,
2363 3257 2542 3325 ipsum
2577 3273 2683 3309 non
2735 3255 2937 3320 videre,
2976 3271 3074 3309 nec
3127 3254 3288 3314 scire,
3324 3268 3417 3307 seu
3469 3266 3564 3307 c0-

1996 3361 2277 3415 gnosccre.
2294 3365 2326 3396 ι-
3577 3413 3581 3419 _

2070 3439 2164 3493 llis
2194 3440 2448 3493 omnibus
2489 3439 2686 3508 spretis
2739 3439 2940 3505 regulis
2981 3451 3046 3490 ac
3091 3437 3438 3489 sermonibus
3470 3437 3563 3488 iis-

1997 3547 2104 3601 que
2143 3532 2429 3591 insultans.
2462 3547 2586 3585 cum
2636 3531 2850 3597 quidem
2874 3544 3033 3597 quem
3077 3529 3214 3581 trine
3243 3528 3562 3581 subsisten-

1999 3630 2106 3677 tem
2137 3637 2199 3675 ac
2223 3622 2552 3714 inuisibilem
2606 3622 2826 3690 antiqua
2866 3621 3159 3675 traditione
3205 3621 3370 3674 Deum
3413 3621 3568 3672 novi-

2000 3729 2146 3779 mus,
2179 3730 2209 3767 ε
2242 3712 2422 3766 medio
2481 3712 2752 3780 pt'olligat,
2786 3723 2834 3765 rt
2873 3712 2940 3764 ab
2983 3712 3344 3764 humanarum
3382 3726 3568 3764 rerum

2000 3805 2392 3876 gubernatione
2445 3804 2719 3871 abjungit;
2775 3803 2941 3855 almm
3011 3816 3140 3854 vero
3194 3803 3309 3870 ipse
3365 3803 3567 3856 excitat

2000 3906 2197 3967 praeter
2256 3896 2347 3949 Dei
2382 3896 2677 3949 essentiam
2711 3896 2881 3948 oculis
2901 3895 3178 3960 corporeis
3205 3895 3578 3964 comprehen~

2002 4002 2144 4042 sum:
2164 4002 2226 4040 ac
2249 3986 2342 4054 qui
2365 3985 2502 4039 Deus
2526 4001 2719 4052 expers
2745 3985 2994 4038 essentia:
3028 3984 3277 4046 exsistat,
3307 3997 3402 4036 seu
3436 3985 3563 4038 sub-

2003 4078 2201 4133 stantia
2247 4091 2461 4130 carens.
2500 4074 2630 4130 lude
2684 4083 2870 4129 autem
2909 4077 3032 4143 quis
3063 4075 3444 4138 considerans,
3474 4087 3568 4127 uo-

2003 4185 2236 4238 vamque
2267 4168 2408 4221 hanc
2435 4167 2737 4220 doctrinam
2768 4167 2994 4228 rimans,
3019 4166 3374 4262 istuiLaEerte
3407 4179 3562 4218 acce-

2005 4263 2171 4333 perit;
2209 4261 2439 4315 dicendo
2465 4274 2719 4329 namque,
2763 4258 2888 4312 «Dci
2926 4260 3160 4312 essentia
3217 4258 3324 4311 non
3359 4267 3474 4319 est;
3503 4272 3580 4308 ει·-

2008 4354 2154 4408 enim
2181 4353 2270 4406 illa
2311 4352 2517 4422 palpari
2578 4367 2682 4404 non
2717 4359 2950 4420 potest,»
3010 4350 3248 4404 ostendit
3301 4364 3410 4402 nou
3452 4363 3592 4402 esse-

2009 4447 2110 4498 hoc
2154 4445 2323 4497 Dtum
2359 4445 2498 4496 trinc
2539 4442 2958 4496 subsiSIemcm.
3009 4439 3340 4494 Atlirmando
3371 4449 3576 4503 autem,

343 4531 470 4599 στῆς
495 4529 677 4590 οὐσίας
699 4545 712 4558 ’
728 4530 784 4580 ὲν
810 4529 863 4582 δὲ
887 4529 965 4598 τῷ
996 4531 1364 4601 προσγράψαι,
1383 4551 1404 4584 «
1424 4512 1783 4599 Δεσποτικοὺς
1801 4539 1895 4608 γὰρ

2019 4554 2037 4587 «
2078 4535 2316 4602 Angelus
2369 4549 2473 4586 non
2508 4541 2613 4593 est,
2683 4533 2752 4584 ab
2786 4532 2933 4584 omni
2965 4533 3159 4600 quovis
3198 4532 3358 4585 modo
3400 4541 3594 4585 creata~

344 4621 502 4691 φέρει
539 4624 913 4691 χαρακτῆρας,
946 4624 1039 4674 καὶ
1073 4623 1154 4676 ὅτι
1182 4623 1263 4688 ὃν,
1303 4626 1397 4679 καὶ
1423 4628 1498 4698 μὴ
1555 4628 1904 4697 συμϐολικὸν,

344 4715 430 4762 ἀεὶ
455 4711 566 4781 γὰρ
595 4711 676 4773 ὃν,
716 4711 880 4764 άῦλόν
910 4729 969 4764 τε
994 4714 1088 4765 καὶ
1141 4713 1216 4783 νῷ
1248 4713 1542 4784 θεωρητὸν,
1577 4737 1595 4769 ι
1630 4723 1906 4790 Δεσπότην

344 4802 478 4855 αὐτὸ
529 4801 785 4855 ἄκτιστον
829 4798 978 4856 εἶναι
1029 4803 1376 4858 διατείνεται.
1414 4807 1502 4859 Ἐν
1545 4807 1602 4860 δὲ
1639 4809 1717 4878 τῷ
1759 4811 1907 4864 τᾶλλ’

345 4896 794 4962 ἐπισυναγαγεῖν,
821 4897 855 4948 ἆ
881 4912 938 4947 τε
961 4896 1172 4959 τούτοις
1193 4899 1644 4968 συμμιγνύμενον
1667 4903 1789 4974 δρᾷ,
1816 4906 1910 4958 καὶ

345 4985 491 5055 ἅπερ
536 4985 816 5056 ὁρώμενον
863 4979 1074 5055 ὁμιλεῖ,
1113 4991 1206 5040 καὶ
1238 4989 1371 5042 Θεὸν
1421 4992 1552 5044 αὐτὸ
1581 4993 1673 5045 τοῦ
1711 4999 1910 5060 παντὸς

346 5080 615 5145 ἀνέδειξεν
643 5080 861 5148 ὁρατὸν,
899 5079 1077 5132 πάντα
1111 5081 1179 5132 τὰ
1207 5080 1302 5133 τοῦ
1335 5082 1496 5150 μόνου
1535 5083 1669 5136 Θεοῦ
1699 5089 1914 5154 κομπά-

349 5175 508 5235 ζοντα
541 5175 636 5224 καὶ
672 5171 1246 5242 ὑπερηφανευὸμενον.
1281 5173 1516 5242 Φανερὸν
1551 5175 1641 5228 Οὗν
1692 5180 1755 5229 ἐκ
1785 5179 1909 5231 τού-

347 5278 455 5311 των
496 5260 528 5329 ἡ
563 5262 711 5311 πᾶσα
744 5258 971 5329 τάνδρὸς
1000 5259 1273 5328 τερατεία.
1302 5263 1397 5314 καὶ
1444 5264 1525 5315 ὅτι
1559 5265 1689 5316 Θεὸν
1722 5266 1908 5337 ἕτερον

351 5353 502 5422 παρᾶ
549 5354 648 5422 τὴν
672 5369 829 5422 τρισυ
844 5351 1132 5403 πόσττατον
1171 5353 1263 5404 καὶ
1285 5353 1690 5420 παντοδύναμον
1721 5356 1912 5410 οὐσίαν

352 5443 512 5502 αςτός
544 5459 603 5493 τε
635 5440 950 5511 πρεσὸεύει,
985 5441 1080 5495 καὶ
1125 5442 1194 5508 τῇ
1231 5439 1325 5493 νῦν
1375 5444 1716 5511 παραδίδωσι
1751 5464 1916 5512 προσ-

352 5536 532 5587 κυνεῖν
575 5533 894 5602 Ἐκκλησίᾳ.

2015 4626 2312 4680 substantia
2345 4625 2554 4678 eximit.
2586 4623 2739 4688 Quod
2779 4638 2908 4676 vero
2937 4623 3251 4692 subiungit:
3282 4642 3300 4673 «
3334 4624 3576 4677 Domini-

2014 4733 2111 4773 cos
2152 4719 2296 4772 enim
2325 4716 2426 4770 fert
2468 4717 2835 4777 characteres,
2875 4715 3129 4783 quodque
3175 4713 3444 4768 exsistens
3474 4727 3574 4774 est;

2015 4823 2116 4864 nec
2143 4808 2498 4878 symbolicum
2553 4815 2656 4868 est,
2688 4817 2952 4873 extraque
3004 4805 3288 4857 materiam
3339 4815 3391 4856 et
3433 4807 3600 4874 quod"

2020 4908 2200 4954 mente
2243 4897 2489 4952 videatur
2520 4912 2584 4950 ac
2629 4895 3020 4962 intelligatur»
3063 4893 3350 4946 Dominum
3396 4893 3575 4961 ipsum

2018 4992 2318 5044 increatum
2351 5004 2471 5042 esse
2502 4987 2750 5040 allirmat.
2780 4985 2894 5050 Qua
2932 4985 3155 5037 tandem
3202 4985 3418 5037 ratione
3453 4987 3583 5037 reli-

2019 5098 2124 5153 qua
2143 5083 2366 5150 colligit,
2393 5095 2515 5148 quae
2549 5081 2697 5132 hisce
2721 5077 3070 5132 commistum
3096 5077 3325 5142 faciunt,
3371 5086 3426 5130 et
3461 5092 3604 5145 quae-

2019 5175 2192 5230 oculis
2243 5173 2621 5240 conspicuum,
2658 5171 2926 5239 loquitur,
2973 5173 3137 5224 etiam
3177 5186 3355 5223 rerum
3422 5170 3598 5237 injust

2021 5264 2389 5320 Uttivetsitatis
2442 5262 2606 5315 Deum
2651 5262 2824 5315 oculis
2855 5261 3259 5330 aspectabilem
3317 5259 3575 5317 ostendit,

2018 5364 2210 5410 cuncta
2241 5371 2360 5424 quae
2384 5364 2510 5408 sunt
2530 5355 2689 5408 unius
2714 5355 2803 5408 Dei
2826 5364 3136 5422 crepantem
3155 5363 3317 5419 atque
3346 5349 3602 5411 superbe-

2020 5450 2362 5519 gloriantem.
2395 5445 2678 5500 Manifesta
2714 5447 2876 5515 igitur
2910 5461 2974 5498 ex
3011 5446 3128 5497 istis
3154 5452 3237 5495 est
3271 5439 3450 5492 omnis
3481 5439 3590 5490 viri

2022 5540 2352 5607 impostura,
2395 5546 2450 5590 ct
2477 5539 2620 5606 quod
2654 5547 2765 5590 tum
2813 5536 2929 5605 ipse
2979 5535 3144 5587 Deum
3183 5532 3348 5585 alium
3391 5542 3583 5596 pra-ter

355 5630 494 5682 uiue
526 5626 910 5682 subsistentem
936 5640 997 5678 ac
1021 5623 1442 5692 omnipotentem
1471 5625 1824 5682 substantiam
1845 5629 2063 5696 sentiat,
2091 5639 2206 5684 tum
2244 5629 2291 5684 ci
2317 5645 2434 5699 qua:
2453 5644 2596 5685 nunc
2625 5639 2726 5694 cst,
2760 5626 3031 5693 Ecclesim,
3056 5620 3388 5678 adorandultt
3420 5634 3583 5694 atque

356 5719 640 5778 colendum
660 5721 853 5774 tradat.

427 5825 473 5858 "
511 5823 530 5876 ι
590 5822 716 5878 Cor.
753 5837 810 5888 ιι,
849 5821 933 5876 Νι.
