4056 6266
505 419 603 482 691

503 628 767 685 visibilem
821 641 999 696 vocat,
1052 631 1253 701 quibus
1301 634 1366 687 ad
1420 635 1766 691 Barlaamum
1825 636 2062 695 scribit:

506 718 638 782 «Qui
678 730 855 774 autem
894 719 1025 775 illud
1064 720 1246 775 lumen
1287 724 1447 778 habet
1475 740 1537 781 ac
1566 726 1735 791 videt,
1770 741 1878 779 non
1924 725 2065 779 ultra

497 810 606 879 jam
629 826 654 861 a
674 810 858 873 simili,
880 812 970 865 sed
1001 827 1149 879 vcro,
1168 829 1233 867 ae
1247 816 1338 883 qui
1360 817 1521 870 rebus
1538 817 1795 877 emineat.
1820 824 2067 884 aspectu,

504 904 666 955 Deum
698 913 806 956 tum
830 907 1129 972 cognoscit,
1150 918 1263 961 tum
1295 908 1348 962 in
1376 924 1434 965 se
1459 909 1673 965 habet»
1710 908 1775 965 Et
1807 923 2064 964 rursum:

506 995 661 1048 «llaec
702 997 885 1065 itaque
938 1000 1160 1056 claritas
1200 1012 1283 1055 est
1322 1016 1385 1056 ac
1423 1001 1704 1070 maiestas,
1755 1015 1851 1069 per
1900 1014 2067 1069 quam

503 1085 871 1141 nanciscimur
904 1104 967 1143 ac
1006 1106 1132 1145 vere
1198 1093 1447 1148 videmus
1507 1094 1731 1148 Deum.»
1774 1090 2065 1156 Praeterea.

503 1188 608 1227 non
637 1175 702 1228 de
730 1191 837 1230 uno
880 1178 1019 1233 trinc
1070 1180 1403 1237 subsistente
1458 1183 1568 1237 Deo
1590 1183 1666 1237 ait
1699 1182 1953 1239 Palamas
1978 1182 2066 1237 di-

500 1267 644 1321 xisse
673 1268 994 1338 Gregorium
1029 1272 1386 1343 Tlteulogutn,
1426 1276 1603 1330 «Deus
1634 1277 1740 1330 diis
1786 1277 1975 1330 unitus
2003 1289 2069 1329 ac

502 1357 875 1423 innotescens,
907 1379 925 1412 ι
954 1365 1045 1417 sed
1062 1364 1128 1417 de
1147 1366 1391 1419 secundo
1410 1368 1510 1422 hoc
1540 1376 1701 1435 atque
1725 1368 1896 1421 oculis
1912 1380 2070 1434 aspe-

501 1449 684 1503 ctabili
723 1450 848 1506 Deo.
878 1452 1129 1507 Aitenint
1174 1456 1478 1509 iniisdem:
1526 1456 1713 1512 «Unde
1771 1456 1935 1511 etiam
1968 1456 2071 1509 hoc

503 1543 735 1613 theologi
767 1545 1037 1601 infinitum
1060 1548 1296 1603 vocitant
1318 1548 1497 1603 lumen
1521 1590 1536 1612 ,
1569 1565 1698 1618 quo,
1742 1565 1838 1617 per
1879 1564 2069 1605 cessa-

505 1636 706 1693 tionem
746 1638 816 1692 ab
847 1639 992 1693 omni
1025 1642 1285 1696 noscendi
1321 1641 1596 1706 facultate,
1625 1644 1677 1697 in
1708 1644 1917 1698 virtute
1942 1642 2057 1712 Spi-

505 1729 669 1795 ritus,
697 1729 839 1785 Deus
862 1732 1070 1787 sanctis
1096 1732 1326 1788 visibilis
1355 1734 1599 1789 redditur
1623 1772 1638 1796 ,
1694 1733 1840 1788 velut
1863 1734 2072 1788 scilicet

507 1819 648 1876 Deus
677 1822 785 1877 diis
844 1824 1032 1878 unitus
1078 1832 1131 1878 et
1160 1826 1560 1883 innotescenm
1613 1824 1792 1880 Semel
1832 1837 2070 1893 namque

505 1912 746 1967 divinam
808 1914 1098 1969 essentiam
1157 1931 1381 1984 prorsus
1422 1916 1823 1986 impalpabilcm
1856 1915 2069 1978 statuit,

505 2015 559 2058 et
588 2005 747 2074 cujus
785 2006 991 2059 nullum
1040 2008 1131 2061 ulli
1166 2008 1561 2064 commercium
1597 2023 1720 2063 esse
1758 2009 1952 2075 possit.
1992 2007 2072 2061 Ad

509 2097 641 2161 haec,
674 2111 779 2149 non
812 2097 887 2151 ait
919 2096 1169 2153 Palamas
1201 2098 1407 2154 dixisse
1427 2099 1678 2154 eumdem
1708 2098 1779 2155 de
1798 2114 1909 2153 uno
1930 2099 2074 2154 trine

511 2186 847 2240 subsistente
878 2187 1021 2244 Deo:
1055 2206 1075 2241 «
1108 2187 1243 2242 Cum
1291 2189 1452 2243 vellet
1478 2188 1624 2244 Deus
1665 2190 1875 2243 huncce
1919 2204 2077 2245 mun-

508 2276 663 2345 dum,
694 2296 714 2331 ι
759 2286 812 2332 et
850 2294 970 2346 qum
1028 2288 1366 2347 sequuntur,
1409 2279 1504 2335 sed
1543 2280 1610 2337 de
1636 2280 1739 2337 hoc
1767 2280 1973 2335 lumine
1995 2296 2079 2336 se-

508 2366 691 2419 cundo
716 2381 776 2420 ac
806 2367 1005 2421 visibili
1036 2364 1165 2430 Deo.
1192 2376 1245 2421 et
1266 2366 1360 2437 qui
1381 2369 1577 2423 divinae
1605 2369 1932 2424 substantiae
1955 2369 2076 2435 (seu

507 2454 781 2524 essentne)
806 2456 1026 2510 minime
1056 2456 1145 2513 sit.
1176 2456 1492 2512 Aitenimin
1532 2456 1598 2511 iis
1628 2472 1750 2525 quae
1795 2459 1986 2517 scribit
2013 2459 2078 2515 ad

510 2545 728 2599 beatum
761 2546 1121 2616 Aeindynunt,
1143 2550 1389 2601 oratione
1422 2548 1562 2603 inter
1595 2548 1868 2605 secundas
1902 2558 2079 2615 sexta,

510 2636 668 2709 cujus
701 2636 803 2691 hoc
834 2637 1085 2692 initium:
1138 2638 1237 2691 His
1266 2640 1476 2708 quidem
1497 2655 1613 2711 quw
1643 2639 1785 2694 circa
1818 2644 2079 2695 actionem

510 2724 869 2791 mundumque
895 2741 913 2779 :
954 2745 971 2777 «
1005 2725 1216 2780 Creatis
1248 2742 1376 2781 vero
1416 2728 1593 2781 lumen
1624 2729 1724 2780 hoc
1747 2744 2067 2794 accensens,

511 2815 679 2873 Deum
712 2827 1018 2873 creaturam
1078 2818 1370 2873 manifeste
1426 2822 1641 2875 statuit.
1697 2819 1895 2877 Vulens
1931 2823 2078 2876 enim

510 2908 774 2962 tnundum
808 2910 951 2961 hunc
984 2909 1245 2974 condere,
1276 2924 1339 2962 ex
1366 2914 1526 2964 rebus
1555 2911 1881 2977 visibilibus,
1906 2922 1960 2966 et
2010 2912 2080 2968 iis

508 3016 631 3070 quae
651 3010 874 3068 aspectu
905 2999 1052 3053 cerni
1072 3015 1176 3053 non
1209 3010 1460 3069 possunt,
1485 3003 1868 3063 constitutum.
1900 3011 1958 3057 ut
1984 3019 2082 3057 au-

509 3104 627 3147 elor
655 3091 1044 3159 estGregorius
1068 3089 1377 3159 Tlteologus
1420 3131 1435 3153 ,
1473 3094 1826 3162 sempiternis
1849 3095 2077 3163 quidem

1651 434 1976 496 JOANNIS
2019 435 2198 495 CYPA
2213 434 2511 494 RlSSlOT
2532 436 2579 493 il

573 533 837 591 Praeterea
872 536 1055 592 lumen
1088 542 1211 602 hoc,
1246 541 1590 599 manifestius
1614 541 1864 601 Palamas
1892 545 2063 599 Deum
2096 548 2141 603 Δ

3625 437 3735 502 692

2243 552 2365 604 Ἐτι
2396 546 2554 601 τοῦτο
2577 546 2635 599 τὸ
2684 544 2797 613 φῶς
2834 543 3308 613 περιφανέστερον
3357 545 3551 613 ὁρατὸν
3603 547 3732 601 ἀπο-

2156 641 2328 698 καλεῖ
2354 640 2487 693 Θεὸν
2521 638 2804 706 Παλαμᾶς,
2838 639 2895 690 ὲν
2940 632 3024 695 οἷς
3066 636 3202 705 πρὸς
3253 636 3516 706 Βαρλαάμ
3547 641 3735 707 φησὶν,

2174 752 2191 784 «
2251 732 2397 787 Ὀδὲ
2429 730 2486 784 τὸ
2517 730 2633 799 φῶς
2687 728 2828 799 ἔχων
2859 730 3057 793 ἐκεῖνο,
3101 730 3197 780 καὶ
3247 728 3411 797 ὁρῶν,
3449 729 3632 781 οὐκέτι
3676 730 3740 782 ἐκ

2168 823 2261 875 τοῦ
2308 822 2540 885 εἰκότος,
2575 820 2688 874 ἀλλ’
2734 818 2930 889 άληθεῖ
2979 819 3074 871 καὶ
3124 818 3604 888 ὐπερανιδρυμένῃ
3631 819 3741 870 τῶν

2169 914 2336 966 ὄντων
2369 912 2465 982 θέᾳ
2496 911 2629 983 (a).t
2667 911 2809 975 Ἔτι,
2830 929 2847 961 t
2874 910 3019 978 Αὕτη
3040 910 3150 979 ἄρα
3176 910 3375 979 ἐστὶνή
3405 910 3552 975 δόξα,
3580 909 3648 962 δι’
3675 904 3742 980 ἧς

2170 1000 2427 1071 κτώμεθα
2458 1002 2553 1054 καὶ
2595 1000 2813 1071 ὁρῶμεν
2847 999 3055 1068 κυρίως
3105 999 3200 1051 τὸν
3252 997 3406 1051 Θεόν.
3453 1016 3471 1049 ι
3506 998 3649 1061 Ἔτι,
3679 997 3741 1049 οὗ

2171 1108 2304 1161 φησι
2336 1090 2602 1159 Παλαμᾶς
2651 1089 2778 1159 περὶ
2816 1089 2908 1142 τοῦ
2963 1089 3082 1150 ἐνὸς
3115 1088 3550 1158 τρισυποστάτου
3607 1088 3742 1141 Θεοῦ

2171 1186 2336 1253 φάναι
2364 1182 2455 1236 τὸν
2488 1183 2547 1233 ἑν
2569 1181 2821 1249 θεολογία
2846 1180 3171 1250 Γρηγόριον,
3202 1198 3221 1232 t
3263 1178 3568 1242 Θεὸςθεοῖς
3597 1179 3745 1231 ἑνού-

2175 1278 2332 1349 μενός
2360 1294 2419 1330 τε
2451 1278 2545 1330 καὶ
2589 1276 3014 1344 γνωριζόμενος,
3056 1294 3074 1326 ι
3108 1275 3242 1329 ἀλλὰ
3274 1275 3401 1345 περὶ
3428 1275 3522 1326 τοῦ
3557 1274 3745 1327 δευτέ-

2174 1387 2267 1439 ρου
2296 1367 2490 1421 τούτου
2526 1368 2620 1419 καὶ
2673 1364 2870 1435 ὁρατοῦ
2902 1365 3062 1418 Θεοῦ.
3126 1366 3336 1435 Γράφει
3369 1366 3477 1435 γὰρ
3534 1367 3593 1416 ἐν
3628 1368 3748 1425 τοῖς

2171 1462 2378 1524 αὐτοῖς,
2418 1479 2436 1511 «
2486 1460 2649 1513 Ὅθεν
2702 1459 2797 1511 καὶ
2821 1460 2982 1512 τοῦτο
3011 1460 3237 1527 ἄπειρον
3266 1458 3314 1510 οἱ
3364 1457 3611 1524 θεολόγοι
3658 1456 3748 1508 λέ-

2170 1569 2327 1621 γουσι
2356 1552 2417 1605 τὸ
2441 1552 2559 1620 φῶς
2583 1566 2597 1581 ο
2630 1551 2699 1604 δι’
2724 1545 2785 1606 οὗ
2817 1548 2958 1605 κατὰ
3006 1550 3325 1603 άπόπαυσιν
3365 1548 3549 1619 πάσης
3598 1565 3740 1618 γνω·

2174 1643 2366 1711 στικῆς
2400 1641 2685 1710 δυνάμεως
2710 1642 2769 1694 ἐν
2795 1640 3047 1709 δυνάμει’
3066 1638 3386 1709 Πνεῦματοι,
3432 1638 3627 1707 ὁρατὸς
3654 1637 3746 1705 γί-

2172 1751 2324 1788 νεται
2353 1735 2468 1797 τοῖς
2509 1733 2689 1801 ἁγίοις
2719 1734 2747 1786 6
2789 1732 2945 1797 Θεὸς,
2988 1732 3065 1793 ὡς
3096 1731 3231 1791 Θεὸς
3276 1729 3420 1792 θεοῖς
3451 1727 3750 1796 ἑνούμενός

2172 1845 2230 1881 τι
2266 1826 2360 1879 καὶ
2398 1825 2817 1896 γνωριζόμενος.
2866 1842 2885 1877 t
2916 1822 3104 1887 Ἀπαξ
3137 1822 3245 1891 γὰρ
3291 1822 3570 1885 ἀνέπαφον
3610 1836 3751 1873 παν-

2173 1916 2345 1980 τελῶς
2392 1920 2485 1971 καὶ
2542 1915 2849 1985 άμέθεκτον
2896 1914 2995 1981 τὴν
3052 1914 3208 1968 θείαν
3246 1914 3438 1966 οὐσίαν
3482 1911 3745 1980 ὡρίσατο.

2178 2011 2323 2074 Ἔτι,
2363 2008 2425 2063 οὗ
2456 2025 2588 2078 φησι
2620 2008 2890 2076 Παλαμᾶς
2943 2008 3111 2073 φάναι
3142 2008 3233 2059 τὸν
3268 2004 3433 2058 αὑτὸν
3482 2003 3611 2074 περὶ
3650 2003 3746 2055 τοῦ

2176 2101 2294 2163 ἑνὸς
2318 2097 2753 2167 τρισυποστάτου
2784 2096 2941 2159 Θεοῦ,
2981 2115 3001 2147 «
3041 2095 3336 2164 Βουληοεὶς
3374 2096 3401 2147 ὁ
3432 2092 3566 2153 Θεὸς
3594 2092 3747 2145 τόνδε

2175 2192 2265 2246 τὸν
2295 2191 2521 2261 κόσμον,
2556 2210 2574 2242 ι
2630 2190 2723 2243 καί
2756 2189 2825 2241 τά
2874 2186 3003 2257 ἑξῆς
3029 2204 3043 2219 ο
3076 2186 3213 2241 ἀλλὰ
3243 2173 3374 2254 ⁸ῖιςέρὶ
3424 2185 3517 2238 τοῦ
3572 2184 3749 2254 φωτὸς

2176 2286 2389 2348 τούτου,
2418 2281 2510 2335 τοῦ
2539 2282 2795 2353 δευτέρου
2829 2282 2924 2335 καὶ
2962 2279 3159 2350 ὁρατοῦ
3197 2279 3355 2343 Θεοῦ,
3393 2280 3488 2332 καὶ
3542 2279 3617 2346 μὴ
3662 2277 3750 2327 6v-

2174 2390 2268 2438 ἰ-ος
2300 2374 2487 2437 οὐσίας
2518 2374 2681 2430 Θεοῦ.
2729 2375 2868 2445 Φησὶ
2902 2373 3014 2443 γάρ
3045 2375 3103 2425 ὲν
3141 2374 3246 2434 τοῖς
3274 2370 3410 2442 πρὸς
3448 2370 3537 2422 τὸν
3568 2369 3747 2438 μακά-

2185 2484 2299 2534 ριον
2357 2465 2665 2520 ’Λκίνδυνον
2715 2466 2861 2536 λόγῳ
2912 2466 3020 2517 τῶν
3064 2464 3333 2532 δευτέρων
3392 2461 3558 2529 ἕκτῳ,
3613 2451 3675 2512 οὗ
3714 2460 3746 2526 ἡ

2179 2560 2320 2630 ἀρχὴ
2359 2558 2491 2624 Τοῖς
2505 2557 2621 2627 μὲν
2644 2559 2712 2623 δὴ
2745 2557 2877 2625 περὶ
2914 2556 3027 2624 τὴν
3066 2555 3289 2625 πρᾶξιν
3327 2553 3427 2607 καὶ
3474 2554 3709 2621 κόσμον
3732 2566 3748 2581 ⁸

2183 2667 2202 2700 t
2252 2651 2377 2709 Τοῖς
2414 2648 2677 2716 κτίσμασι
2711 2647 2768 2700 δὲ
2822 2648 3132 2701 συντάττων
3165 2643 3323 2697 τοῦτο
3376 2644 3438 2695 τὸ
3490 2641 3625 2710 φῶς,
3662 2640 3749 2693 τὸν

2178 2742 2313 2795 Θεὸν
2343 2741 2545 2810 κτίσμα
2589 2738 2840 2808 φανερῶς
2872 2736 3259 2806 ἀποφαίνεται.
3307 2734 3605 2803 Βουληϐεὶς
3639 2735 3749 2801 γέρ

2179 2834 2329 2886 τόνδε
2376 2831 2468 2884 τὸν
2514 2831 2720 2899 κόσμον
2766 2827 3142 2898 συστήσασθαι
3171 2826 3265 2880 τὸν
3312 2826 3373 2891 ἐξ
3402 2825 3616 2896 ὁρατῶν
3656 2823 3750 2876 καὶ

2180 2925 2431 2993 ἀοράτων
2482 2922 2878 2992 συνεστηκότα,
2930 2921 3071 2975 κατὰ
3103 2921 3193 2974 τὸν
3242 2919 3507 2987 Θεολόγον
3537 2916 3750 2986 Γρηγό-

2182 3033 2323 3086 ριον,
2350 3017 2465 3077 τοῖς
2510 3015 2611 3084 μὲν
2653 3014 2867 3077 ἀϊδίοις,
2897 3013 3148 3086 δηλονότι
3183 3014 3298 3074 τοῖς
3337 3010 3631 3063 θεοειδέσιν
3654 3011 3753 3075 ἀγ·

2181 3076 2382 3175 γέλοις,
2409 3076 2570 3168 αὖτός
2602 3109 2718 3159 ἔστι
2750 3106 2867 3173 φῶς
2898 3076 2993 3159 καὶ
3014 3076 3141 3158 ὀὐκ
3188 3104 3341 3158 ἄλλο.
3390 3102 3456 3155 Τί
3487 3102 3594 3171 γὰρ
3646 3101 3750 3154 ἔδει

513 3182 896 3250 (deiformibus
918 3183 1129 3237 scilicet
1146 3184 1372 3252 angelis)
1401 3185 1512 3252 ipse
1528 3195 1609 3239 est
1641 3184 1872 3251 Lumen,
1897 3195 1950 3242 et
1972 3202 2076 3240 non

2184 3201 2361 3269 φωτὸς
2410 3200 2664 3270 δευτέρου
2716 3203 2831 3261 τοῖς
2882 3201 2942 3253 τὸ
2994 3200 3253 3270 μέγιστον
3295 3197 3556 3267 ἔχουσιν;
3606 3196 3665 3248 Ὀ
3708 3195 3752 3247 δ’

509 3274 679 3329 aliud.
706 3271 845 3339 Quid
880 3273 1024 3327 enim
1058 3274 1299 3329 secundo
1324 3275 1528 3329 lumine
1560 3276 1626 3331 iis
1656 3292 1793 3345 opus
1825 3279 2075 3346 erat,qni

511 3367 734 3420 maximi
766 3366 910 3419 illius
944 3375 1222 3433 compotes
1247 3368 1461 3420 essent?
1491 3367 1809 3439 Aeindynus
1867 3380 2076 3434 autem,

507 3460 801 3516 Maximum
836 3460 969 3514 illud
998 3459 1206 3519 lumen.
1256 3459 1401 3528 quod
1453 3459 1728 3514 illuminat
1781 3460 2078 3516 deilormes

507 3554 730 3625 angelos
759 3553 925 3624 (quod
954 3551 1090 3606 nihil
1126 3550 1269 3604 aliud
1297 3558 1381 3604 est
1409 3567 1575 3618 quam
1598 3551 1739 3608 Deus
1777 3552 1914 3621 ipse)
1949 3568 2071 3609 cre-

507 3657 720 3702 aturam
758 3660 882 3700 esse
907 3645 1085 3706 docet,
1127 3658 1193 3697 ac
1240 3657 1590 3711 corporeum,
1632 3644 1797 3715 inque
1848 3645 2078 3701 materia

508 3738 686 3793 lumen
725 3738 1011 3793 exsistere.
1047 3754 1064 3787 ›
1766 3728 1795 3754 '

574 3830 923 3886 Manifestum
980 3829 1145 3899 igitur
1173 3840 1276 3897 est,
1333 3847 1397 3885 ex
1424 3845 1488 3885 eo
1516 3830 1660 3900 quod
1678 3829 1959 3898 designate
1998 3845 2081 3885 re-

505 3923 718 3992 lataque
736 3922 901 3989 dicat,
924 3941 944 3976 «
978 3924 1161 3978 lumen
1187 3914 1387 3989 istudﬁ
1408 3921 1476 3977 de
1504 3937 1613 3992 quo
1637 3923 1894 3976 nimirum
1919 3923 2081 3989 vulgo

505 4015 819 4086 ambigitur,
846 4029 947 4069 nec
981 4015 1259 4083 quomodo
1288 4014 1544 4069 Palamas
1566 4013 1733 4069 Deum
1780 4013 1932 4081 fecit,
1956 4029 2081 4071 cre-

502 4107 675 4172 ditur,
714 4121 893 4175 exque
931 4106 1140 4174 reliqua
1194 4105 1535 4173 probatione.
1571 4104 1758 4173 Neque
1800 4106 1947 4159 enim
1998 4105 2080 4159 vir

504 4197 596 4253 ille
617 4195 974 4252 admirandus
998 4210 1122 4249 cum
1148 4195 1241 4249 illo
1271 4194 1585 4263 disputabat
1619 4195 1683 4250 de
1708 4196 1912 4250 lumine
1933 4198 2075 4264 quod

504 4290 658 4345 estin
697 4287 992 4343 Trinitate.
1027 4286 1084 4340 Si
1124 4286 1251 4355 quis
1284 4286 1431 4351 enim
1474 4286 1641 4347 alius,
1676 4286 1796 4355 ipse
1850 4301 2078 4356 quoque

505 4379 626 4449 eius
670 4377 848 4431 cultor
877 4388 1018 4441 erat,
1070 4375 1163 4431 sed
1196 4375 1263 4430 de
1289 4375 1385 4430 illo
1423 4377 1567 4445 quod
1604 4376 1745 4430 male
1778 4377 2077 4432 confictqu

506 4478 611 4533 est,
645 4478 705 4523 ut
753 4468 1041 4537 probatum
1083 4474 1187 4530 est,
1224 4466 1389 4536 inque
1426 4466 1519 4520 Dei
1548 4480 1776 4522 censum
1821 4466 2073 4533 relatum,

2196 3285 2500 3347 Ἀκίνδυνος
2551 3288 2610 3338 τὸ
2661 3287 2920 3356 μέγιστον
2954 3287 3109 3339 τοῦτο
3157 3286 3297 3354 φῶς,
3328 3286 3389 3338 τὸ
3425 3287 3754 3353 φωτιστικὸν

2180 3378 2287 3429 τῶν
2314 3376 2562 3430 θεοειδῶν
2596 3378 2870 3445 ἀγγέλων,
2897 3378 2926 3431 ὃ
2962 3379 3129 3447 μηδὲν
3158 3377 3289 3431 ἄλλο
3318 3378 3350 3447 ἢ
3382 3376 3544 3440 αὐτὸς
3570 3378 3597 3430 ὁ
3623 3377 3754 3438 Θεός

2182 3469 2321 3533 ἐστι,
2356 3469 2566 3540 κτίσμα
2613 3464 2755 3523 εἶναι
2785 3469 3125 3541 δογματίζει,
3152 3470 3248 3525 καὶ
3299 3467 3616 3539 σωματικὸν
3662 3469 3754 3519 καὶ

2186 3559 2371 3614 ὑλικὸν
2402 3560 2669 3631 ὑπάρχειν
2700 3560 2839 3630 φῶς.
2879 3581 2898 3613 ι

2255 3823 2527 3895 Πρόδηλον
2559 3822 2648 3894 ἄρ’
2676 3822 2774 3877 οὖν
2808 3824 2875 3876 ἔκ
2906 3839 2964 3877 τε
2992 3823 3085 3877 τοῦ
3118 3824 3404 3889 δεικτικῶς
3433 3828 3528 3881 καὶ
3553 3829 3755 3895 άναφο⁴

2184 3917 2354 3988 ρικῶς
2383 3915 2588 3983 λέγειν,
2629 3933 2648 3967 «
2689 3914 2851 3969 τοῦτο
2878 3916 2939 3968 τὸ
2969 3916 3107 3985 φῶς,
3152 3934 3168 3965 ι
3204 3917 3266 3970 τὸ
3301 3918 3754 3989 ἀμφισϐητούμε-

2183 4026 2274 4062 νον
2296 4008 2502 4079 δηλαδὴ
2529 4011 2664 4070 ιτοῖς
2695 4009 2914 4071 πολλοῖς
2950 4010 3046 4062 καὶ
3079 4010 3153 4079 μὴ
3196 4011 3589 4081 πιστευόμενον
3621 4013 3700 4074 ὠς
3742 4031 3752 4057 ι

2185 4099 2451 4169 Παλαμᾶς
2486 4100 2823 4169 ὲθεοποίησε,
2858 4101 2954 4153 καὶ
3002 4101 3108 4169 τῆς
3159 4100 3328 4170 ἄλλης
3375 4101 3750 4171 κατασκευῆς.

2184 4189 2262 4243 Οὐ
2297 4191 2405 4259 γὰρ
2431 4191 2461 4243 ὁ
2492 4190 2795 4259 θαυμάσιος
2844 4194 3057 4256 ἐκεῖνος
3108 4193 3249 4264 ἀνὴρ
3296 4194 3427 4262 περὶ
3470 4194 3564 4247 τοῦ
3597 4196 3656 4249 ἐν
3683 4196 3753 4267 τῇ

2184 4282 2379 4367 Τριάδι
2409 4282 2586 4351 φωτὸς
2613 4283 2761 4352 αὺτῷ
2788 4282 3064 4351 διελέγετο
3086 4299 3101 4315 ·
3136 4286 3295 4355 εἰπερ
3327 4303 3411 4349 τις
3436 4286 3544 4367 γάρ
3568 4286 3750 4353 ἄλλος,

2184 4375 2282 4429 καὶ
2313 4366 2468 4437 οὗτος
2498 4374 2802 4445 λατρευτὴς
2829 4371 2899 4445 ἧν
2921 4375 3138 4431 ἐκείνου
3160 4391 3175 4407 ’
3211 4378 3346 4431 ἀλλὰ
3380 4366 3511 4447 περι
3537 4378 3633 4432 τοῦ
3657 4396 3757 4439 κα·

2184 4464 2298 4527 κῶς
2326 4464 2792 4531 άναπλασθέντος,
2827 4465 2904 4528 ὡς
2930 4466 3220 4532 δέδεικται,
3266 4469 3361 4521 καὶ
3405 4468 3757 4540 0,203th06»)-

507 4560 908 4617 absurdissimo
939 4558 1166 4621 lumine,
1196 4558 1343 4627 quod
1372 4567 1426 4615 et
1462 4556 1597 4612 illud
1626 4557 1793 4613 Deum
1841 4574 1965 4614 esse
1989 4559 2075 4617 di-

2182 4574 2271 4620 τος
2302 4557 2656 4612 άτοπωτάτου
2679 4559 2879 4628 φωτὸς,
2917 4560 3002 4615 ὁτι
3028 4560 3183 4615 τοῦτο
3210 4561 3308 4614 καὶ
3337 4561 3429 4614 τὸν
3451 4558 3585 4614 Θεὸν
3618 4558 3758 4618 εῖναι

506 4661 615 4719 cat,
647 4652 740 4723 qui
776 4666 840 4706 ει
870 4650 1176 4707 substantia
1203 4649 1473 4705 visibiliet
1500 4665 1621 4719 quae
1645 4650 1815 4705 videri
1842 4665 1948 4703 non
1982 4666 2081 4721 po.

506 4754 637 4807 test.
662 4755 859 4802 cuneta
894 4744 1225 4807 condiderit,
1265 4758 1329 4798 ac
1354 4744 1588 4812 reliqua,
1620 4759 1741 4812 quae
1767 4743 2081 4815 Tlteologns

508 4840 574 4894 de
606 4837 813 4903 divino,
868 4835 1379 4905 supersubstantiali
1426 4837 1821 4905 adorandoque
1852 4836 2077 4899 lumine.

505 4932 651 5000 quod
681 4930 733 4984 in
752 4931 913 4984 Patre
929 4939 983 4983 et
1002 4926 1137 4983 Filio
1159 4937 1213 4983 et
1233 4926 1436 4997 Spiritu
1457 4940 1650 4983 saneto
1667 4937 1769 4992 est,
1789 4928 2071 4983 disseruit.

580 5021 869 5085 Praeterea,
900 5036 1007 5076 non
1048 5021 1180 5076 dicit
1228 5020 1482 5076 Palamas
1511 5035 1635 5074 eum
1664 5019 1847 5074 dicere
1876 5021 1941 5075 de
1975 5033 2087 5073 uno

506 5117 648 5169 trine
683 5114 1017 5169 subsistente
1050 5113 1180 5175 Deo,
1213 5112 1387 5168 «Deus
1412 5120 1497 5167 est
1531 5112 1721 5165 lumen
1752 5125 2080 5179 supremum

507 5219 563 5265 et
583 5206 1014 5271 inaeeessibile,»
1042 5204 1136 5259 sed
1156 5204 1207 5258 id
1230 5204 1435 5260 dictum
1460 5218 1585 5258 esse
1605 5204 1913 5268 delumine,
1937 5203 2083 5271 quod

506 5317 697 5357 recens
728 5300 798 5354 ab
841 5298 937 5353 illo
984 5295 1279 5353 conﬁetum
1329 5304 1434 5349 est.
1496 5293 1585 5347 Ait
1618 5294 1763 5347 enim
1799 5293 2080 5349 in-eodetn

506 5409 762 5449 sermone
803 5408 899 5448 seu
950 5392 1129 5446 libro:
1194 5387 1328 5443 «Ubi
1368 5385 1534 5456 igitur
1568 5394 1673 5449 est,
1730 5384 1875 5453 quod
1911 5383 2079 5439 Deum

505 5485 980 5555 interelangelos
1033 5497 1062 5535 a
1114 5479 1401 5532 Barlaamu
1440 5484 1496 5528 et
1544 5474 1826 5543 Acindyno
1873 5473 2084 5529 confin-

504 5577 647 5645 gitur
683 5576 889 5638 lumen,
918 5574 1063 5643 quod
1094 5586 1271 5640 neque
1309 5568 1449 5623 Deus
1483 5582 1658 5635 neque
1693 5566 1943 5636 angelus,
1980 5566 2074 5621 sed

580 5757 656 5827 (ι)
689 5755 842 5810 Orat.
877 5756 967 5818 ιδ,
1006 5753 1200 5822 p.698.

578 5916 650 5981 ta)
686 5918 845 5968 Locus
867 5925 944 5969 est
976 5931 1193 5978 mancus,
1221 5924 1273 5966 ut
1301 5932 1360 5967 ex
1387 5914 1801 5982 interpretatione
1827 5922 1985 5979 patet.
2018 5932 2137 5967 uir.

2181 4646 2450 4702 ἀποκαλεῖ
2473 4646 2573 4711 τὸν,
2596 4648 3012 4717 συστησάμενον
3039 4647 3099 4713 ἐξ
3130 4649 3331 4719 ὁρατοῦ
3360 4667 3417 4702 τε
3458 4652 3558 4704 καὶ
3592 4652 3757 4723 ἀοράο

2178 4754 2272 4791 του
2309 4738 2377 4791 τὰ
2401 4738 2603 4799 πάντα,
2636 4738 2730 4791 καὶ
2753 4739 2925 4797 sine.
2953 4738 3098 4809 άπερ
3132 4742 3161 4793 ὁ
3195 4742 3458 4812 Θεολόγος
3490 4745 3635 4817 ὑπὲρ
3663 4743 3756 4797 τοῦ

2178 4829 2509 4900 ὑπερουσίου
2568 4829 2771 4901 φωτὸς,
2826 4830 2927 4884 τοῦ
2990 4834 3050 4886 ὲν
3116 4834 3296 4904 Ποιτρὶ⁵
3349 4837 3445 4889 καὶ
3500 4837 3618 4908 Υίῷ
3664 4839 3759 4892 καὶ

2178 4922 2320 4992 ἁγίῳ
2352 4922 2632 4993 Πνεῦματι
2665 4926 3151 4995 προσκυνουμένου
3184 4926 3601 5000 τεθεολόγηκεν.

2261 5014 2383 5067 Ἔτι
2424 5013 2484 5068 οὔ
2535 5032 2669 5086 φησι
2712 5017 2977 5086 Παλαμᾶς
3018 5019 3147 5086 περὶ
3192 5020 3285 5073 τοῦ
3335 5021 3454 5084 ἑνὸς
3499 5039 3761 5091 τρισυπο-

2188 5106 2385 5160 στάτου
2432 5107 2593 5171 Θεοῦ,
2619 5108 2710 5161 τὸν
2741 5110 2905 5163 αὑτὸν
2948 5109 3135 5178 φάναι,
3170 5129 3190 5163 «
3236 5111 3369 5173 Θεός
3405 5114 3523 5165 ἐστι
3555 5114 3671 5181 φῶς
3704 5114 3760 5165 τὸ

2184 5200 2486 5269 ἀκρότατον
2513 5201 2607 5254 καὶ
2640 5202 2958 5272 ἀπρόσιτον,
3011 5220 3028 5253 t
3064 5201 3199 5255 ἀλλὰ
3224 5202 3355 5273 περὶ
3377 5202 3471 5255 τοῦ
3508 5202 3602 5256 νῦν
3634 5205 3762 5256 ἀνα-

2187 5290 2520 5356 πλασθὲντος
2550 5292 2643 5345 ὑπ’
2674 5292 2841 5347 αὑτοῦ
2879 5292 3135 5363 εἰρῆσθαι
3174 5293 3349 5364 δήπου
3390 5295 3596 5363 φωτόςο
3630 5294 3762 5364 φησι⁵

2189 5382 2296 5451 γὰρ
2329 5384 2482 5454 ἐντῷ
2505 5385 2648 5454 λόγῳ
2669 5384 2749 5455 τῷ
2786 5384 2955 5453 αὐτῷ,
3008 5401 3027 5435 ι
3077 5383 3187 5437 Ποῦ
3224 5384 3401 5437 τοίνυν
3448 5386 3509 5438 τὸ
3558 5384 3761 5455 μεταξὺ

2190 5474 2325 5528 Θεοῦ
2352 5492 2412 5527 τε
2442 5475 2539 5529 καὶ
2577 5476 2830 5545 ἀγγέλων
2865 5476 2969 5529 ὑπὸ
3006 5475 3271 5545 Βαρλαὰμ
3312 5478 3406 5530 καὶ
3450 5478 3760 5532 Ἀκινδύνου

2190 5567 2663 5637 ἀναπλαττόμενον
2709 5567 2844 5637 φῶς,
2875 5568 2904 5621 ὃ
2935 5569 3071 5639 μήτε
3119 5569 3251 5633 Θεός
3293 5570 3407 5623 ἐστι
3444 5572 3573 5642 μήτ’
3600 5571 3764 5641 ἄγγε-
