4056 6266
346 391 457 457 893

1105 406 1744 489 PALAMITICARUM
1783 411 2540 476 TRANSGRESSIONUM
2577 418 2829 479 LIBER.

3510 418 3615 483 θθὶ

344 509 459 575 λος,
481 508 599 565 ἀλλ’
623 509 810 566 ὑλικὸν
836 515 928 568 καὶ
945 520 1263 590 παχυμερὲς
1286 541 1299 587 ;
1332 542 1349 575 ι
1373 525 1652 579 καὶταῦτα
1682 526 1777 579 τοῦ
1797 528 1919 581 Θεο-

2030 530 2305 579 terrenum
2338 526 2468 595 quid
2505 541 2569 582 ac
2597 542 2844 581 crassum
2877 534 2961 582 est
2984 528 3011 581 ?
3033 546 3050 578 ι
3087 526 3251 594 ldquc
3280 542 3405 582 cum
3432 526 3614 583 Theo-

341 601 505 668 λόγου
538 601 815 673 λεγοντος,
855 623 875 658 ι
921 608 1097 663 Τοῦτο
1129 612 1187 665 ὲν
1240 619 1452 684 νοητοῖς
1500 612 1643 670 εἶναι
1672 619 1735 671 τὸ
1760 619 1929 689 ἀκρό-

339 708 505 748 τατον
531 697 651 764 φῶς
675 698 945 767 (δηλονότι
973 704 1064 756 τὸν
1095 705 1277 775 Θεὸν),
1300 709 1441 779 ὅπερ
1470 710 1625 779 ἥλιος
1653 713 1710 765 ὲν
1733 712 1927 779 αἰσθη·

339 787 479 849 τοῖς.
524 805 542 839 ι
581 788 823 858 Φανερδν
869 794 971 863 μὲν
1018 796 1114 850 οῦν
1141 800 1224 851 ὅτι
1263 800 1333 853 τὰ
1372 800 1569 856 ἑαυτοῦ
1597 803 1777 873 ὀνείδη
1832 805 1926 859 καὶ

338 879 442 940 τὰς
474 883 607 949 παρ’
632 880 801 936 αὑτοῦ
835 891 1383 952 κατασκευασθείσας
1419 893 1769 967 βλασφημίας
1813 902 1927 961 τοῖς

339 971 523 1035 ἄλλοις
566 978 977 1045 προστρίϐεται.
1025 978 1194 1047 Οὗτος
1227 986 1337 1055 γάρ
1366 988 1519 1041 ἐστιν
1548 990 1576 1042 δ
1601 990 1926 1055 ἀναπλάσας

340 1063 458 1131 φῶς
501 1066 560 1116 ὲν
590 1066 891 1124 ὑποστάσει
943 1077 1335 1144 πνευματικῶς
1370 1080 1629 1149 ὁρᾶσθαι,
1658 1081 1756 1135 καὶ
1798 1082 1925 1152 μήτ’

337 1155 528 1208 οὐσίαν
578 1154 718 1213 εἶναι
768 1160 940 1231 θείαν,
986 1167 1114 1235 μήτ’
1147 1170 1467 1240 ἀγγελικὴν,
1495 1173 1668 1248 ταύτῃ
1700 1175 1795 1228 καὶ
1826 1178 1925 1247 τὴν

344 1249 548 1315 μεταξὺ
579 1249 718 1304 Θεοῦ
742 1271 802 1306 τε
837 1258 930 1309 καὶ
960 1256 1197 1327 ἀγγέλου
1224 1265 1635 1333 συστησάμενος
1660 1268 1919 1339 ὕπαρξιν.

341 1341 796 1416 Συγκεχωρήσθω
829 1348 875 1399 δ’
906 1351 1056 1419 ὅμως
1106 1350 1207 1423 τῆς
1267 1353 1546 1426 διαϐολῆς,
1596 1360 1923 1431 πράγματος

334 1434 618 1503 Δσυνήθους
647 1438 798 1507 αύτῷ
824 1441 912 1495 διὰ
933 1443 1111 1497 πάντα
1133 1463 1148 1480 ·
1173 1448 1361 1501 ἐκεῖνα
1391 1448 1447 1501 δὲ
1478 1451 1615 1519 μόνα
1648 1455 1924 1509 σποπείτω

339 1540 446 1591 τις,
479 1526 516 1582 ἃ
540 1530 635 1581 καὶ
667 1532 726 1583 ὲν
756 1531 835 1601 τῷ
861 1536 964 1605 πρὸ
995 1536 1187 1595 τούτου
1214 1540 1632 1612 διεληλύθαμεν,
1652 1546 1753 1615 τῆς
1779 1549 1923 1602 κατά

339 1615 480 1670 Θεοῦ
538 1624 905 1690 συκοφαντίας
956 1629 1426 1701 παραληρὴματα.
1487 1632 1575 1697 Ὠς
1609 1634 1756 1690 ἔοικε
1788 1638 1920 1706 γὰρ,

339 1710 403 1762 τὸ
454 1711 638 1765 ὑλικὸν
673 1713 833 1770 τοῦτο
870 1719 1034 1786 μόνον
1069 1724 1165 1774 καὶ
1216 1727 1541 1795 παχυμερὲς
1596 1727 1919 1800 ἀνατρέπει,

338 1803 410 1855 τὰ
440 1803 486 1857 δ’
531 1804 667 1860 ἄλλα
704 1809 884 1864 πάντα
932 1816 1211 1885 συγχωρεῖ
1238 1817 1316 1885 τῷ
1347 1818 1541 1872 τούτου
1597 1822 1735 1890 φωτὶ
1767 1822 1922 1892 λέγε-

341 1894 487 1951 σθαι.

418 1990 539 2043 Ἔτι
577 1992 639 2045 οῦ
676 2011 811 2064 φησι
864 1997 1133 2068 Παλαμᾶς
1170 2001 1424 2072 περὶτοῦ
1480 2005 1615 2059 Θεοῦ
1650 2000 1827 2075 Λόγου
1865 2008 1925 2063 τὸ

341 2079 489 2135 θετον
518 2083 848 2154 Εὐαγγέλιον
879 2092 1187 2174 εἰρηκέναι,
1228 2115 1246 2147 ι
1290 2091 1401 2152 Ἦν
1429 2099 1490 2153 τὸ
1519 2102 1636 2169 φῶς
1686 2104 1747 2155 τὸ
1794 2104 1926 2175 ἀλη-

342 2174 510 2239 θινὸν,
546 2196 565 2228 ι
603 2180 697 2232 καὶ
730 2181 797 2235 τὰ
824 2181 951 2251 ἑξῆς
980 2199 993 2214 ·
1020 2184 1157 2239 ἀλλὰ
1192 2191 1319 2259 περὶ
1354 2192 1448 2244 τοῦ
1480 2192 1926 2260 ἁναπλασθὲντος

341 2267 437 2319 καὶ
466 2271 864 2337 φαντασθέντος
891 2276 1065 2346 αὐτῷ,
1097 2279 1349 2352 καθάπερ
1376 2284 1694 2353 ἢκηκόειτε,
1720 2287 1921 2355 φωτός.

341 2358 483 2425 Φησὶ
510 2361 618 2430 γὰρ
648 2363 706 2415 ὲν
740 2366 853 2427 τοῖς
896 2368 1105 2435 αὐτοῖς,
1142 2370 1286 2439 λόγῳ
1332 2375 1582 2448 τετάρτῳ
1606 2369 1668 2429 οῦ
1695 2379 1728 2448 ἡ
1756 2378 1921 2449 ἀρχὴν

357 2449 839 2523 ’Υποψιθυρίσας
868 2458 1081 2513 τοίνυν
1102 2461 1219 2530 τὴν
1241 2466 1327 2529 εις
1349 2466 1414 2519 τὸ
1434 2468 1590 2538 μέγα
1614 2467 1925 2537 sanie-«Ton-

343 2540 551 2610 γαροῦν
584 2543 643 2595 τὸ
676 2544 792 2613 φῶς
826 2547 1005 2601 ἐκεῖνο
1052 2551 1325 2618 σύμϐολόν
1353 2572 1413 2608 τε
1444 2561 1541 2610 καὶ
1588 2559 1703 2627 φῶς
1736 2560 1926 2631 ἀληθι-

342 2634 455 2697 νὸν,
482 2636 579 2688 καὶ
607 2638 707 2691 οὐκ
733 2640 989 2708 ἀληθινὸν
1020 2643 1232 2709 ἁπλῶς,
1258 2648 1374 2700 ἀλλ’
1406 2651 1540 2704 αὐτὸ
1580 2653 1640 2705 τὸ
1670 2654 1923 2723 ἀληθινὸν

345 2724 560 2817 ύπῆρχε
599 2730 737 2799 φῶς,
759 2732 834 2795 ὡς
870 2736 964 2787 καὶ
1012 2736 1037 2787 δ
1092 2736 1263 2806 μέγας
1296 2741 1581 2807 Βασίλειος
1611 2746 1777 2817 φησίν
1812 2763 1826 2777 ⁸
1860 2749 1922 2802 Et

340 2815 601 2884 ἀληθινὸν
647 2822 763 2889 φῶς
798 2818 866 2892 ἦν
896 2828 922 2877 δ
955 2826 1102 2891 Υἱὸς,
1154 2824 1223 2899 ἦν
1251 2831 1312 2883 τὸ
1343 2832 1459 2900 φῶς
1491 2833 1551 2887 τι
1605 2815 1863 2905 ἀληθινὸν
1894 2840 1922 2893 δ

342 2910 571 2977 φωτίζει
600 2914 780 2968 πάντα
805 2916 1094 2985 ἄνθρωπον
1114 2921 1415 2993 ὲρχάμενον
1438 2926 1519 2990 είς
1539 2928 1631 2980 τὸν
1656 2929 1881 2999 κόσμονσ
1898 2951 1915 2983 ι

340 3003 407 3071 τῇ
467 3005 689 3072 συνήθει
749 3009 851 3061 κάν
905 3010 1083 3079 τούτῳ
1121 3012 1408 3083 χρώμενος
1457 3018 1701 3091 διαϐολῇ,
1732 3021 1922 3093 ὥσπερ

343 3094 473 3159 περὶ
498 3095 593 3149 δύο
619 3098 817 3166 φώτων
846 3102 1121 3172 ἀληθινῶν
1148 3106 1240 3160 τὸν
1273 3109 1453 3177 μέγαν
1480 3111 1922 3181 διαλαμϐάνοντα

2034 615 2189 686 logus
2232 617 2377 672 dicat
2404 618 2507 689 (ﬁ):
2538 639 2555 671 ι
2589 614 2702 674 Hoc
2728 621 2781 673 in
2817 620 3248 691 iutelligibilibus
3271 633 3391 675 csse
3418 634 3612 688 supre-

2032 722 2183 761 mum
2217 709 2434 763 lumem
2475 711 2668 781 (Deum
2705 707 2935 781 scilicet)
2976 712 3152 779 «quod
3183 718 3265 766 est
3289 711 3368 765 sol
3394 711 3447 764 in
3485 726 3613 771 sen-

2031 801 2335 855 sibilibns»
2400 802 2756 857 Manifestum
2797 804 2963 872 igitur
3001 812 3105 866 est,
3141 818 3241 858 sua
3277 803 3454 871 ipsum
3488 817 3614 871 pro-

2030 894 2149 957 bra.
2178 905 2227 949 et
2260 911 2398 965 quas
2424 898 2572 952 cudit
2604 898 2995 968 blaspliemias,
3015 898 3138 951 aliis
3162 897 3433 951 tribuere.
3460 896 3614 951 lllius

2030 986 2174 1039 enim
2208 998 2581 1042 conunentum
2641 998 2744 1051 est,
2785 990 2927 1059 quod
2991 989 3172 1042 lumen
3211 987 3264 1042 in
3308 988 3608 1041 substantia

2030 1078 2349 1147 Spiritaliter
2385 1080 2655 1144 videatur,
2686 1097 2749 1136 ac
2793 1097 2970 1151 neque
3008 1082 3190 1136 dixina
3246 1086 3489 1137 essentia
3518 1085 3609 1145 sit,

2027 1183 2128 1223 nec
2153 1170 2427 1239 angelica;
2468 1171 2668 1241 quique
2690 1170 2916 1241 proinde
2958 1187 3068 1226 rem
3093 1173 3251 1233 hanc,
3280 1170 3446 1226 Deum
3474 1174 3613 1225 inter

2030 1269 2195 1327 atque
2245 1258 2535 1327 'augelnm,
2606 1262 2876 1316 statuerit.
2941 1261 3289 1317 Enimveroa
3325 1264 3613 1317 calumnia:

2025 1349 2148 1405 labe
2173 1365 2370 1420 purum
2397 1367 2519 1407 esse
2546 1352 2813 1419 sinamus,
2838 1369 2955 1421 quae
2986 1370 3072 1410 res
3103 1354 3179 1408 illi
3208 1352 3287 1410 sic
3313 1355 3518 1423 ubique
3544 1371 3608 1408 ex

2027 1448 2191 1518 genio
2220 1456 2306 1503 est
2343 1461 2408 1502 ac
2447 1456 2749 1504 consueta:
2792 1448 2905 1503 bzee
2939 1464 3069 1502 vero
3099 1450 3277 1503 solum
3309 1450 3433 1519 quis
3468 1466 3607 1503 cono

2028 1539 2233 1594 sideret
2257 1555 2379 1610 quae
2393 1540 2665 1612 superiori
2683 1541 2859 1611 capite
2878 1542 3295 1601 cdisseruimus.
3317 1542 3610 1597 calumnia:

2025 1632 2080 1686 in
2108 1632 2275 1688 Deum
2300 1632 2511 1690 deliria.
2544 1633 2703 1699 Nam,
2734 1644 2794 1690 ut
2826 1637 3061 1701 videtur,
3082 1650 3251 1689 unum
3290 1639 3393 1690 hoc
3434 1642 3605 1690 terre-

2025 1741 2155 1779 num
2208 1741 2519 1797 crassaque
2585 1728 2910 1785 substantia:
2953 1729 3171 1794 evertit,
3220 1728 3431 1803 reliqua
3482 1742 3608 1782 vero

2028 1816 2215 1872 omnia
2239 1827 2300 1874 ut
2325 1818 2542 1875 dicatur
2569 1834 2732 1876 suum
2767 1820 2902 1876 illud
2934 1819 3121 1876 lumen
3156 1820 3430 1877 concedit.

2098 2023 2175 2077 Ad
2211 2024 2325 2079 lnec
2347 2025 2423 2079 ait
2452 2024 2723 2092 Palamas,
2776 2041 2885 2080 non
2918 2027 3126 2080 dixisse
3156 2025 3512 2095 Evangelium
3539 2027 3606 2081 de

2028 2114 2138 2169 Deo
2174 2114 2393 2169 Verbo:
2436 2135 2454 2167 ι
2502 2116 2635 2171 Erat
2658 2118 2751 2171 lux
2774 2135 2892 2172 vera
2933 2119 2997 2182 ³³,
3032 2130 3085 2173 et
3134 2134 3255 2189 qua:
3273 2126 3605 2189 sequuntur.

2025 2207 2118 2261 sed
2144 2206 2211 2259 de
2239 2206 2324 2259 illa
2355 2223 2519 2277 quam
2553 2210 2816 2263 conlinxit
2843 2225 2905 2264 ac
2926 2211 3110 2265 videre
3128 2211 3431 2275 existimat,
3464 2211 3607 2267 lucc.

2025 2298 2114 2350 Ait
2136 2299 2283 2352 enim
2322 2299 2373 2351 in
2406 2298 2620 2361 iisdem.
2651 2316 2902 2355 sermone
2931 2304 3319 2371 quarto,cujus
3347 2303 3561 2356 initium
3592 2320 3605 2362 ;

2026 2387 2476 2443 Submurmurans
2496 2390 2635 2443 enim
2649 2407 2767 2461 qua:
2782 2401 2859 2445 est
2879 2393 2929 2445 in
2959 2409 3204 2461 magnum
3225 2392 3398 2446 luuten
3423 2408 3441 2446 :
3465 2413 3482 2443 ι
3496 2396 3513 2446 l
3525 2404 3573 2446 ta
3588 2424 3606 2433 -

2026 2496 2134 2550 que
2161 2482 2342 2535 lumen
2364 2482 2520 2549 illud,
2556 2492 2669 2537 tum
2704 2485 3011 2555 symbolum
3040 2495 3143 2551 est,
3181 2494 3292 2539 tum
3332 2487 3423 2540 lux
3453 2501 3602 2540 vera.

2024 2573 2134 2628 Nec
2166 2576 2364 2644 quovis
2388 2577 2551 2629 modo
2574 2576 2664 2629 lux
2695 2592 2839 2640 vera,
2879 2578 2973 2631 sed
3005 2578 3119 2646 ipsa
3156 2580 3246 2630 lux
3279 2594 3401 2632 vera
3464 2589 3604 2645 erat,

2024 2665 2273 2718 utietiam
2295 2665 2368 2718 ait
2389 2681 2616 2731 magnus
2639 2665 2898 2722 Basilius:
2929 2668 2985 2722 Si
3014 2684 3140 2721 vera
3165 2669 3250 2722 lux
3274 2669 3467 2732 Filius,
3490 2681 3607 2723 erat

2024 2756 2114 2810 lux
2140 2757 2229 2809 illa
2255 2771 2403 2821 vera,
2435 2772 2558 2827 quae
2602 2758 2873 2811 illuminat
2915 2775 3130 2813 onmem
3197 2762 3473 2815 hominem
3511 2777 3605 2814 ve—

2022 2847 2335 2901 nientemin
2362 2853 2502 2903 hunc
2538 2848 2823 2913 mundum;
2873 2867 2892 2899 ι
2944 2850 3032 2903 hic
3075 2866 3295 2919 quoque
3338 2862 3604 2905 consueta

2023 2954 2157 2993 usus
2174 2938 2469 3005 calumnia,
2496 2940 2642 2993 velut
2673 2939 2739 2993 de
2770 2939 2971 3008 duplici
3006 2941 3248 2996 locutum
3286 2942 3408 2997 luce
3445 2959 3600 3000 vera.

2023 3032 2201 3086 virum
2232 3046 2486 3109 magnum
2540 3033 2713 3103 ponit;
2765 3048 2864 3087 nec
2903 3033 3099 3102 quovis
3159 3032 3319 3087 modo
3371 3036 3601 3104 duplici.

2026 3124 2119 3179 sed
2140 3121 2213 3175 ita
2245 3128 2305 3176 ut
2330 3121 2425 3175 Dei
2462 3120 2723 3186 Verbum,
2755 3122 2841 3176 lux
2877 3122 3027 3191 prior
3052 3123 3123 3177 sit
3152 3130 3206 3177 et
3229 3124 3602 3192 particularis;

341 3185 526 3255 τίθησι
554 3202 568 3215 ·
601 3189 695 3241 καὶ
727 3192 824 3261 οὐχ
855 3193 1041 3258 ἁπλῶς
1079 3196 1190 3259 δύο,
1227 3200 1362 3254 ἀλλὰ
1392 3204 1485 3255 τὸν
1533 3204 1633 3272 μὲν
1662 3207 1756 3260 τοῦ
1786 3208 1919 3263 Θεοῦ

2025 3215 2167 3285 quod
2205 3229 2333 3269 vero
2356 3214 2445 3269 ille
2469 3215 2653 3269 lumen
2685 3215 3125 3270 comminiscitur
3158 3231 3222 3269 ac
3270 3217 3452 3271 videre
3506 3233 3608 3283 pu-

341 3278 514 3345 Λόγον
556 3282 866 3350 ἡγούμενον
899 3287 1013 3355 φῶς
1051 3290 1309 3359 ἀληθινὸν
1340 3296 1437 3348 καὶ
1489 3299 1737 3367 μερικὸν,
1774 3302 1834 3353 τὸ
1864 3303 1922 3357 δὲ

340 3373 473 3440 παρ’
501 3373 671 3427 αὐτοῦ
711 3378 1020 3443 φαντασθὲν
1067 3382 1187 3449 φῶς
1219 3384 1490 3454 ἑπόμενον
1526 3390 1621 3440 καὶ
1652 3391 1885 3446 καθόλου
1905 3410 1919 3425 ·

339 3464 540 3517 ὡσανεὶ
574 3466 785 3536 ἔλεγεν,
816 3472 876 3525 Et
932 3474 1080 3527 ἔστιν
1134 3476 1442 3544 ἄνθρωπος,
1476 3481 1595 3535 ἐστι
1636 3485 1730 3537 καὶ
1756 3485 1920 3549 ζῶον.

352 3556 516 3610 Ἀλλὰ
555 3562 778 3630 μερικὸν
811 3562 929 3631 φῶς
954 3562 1094 3618 εἶναι
1133 3569 1225 3620 τὸν
1262 3569 1467 3641 Κύριον
1511 3573 1687 3638 οὐδεὶς
1712 3592 1800 3629 πω
1828 3577 1926 3644 μὲ-

340 3665 433 3717 χρι
468 3651 562 3701 καὶ
603 3654 845 3723 τήμερον
893 3656 1117 3728 εἴρηκεν
1142 3676 1157 3689 ·
1205 3661 1634 3732 ἀπολελυμένως
1662 3667 1772 3737 γὰρ
1801 3670 1923 3721 ἑαυο

342 3740 436 3791 τὸν
464 3739 761 3810 ὀνομάσας,
791 3762 811 3797 ι
866 3745 1011 3815 Ἐγώ
1051 3749 1171 3817 είμι
1200 3751 1261 3803 τὸ
1291 3751 1428 3820 φῶς,
1468 3772 1488 3805 ι
1525 3754 1786 3825 οὐδεμίαν
1816 3775 1924 3813 πα-

343 3833 517 3903 ρῆκεν
556 3834 819 3889 ὑπόνοιαν
844 3839 956 3900 τοῖς
981 3839 1087 3893 ἀπὸ
1118 3839 1214 3893 τοῦ
1253 3845 1479 3913 μερικὸν
1516 3846 1681 3899 αὐτὸν
1732 3850 1923 3902 ύποτίυ

342 3923 531 3979 θισθαι
563 3925 679 3993 φῶς
722 3926 1065 3999 βλασφημεῖν
1099 3932 1467 4003 αἱρουμένοις.
1503 3939 1614 4007 Ούχ
1645 3938 1787 3994 οὕτω
1813 3942 1924 3996 λοι-

342 4014 445 4065 πὸν
483 4015 703 4084 νοητέον
731 4015 830 4087 τὴν
854 4017 949 4071 τοῦ
983 4019 1221 4088 μεγάλου
1257 4022 1416 4092 ῥῆσιν
1444 4040 1459 4055 ⁸
1485 4025 1604 4079 ἀλλ’
1623 4026 1741 4091 ἐνὸς
1770 4029 1921 4092 ὄντος

339 4105 435 4158 τοῦ
468 4106 647 4173 φωτὸς
683 4107 776 4161 τοῦ
806 4108 1083 4179 ἀληθινοῦ,
1133 4114 1210 4182 τῷ
1246 4114 1529 4181 ὲξισάζοντ
1612 4119 1914 4189 κεχρῆσθαι

341 4195 661 4266 συμϐαίνειν
694 4200 803 4251 τῶν
830 4201 1070 4271 τρόπων.
1130 4204 1219 4269 Ὠς
1250 4207 1316 4260 ἂν
1367 4208 1416 4260 εί
1466 4207 1675 4277 ἔλεγεν,
1706 4208 1769 4265 Et
1808 4214 1918 4285 γὰρ

338 4287 626 4358 ἄνθρωπός
660 4290 829 4357 ἐστιν,
854 4293 970 4348 ἔστι
998 4296 1094 4349 καὶ¹
1126 4295 1266 4362 ζῶον
1291 4298 1511 4368 λογικὸν
1560 4301 1754 4374 θνητόν
1780 4321 1794 4336 ·
1826 4307 1918 4359 ού·-

339 4379 431 4469 δὲν
462 4380 651 4469 ἕτερον
687 4381 975 4451 δηλοῦντος
997 4387 1093 4442 τοῦ
1128 4390 1443 4463 ἀνθρώπου,
1474 4394 1595 4449 ἀλλ’
1621 4396 1654 4469 ἢ
1685 4398 1747 4451 τὸ
1776 4398 1919 4465 ζῶον

335 4465 556 4532 λογικὸν
593 4470 808 4541 θνητόν.

415 4560 538 4614 Ἔτι
568 4560 628 4614 οὔ
658 4580 789 4633 φησι
817 4565 1083 4637 Παλαμᾶς
1108 4570 1207 4640 τὴν
1246 4571 1570 4646 ὑπερούσιον
1604 4579 1795 4635 ούσίαν
1817 4585 1914 4640 καὶ

335 4649 569 4720 δύναμιν
610 4654 703 4708 τὸν
755 4654 852 4710 ἕνα
898 4663 1332 4728 τρισυπόστατον
1364 4668 1518 4731 Θεὸν,
1544 4672 1651 4725 τῶν
1702 4677 1914 4744 ἐφετῶν

335 4738 480 4836 εῐὶιαι
506 4744 899 4836 τὸᾼάξιρότατον
919 4766 936 4782 ο
972 4752 1109 4807 ἀλλά
1140 4755 1233 4808 τὸν
1260 4757 1336 4821 ὼς
1367 4760 1482 4829 φῶς
1519 4762 1670 4836 αὐτῷ
1705 4738 1913 4835 φαντασ

337 4832 533 4885 σθέντα
558 4834 793 4904 δαίμονα
830 4838 927 4892 καὶ
964 4844 1151 4907 κακῶς
1184 4845 1278 4898 ὑπ’
1316 4848 1484 4903 αὐτοῦ
1521 4832 1913 4926 θεοποιηθέντα

334 4925 600 5019 τήμερον.
635 4929 774 5000 Φησὶ
802 4933 914 5002 γὰρ
941 4933 999 4986 ἐν
1032 4935 1173 5007 λόγῳ
1208 4939 1287 5009 τῷ
1318 4942 1487 5011 αὐτῷ,
1523 4964 1543 4998 ι
1581 4946 1643 4999 Ei
1675 4925 1785 5019 γὰρ
1819 4954 1913 5005 καὶ⁸

336 5018 453 5086 φῶς
478 5018 592 5090 ἔχει
628 5022 729 5092 τὴν
784 5025 1127 5096 ἐπωνυμίαν,
1158 5029 1296 5084 ἀλλὰ
1344 5037 1438 5086 καὶ
1485 5036 1603 5105 φῶς
1650 5018 1910 5112 ἀληθινὸν

334 5112 617 5167 καλεῖται’
656 5116 858 5187 μᾶλλον
913 5119 971 5172 δὲ
1019 5121 1151 5175 αὐτὸ
1200 5124 1261 5177 τὸ
1315 5125 1570 5196 ἀληθινὸν
1609 5131 1746 5198 φῶς,
1775 5132 1802 5185 ὃ
1831 5133 1908 5197 ὡς

336 5209 551 5280 ἱμάτιον
602 5214 630 5266 δ
683 5214 817 5278 Θεὸς
873 5217 1261 5275 ἀναϐάλλεται.
1315 5223 1425 5276 Καὶ
1474 5224 1559 5277 ἵνα
1607 5227 1708 5279 τάν
1757 5232 1909 5300 μέσῳ

331 5303 683 5376 ἀδιάρθρωτα
730 5310 826 5362 καὶ
879 5310 1205 5383 ἀσύμϐλητα
1237 5316 1418 5384 παρῶ,
1464 5336 1483 5369 ι
1522 5318 1640 5382 Φῶς
1688 5338 1706 5371 ι
1753 5323 1905 5391 φησὶ,

338 5415 358 5449 ι
394 5399 508 5460 τοῖς
538 5399 719 5465 ἁγίοις
745 5400 1043 5470 δρώμενον,
1077 5406 1174 5459 καὶ
1201 5406 1412 5470 τούτοις
1440 5410 1498 5463 ἐν
1540 5409 1838 5478 πνεύματι.
1882 5434 1901 5466 ι

330 5484 445 5543 Εἶτ’
490 5489 685 5559 ἐπάγει
713 5491 934 5545 ἐναντία
988 5495 1201 5562 πάντως
1256 5501 1462 5572 ἐαυτῷο
1506 5519 1524 5553 ι
1566 5503 1684 5568 Φῶς
1792 5506 1908 5560 ἐνε-

410 5670 460 5703 ³³
512 5670 671 5731 Joan.
698 5691 737 5743 ι,
768 5676 855 5733 19.
932 5674 981 5709 ³⁸
1005 5674 1167 5735 Joan.
1194 5696 1294 5751 xu,
1331 5679 1421 5737 46.

400 5854 477 5926 (2)
499 5854 650 5913 Orat.
676 5857 759 5914 5i.
784 5864 847 5915 ex
877 5859 1119 5915 Plutone.

2029 3316 2125 3369 tat,
2152 3322 2389 3376 sequens
2423 3322 2486 3361 ac
2527 3306 2875 3362 universalis.
2916 3308 2995 3360 Ac
3024 3306 3069 3361 si
3115 3308 3325 3362 diceret
3376 3325 3388 3361 :
3426 3306 3481 3361 Si
3522 3319 3608 3362 est

2027 3399 2207 3461 homo.
2232 3401 2395 3453 etiam
2416 3399 2617 3453 animal
2668 3408 2771 3453 est.
2807 3399 3118 3460 Enimvero.
3168 3400 3462 3456 Dominum
3517 3402 3604 3456 lu-

2024 3505 2140 3544 cem
2206 3506 2326 3545 esse
2398 3492 2809 3560 particularem,
2850 3502 3012 3544 nemo
3061 3492 3325 3547 hactenus
3391 3493 3528 3546 dixit
3584 3511 3598 3546 :

2025 3594 2149 3633 cum
2187 3594 2248 3633 se
2275 3580 2422 3633 enim
2455 3581 2569 3649 ipse
2603 3581 2854 3635 absolute
2885 3582 3249 3636 nominaverit
3293 3601 3305 3635 :
3347 3582 3458 3651 Ego
3483 3600 3605 3635 sum

2023 3668 2117 3723 tua:
2156 3669 2222 3735 ",
2253 3672 2454 3724 nullam
2492 3686 2681 3726 ausam
2712 3673 2963 3741 prmbuit,
2991 3673 3193 3742 quibus
3224 3674 3602 3743 blnsphcmalc

2024 3763 2381 3817 constitutum
2440 3766 2530 3831 sit,
2565 3773 2623 3816 ut
2666 3765 2996 3834 particulare
3053 3766 3230 3835 ipsum
3270 3767 3450 3819 lumen
3484 3767 3603 3819 exi-

2023 3854 2271 3911 stiment.
2299 3854 2407 3911 Nec
2434 3856 2548 3927 jam
2584 3860 2657 3911 ita
2715 3858 3032 3926 accipienda
3073 3860 3253 3929 magni
3284 3859 3465 3933 Basilii
3499 3876 3601 3913 au-

2021 3946 2247 4003 ctoritas
2277 3963 2341 4001 ac
2376 3949 2669 4015 sententia,
2724 3949 2819 4003 sed
2854 3965 2979 4005 cum
3023 3966 3128 4004 una
3182 3951 3255 4006 sit
3309 3951 3397 4004 lux
3447 3967 3596 4019 vera,

2021 4040 2340 4109 exaequandi
2369 4041 2530 4097 modo
2569 4057 2700 4096 usos
2728 4051 2812 4096 est
2843 4043 3203 4112 terminisque
3248 4044 3300 4097 iu
3328 4045 3468 4096 idem
3502 4061 3599 4097 va-

2022 4130 2276 4195 lentibus,
2307 4147 2372 4187 ac
2403 4133 2449 4187 si
2493 4132 2701 4188 diceret
2737 4131 2909 4188 :Nam
2950 4134 2997 4189 si
3045 4134 3206 4190 homo
3257 4146 3362 4199 est,
3414 4145 3498 4192 est
3547 4145 3604 4190 et

2021 4222 2223 4277 animal
2264 4234 2422 4280 utens
2467 4224 2700 4292 ratione,
2754 4226 3017 4291 mortale;
3068 4241 3191 4281 cum
3249 4227 3410 4283 homo
3463 4228 3603 4282 uihit

2020 4314 2168 4370 aliud
2202 4316 2490 4388 signiﬁcet,
2525 4333 2688 4389 quam
2728 4318 2934 4375 animal
2968 4319 3233 4376 rationale
3262 4322 3513 4376 mortale.

2093 4583 2361 4638 Praeterea
2395 4597 2505 4638 non
2530 4582 2662 4639 dicit
2708 4584 2981 4649 Palamas,
3003 4582 3602 4656 supersubstantiale'm

2020 4676 2383 4731 substantiam
2416 4687 2581 4745 atque
2608 4677 2889 4742 virtutem,
2924 4676 3092 4732 Deum
3123 4679 3265 4733 trine
3293 4680 3602 4733 subsisten-

2020 4776 2152 4835 tem,
2187 4783 2504 4837 supremum
2527 4768 2904 4838 appetibilium
2929 4784 3070 4834 esse,
3098 4770 3192 4824 sed
3224 4788 3385 4839 quem
3428 4772 3594 4825 lumi-

2020 4862 2106 4916 nis
2159 4860 2341 4930 spccie
2382 4869 2724 4917 commentus
2790 4870 2875 4916 est
2939 4861 3268 4925 daemonem,
3319 4873 3374 4917 et
3433 4881 3594 4933 qtmn

2022 4953 2165 5008 male
2195 4954 2355 5008 hodie
2387 4954 2552 5008 Deum
2586 4954 2950 5008 consecravit.
2987 4954 3076 5007 Ait
3098 4956 3243 5008 enim
3277 4954 3331 5009 in
3392 4957 3587 5011 eodem

1990 5063 2272 5102 sermone
2306 5064 2320 5102 :
2360 5068 2375 5099 ι
2410 5037 2736 5117 Quanquam
2772 5048 2914 5102 enim
2947 5049 3130 5103 ltunen
3169 5049 3593 5119 appellatioumn

2016 5140 2198 5207 liabet,
2234 5156 2417 5195 verum
2449 5143 2541 5195 lux
2579 5158 2796 5212 quoque
2828 5158 2950 5195 vera
3008 5156 3381 5213 nuncupatur.
3420 5143 3595 5209 Quin-

2014 5232 2126 5286 imo
2156 5232 2273 5302 ipsa
2305 5236 2390 5286 lux
2422 5248 2576 5300 vera,
2603 5249 2767 5304 quam
2801 5233 2948 5290 Deus
2992 5234 3170 5289 induit
3229 5237 3376 5290 sicut
3424 5236 3591 5288 vesti-
3655 5262 3658 5266 ~

2015 5335 2284 5379 mentum.
2322 5345 2339 5377 ι
2380 5326 2444 5380 Ει
2499 5335 2560 5381 ut
2592 5326 2877 5397 interjccta
2922 5329 3240 5384 indistincta
3306 5327 3592 5393 incompa-

2014 5430 2213 5488 Ctaque
2234 5419 2482 5474 omittam
2509 5438 2523 5474 :
2555 5439 2575 5472 ι
2627 5420 2863 5491 Lumen,
2892 5422 3091 5491 inquit,
3122 5420 3264 5490 quod
3302 5435 3334 5473 a
3384 5421 3591 5472 sanctis

2016 5510 2254 5579 videtur,
2290 5510 2463 5582 iisque
2492 5514 2546 5569 iu
2577 5504 2797 5585 spiritu.
2835 5532 2855 5566 ι
2901 5512 3108 5568 Deinde
3138 5509 3441 5582 subiungit.
3464 5527 3587 5581 qua!
