4056 6266
363 365 469 429 695
1539 375 1862 439 ΙΟΑΝΝΙΞ
1900 382 1931 439 (ζ

2034 382 2456 475 ‘ARISSiOT/E
3497 376 3609 444 696

362 482 440 537 illi
471 479 699 538 omnino
719 483 990 540 contraria
1015 485 1125 540 sint
1159 502 1173 540 :
1209 505 1227 537 ι
1258 486 1487 554 Lumen,
1526 490 1580 544 in
1611 492 1757 558 quod
1813 492 1928 546 Au-

2034 493 2229 563 ρείδειν
2281 496 2332 548 οί
2381 495 2604 561 ἄγγελοι
2639 496 2700 549 τὸ
2747 496 2904 567 ὄμμα
2940 497 3003 550 οὗ
3061 493 3338 549 σθένουσιο
3375 495 3515 564 φῶς,
3570 496 3605 551 ὃ

365 572 465 640 geli
503 573 675 628 aciem
716 574 948 643 deﬁgere
996 589 1104 627 non
1141 583 1370 642 possunt
1439 593 1457 632 :
1539 578 1723 635 lumen
1784 585 1930 652 quod

365 664 592 720 laudant
619 665 819 735 angeli,
855 684 874 717 ι
912 680 1023 735 quo
1078 667 1258 722 omnis
1319 668 1628 725 ctelestium
1669 672 1933 741 spiritalis

364 764 588 810 ornatus
639 755 865 824 spiritali
925 757 1151 825 epulatis
1216 760 1449 826 ratione,
1513 762 1673 818 Verbi
1724 766 1777 820 in
1832 780 1932 821 nos

366 846 809 914 prOpeosissitnai
857 847 1206 917 benignitatis
1236 866 1301 906 ac
1360 852 1689 918 clementitr,
1758 857 1933 911 matti-

368 935 726 992 festissimum
759 950 1138 1007 argutnentuxn
1171 942 1390 1010 pra'bel.
1436 961 1455 995 ι
1483 944 1561 998 Ac
1588 961 1780 1004 rursus
1809 956 1934 1015 post

371 1028 536 1081 multa
560 1028 742 1084 divina
772 1030 989 1085 nomina
1017 1050 1030 1085 :
1072 1049 1089 1083 ι
1116 1030 1347 1097 Lumen,
1404 1034 1601 1105 inquit,
1631 1052 1741 1108 quo
1792 1037 1934 1096 Deus

367 1131 494 1171 vere
514 1118 773 1174 cernitur.
814 1138 833 1173 ι
1114 1184 1123 1195 _

442 1206 787 1264 Manifestum
826 1210 991 1280 igitur
1023 1220 1106 1267 est
1134 1214 1228 1283 qui
1259 1214 1475 1271 funesto
1509 1217 1784 1288 impioqne
1804 1233 1935 1274 con-

364 1296 486 1352 silio
521 1308 717 1354 cuncta
763 1302 1013 1368 misceat,
1065 1304 1150 1360 his
1203 1308 1419 1375 quidem
1469 1310 1562 1379 qui
1619 1311 1812 1365 eodem
1871 1325 1935 1366 ac

365 1389 453 1443 ille
484 1399 713 1458 agantur
761 1390 969 1459 furore,
1017 1395 1198 1451 dicere
1255 1398 1422 1455 Dettm
1460 1415 1585 1456 vere
1636 1402 1830 1467 videri,
1882 1404 1932 1457 id

360 1489 467 1545 est,
502 1481 841 1546 phantasiam
887 1484 1030 1540 hanc
1088 1503 1185 1543 nec
1210 1505 1335 1543 vere
1383 1491 1658 1546 exsistens
1715 1495 1931 1562 lumen;

362 1573 582 1641 angelos
607 1590 755 1642 vero,
780 1592 879 1633 nec
911 1580 1081 1635 aciem
1142 1581 1195 1634 in
1227 1582 1403 1651 ipsum
1457 1582 1691 1653 deﬁgere
1742 1585 1934 1656 digna—

363 1676 469 1723 tur.
499 1666 882 1741 Hactennsque
951 1690 1014 1728 es
1048 1674 1136 1730 his
1196 1677 1427 1746 aliisque
1484 1693 1514 1731 a
1572 1693 1657 1732 me
1712 1678 1934 1734 cuttissis

2034 584 2353 651 δοξάζουσιν
2382 585 2609 655 ἄγγελοι
2652 602 2667 618 ο
2702 581 2748 654 ᾧ
2801 588 2953 641 πᾶσα
2979 586 3094 639 τῶν
3144 586 3532 658 ὐπερκοσμίων
3565 590 3603 659 η

2034 676 2201 746 νοητὴ
2261 676 2629 758 διακόσμησις
2689 678 2871 742 ἀΰλως
2923 677 3261 747 ἑστιωμένῃ,
3301 677 3607 750 τεκμήριον

2034 766 2432 838 ἐναργέστατον
2464 770 2674 824 τίθεται
2703 768 2804 841 τῆς
2832 771 2961 841 περὶ
2988 771 3136 839 ἡμᾶς
3164 766 3263 823 τοῦ
3295 768 3471 837 Λόγου
3515 785 3607 837 φια-

2033 861 2407 931 λανθρωπίας.
2447 881 2468 916 s
2501 862 2613 917 Kal.
2640 862 2807 916 πάλιν
2848 861 2991 931 μετά
3024 860 3233 924 πολλὰς
3269 860 3370 923 τὰς
3396 859 3606 915 Osi-ivu-

2036 949 2188 1027 μίας,
2219 969 2239 1004 ι
2282 950 2425 1018 Φῶς,
2464 970 2483 1004 ι
2524 951 2679 1022 φησι,
2713 970 2733 1003 ι
2769 950 2839 1006 δι’
2868 944 2931 1006 οὗ
2959 950 3102 1006 κατὰ
3126 950 3389 1021 ἀλήθειαν
3415 950 3445 1003 ό
3471 948 3608 1013 Θεὸς

2032 1042 2247 1112 ὁρᾶται.
2286 1059 2306 1094 ›

2103 1225 2344 1295 Φανερὸν
2401 1220 2497 1280 οὖν
2546 1226 2629 1280 ὅτι
2674 1215 2881 1290 σκαιῶς
2921 1224 3019 1280 καὶ
3068 1223 3252 1286 ἀθέως
3301 1219 3374 1276 τὰ
3428 1219 3607 1275 πάντα

2038 1317 2303 1389 μιγνύων,
2334 1319 2450 1378 τοῖς
2482 1317 2584 1374 μὶν
2615 1316 2737 1371 κατ’
2786 1314 2953 1372 αὑτὸν
3007 1313 3342 1385 δαιμονῶσιν
3372 1310 3609 1384 ὁρᾶσθαί

2036 1427 2172 1481 φησι
2198 1411 2340 1464 κατά
2373 1409 2639 1480 ἀλήθειαν
2667 1409 2761 1462 τὸν
2783 1407 2939 1471 Θεὸν,
2971 1406 3149 1461 εῐτουν
3171 1405 3272 1475 τὴν
3308 1402 3609 1473 φαντασίαν

2035 1503 2241 1574 ταύτην
2292 1502 2393 1572 τὴν
2442 1502 2821 1556 ἀνυπόστατον
2848 1517 2864 1533 σ
2913 1501 3039 1563 τοὺς
3086 1499 3142 1552 δὲ
3192 1498 3464 1566 ἀγγέλους
3502 1497 3639 1551 οὒκ-

2035 1593 2181 1659 ἀξιοτ
2206 1590 2343 1662 πρὸς
2366 1592 2532 1645 αὐτὸν
2556 1591 2848 1660 ἐνερείδειν
2878 1587 3141 1644 δύνασθαι
3162 1588 3223 1641 τὸ
3254 1587 3430 1657 ὄμμα.
3457 1586 3610 1650 Τέως
3682 1584 3695 1593 “

2036 1685 2079 1738 δ’
2107 1686 2172 1738 ἐκ
2200 1684 2412 1739 τούτων
2444 1701 2505 1737 τε
2535 1684 2633 1737 καὶ
2680 1682 2791 1736 τῶν
2824 1682 3023 1746 ἄλλων,
3055 1680 3091 1735 ἀ
3123 1680 3211 1735 διά
3240 1679 3340 1749 τὴν
3376 1678 3608 1734 ἐνοῦσαν

312 1782 321 1787 κ
362 1776 473 1824 prae
495 1751 649 1815 tanta
675 1764 750 1819 rei
790 1764 1052 1822 {utilitate
1080 1783 1143 1822 ac
1178 1768 1405 1838 ineptia,
1462 1785 1780 1838 supremum
1842 1769 1931 1826 de«

2042 1776 2269 1846 παρῆκα
2301 1772 2666 1845 βωμολοχίαν,
2696 1774 2803 1826 τῶν
2838 1771 3047 1840 ἐφετῶν
3082 1771 3142 1823 τὸ
3169 1772 3475 1839 ἀκρότατον
3502 1769 3607 1839 τὴν

363 1854 408 1908 si
432 1855 737 1911 ferabilium
808 1860 1029 1929 impiam
1099 1860 1401 1930 phantasia;
1455 1877 1568 1917 sua:
1602 1865 1934 1918 cmotionem

362 1963 715 2018 erroremque
746 1961 922 2006 vocat.

439 2037 705 2095 Prmterea
750 2058 856 2095 non
898 2043 1032 2098 dicit
1081 2041 1333 2099 Palamas
1391 2045 1755 2116 evangelicam
1814 2060 1937 2099 sen—

363 2130 587 2185 tentiatu
629 2150 642 2184 :
674 2153 690 2184 ι
721 2134 898 2188 Deum
927 2150 1087 2191 nemo
1117 2136 1249 2190 vidit
1284 2153 1522 2206 unquam
1548 2138 1615 2203 ³⁵,
1643 2156 1661 2189 ι
1702 2152 1766 2192 ac
1790 2138 1936 2206 Apo-

363 2222 607 2277 stol’cam
641 2244 658 2276 :
698 2244 717 2277 ι
763 2225 933 2295 Quem
988 2227 1170 2282 nullus
1226 2229 1504 2281 hominum
1553 2220 1707 2292 vidit,
1759 2244 1936 2298 neque

361 2312 545 2368 videre
573 2316 837 2384 potest“,
885 2335 904 2367 ι
946 2317 1240 2372 universim
1291 2318 1381 2373 Dei
1412 2319 1675 2374 visionem
1714 2336 1931 2390 negare,

261 2389 265 2393 ’
364 2404 459 2457 sed
501 2406 646 2473 quod
686 2407 754 2461 ita
789 2402 1013 2469 dicitur.
1041 2424 1228 2463 verum
1258 2411 1480 2481 exponit
1531 2413 1598 2467 de
1650 2389 1931 2480 essentia;

363 2497 429 2550 de
461 2497 701 2567 cegitato
745 2509 921 2552 autem
985 2500 1085 2569 ipsi
1131 2501 1359 2568 lumine,
1421 2517 1543 2558 eum
1592 2520 1685 2559 sus
1760 2505 1934 2574 deque

366 2588 534 2642 Deum
571 2589 920 2655 conﬁteatur,
957 2593 1415 2663 congenitamqtte
1478 2603 1532 2649 et
1594 2595 1828 2650 nativam
1881 2606 1935 2650 et

362 2679 780 2735 substantiaiem
806 2678 896 2735 Dei
936 2683 1192 2736 virtutem
1235 2692 1290 2737 et
1314 2684 1690 2752 operationem
1752 2686 1930 2753 ipsum

361 2770 655 2835 aliirmans,
680 2784 838 2844 negat
869 2775 1293 2847 comprehendi;
1331 2777 1541 2830 tametsi
1574 2777 1717 2846 quod
1766 2776 1931 2832 Deum

360 2864 640 2921 indeliuite
666 2867 823 2929 dixit,
852 2866 1211 2938 adiunxitque
1257 2869 1576 2937 particulam
1624 2880 1929 2938 negantem,

364 2977 383 3009 ι
428 2974 610 3023 nemo,
658 2978 676 3011 ι
708 2959 790 3014 vel
848 2964 893 3015 si
915 2960 1053 3016 alius
1083 2970 1231 3047 esset
1267 2959 1405 3015 Deus
1448 2961 1724 3015 Palamico
1767 2976 1931 3016 sensu

359 3059 522 3119 atque
551 3061 883 3113 commento,
915 3068 977 3107 ea
1020 3053 1309 3124 negatione
1339 3067 1403 3107 ac
1452 3054 1722 3109 sententia
1782 3068 1931 3109 com-

361 3139 806 3208 prehenderetur.

962 3253 1191 3311 CAPUT
1229 3253 1316 3310 Vi.

360 3366 639 3440 Quirinalia
666 3383 732 3421 ea:
757 3368 946 3440 talium
974 3384 1272 3422 sermonum
1295 3370 1684 3440 aggregatione.
1715 3372 1760 3425 is
1782 3386 1936 3439 quem

433 3434 682 3491 Pulamas
713 3439 1143 3496 comminiscitur.
1165 3434 1588 3506 ipsum'iton'rere
1607 3434 1936 3496 exsistritteitt

430 3524 494 3559 ac
535 3509 837 3561 substantia
889 3508 1076 3570 Deum,
1111 3508 1333 3563 Creator
1387 3523 1638 3577 appareat
1708 3511 1935 3565 arbiter-

430 3592 529 3646 qne
565 3580 735 3633 omnis
766 3587 1046 3644 creatum,
1076 3595 1138 3632 ac
1167 3582 1334 3635 omnis
1365 3581 1631 3634 beatitatis
1663 3583 1807 3651 ﬁnis.

429 3690 575 3747 Penc
607 3691 679 3748 ita
711 3690 984 3746 Palazniea
1018 3695 1197 3749 omnis
1237 3696 1541 3763 nttgaritas,
1578 3698 1777 3753 talibus
1837 3714 1934 3756 sus

356 3784 531 3853 deque
556 3785 954 3854 comprehensa
987 3794 1070 3840 est
1092 3785 1447 3852 vanitatibus,
1480 3798 1641 3858 atque
1693 3789 1778 3845 his
1813 3789 1933 3842 lon-

356 3890 423 3944 ge
481 3875 869 3931 deterioribus.
906 3875 973 3931 Ut
1026 3893 1154 3947 ergo
1206 3880 1557 3944 rcsumendo,
1615 3881 1934 3950 atque—hac

358 3980 575 4035 quoque
610 3975 763 4034 parte
789 3967 1021 4035 repetito
1051 3965 1263 4021 calculo
1292 3967 1619 4037 colligendo.
1648 3969 1771 4024 novi
1837 3970 1933 4024 Dei

355 4057 770 4128 productionem
803 4057 1313 4128 apparitionemque
1342 4060 1775 4124 consideremus,
1820 4066 1934 4133 pri-

360 4164 507 4202 tuum
536 4150 779 4218 quidem,
813 4148 933 4217 ejus
973 4158 1088 4201 tum
1117 4156 1301 4202 ortum
1345 4149 1748 4218 complectitur,
1813 4160 1929 4207 tum

357 4240 777 4306 commercium,
810 4255 932 4294 cum
982 4238 1066 4294 his
1114 4239 1206 4309 qui
1273 4239 1458 4293 vident
1513 4241 1737 4310 ipsum;
1804 4243 1932 4298 item

357 4331 596 4385 rationes
623 4332 874 4399 quisnam
920 4331 1136 4385 tandem
1162 4329 1407 4393 exsistat,
1428 4332 1683 4402 quodque
1707 4348 1815 4388 non
1833 4350 1933 4389 se-

359 4432 547 4495 parata
574 4422 643 4476 ab
673 4438 737 4475 eo
767 4422 992 4486 deitate,
1026 4422 1142 4491 ipse
1173 4431 1254 4477 est
1282 4425 1465 4478 omnia
1503 4434 1557 4479 et
1583 4427 1634 4479 in
1665 4424 1783 4495 ipso
1802 4438 1932 4485 sunt

356 4517 565 4582 munia,
591 4518 813 4583 ipseque
826 4514 972 4585 prior
992 4516 1337 4572 omnibusest
1363 4535 1377 4571 :
1403 4528 1622 4589 prOpter
1638 4534 1730 4574 eos
1751 4530 1931 4576 tamen

358 4610 451 4677 qui
486 4608 538 4660 in
572 4607 809 4663 tenebris
844 4607 1043 4662 lnclusi
1076 4617 1202 4663 sunt
1230 4608 1608 4680 aspirantque,
1670 4621 1836 4681 atque
1858 4614 1927 4669 ad

342 4696 681 4765 ~umbilicum
745 4696 991 4752 innixam
1062 4714 1254 4767 genam
1328 4699 1643 4756 inferiorem
1705 4703 1927 4769 habent,

358 4790 723 4860 inqueipsum
761 4788 987 4843 itntuote
1042 4788 1330 4845 intendunt
1388 4791 1637 4855 oculum,
1695 4793 1930 4850 visibilis

355 4880 1001 4942 ciiieiatur.Secun:lutn,
1060 4880 1507 4937 tnanifcstissime
1539 4894 1593 4939 et
1656 4886 1748 4955 qui
1811 4903 1929 4942 cre-

355 4973 538 5038 datur,
573 4970 740 5025 Deum
790 4971 934 5025 hunc
982 4986 1106 5025 esse
1165 4972 1377 5040 probat.
1439 4970 1716 5036 Tertium,
1761 4975 1923 5029 etiam

354 5081 478 5120 eum
528 5079 652 5119 vere
702 5061 871 5116 videri
925 5063 1101 5117 docet.
1166 5063 1457 5128 Quartum,
1511 5065 1657 5119 hunc
1708 5081 1929 5137 quoque

361 5157 527 5211 Deum
553 5172 676 5212 esse
708 5156 798 5226 qtti
826 5156 1084 5211 rmnibus
1112 5157 1354 5221 uniatur,
1388 5161 1607 5214 astruit.
1639 5158 1925 5226 Quintum.

354 5248 517 5302 etiam
568 5245 735 5315 hujus
796 5261 977 5300 rerum
1029 5248 1397 5301 universitatis
1451 5259 1727 5305 auctorem
1799 5268 1925 5307 eum

355 5339 693 5408 pronuntiat.
727 5337 979 5408 Sextum,
1007 5340 1194 5393 mundi
1224 5341 1342 5409 ejus
1399 5342 1493 5410 qui
1525 5356 1705 5397 mente
1771 5345 1926 5399 intel-

357 5432 544 5504 ligitur
573 5441 625 5487 et
656 5433 747 5500 qui
787 5447 950 5487 sensu
982 5432 1299 5502 percipitur,
1334 5435 1515 5488 lumen
1557 5452 1678 5491 esse
1735 5454 1928 5507 supre-

358 5536 505 5576 mum
561 5530 615 5578 et
670 5523 1036 5585 inaccessum,
1088 5523 1276 5577 tradit.
1329 5525 1659 5593 Septimum,
1728 5529 1927 5583 nedum

360 5612 510 5666 illum
536 5628 852 5683 supremum
890 5614 1099 5678 lumen,
1138 5614 1232 5670 sed
1262 5624 1317 5671 et
1379 5632 1565 5671 verum
1622 5621 1926 5677 contendit.

434 5788 476 5817 "
522 5786 674 5841 J-tan.
710 5803 749 5855 ι,
786 5790 872 5843 18.
951 5791 993 5823 ³⁵
1021 5788 1041 5843 Ι
1067 5789 1207 5846 'l‘im.
1233 5806 1305 5859 Vl,
1339 5791 1425 5850 16.

1960 3104 2010 3167 G

2038 1864 2197 1918 ἄθεον
2232 1862 2333 1931 τῆς
2361 1860 2670 1932 φαντασίας
2705 1860 2871 1915 αὐτοῦ
2916 1860 3283 1932 παρατροπὴν
3324 1859 3421 1913 καὶ
3470 1858 3610 1912 πλά-

2037 1971 2136 2023 νην
2163 1952 2447 2006 ἀποκαλεῖ.

2110 2041 2236 2095 Ἔτι
2263 2040 2324 2094 οῦ
2362 2058 2495 2111 φησι
2525 2040 2793 2112 Παλαμᾶς
2838 2041 2937 2109 τὴν
2986 2037 3356 2107 εὖαγγελικὴν
3390 2036 3609 2105 ἀπόφα-

2039 2153 2123 2188 σιν
2151 2134 2270 2205 τὴν,
2310 2154 2328 2187 ι
2373 2133 2504 2187 Θεὸν
2540 2133 2717 2198 οὐδεὶς
2756 2132 2967 2205 ἑώρακε
2992 2131 3233 2195 πώποτε,
3269 2148 3288 2182 ι
3321 2131 3609 2199 λέγουσαν,

2036 2230 2130 2282 καὶ
2166 2228 2263 2299 τὴν
2289 2227 2681 2296 ἀποστολικὴν,
2720 2245 2739 2279 ι
2784 2227 2883 2279 ’ον
2927 2219 3070 2279 εἶδεν
3097 2224 3295 2289 οὐδεὶς,
3328 2224 3449 2278 οὐδὲ
3476 2223 3610 2277 ίδεϊν

2036 2321 2281 2383 δύναται,
2314 2339 2334 2372 ι
2366 2317 2596 2372 καθόλου
2625 2318 2723 2388 τὴν
2765 2316 2858 2370 τοῦ
2901 2315 3037 2370 Θεοῦ
3079 2316 3272 2386 ὅρασιν
3298 2315 3611 2385 ἀποτρέπε-

2038 2412 2196 2464 σθαι·
2241 2411 2376 2465 ἀλλὰ
2414 2410 2545 2480 περὶ⁵
2600 2412 2699 2478 μὲν
2754 2410 2852 2478 τῆς
2889 2409 3042 2472 θείας
3075 2407 3261 2470 οὐσίας
3309 2405 3482 2475 ἀληθῆ
3516 2406 3611 2459 τὸν

2034 2504 2192 2572 λόγον
2227 2500 2594 2571 ἐκλαμϐάνει·
2632 2503 2762 2570 περὶ
2796 2499 2853 2552 δὲ
2888 2498 2982 2551 τοῦ
3016 2496 3414 2567 φαντασθέντος
3460 2493 3612 2566 αὖτῷ

2035 2595 2233 2666 φωτὸς,
2269 2593 2401 2647 Θεὸν
2428 2591 2542 2646 ἀνω
2572 2610 2632 2645 τε
2669 2594 2767 2645 καὶ
2796 2593 2949 2645 κάτω
2996 2589 3363 2660 ἀνομολογῶν,
3391 2589 3485 2644 καὶ
3509 2590 3613 2660 τὴν

2033 2690 2275 2758 ἔμφυτον
2317 2688 2407 2740 καὶ
2437 2685 2673 2755 φυσικὴν
2712 2685 2805 2736 καὶ
2828 2683 3059 2753 οὐσιὼδη
3090 2681 3323 2752 δύναμιν
3346 2684 3437 2735 καὶ
3460 2681 3615 2752 ὲνέρτ

2034 2796 2189 2848 γειαν
2219 2778 2312 2831 τοῦ
2356 2775 2493 2830 Θεοῦ
2530 2776 2722 2829 τοῦτον
2748 2769 2889 2828 εἶναι
2921 2774 3350 2843 διατεινόμενος,
3381 2770 3443 2827 οῦ
3474 2789 3611 2843 φησι

2035 2868 2489 2941 περιλαμϐάνειν.
2552 2866 2747 2922 Καίτοι
2806 2884 2871 2937 γε
2924 2867 3057 2920 Θεὸν
3100 2865 3368 2936 ἀορίστως
3412 2863 3612 2933 ειποζιν,

2034 2963 2131 3018 καὶ
2160 2961 2220 3015 τὸ
2260 2959 2462 3028 οὐδεὶς
2495 2960 2813 3028 ἐπαγαγὼν,
2844 2959 2962 3028 εἴγε
2995 2960 3089 3012 καὶ
3132 2958 3321 3026 ἔτερος
3367 2956 3503 3019 Θεὸς
3539 2952 3615 3027 ἦν

2036 3056 2177 3110 κατά
2211 3054 2302 3110 τὸν
2355 3053 2640 3123 Παλαμᾶν,
2670 3051 3133 3124 περιειλημμένος
3177 3045 3247 3121 ἦν
3278 3052 3347 3135 τῇ
3399 3051 3617 3119 ἀποφά-

2040 3166 2145 3205 σει.

2623 3255 2875 3311 ΚΕΦΔΔ.
2928 3257 3020 3323 ς’.

2040 3368 2228 3434 Ὅπως
2255 3368 2323 3422 ἐκ
2348 3371 2460 3435 τῆς
2483 3368 2941 3437 ἐπισυναγωγῆς
2961 3368 3083 3422 τῶν
3105 3368 3393 3423 τοιούτων
3408 3367 3615 3435 λότωγ

2109 3440 2142 3494 ὁ
2174 3439 2252 3504 τῷ
2282 3437 2535 3510 Παλαμᾷ
2577 3438 2939 3510 panacea;
2974 3438 3276 3510 drodatoc
3315 3437 3613 3510 Gedeon-

2104 3511 2392 3579 μιουργὸς
2447 3508 2545 3579 καὶ
2598 3508 2907 3579 διοικητὴς
2953 3508 3352 3577 ἀναφαίνεται
3402 3508 3617 3575 ,πάσης

2110 3578 2385 3645 κτίσεως,
2419 3578 2520 3631 καὶ
2544 3579 2717 3645 τέλος
2750 3578 2957 3647 πάσης
2987 3579 3452 3648 μακαριότητος.

2109 3692 2305 3763 Σχεδὸν
2346 3692 2446 3762 μὲν
2485 3687 2579 3746 οὖν
2608 3693 2757 3746 πᾶσα
2791 3690 3086 3762 Παλαμικὴ
3114 3687 3615 3763 τερατεία,τοσαὺ-

2037 3801 2158 3844 ταις
2222 3784 2336 3838 ἄνω
2395 3772 2490 3837 καὶ
2546 3783 2698 3838 κάτω
2748 3782 3055 3848 διείληπται
3104 3780 3454 3852 ματαιότησι,
3515 3781 3616 3832 καὶ

2036 3874 2218 3946 πολλῷ
2246 3873 2451 3928 τούτων
2482 3875 2742 3944 χείροσιν.
2773 3873 2871 3928 Ἵν’
2905 3871 3001 3927 οὖν
3032 3872 3396 3933 ἀναλαϐόντες
3446 3886 3615 3924 κατο·

2036 3966 2384 4037 πτεύσωμεν,
2432 3964 2865 4035 ὲπιλογιζόμενοι
2912 3966 3007 4018 καὶ
3053 3965 3194 4017 κατά
3225 3962 3383 4016 τοῦτο
3413 3962 3474 4014 τὸ
3508 3961 3613 4029 μὲ-

2039 4076 2152 4131 ρος,
2186 4058 2285 4129 τὴν
2314 4057 2411 4111 τοῦ
2444 4060 2566 4110 νέου
2599 4056 2735 4110 Θεοῦ
2763 4055 3096 4126 προαγωγὴν
3131 4056 3223 4109 καὶ
3262 4054 3610 4122 ἐπιφάνειαν,

2034 4151 2095 4205 τὸ
2128 4149 2227 4218 μὲν
2258 4149 2476 4218 πρῶτον
2524 4149 2760 4220 περιέχει
2794 4147 3007 4216 γένεσίν
3039 4164 3096 4199 τε
3129 4145 3340 4212 τούτου,
3372 4144 3465 4199 καὶ
3493 4160 3615 4197 κοι-

2035 4244 2233 4297 νωνίαν
2263 4241 2399 4314 μετά
2426 4241 2536 4295 τῶν
2557 4240 2807 4310 ὁρώντων
2833 4238 2996 4293 αὐτόν
3018 4253 3032 4268 °
3063 4237 3158 4292 xui.
3181 4237 3395 4305 λόγους,
3423 4236 3612 4295 ὁποῖός

2034 4352 2121 4400 τις
2152 4335 2228 4389 ὢν
2257 4334 2536 4404 τυγχάνει,
2568 4333 2665 4385 κα)⁸
2693 4332 2775 4385 ὃτι
2813 4329 2885 4400 μὴ
2910 4328 3288 4400 χωριζομένης
3315 4324 3481 4380 αὐτοῦ
3508 4324 3611 4394 τῆς

1964 4459 2007 4514 D
2037 4427 2290 4498 θεότητος
2328 4425 2489 4489 αὑτός
2540 4427 2658 4477 ἐστι
2709 4422 2778 4476 τὰ
2836 4422 3036 4486 πάντα,
3084 4421 3181 4474 καὶ
3239 4421 3297 4472 ὲν
3344 4416 3613 4514 αὐτῷ-τὰ

2041 4522 2240 4583 πάντα,
2271 4518 2369 4573 καὶ
2418 4517 2526 4587 πρὸ
2575 4517 2791 4569 πάντων
2830 4515 2991 4577 αὗτός
3023 4527 3038 4543 ⁸
3068 4511 3206 4566 ἀλλὰ
3233 4511 3326 4564 διὰ
3352 4509 3478 4573 τοὺς
3513 4508 3611 4576 ἔγ-

2036 4609 2387 4680 κλειομένους
2428 4608 2504 4679 τῷ
2540 4609 2743 4673 σκότει,
2780 4606 2873 4658 καὶ
2921 4605 3294 4668 είσπνέοντας,
3326 4598 3422 4654 καὶ
3473 4598 3611 4685 πρὸς

2033 4698 2113 4769 τῷ
2144 4695 2377 4768 ὀμφαλῷ
2413 4695 2515 4766 τὴν
2552 4696 2705 4749 κάτω
2739 4694 2897 4761 γένυν
2928 4692 3329 4765 ἐρηρεισμένην
3359 4688 3610 4759 ἔχοντας,

2033 4791 2128 4845 καὶ
2176 4790 2313 4858 πρὸς
2345 4787 2510 4842 αὐτὸν
2544 4789 2637 4840 τὸν
2685 4786 2964 4858 ὀφθαλμὸν
3018 4783 3257 4845 ἀκλινῶς
3305 4782 3608 4842 τείνοντας,

2030 4880 2227 4950 ὁρατὸς
2260 4880 2569 4949 γινόμενος.
2594 4878 2666 4931 Τὸ
2707 4878 2763 4932 δὲ
2792 4879 3069 4949 δεύτερον,
3119 4874 3483 4946 ἀριδηλότατα
3512 4869 3610 4924 καὶ

2036 4973 2428 5036 πιστευόμενον
2468 4967 2611 5027 εἶναι
2666 4972 2856 5028 τοῦτον
2899 4970 3033 5025 Θεὸν
3083 4969 3403 5039 παρίστησι.
3448 4964 3521 5017 Τὸ
3546 4962 3609 5017 δὲ

2037 5066 2245 5136 τρίτον,
2280 5067 2375 5117 καὶ
2406 5065 2607 5136 κυρίως
2633 5065 2796 5118 αὐτὸν
2826 5061 3058 5134 ὁρᾶσθαι
3087 5058 3427 5128 δογματίζει.
3451 5055 3524 5109 Τὸ
3548 5053 3610 5107 δὲ

2038 5158 2321 5228 τέταρτον,
2358 5156 2456 5210 καὶ
2509 5154 2698 5210 τοῦτον
2757 5150 2899 5207 εἶναι
2947 5154 3039 5205 τὸν
3090 5149 3384 5219 ἑνούμενον
3436 5146 3612 5200 ἀπασι

2038 5251 2170 5304 Θεὸν
2201 5235 2563 5314 διασκευάζειξ
2625 5249 2699 5301 Τὸ
2738 5247 2795 5301 δὲ
2843 5246 3117 5316 πέμπτον,
3148 5244 3244 5298 καὶ
3274 5240 3612 5313 δημιουργὸν

2034 5343 2188 5396 τοῦδε
2216 5342 2311 5399 τοῦ
2335 5342 2540 5406 παντὸς
2565 5339 2951 5409 ἀποφαίνεται.
2978 5336 3052 5389 Τὸ
3080 5335 3135 5389 δὲ
3162 5335 3339 5395 ἕκτον,
3366 5329 3460 5384 τοῦ
3483 5345 3610 5400 νοη-

2034 5436 2132 5491 τοῦ
2162 5435 2461 5505 διακόσμου
2497 5433 2591 5486 καὶ
2620 5430 2715 5486 τοῦ
2746 5427 3006 5499 αἰσθητοῦ
3042 5427 3157 5496 φῶς
3191 5422 3330 5479 εῖναι
3359 5423 3518 5476 τοῦτο
3544 5420 3611 5474 τὸ

2037 5530 2342 5599 ἀκρότατον
2374 5527 2468 5581 καὶ
2494 5525 2794 5595 ἀπρόσιτον
2826 5522 3137 5590 ὑποτίθησι.
3162 5519 3238 5572 Τὸ
3265 5518 3321 5571 δὲ
3350 5514 3607 5584 ἒόδομον,

2037 5623 2099 5677 οὗ
2134 5621 2295 5692 μόνον
2332 5621 2392 5676 τὸ
2419 5619 2721 5690 ἀκρότατον
2748 5616 2909 5673 αὑτὸν
2934 5609 3074 5669 εἶναι
3104 5612 3242 5685 φῶς,
3264 5607 3401 5665 ἀλλά
3425 5605 3610 5665 καὶτὸ
