4056 6266
461 357 567 420 6θῖ

455 465 716 532 ἀληθινὸν
768 469 1116 530 διατείνεται.
1151 477 1224 531 Τὸ
1257 480 1312 533 δὲ
1356 482 1544 552 ὃγδοον
1595 488 1733 556 πρὸς

453 557 516 610 τὸ
548 558 854 652 ἀκρότατον
883 563 992 617 τῶν
1035 568 1245 635 ἐφετῶν
1289 573 1382 626 καὶ
1413 575 1594 629 πᾶσαν
1632 579 1733 648 τὴν
1764 582 2039 652 μακαριό-

455 667 597 718 τητα
629 651 725 706 τὸν
749 655 992 711 τοιοῦτον
1019 653 1160 716 εἶναι
1187 661 1321 716 Θεὸν
1352 668 1660 740 ἐπισχυροϊ.

529 744 678 814 Πρὸς
723 746 862 800 Θεοῦ
919 749 1033 816 (τοῦ
1088 761 1525 825 τρισυποστάτου
1586 765 1756 833 φημὶ,
1800 767 1894 818 καὶ
1929 766 2036 821 πά-

455 837 546 891 λαι
591 839 709 908 μέν.
724 843 892 896 πᾶσιν
922 844 1044 909 ἐνὸς
1080 851 1234 920 κοινῇ
1259 852 1698 922 πρεσϐευομένου
1728 856 1889 926 Θεοῦ,
1919 861 2036 912 νυνὶ

459 931 519 984 δέ
546 934 658 995 τοῖς
687 933 1043 1004 διωκομένοις
1071 940 1206 1010 ἡμῖν
1241 942 1407 1012 μόνου
1440 945 1624 1016 Θεοῦ),
1653 949 1708 1001 τί
1735 950 1908 1020 τούτῳ
1937 941 2038 1004 κα-

462 1024 748 1078 ταλέλοιπε
778 1028 1044 1099 Παλαμᾶς
1070 1035 1207 1103 πρὸς
1249 1036 1312 1089 τὸ
1350 1037 1485 1092 Θεὸν
1521 1035 1696 1107 εἷναι;
1737 1043 1800 1095 El
1835 1042 1945 1112 γὰρ
1975 1044 2036 1097 τὸ

460 1115 575 1182 φῶς
596 1115 754 1169 τοῦτο
779 1119 840 1171 τὸ
869 1120 941 1189 μὴ
978 1121 1038 1176 ὃν
1070 1124 1230 1179 οὐσία
1280 1128 1416 1181 Θεοῦ
1443 1131 1590 1199 λέγει
1627 1134 1728 1202 μέν
1759 1134 1865 1204 πρὸ
1900 1137 2035 1190 πάν-

458 1225 566 1259 των
603 1206 741 1263 εἶναι
796 1216 890 1266 καὶ
937 1217 996 1268 ἐν
1027 1216 1176 1288 αὑτῷ
1210 1220 1278 1273 τὰ
1308 1222 1488 1275 πάντα
1512 1241 1525 1256 ο
1561 1225 1794 1293 ὁρᾶσθαι
1845 1227 1903 1280 δέ
1957 1228 2033 1291 ὡς

456 1303 592 1354 Θεὸν
621 1306 713 1356 καὶ
745 1306 999 1362 ἐνοῦσθαι
1037 1312 1152 1374 τοῖς
1214 1314 1370 1380 πᾶσι,
1403 1315 1498 1368 καὶ
1535 1314 1903 1388 δημιουργεῖν
1936 1319 2036 1372 καὶ

458 1394 706 1464 συνέχειν
735 1402 802 1452 τὰ
832 1399 1027 1466 πάντα,
1050 1401 1110 1454 τὸ
1139 1404 1444 1474 ἀκρότατον
1498 1411 1594 1462 καὶ
1644 1391 1900 1482 αληθινὸν
1935 1411 2032 1465 καὶ

457 1485 617 1548 τέλος
656 1488 837 1559 πάσης
862 1494 1268 1567 μακαριότητος
1293 1498 1426 1552 αὐτὸ
1462 1503 1730 1572 τυγχάνον
1759 1501 1840 1570 ὃν,
1873 1503 2036 1556 ποίαν

455 1577 638 1646 ἀφῆκε
666 1580 925 1660 λατρείαν
951 1585 1029 1653 τῷ
1064 1587 1236 1641 πάλαι
1287 1591 1715 1662 πρεσϐευομένω
1747 1593 1888 1664 Θεῷ,
1936 1595 2032 1647 καὶ

455 1667 516 1719 ὃν
543 1669 940 1741 ὑπερκείμενον
989 1677 1154 1741 αὐτὸς
1185 1681 1451 1736 ἀποκαλεῖ
1507 1684 1643 1753 πρὸς
1692 1685 2032 1740 ἀντιδιαστοο

453 1758 552 1832 λὴν
584 1762 677 1815 τοῦ
706 1764 803 1818 νῦν
844 1767 1136 1838 ὑφειμένου
1169 1771 1344 1837 Θεοῦ;
1390 1776 1628 1846 Φανερὸν
1663 1777 1758 1832 οὖν
1805 1779 1868 1832 ἐκ
1899 1780 2028 1834 τού-

453 1870 564 1907 των
588 1857 672 1910 ὄτι
696 1861 876 1912 πᾶσαν
903 1862 1236 1934 ὑφελόμενος
1275 1869 1412 1923 Θεοῦ
1444 1870 1722 1943 λατρείαν,
1744 1879 1809 1948 τῇ
1839 1879 2028 1935 τούτου
2061 1844 2102 1899 Β

456 1945 640 2044 φέρων
682 1951 960 2044 ὑπέθηκεν
1013 1955 1088 2019 ὡς
1126 1962 1431 2033 φαντασίᾳ·
1472 1965 1566 2018 καὶ
1606 1945 1815 2041 ταύτην
1859 1973 2030 2044 μόνην

456 2039 750 2108 πρεσϐεύει
781 2044 1050 2114 πρύτανιν
1080 2052 1176 2104 καὶ
1207 2053 1489 2126 διοικητὴν
1522 2058 1615 2111 τοῦ
1663 2039 1884 2128 παντός.

527 2219 648 2275 Ἔτι
687 2226 838 2278 πᾶσα
867 2227 1089 2301 λατρεία
1118 2233 1214 2284 καὶ
1245 2236 1616 2307 προσκύνησις
1667 2238 1732 2313 τῇ
1765 2259 2029 2312 τρισυπο-

457 2315 638 2385 στάτῳ
667 2318 800 2386 παρ’
827 2320 989 2388 ἡμῶν
1009 2326 1349 2394 προσάγεται
1379 2328 1561 2396 φύσει,
1587 2333 1661 2396 ῶς
1689 2335 1895 2406 σωτῆρι
1931 2341 2028 2394 καὶ

455 2406 777 2478 δημιουργῷ
809 2413 1050 2480 πάντων,
1091 2417 1226 2470 καθὸ
1257 2421 1444 2486 φασὶν,
1482 2441 1500 2473 ι
1549 2424 1804 2478 Ἀκτιστε
1865 2427 2024 2494 φύσις

443 2493 486 2568 ’ἠ
521 2499 626 2552 τῶν
651 2501 792 2554 ὅλων
814 2502 1165 2576 δημιουργός.
1207 2528 1228 2562 ι
1260 2511 1357 2563 Ἂν
1385 2512 1441 2563 δὲ
1465 2513 1524 2565 τὸ
1544 2515 1861 2586 Παλαμικδν
1886 2521 2022 2588 φῶς,

453 2590 592 2660 ὅπερ
624 2593 724 2646 ούκ
766 2595 913 2649 ἔστιν
954 2599 987 2668 ἠ
1030 2600 1190 2653 οὐσία
1247 2603 1343 2656 τοῦ
1394 2605 1556 2670 Θεοῦ,
1609 2609 1785 2664 ταῦτα
1843 2615 2026 2669 πάντα

455 2686 599 2736 ποιεῖ
630 2687 726 2738 καί
762 2691 1238 2758 πραγματεύεται,
1291 2697 1467 2768 τούτῳ
1518 2699 1750 2766 μάλιστα
1793 2706 1886 2758 καὶ
1925 2707 2026 2777 τὴν

454 2776 826 2871 προσκύνησιν
857 2781 950 2834 καὶ
975 2782 1074 2854 τὴν
1134 2785 1390 2856 λατρείαν
1438 2790 1737 2862 ἀπονέμειν
1785 2776 2023 2871 ἀνάγκη,

453 2869 547 2921 καὶ
567 2870 666 2924 οὑκ
697 2873 904 2944 ἐκείνῃ.

528 2963 646 3018 Ἐτι
671 2966 812 3018 κατὰ
852 2972 1004 3038 τρεῖς
1030 2973 1371 3041 τρόπους.οί
1425 2979 1706 3050 ἄνθρωποι
1755 2983 1835 3053 τῷ
1884 2985 2026 3060 Θείῳ

453 3061 818 3130 προσανέχειν
848 3065 1274 3133 ἀναγκάζονται’
1305 3071 1368 3125 ἐκ
1394 3090 1452 3126 τε
1483 3075 1593 3128 τῶν
1620 3080 2022 3148 παρελθόντων,

1213 367 1890 439 ‘PALAMITICARUM
1923 379 2680 453 TRANSGRESSIONUM
2719 391 2978 456 LIBER.

3613 399 3721 466 69S

1779 491 2031 556 ἐκείνοις,
2067 501 2108 554 Α
2138 494 2404 553 Octavum
2435 510 2726 568 praeterea,
2759 517 3074 574 supremum
3102 503 3479 575 appetibilium
3513 510 3718 564 omnis-

2140 606 2249 661 que
2281 593 2554 652 beatitatis
2584 597 2890 662 cumulum,
2925 597 3233 654 istiusmodi
3267 599 3486 654 asserit.

2210 772 2315 830 Per
2348 773 2515 830 Deum
2546 791 2681 848 rogo
2716 775 2913 846 (Deum
2946 779 3207 835 nimirum
3242 780 3384 834 trine
3407 780 3713 836 subsisten-

2138 861 2268 928 tem,
2292 882 2358 922 ac
2382 882 2543 937 quem
2576 885 2770 924 omnes
2803 872 3170 925 communiter
3194 887 3360 924 unum
3394 870 3563 925 Deum
3588 887 3713 926 seu-

2137 957 2326 1020 tirent,
2372 973 2626 1027 nuncque
2659 959 2819 1015 nobis
2849 961 2942 1029 qui
2975 965 3415 1030 persecutionem
3467 963 3712 1031 patimur

2137 1048 2289 1104 solus
2315 1047 2456 1104 Deus
2507 1049 2783 1122 exsistat),
2832 1051 3093 1119 quidnam
3153 1051 3228 1106 illi
3285 1049 3534 1107 Palamas
3582 1051 3714 1108 fecit

2136 1139 2406 1204 reliquum
2440 1151 2499 1196 ut
2539 1140 2684 1198 Deus
2710 1143 2973 1197 audiret?
3012 1142 3146 1196 Nam
3200 1143 3243 1197 si
3301 1142 3486 1196 lumen
3537 1143 3710 1211 istud,

2135 1229 2281 1298 quod
2310 1246 2416 1285 non
2452 1240 2538 1286 est
2555 1232 2648 1287 Dei
2673 1232 2935 1297 essentia,
2963 1241 3092 1287 ante
3145 1234 3328 1287 omnia
3382 1248 3502 1288 esse
3552 1233 3711 1299 dicit,

2134 1323 2270 1378 etin
2301 1323 2419 1394 ipso
2438 1338 2562 1379 esse
2599 1324 2807 1390 omnia,
2858 1335 3023 1395 atque
3073 1325 3242 1380 videri
3301 1335 3362 1380 ut
3413 1325 3606 1392 Deum,
3656 1335 3714 1382 et

2137 1416 2277 1470 uniri
2312 1417 2594 1481 omnibus,
2653 1427 2708 1472 et
2766 1432 2956 1472 creare
2991 1419 3176 1474 omnia
3223 1429 3278 1474 et
3340 1435 3707 1487 conservare;

2135 1524 2258 1562 cum
2287 1522 2607 1578 supremum
2654 1517 2709 1563 et
2732 1524 2922 1564 verum
2983 1509 3058 1564 sit
3087 1523 3152 1564 ac
3207 1511 3388 1566 omnis
3417 1511 3712 1566 .beatitatis

2134 1598 2280 1666 ﬂuis,
2307 1616 2600 1669 quemnam
2641 1602 2846 1656 cultum
2877 1601 3109 1672 reliquit
3146 1602 3256 1657 Deo
3287 1603 3497 1672 pridem
3542 1619 3708 1658 vene-

2138 1695 2407 1749 rationem
2439 1694 2683 1758 habenti,
2717 1705 2772 1748 et
2794 1710 2956 1764 quem
2995 1696 3114 1763 ipse
3149 1695 3478 1749 eminentem
3527 1704 3707 1759 vocat,

2134 1799 2242 1852 quo
2275 1784 2648 1854 distinguatur
2678 1785 2748 1839 ab
2779 1799 2844 1839 eo
2869 1784 2958 1851 qui
2993 1799 3138 1839 nunc
3159 1793 3262 1849 est,
3287 1784 3532 1839 inferiori
3555 1783 3710 1838 Deo?

2133 1875 2479 1931 Manifestum
2514 1877 2698 1946 itaque
2717 1886 2820 1942 est,
2856 1878 3034 1932 ablata
3067 1877 3175 1933 Deo
3200 1877 3348 1933 omni
3397 1879 3708 1932 veneratio-

2133 1983 2202 2022 ne
2232 1981 2297 2023 ac
2331 1969 2579 2034 numine,
2608 1966 2726 2036 ejus
2753 1977 2812 2023 ut
2841 1969 3027 2023 lumen
3054 1977 3141 2024 est
3201 1968 3504 2024 simulacro
3546 1967 3707 2022 detu-

2131 2060 2310 2116 lisse:
2349 2061 2564 2132 hocque
2601 2075 2768 2115 unum
2830 2062 3025 2115 docere
3090 2076 3275 2114 rerum
3334 2058 3704 2114 universitatis

2130 2152 2398 2207 arbitrum
2421 2167 2486 2206 ac
2519 2157 2937 2220 gubernatorem
2963 2165 3104 2206 esse.

2199 2245 2469 2299 Praeterea
2520 2245 2566 2299 si
2591 2244 2770 2298 omnis
2812 2242 2992 2298 cultus
3056 2252 3110 2297 et
3165 2241 3437 2307 adoratio,
3497 2249 3706 2296 natura

2132 2339 2274 2394 trine
2303 2338 2678 2394 subsistentia
2704 2337 2864 2392 nobis
2908 2333 3174 2400 defertur,
3211 2344 3270 2389 ut
3295 2349 3403 2404 qua
3453 2334 3700 2388 omnium

2130 2434 2280 2488 salus
2303 2432 2373 2487 sit
2398 2446 2463 2488 ac
2486 2431 2714 2493 creatio.
2745 2430 3207 2502 quemadmodum
3231 2431 3406 2492 aiunt,
3443 2446 3461 2482 ι
3490 2427 3708 2484 lncrea-

2133 2537 2184 2580 ta
2205 2532 2422 2588 natura,
2463 2540 2587 2594 quae
2645 2524 3029 2579 universorum
3065 2522 3298 2577 creatrix
3331 2537 3412 2576 es.
3466 2541 3486 2574 ι
3525 2520 3709 2591 Siqui-

2128 2620 2252 2674 dem
2275 2619 2466 2688 igitur,
2497 2617 2832 2673 Palami'cum
2871 2617 3052 2672 lumen
3080 2626 3279 2672 cuncta
3311 2615 3427 2671 haec
3482 2623 3706 2685 praestat

2129 2727 2192 2767 ac
2226 2721 2506 2781 operatur,
2544 2711 2674 2765 huic
2716 2711 2954 2764 maxime
2988 2709 3364 2764 adoratiouem
3389 2710 3706 2777 cultumque

2129 2805 2434 2860 tribuamus
2461 2818 2686 2860 necesse
2707 2812 2812 2870 est,
2841 2818 2948 2858 non
2985 2803 3088 2858 illi.
3155 2830 3158 2832 η

2200 2989 2277 3042 Ad
2304 2988 2418 3042 haec
2455 2986 2705 3041 homines
2731 2983 2907 3038 tribus
2933 2983 3108 3040 modis
3131 2997 3363 3038 necesse
3411 2981 3610 3037 habent
3639 2989 3702 3036 ut

2128 3080 2372 3134 animum
2399 3077 2512 3134 Deo
2553 3077 2846 3132 adhibeant
2879 3092 2984 3130 :ex
3047 3077 3362 3146 praeteritis,
3414 3075 3562 3145 quod
3617 3089 3702 3130 reo

451 3154 535 3249 ότι
561 3152 920 3249 δημιουργὸς,
956 3158 1017 3212 ἐκ
1046 3178 1106 3213 τε
1134 3163 1242 3216 τῶν
1279 3165 1614 3234 ἐνεστώτων,
1677 3171 1760 3226 ὅτι
1815 3175 2020 3246 σωτήρο

2130 3185 2253 3224 rum
2291 3169 2543 3224 conditor
2571 3168 2685 3233 sit;
2721 3184 2784 3222 ex
2849 3166 3206 3237 praesentibus
3254 3167 3397 3236 quod
3455 3173 3703 3219 servator

451 3243 516 3296 ἐκ
550 3261 608 3297 τε
643 3246 751 3299 τῶν
787 3249 1110 3317 μελλόντων,
1157 3255 1239 3307 ὅτι
1267 3273 1325 3308 τε
1377 3259 1610 3329 φοϐερὸς
1650 3262 1738 3316 διὰ
1780 3265 1880 3336 τὴν
1945 3243 2023 3321 76t-

451 3338 779 3407 κα.οσύνην’
815 3342 908 3393 καὶ
961 3345 1042 3396 ὅτι
1095 3345 1245 3411 τέλος
1291 3350 1452 3413 αὐτὸς
1510 3353 1618 3405 τῶν
1673 3356 1902 3423 ἐφετῶν.
1959 3361 2022 3415 Ei

447 3431 663 3496 τοίνυν,
709 3430 784 3492 ὦς
832 3450 963 3500 φησι
1029 3437 1313 3509 Παλαμᾶς,
1388 3443 1668 3514 ἀνέπαφός
1720 3450 1838 3502 ἐστι
1896 3455 2022 3505 τού-

445 3538 556 3574 των
643 3525 675 3594 1‘)
752 3525 873 3580 θεία
948 3528 1126 3597 οὐσία,
1206 3533 1330 3586 οὐδὲ
1400 3536 1569 3608 ταύτῃ
1661 3543 2020 3612 προσανέχειν

450 3612 690 3680 ἀνάγκη.

522 3703 665 3764 Ἔτι,
691 3707 738 3757 εί
765 3706 827 3758 τὸ
861 3708 1177 3778 Παλαμικὶν
1225 3711 1362 3780 φῶς,
1397 3717 1490 3767 καὶ
1518 3717 1655 3787 ὅπερ
1689 3720 1851 3784 αὐτὸς
1871 3723 2022 3786 ἐντὸς

451 3796 548 3886 καὶ
581 3797 738 3860 ἐκτὸς
789 3799 900 3852 τῶν
953 3801 1278 3872 σπλάγχνων
1329 3809 1724 3878 συνιστάμενον
1789 3815 2019 3886 καθορᾷ,

445 3883 608 3938 τοῦτό
637 3889 757 3942 ἑστι
792 3892 902 3944 τῶν
932 3893 1143 3961 ἐφετῶν
1170 3896 1229 3948 τὸ
1267 3896 1496 3966 ἔσχατον
1544 3902 1639 3954 καὶ
1689 3902 1719 3956 ὁ
1781 3906 1890 3969 πᾶς

449 3981 857 4049 μακαριότητος
881 3985 1064 4054 λόγος,
1098 3989 1561 4060 ἀπελήλαταιτοῦ
1613 3995 1782 4066 μέσου
1847 3999 2020 4054 καθά-

448 4069 560 4134 παξ
579 4073 671 4123 καὶ
694 4072 814 4127 θεία
843 4077 1020 4141 οὐσία,
1051 4079 1144 4132 καὶ
1175 4083 1282 4134 πᾶν
1311 4083 1490 4136 ὁτιοῦν
1519 4085 1706 4155 ἕτερον
1730 4089 1859 4158 περὶ
1888 4092 2019 4143 ταύ-

445 4179 546 4230 της
582 4164 714 4232 ἡμῖν
740 4171 1152 4240 πιστευόμενον,
1207 4174 1368 4243 μόνον
1399 4177 1635 4231 δ’ἐκεῖνο
1664 4179 1820 4244 Θεός.
1856 4182 2020 4237 Ἀλο-

448 4268 547 4318 γιον
569 4255 679 4324 γὰρ
701 4257 792 4311 τοῦ
845 4261 1075 4331 ἐσχάτου
1118 4267 1213 4318 καὶ
1267 4268 1578 4322 τελευταίου
1633 4273 1740 4325 τῶν
1799 4274 2020 4341 ἀγαθῶν

445 4343 819 4418 ἐσχατώτερον
836 4350 1038 4420 ζητεῖν.
1062 4355 1271 4427 Ὀρθῶς
1301 4359 1408 4428 ἄρα
1443 4360 1538 4414 καὶ
1566 4363 1730 4432 ἡμεῖς
1758 4364 2019 4435 ἐλέγομεν

443 4435 649 4506 ταύτην
679 4441 921 4510 ἀκριϐῶς
948 4442 1085 4499 εἶναι
1118 4449 1216 4518 τὴν
1269 4452 1629 4514 ἀποστασίαν,
1663 4456 1730 4525 ἢν
1781 4459 1809 4510 ὁ
1840 4458 2018 4526 μακά-

447 4546 559 4596 ριος
581 4533 774 4602 εἴρηκε
838 4536 1051 4603 Παῦλος
1103 4541 1161 4595 ἐν
1213 4545 1466 4614 ἐσχάτοις
1528 4549 2016 4620 παρρησιάσασθαι

444 4631 527 4665 ’ξ’--
544 4623 673 4684 τοῖς.

2126 3262 2219 3328 sit,
2260 3278 2438 3332 exque
2469 3261 2690 3326 futuris,
2723 3265 2866 3330 quod
2901 3269 3122 3328 propter
3153 3257 3423 3326 justitiam
3464 3266 3703 3311 tremen-

2124 3357 2228 3411 dus
2255 3356 2346 3421 sit,
2401 3353 2658 3422 quodque
2711 3356 2838 3406 item
2879 3351 3004 3405 ﬁnis
3072 3351 3445 3418 appetibilium
3498 3350 3591 3404 sit.
3641 3347 3699 3403 Si

2094 3448 2342 3517 quidem
2376 3446 2560 3517 igitur,
2597 3453 2657 3500 ut
2683 3453 2874 3500 auctor
2905 3453 2988 3498 est
3022 3442 3286 3508 Palamas,
3345 3441 3526 3497 divina
3571 3442 3700 3496 sub-

2123 3539 2451 3596 stantiahmc
2505 3554 2611 3591 non
2637 3539 2868 3604 attingat
2927 3536 2995 3590 ab
3039 3535 3228 3604 eisque
3296 3534 3555 3588 immunis
3603 3534 3696 3608 sit,

2125 3647 2224 3685 nec
2250 3631 2324 3683 illi
2355 3630 2599 3683 animum
2633 3628 2895 3683 adhibere
2930 3641 3156 3681 necesse
3188 3627 3282 3680 sit.

2193 3723 2461 3778 Praeterea
2491 3721 2535 3776 si
2557 3719 2890 3775 Palamicum
2924 3720 3131 3777 lumen,
3182 3718 3443 3786 quodque
3475 3715 3562 3770 ille
3612 3714 3696 3766 iu-

2125 3825 2208 3869 tra
2252 3825 2519 3884 extraque
2550 3813 2757 3867 viscera
2776 3810 3088 3866 consistens
3117 3810 3279 3872 videt,
3311 3810 3416 3864 hoc
3480 3808 3694 3862 scilicet

2125 3921 2438 3977 supremum
2526 3904 2895 3974 appetihil’ium
2941 3913 3041 3958 est
3112 3912 3329 3970 totaque
3409 3899 3684 3954 beatitatis

2123 3998 2286 4062 ratio,
2320 3997 2532 4052 sublata
2589 3997 2756 4051 semel
2789 4011 2818 4050 e
2869 3994 3046 4048 medio
3075 4002 3160 4048 est
3189 4002 3301 4048 tum
3347 3992 3533 4046 divina
3597 4006 3686 4045 es-

2122 4090 2318 4154 sentia,
2354 4099 2467 4143 tum
2505 4087 2764 4158 quidquid
2791 4087 2935 4141 aliud
2978 4087 3044 4141 de
3069 4085 3156 4140 illa
3192 4100 3222 4140 a
3276 4084 3441 4140 nobis
3502 4079 3700 4138 credi-i

2122 4191 2234 4245 tur,
2264 4196 2364 4236 nec
2394 4190 2588 4251 praeter
2618 4179 2750 4234 illud
2773 4179 2917 4233 ullus
2949 4178 3096 4233 alius
3120 4178 3264 4232 Deus
3320 4185 3426 4230 est.
3482 4175 3693 4229 Absur-

2121 4276 2249 4330 dum
2282 4288 2516 4343 namque
2544 4281 2648 4337 est,
2677 4287 2742 4326 eo
2771 4271 2920 4340 quod
2973 4284 3292 4338 supremum
3355 4277 3694 4322 extremum-

2120 4382 2228 4436 que
2256 4365 2526 4419 bouorum
2551 4370 2654 4428 est,
2695 4362 2927 4416 ulterius
2963 4359 3164 4430 aliquid
3191 4374 3459 4429 quaerere.
3522 4352 3691 4408 Recte

2123 4457 2290 4529 igitur
2313 4471 2414 4512 nos
2436 4470 2653 4526 quoque
2683 4454 3026 4517 dicebamus,
3075 4465 3198 4506 esse
3226 4453 3368 4506 hanc
3420 4465 3548 4504 vere
3593 4449 3692 4501 de-

2049 4527 2093 4582 Β
2121 4527 2439 4608 fectionem,
2459 4562 2623 4617 quam
2652 4546 2787 4600 dixit
2816 4546 3006 4600 beatus
3032 4543 3237 4601 Paulus
3293 4546 3345 4598 in
3374 4541 3690 4598 novissimis

2125 4639 2459 4693 tomum-ibus
2488 4654 2606 4687 esse
2628 4638 2942 4693 ivmlituram
2967 4636 3012 4669 ³⁷
