4056 6266
361 360 365 363 ’
448 373 556 438 703

1612 375 1936 436 JOANNIS
1972 365 2549 438 CYPARISSIOTAZ'

3575 367 3686 434 τ’οι

446 496 910 560 paternarumque
965 488 1321 543 traditiouum
1389 487 1616 542 fundata
1639 487 1686 520 "
1715 504 1730 554 ;
1764 487 2011 554 nihilque

2130 488 2494 541 ὶποστολικῶν
2525 490 2620 543 καὶ
2649 490 2928 558 πατρικῶν
2979 487 3328 558 παραδόσεων
3360 485 3680 558 τεθεμελιω-

448 581 706 635 novitatis
756 581 1065 644 admittens,
1103 580 1170 633 ad
1201 579 1492 635 evertenda
1537 583 1656 647 'qutc
1680 593 1710 634 a
1745 577 2014 647 principio

447 672 688 738 suscepit
716 669 992 740 dogmata.
1021 670 1099 724 Ac
1121 671 1316 738 partim
1341 670 1505 734 cavit,
1545 679 1838 738 monetque
1869 668 2015 723 salu-

451 761 584 813 taris
607 758 828 814 Sermo:
858 777 878 810 ι
907 757 1178 814 Docentes
1206 775 1355 824 eos,»
1383 760 1581 827 inquit,
1611 773 1862 814 «servare
1889 773 2014 813 om-

448 851 562 915 nia,
595 864 930 920 qnaecunque
952 851 1203 905 mandavi
1219 851 1392 906 -vobis
1418 851 1486 917 “,
1524 870 1543 904 ι
1573 851 1772 921 partim
1797 849 2015 903 divinus

448 941 776 1008 Apostolus:
837 941 1133 998 «Profauas
1156 958 1356 998 vocum
1408 943 1672 997 novitates
1702 942 1880 996 devita
1907 943 2008 994 “.i

447 1037 528 1085 Ac
561 1045 751 1086 rursus
781 1048 796 1086 :
839 1030 985 1086 «Etsi
1016 1033 1331 1101 angelusjde
1362 1034 1505 1088 caelo
1535 1031 2014 1101 evangelizaverit,

447 1131 810 1192 praeterquam
829 1125 976 1193 quod
1001 1125 1314 1195 accepistis,
1330 1127 1433 1181 etsi
1451 1139 1551 1195 ego
1602 1124 1826 1193 Paulus,
1871 1127 2018 1178 Ana-

451 1213 633 1266 thema
666 1214 737 1267 sit
765 1213 865 1275 “,s

516 1303 600 1358 Ad
635 1305 771 1368 lucc,
805 1313 996 1360 sancta
1040 1305 1134 1360 Dei
1164 1305 1408 1361 Ecclesia
1440 1315 1545 1372 est,
1583 1306 1888 1361 divinarum
1915 1305 2020 1358 hu-

450 1409 846 1464 manarumque
901 1411 1084 1450 rerum
1114 1397 1373 1466 magistra
1402 1413 1417 1460 ;
1448 1405 1524 1458 et,
1562 1407 1622 1450 ιιι
1654 1405 1844 1450 auctor
1901 1410 2018 1448 ma-

451 1500 592 1556 gnus
612 1485 906 1554 Apostolus
929 1495 1043 1541 est:
1085 1487 1398 1554 «Captivam
1430 1489 1482 1540 iu
1511 1487 1788 1541 Christum
1812 1486 2019 1540 ducens

455 1592 674 1630 omnem
711 1577 1101 1646 cogitationem
1141 1579 1242 1638 ",i
1279 1579 1332 1631 in
1367 1595 1687 1633 communes
1713 1579 1918 1633 scilicet
1951 1578 2018 1633 de

2123 579 2282 648 μένη,
2317 580 2410 632 καὶ
2445 580 2612 650 μηδέν
2633 597 2686 632 τι
2709 580 3055 654 καινοφανὲςη
3085 579 3174 631 ἐπ’
3227 579 3508 647 ἀναιρέσει
3575 581 3686 632 τῶν

2119 669 2355 738 ἑξαρχῆς
2411 671 2829 740 παραδεχομένη
2879 670 3190 738 δογμάτων.
3229 669 3304 721 Τὸ
3362 669 3462 737 μὲν
3501 668 3609 739 γὰρ
3656 671 3686 724 δ

2119 763 2386 830 σωτήριος
2419 763 2873 832 προησφαλίσατο
2901 762 3096 827 Λόγος,
3133 778 3152 811 ι
3191 759 3550 823 Διδάσκοντες
3584 761 3686 814 αὕ-

2115 852 2264 916 τοὺς,
2306 871 2324 904 ι
2387 855 2543 922 φησὶ,
2610 871 2629 904 ι
2669 855 2859 924 τηρεῖν
2921 853 3120 916 πάντα,
3174 851 3273 904 ὅσα
3332 851 3687 920 ἐνετειλάμην

2117 944 2282 1013 ὑμῖν·
2318 963 2336 994 ι
2382 945 2444 996 τὸ
2474 944 2566 998 δ’ὁ
2614 945 2754 1006 θεῖος
2794 945 3134 1008 ’Δπόστολος,
3191 962 3210 994 t
3258 941 3371 1003 Τάς
3431 941 3688 1010 βεϐήλους

2117 1036 2486 1102 καινοτρωνίας
2533 1036 2871 1104 περιίστασο.
2915 1054 2934 1086 ι
2997 1036 3106 1088 Καὶ
3150 1034 3333 1094 πάλιν,
3377 1051 3396 1084 ι
3443 1033 3562 1086 Κᾶν
3592 1033 3690 1102 άγ-
3769 1039 3784 1051 ⁸

2119 1127 2276 1191 γελος
2317 1125 2375 1190 ἐξ
2401 1126 2631 1194 ούρανοῦ
2659 1126 3084 1195 εὐαγγελίσηται
3117 1125 3248 1195 παρ’
3269 1124 3297 1177 δ
3325 1124 3686 1192 παρελάϐετε,

2119 1215 2223 1270 κᾶν
2257 1215 2366 1282 ἐγὼ
2395 1213 2628 1277 Παῦλος.
2659 1215 2909 1284 ἀνάθεμα
2937 1214 3099 1269 ἔστω.
3139 1232 3160 1264 ν
3357 1272 3383 1282 __

2192 1309 2311 1360 Ἔτι
2346 1308 2502 1372 Ἅγια
2552 1307 2647 1360 τοῦ
2701 1306 2835 1360 Θεοῦ
2860 1310 3007 1359 ἐστιν
3043 1306 3340 1375 Ἐκκλησία
3371 1305 3691 1366 διδάσκαλος

2120 1395 2279 1450 θείων
2307 1399 2398 1450 καὶ
2430 1397 2786 1465 ἀνθρωπίνων
2819 1397 3164 1465 πραγμάτων
3185 1411 3200 1426 ο
3259 1398 3352 1449 καὶ
3401 1396 3544 1448 κατὰ
3597 1393 3692 1446 τὸν

2123 1487 2222 1555 μὲν
2265 1488 2608 1554 Ἀπ’ἒστολον,
2650 1507 2668 1538 ι
2707 1486 3187 1557 αἰχμαλωτίζουσα
3228 1489 3337 1540 πᾶν
3389 1488 3567 1554 νόημα
3611 1485 3691 1546 εἰς

2118 1581 2354 1648 Χριστόν
2377 1595 2390 1609 ’
2425 1599 2443 1632 ι
2481 1582 2725 1633 τουτέστι
2757 1581 2891 1650 πρὸς
2913 1581 3009 1643 τὰς
3056 1582 3239 1641 κοινὰς
3269 1581 3397 1649 περὶ
3445 1574 3579 1630 Θέοῦ
3607 1579 3695 1630 ὲν-

455 1668 564 1724 Deo
593 1670 871 1725 rationes:
901 1680 1061 1738 atque
1090 1686 1156 1726 ex
1187 1670 1393 1733 illis,ut
1423 1671 1498 1724 ait
1523 1671 1735 1725 divinus
1763 1670 2012 1738 Basilius,

2130 1669 2275 1732 νοίας
2300 1688 2311 1700 ο
2347 1670 2456 1722 κάκ
2478 1669 2708 1732 τούτων,
2738 1669 2815 1731 ὡς
2839 1671 2866 1722 ό
2895 1669 3036 1728 θεῖος
3065 1672 3199 1738 φησί
3228 1670 3527 1728 Βασίλειος,
3587 1668 3689 1733 ἀρ-

459 1772 676 1813 ontnem
728 1760 1090 1828 quaestionum
1126 1760 1332 1813 ducens
1367 1759 1656 1827 originem,
1690 1774 1861 1827 coque
1899 1775 2018 1812 rur-

457 1865 552 1905 sus
583 1850 785 1906 rel‘erre
816 1849 1066 1906 studens.
1095 1850 1248 1915 Quod
1281 1851 1324 1906 si
1356 1853 1588 1905 verbum
1618 1853 1834 1919 aliquod
1871 1851 2019 1906 Seri-

457 1953 628 2014 ptura:
660 1943 935 2006 inciderit,
978 1944 1058 1998 uti
1091 1955 1279 1998 sancta
1332 1959 1396 1998 ac
1425 1944 1747 1998 universalis
1781 1943 2019 2013 synodus

453 2035 912 2090 Chalcedonensis
957 2036 1168 2098 statuit,
1202 2052 1307 2090 non
1339 2019 1820 2105 alitcr’exponeus,
1852 2049 2018 2102 quam

457 2126 706 2181 Ecclesiae
735 2127 942 2181 lumina
980 2142 1043 2181 ac
1084 2127 1333 2197 magistri
1365 2128 1520 2180 libris
1554 2127 1669 2179 suis
1699 2139 1764 2178 ac
1795 2123 2018 2191 scriptis

452 2227 859 2285 exposuerunt:
898 2219 950 2272 in
980 2218 1127 2270 nullo
1166 2217 1428 2270 terminos
1471 2218 1582 2283 jam
1610 2217 1816 2284 positos
1838 2224 2020 2270 trans-

453 2312 725 2380 gredicns,
783 2320 878 2364 aut
901 2325 930 2364 a
958 2309 1207 2364 Patribus
1235 2319 1510 2378 acceptam
1541 2307 1914 2362 traditionem.

525 2483 828 2546 Postremo,
864 2490 1054 2538 sancta
1088 2481 1180 2536 Dei
1232 2481 1472 2538 Ecclesia
1497 2491 1603 2549 est,
1665 2481 1866 2538 Christi
1897 2497 2024 2538 cor-

2120 1758 2324 1826 κομένη
2365 1760 2543 1810 πάντα
2575 1757 2778 1828 ζητεῖν,
2809 1760 2907 1810 καὶ
2927 1759 3064 1829 πρὸς
3095 1759 3268 1818 αὐτὰς
3294 1757 3456 1810 πάλιν
3484 1758 3692 1808 ἀποκαο

2119 1850 2308 1919 θιστᾷν
2357 1851 2654 1918 πειρᾶται·
2692 1849 2797 1903 κᾶν
2852 1851 3122 1920 γραφικὴν
3177 1851 3392 1921 ἐμπέσῃ
3437 1868 3486 1902 τι
3515 1850 3688 1919 ῥῆμα.

2119 1939 2194 2002 ὡς
2224 1941 2255 2008 ἡ
2287 1942 2344 1992 ἐν
2375 1941 2676 2006 Χαλκηδόνι
2712 1942 2844 2010 ἁγία
2874 1944 2966 1997 καί
3000 1944 3358 2012 οἰκουμενικὴ
3399 1941 3692 2011 διωρίσατο

2123 2027 2361 2092 σύνοδος,
2401 2030 2476 2100 μὴ
2506 2030 2684 2094 άλλως
2719 2031 3100 2101 ἑρμηνεύουσα
3123 2032 3302 2097 τοῦτο,
3333 2032 3365 2101 ἢ
3412 2031 3488 2089 ὡς
3516 2033 3566 2084 οι
3589 2031 3718 2097 τῆς,

2137 2119 2460 2189 Ἐκκλησίας
2481 2122 2770 2192 φωστῆρες
2815 2123 2911 2176 καὶ
2974 2123 3287 2176 διδάσκαλοι
3319 2124 3405 2176 διὰ
3466 2123 3575 2174 τῶν
3617 2122 3698 2174 οἰ-

2123 2210 2287 2263 κείων
2326 2214 2776 2284 συγγραμμάτων
2808 2213 3142 2281 παρέθεντοο
3176 2215 3234 2266 ὲν
3281 2214 3460 2267 οὐδενὶ
3513 2230 3698 2281 παρα-

2123 2300 2388 2354 ϐαίνουσα
2417 2304 2541 2366 τοὺς
2575 2304 2674 2374 ήδη
2707 2303 2962 2366 τεθέντας
2986 2303 3170 2374 ὅρους,
3225 2302 3259 2373 ἢ
3311 2304 3410 2373 τὴν
3475 2306 3538 2354 ἐκ
3581 2302 3698 2355 τῶν

2126 2392 2387 2463 Πατέρων
2416 2393 2716 2462 παράδοσιν

2200 2487 2344 2549 Ἔτι,
2387 2485 2546 2551 Ἀγία
2577 2485 2670 2537 τοῦ
2701 2485 2838 2539 Θεοῦ
2899 2487 3047 2538 ἐστιν
3082 2483 3381 2554 Ἐκκλησία
3442 2483 3696 2554 σώματος

455 2577 604 2646 poris
652 2576 1026 2629 membrorum
1087 2575 1394 2646 integritas.
1454 2575 1519 2628 ad
1565 2590 1732 2629 unum
1793 2561 2025 2631 reducta‘

2130 2546 2409 2647 ὁλομέλεια
2430 2546 2520 2630 ac.
2539 2576 2800 2647 Χριστοῦ,
2818 2577 2910 2629 ιπι
2937 2577 3068 2646 μίαν
3090 2546 3401 2645 ἀναγομένη
3430 2546 3696 2646 uasat»,

456 2678 638 2738 caput,
682 2671 838 2737 juxta
862 2668 1225 2734 quoddictum
1260 2682 1291 2720 a
1333 2666 1562 2722 Domino
1624 2677 1748 2723 est:
1781 2668 2025 2723 «Eterit

2130 2669 2269 2722 κατὰ
2287 2670 2347 2722 τὸ
2375 2670 2668 2738 εἰρημένον
2696 2670 2800 2722 ὑπὸ
2827 2669 2919 2722 τοῦ
2953 2669 3182 2740 Κυρίου,
3207 2687 3226 2720 ι
3264 2670 3375 2724 Καὶ
3405 2669 3698 2739 γενήσεται

455 2776 624 2814 ttnttnt
660 2760 822 2823 ovile,
851 2776 991 2814 unus
1010 2769 1196 2829 pastor
1220 2759 1321 2814 ⁸⁸.»

2130 2763 2225 2832 μία
2254 2762 2475 2830 ποίμνη,
2507 2757 2588 2824 εἷς
2620 2763 2845 2830 ποιμήν.
2883 2780 2902 2812 ι

521 2850 721 2905 Comes
750 2866 878 2902 vero
904 2849 1213 2905 necessario
1237 2858 1342 2912 est,
1371 2849 1451 2904 sic
1474 2849 1704 2918 pulchre
1721 2863 1786 2903 ex
1822 2847 2025 2904 divinis

2197 2853 2430 2906 Ἐπεται
2459 2853 2517 2904 δὲ
2543 2853 2605 2917 ἐξ
2638 2853 2888 2921 ἀνάγκης
2939 2854 3007 2922 τῇ
3055 2851 3238 2914 καλῶς
3276 2851 3341 2904 ἐκ
3379 2850 3487 2903 τῶν
3513 2849 3702 2920 θεουρο

454 2944 688 3012 eloquiis
734 2941 968 2998 definitae
1021 2950 1224 2998 sancta:
1283 2942 1377 2997 Dei
1445 2943 1722 3009 Ecclesiae,
1783 2942 2025 3001 tfructus

2130 2942 2240 3012 γῶν
2263 2943 2550 3015 όρισθείσῃ
2581 2943 2780 3010 λογίων
2815 2942 2952 3013 ἁγίᾳ
2984 2941 3078 2996 τοῦ
3124 2942 3263 2995 Θεοῦ
3309 2940 3606 3010 Ἐκκλησία
3670 2943 3699 2994 ό

456 3030 751 3100 Spiritus.»
777 3028 873 3082 Hic
903 3045 1031 3084 vero
1052 3039 1136 3084 est
1159 3037 1383 3085 auctore
1403 3016 1528 3084 divo
1555 3032 1848 3099 Apostolo:
1879 3033 2025 3090 Cha-

2130 3034 2338 3104 καρπδς
2365 3033 2461 3086 τοῦ
2500 3034 2838 3103 Πνεύματος.
2872 3035 2934 3086 '0
2956 3033 3012 3086 δέ
3059 3035 3201 3098 εστι,
3238 3033 3377 3085 κατὰ
3414 3031 3508 3084 τὸν
3559 3033 3700 3084 θεῖον

457 3124 619 3186 ritas,
667 3120 950 3192 gaudium,
987 3135 1116 3190 pax,
1166 3120 1360 3176 lenitas
1390 3120 1722 3189 benignitas,
1785 3123 2024 3190 bonitas,

459 3211 624 3276 fides,
657 3212 1043 3278 mansuetudo,
1084 3212 1454 3288 continentia.
1508 3211 1790 3270 Adversus
1844 3215 2030 3270 istius-

458 3301 602 3354 modi
649 3314 756 3353 non
814 3309 899 3356 est
945 3301 1028 3355 lex
1060 3300 1137 3363 δ’,
1179 3309 1239 3354 ut
1289 3300 1434 3363 quod
1487 3302 1764 3370 spiritales
1822 3304 1933 3359 sint
1957 3305 2026 3366 ⁸⁸,

455 3394 713 3463 omnique
742 3393 859 3462 lege
880 3395 1210 3462 superiores,
1263 3403 1315 3449 et
1359 3396 1426 3450 ad
1454 3411 1593 3465 quos
1617 3398 1788 3465 magis
1823 3404 2032 3465 spectet

464 3495 522 3537 nt
553 3485 670 3555 lege
703 3485 954 3540 sanciant
989 3501 1052 3540 ac
1080 3487 1414 3556 praecipiant,
1447 3502 1607 3558 quam
1633 3498 1687 3544 ut
1715 3488 1892 3559 legum
1919 3489 2030 3544 dis-

459 3577 658 3646 ciplina
696 3576 922 3632 creditis
956 3576 1059 3647 ipsi
1096 3577 1425 3648 dirigantur.

1089 3691 1318 3748 CAPUT
1345 3693 1407 3748 II.

459 3803 600 3859 Num
629 3813 840 3879 propter
864 3805 1000 3859 hunc
1049 3805 1306 3879 talem_ac
1337 3808 1536 3879 “illum,
1573 3807 1661 3875 qui
1711 3809 2034 3877 patriarcha

669 3877 944 3940 exsistant,
984 3886 1169 3929 sancta
1204 3877 1295 3930 Dei
1328 3875 1559 3930 Ecclesia
1597 3875 1811 3934 dicitur.

534 3967 630 4021 llis
654 3967 727 4020 ita
752 3967 1070 4022 constitutis
1089 3983 1154 4021 ac
1185 3969 1490 4037 explicatis,
1510 3971 1860 4024 considerare
1874 3973 2035 4026 debet

459 4060 644 4116 omnis
701 4057 1074 4121 Christianus,
1129 4073 1379 4127 quaenam
1435 4061 1681 4115 vocanda
1721 4062 1792 4116 sit
1846 4071 2036 4119 sancta

462 4153 556 4207 Ilei
613 4151 874 4218 Ecclesia,
934 4166 999 4206 ac
1025 4151 1248 4220 quinam
1280 4153 1372 4222 qui
1425 4153 1477 4207 in
1510 4169 1573 4208 ea
1607 4154 2034 4226 fulgeantz'non

461 4245 586 4312 quia
615 4243 885 4314 quispiam
915 4251 1134 4312 arrepto
1167 4245 1366 4299 throno
1387 4246 1503 4315 pari
1539 4259 1706 4300 sensu
1745 4247 2028 4305 hominum

2144 3126 2488 3192 Ἀπόστολον,
2543 3125 2777 3196 Ἀγάπη,
2845 3125 3016 3196 χαρά,
3072 3127 3292 3196 εἰρήνη,
3322 3124 3694 3194 μακροθυμία,

2132 3219 2463 3290 χρηστότης,
2481 3217 2828 3288 ἀγαθωσύνη,
2854 3218 3058 3283 πίστις,
3093 3218 3356 3287 πραότης,
3381 3215 3684 3283 ἐγκράτεια.

2136 3313 2297 3365 Κατὰ
2313 3312 2420 3365 τῶν
2442 3313 2700 3366 τοιούτων
2715 3314 2813 3366 οὐκ
2835 3312 2952 3366 ἔστι
2973 3315 3137 3386 νόμος
3154 3329 3168 3342 ·
3191 3313 3288 3367 ἆτε
3319 3311 3688 3382 πνευματικῶν

2131 3403 2321 3466 ὄντων,
2359 3407 2452 3456 καὶ
2509 3404 2674 3473 νόμου
2737 3404 2935 3468 παντὸς
2975 3404 3555 3474 ύπεραναὸεὸηκότων,
3601 3400 3698 3453 καὶ

2135 3495 2453 3564 νομοθετεῖν
2490 3498 2695 3564 μᾶλλον
2725 3497 2880 3568 ﬁrmi;
2904 3498 2968 3550 ὲκ
2996 3496 3106 3550 τῶν
3157 3502 3336 3567 νόμων
3380 3495 3700 3549 εὐθύνεσθαι

2134 3588 2606 3656 πεπιστευμένων.

2745 3704 2998 3758 ΚΕΦᾹΛ.
3026 3703 3102 3757 B'.

2129 3812 2196 3866 Εἰ
2222 3811 2319 3867 διὰ
2340 3813 2446 3867 τὸν
2477 3814 2646 3868 δεῖνα
2674 3822 2774 3869 καὶ
2807 3815 2913 3868 τὸν
2970 3814 3140 3868 δεῖνα
3191 3812 3709 3882 πατριάρχεύοντα

2346 3884 2484 3953 ἁγία
2513 3885 2618 3939 τοῦ
2649 3886 2797 3940 Θεοῦ
2867 3886 3199 3951 Ἐκκλησία
3230 3883 3490 3952 λέγεται.

2210 3976 2431 4029 Τούτων
2465 3977 2869 4045 διορισθέντων,
2933 3981 3157 4029 σκοπεῖν
3215 3978 3482 4048 προσήκει
3533 3977 3711 4032 πάντα

2136 4066 2483 4135 Χριστιανὸν,
2511 4067 2632 4119 τίνα
2662 4085 2720 4120 τε
2755 4068 2836 4120 δεῖ
2867 4068 3052 4120 καλεῖν
3098 4067 3261 4136 ἁγίαν
3292 4067 3385 4121 τοῦ
3414 4067 3550 4121 Θεοῦ
3585 4069 3709 4121 Ἐκ-

2139 4157 2392 4218 κλησίαν,
2413 4159 2532 4210 -καὶ
2565 4158 2786 4221 ὁποίους
2822 4159 2948 4222 τοὺς
2991 4161 3049 4212 ὲν
3101 4160 3241 4230 αὐτῇ
3271 4159 3705 4228 διαλάμποντας,

2139 4250 2234 4302 καὶ
2271 4249 2346 4320 μὴ
2373 4249 2454 4302 ὅτι
2479 4267 2561 4312 τις
2585 4249 2885 4303 ὑπελάδετο
2924 4248 3016 4302 τοῦ
3042 4249 3236 4320 θρόνου
3261 4291 3276 4315 ,
3327 4252 3556 4320 φατρίαν
3596 4251 3710 4304 τῶν

461 4335 771 4389 sodalitium
829 4332 1105 4394 conﬂavit.
1144 4335 1345 4402 quibus
1406 4336 1559 4405 prius
1615 4336 1782 4406 hujus
1815 4339 2025 4396 llliusve

2139 4339 2662 4410 ὁμογνωμονοῦντων
2720 4337 3369 4412 συστησάμενος,’τάδεῆ
3402 4341 3530 4395 τάδε
3573 4341 3713 4412 πρό-

2064 4385 2114 4443 D

460 4426 735 4496 opinionis
765 4435 956 4482 auctor
977 4427 1274 4492 exstiterit,
1302 4429 1639 4498 ejuscemodl
1672 4433 2025 4491 existimanda

2139 4447 2298 4502 τερον
2329 4433 2544 4501 φρονεῖν
2593 4433 2919 4495 ἀναπείσας,
2961 4433 3086 4496 τοὺς
3123 4432 3399 4496 τοιούτους
3454 4431 3593 4485 εἶναι
3622 4450 3711 4486 νο-

463 4527 652 4574 sancta
713 4518 804 4574 Dei
837 4518 1101 4576 Ecclesia.
1136 4519 1251 4575 Hoc
1299 4521 1449 4576 enim
1513 4523 1641 4578 dato
1665 4563 1679 4588 ,
1709 4539 1737 4577 a
1769 4524 2036 4596 principio

461 4613 738 4667 videretur
768 4621 822 4667 et
846 4612 1171 4668 Arianorum
1200 4615 1554 4686 congregatio
1585 4629 1776 4672 sancta
1804 4616 1897 4673 Dei
1929 4618 2034 4673 Ec-

462 4705 662 4760 clesia:
697 4706 934 4777 itemque
977 4705 1483 4774 Monothelitarum,
1531 4723 1593 4763 ac
1643 4706 2035 4766 lconomacho-

462 4811 607 4860 rum,
645 4812 768 4852 cum
801 4797 955 4852 multi
989 4799 1182 4853 talium
1219 4800 1538 4870 diversique
1580 4801 1776 4859 Sedem
1813 4805 2035 4873 arripu-

459 4889 624 4955 erint,
655 4899 816 4960 atque
842 4890 927 4944 his
951 4890 1047 4960 qui
1084 4906 1230 4946 nunc
1263 4905 1629 4962 emerserunt,
1651 4895 1809 4968 longe
1845 4897 2034 4967 plures

461 4980 697 5050 synodos
728 4981 1130 5050 constituerint,
1155 4997 1486 5056 omnemque
1526 4993 1797 5040 terrarum
1849 4987 2034 5041 orbem

465 5070 692 5124 malitia:
727 5069 850 5125 labe
897 5071 1170 5141 complexi
1201 5073 1332 5138 sint,
1383 5090 1509 5130 cum
1566 5078 1721 5143 pauci
1784 5077 2032 5143 quidam,

465 5166 678 5237 ipsique
721 5168 873 5222 nullo
929 5169 1104 5238 pretio
1131 5169 1463 5228 adversariis
1497 5172 1664 5227 habiti
1711 5174 1902 5243 reliqui
1953 5190 2039 5228 es-

464 5266 607 5326 sent,
639 5259 731 5331 qui
771 5267 920 5314 recta
964 5264 1228 5332 dogmata
1283 5271 1339 5319 et
1374 5262 1743 5333 intelligerent
1799 5273 1852 5319 et
1880 5265 2038 5320 doce-

464 5360 609 5405 rent.

534 5527 824 5595 Praterea,
883 5531 1039 5600 juxta
1069 5543 1190 5592 eam
1220 5542 1385 5599 quam
1419 5527 1848 5599 assignavimus,
1903 5545 2036 5586 san-

546 5706 591 5780 ‘_'
616 5707 1065 5780 Ιᾷιιὶωιηξοηῇιι
1092 5706 1278 5780 Matth.
1311 5707 1622 5780 xxmeQO.
1701 5708 1747 5741 “
1777 5709 1795 5764 1
1832 5707 1973 5765 Tim.
2006 5727 2078 5780 vr,
2100 5711 2187 5767 20.
2271 5711 2315 5746 “
2344 5691 2516 5769 Galat.
2554 5731 2593 5780 ι,
2629 5713 2682 5768 8.

474 5773 517 5806 δ’
546 5774 716 5831 Galat.
752 5791 804 5842 v,
833 5775 922 5845 ετ,
946 5777 1036 5832 25.
1111 5778 1156 5809 ⁵ο
1181 5776 1201 5832 l
1231 5778 1356 5834 Cor.
1384 5793 1442 5843 tt,
1480 5777 1563 5832 15.

2143 4521 2321 4590 μίζειν
2351 4522 2510 4590 ἁγίαν
2541 4521 2635 4575 τοῦ
2682 4520 2819 4574 Θεοῦ
2869 4521 3221 4591 Ἐκκλησίαν.
3286 4523 3348 4574 Εἰ
3405 4521 3516 4592 γὰρ
3569 4519 3715 4574 τοῦτ’

2137 4609 2228 4685 ἦν,
2261 4613 2498 4684 ὲξαρχῆς
2522 4613 2698 4666 ἐδόκει
2737 4612 2803 4666 ἂν
2829 4613 2926 4667 καὶ
2974 4613 3008 4682 ἠ
3063 4613 3173 4665 τῶν
3218 4613 3513 4682 Ἀρειανῶν
3551 4629 3716 4665 συνα-

2139 4702 2592 4775 γωγὴ”άγία·τοῦ
2626 4705 2764 4759 Θεοῦ
2807 4705 3127 4774 Ἐκκλησίαο
3168 4707 3264 4759 καὶ
3325 4706 3358 4775 ἡ
3402 4705 3509 4758 τῶν
3539 4694 3717 4759 Μονοὲ

2140 4785 2414 4867 θελητῶν,
2465 4799 2564 4851 καὶ
2618 4801 2650 4867 ἡ
2711 4796 2824 4850 τῶν
2858 4797 3282 4866 Εἰκονομάχων·
3341 4795 3553 4848 πολλῶν
3611 4787 3716 4863 μὲν

2142 4888 2411 4942 τοιούτων
2435 4892 2531 4941 καὶ
2557 4889 2836 4958 διαφόρων
2866 4888 3292 4958 ἑπειλημμένων
3329 4885 3423 4939 τοῦ
3467 4886 3658 4957 θρόνου
3695 4901 3713 4918 ο

2147 4979 2587 5051 μυριοπλασίους
2619 4981 2676 5032 δὲ
2700 4981 2810 5032 τῶν
2838 4979 2935 5034 νῦν
2960 4979 3130 5032 ὄντων
3158 4979 3410 5040 συνόδους
3444 4993 3722 5046 συστησα-

2145 5073 2341 5144 μένων,
2393 5074 2573 5125 πᾶσαν
2596 5072 2656 5125 δὲ
2687 5073 2789 5140 τὴν
2833 5072 3166 5141 οἰκουμένην
3212 5070 3617 5141 περιλαϐόντων
3643 5072 3714 5139 τῇ

2141 5163 2242 5232 τῆς
2282 5162 2481 5224 κακίας
2521 5161 2701 5232 λύμῃ,
2748 5159 3137 5232 εύαριθμήτων
3179 5161 3237 5214 δέ
3262 5177 3442 5223 τινων,
3475 5160 3567 5212 καὶ
3599 5162 3720 5223 τοῖς

2143 5251 2443 5315 ἀντιθέτοις
2467 5254 2523 5306 ἐν
2549 5252 2726 5305 οὐδενὶ
2770 5252 3124 5322 τεταγμένων
3173 5251 3281 5304 τῶν
3316 5250 3722 5319 ὑπολελειμμέ-

2143 5361 2274 5410 νων,
2306 5345 2385 5407 εἰς
2406 5345 2468 5395 τὸ
2497 5344 2566 5397 τὰ
2617 5344 2754 5413 ὀρθὰ
2815 5343 2911 5396 καὶ
2952 5346 3093 5397 νοεῖν
3143 5345 3237 5396 καὶ
3272 5343 3541 5396 διδάσκειν
3589 5343 3720 5410 δόγ-

2150 5455 2316 5508 ματα,

2223 5531 2369 5595 Ἔτι,
2400 5533 2542 5586 κατὰ
2571 5534 2665 5586 τὸν
2689 5531 2914 5587 δοθέντα
2949 5532 3046 5602 τῆς
3084 5531 3244 5592 άνίας
3299 5527 3553 5582 τοῦΘεοῦ
3594 5529 3719 5580 Ἐκ-

2787 5715 2829 5746 ⁸⁷
2849 5712 2890 5767 ιι
2923 5713 3050 5778 Cor,
3083 5727 3134 5776 κ,
3296 5711 3340 5742 ⁸⁸
3359 5708 3516 5764 Joan.
3546 5724 3597 5769 x,
3636 5709 3724 5758 l6.
