4056 6266
300 295 391 360 105

1067 285 1155 346 PA
1168 282 1706 348 LAMITICARUM
1759 281 2528 345 TRANSGRESSIONUM
2573 285 2809 346 LIBER

3452 283 3557 348 70‘»

295 410 518 482 κλησίας
548 406 713 473 λόγον
767 402 851 456 δεῖ
902 399 994 454 τὸν
1039 398 1250 467 ταύτης
1308 397 1710 467 προϊστάμενον
1766 398 1904 458 uati}

2005 405 2047 449 ta
2076 395 2168 451 Dei
2225 396 2481 452 Ecclesiae
2513 399 2802 461 rationem,
2861 410 3041 465 opera:
3093 394 3328 466 pretium
3376 408 3458 452 est
3498 409 3558 452 ut

295 502 508 574 φρονεῖν
542 497 638 552 καὶ
675 494 950 549 διδάσκειν
1009 491 1168 558 ὀρθά.
1223 492 1319 543 Ἂν
1369 489 1426 541 δὲ
1465 491 1580 552 τοῖς
1634 489 1871 542 τεθεῖσιν

295 587 792 658 ἀντιπολιτεύηται,
837 584 964 638 οὐδὲ
1012 585 1122 644 τοῖς
1154 582 1421 652 ὁρισθεῖσι
1469 581 1869 650 περικλείεται,

297 687 386 742 καὶ
417 683 567 738 οὕτω
614 681 680 736 τὸ
709 681 832 733 κατ’
873 675 1034 730 αὑτὸν
1063 676 1163 728 οὐκ
1221 675 1370 728 ἐστιν
1408 673 1540 742 ἁγία
1600 671 1695 727 τοῦ
1735 669 1872 724 Θεοῦ

309 775 623 846 Ἐκκλησία..
655 770 871 824 Οῦκουν
891 786 954 834 γε
973 767 1082 820 οὐδ’
1132 769 1160 820 6
1191 765 1435 828 τοιοῦτος
1487 763 1875 836 προσηκόντως

301 869 360 924 ἀν
385 865 701 921 διακούσειε
736 863 838 932 τῆς
873 861 1026 930 ἰερᾶς
1056 857 1261 926 ταύτης
1291 858 1562 929 κλήσεως
1623 856 1772 910 δοκεῖ
1819 855 1876 910 δὲ

309 960 463 1031 μόνον
488 958 565 1029 μὴ
597 954 847 1018 τοιοῦτος·
871 951 970 1006 ὢν.

379 1141 505 1194 Ἔτι
536 1137 705 1207 θύραν
730 1134 780 1187 οἱ
805 1133 912 1203 πρὸ
941 1130 1098 1201 ἡμῶν
1137 1129 1211 1201 μὴ
1265 1130 1423 1200 μόνον
1458 1129 1743 1189 καλεῖσθαι
1779 1129 1878 1200 τὴν

312 1233 418 1286 τῶν
449 1229 578 1299 περὶ
599 1205 835 1298 Χριστοῦ
872 1223 1034 1277 θείων
1095 1222 1385 1292 δογμάτων
1444 1220 1612 1291 ὀρθὴν
1667 1205 1903 1274 ἔννοιαν

311 1320 552 1390 ἀκριϐῶς
572 1318 832 1383 ὲξέδοντο,
860 1315 996 1368 ἀλλά
1027 1314 1122 1367 καὶ
1149 1314 1250 1383 τὴν
1271 1312 1390 1382 μετ’
1410 1311 1880 1382 ἐκκλησιαστικῆς

311 1412 691 1471 καταστάσεως
716 1412 811 1462 καὶ
838 1407 1135 1474 κανονικῆς
1195 1404 1453 1469 εὐταξίας
1494 1405 1586 1456 ἐπὶ
1641 1403 1710 1456 τά
1748 1405 1882 1470 ,θεῖα

311 1505 558 1576 πρόοδον.
597 1504 657 1556 '0
679 1503 862 1555 τοίνυν
915 1500 985 1553 δι’
1027 1497 1354 1568 ἀμφοτέρων
1398 1496 1606 1549 τούτων
1664 1496 1884 1562 εἰσαγό-

313 1618 470 1671 μενος
498 1601 591 1652 ἐπὶ
632 1599 694 1652 τὺ
721 1597 994 1666 ποίμνιον,
1039 1591 1306 1664 πρὸδηλον
1337 1592 1420 1645 δτι
1449 1591 1540 1644 διὰ
1588 1591 1688 1662 τῆς
1714 1590 1885 1660 θύρας

311 1690 613 1759 εἰσάγεται,
651 1691 746 1744 καὶ
804 1689 1012 1755 ποιμήν
1059 1687 1240 1737 ἐστιν·
1276 1684 1304 1735 6
1333 1681 1378 1734 δ’
1402 1680 1626 1736 ἄλλοθεν
1657 1681 1884 1734 ἀναϐαί-

1975 488 2065 556 qui
2104 488 2179 542 illi
2211 489 2532 556 pralicitur,
2564 499 2675 544 tum
2713 504 2833 559 qum
2862 497 3011 543 recta
3043 497 3171 542 sunt
3204 488 3555 552 sentiat,tunt

1974 587 2028 632 et
2052 579 2262 634 doceat.
2297 578 2391 634 Sin
2421 590 2603 635 autem
2626 580 2922 644 contraria,
2951 579 3018 635 iis
3051 594 3171 642 atrae
3200 581 3378 649 posita
3408 587 3557 645 sunt,

1976 673 2064 726 via
2113 671 2346 735 incedat,
2384 689 2484 728 nec
2534 674 2676 728 intra
2705 688 2770 729 ea
2805 687 2926 743 quae
2958 672 3179 726 definita
3235 680 3383 734 sunt,
3440 685 3564 726 sese

1975 763 2272 825 contineat,
2304 763 2384 818 sic
2408 778 2629 833 quoque
2651 764 2715 818 ad
2756 778 2880 819 eum
2915 763 3060 832 quod
3093 762 3308 827 attinet,
3338 777 3444 816 non
3476 771 3563 817 est

1977 861 2166 908 sancta
2216 853 2310 906 Dei
2342 854 2611 908 Ecclesia.
2654 855 2822 925 igitur
2870 871 2936 908 ne
2964 854 3089 908 talis
3123 854 3341 924 quidem
3402 867 3562 907 sacra

1981 947 2084 999 hoc
2122 946 2318 999 merito
2337 945 2572 1015 gaudeat
2607 945 2989 1016 appellatione,
3023 945 3314 1014 solumque
3345 945 3563 1000 videtur

1981 1049 2089 1088 non
2125 1034 2247 1089 talis
2271 1043 2571 1090 conventus
2603 1051 2744 1091 esse.

1969 1155 1972 1160 ι
2051 1127 2132 1179 Ad
2173 1126 2286 1180 haec
2344 1127 2568 1190 ostium,
2637 1127 2729 1193 qui
2805 1141 2906 1180 nos
2959 1139 3132 1194 prmce
3165 1138 3306 1188 sere,
3366 1125 3566 1180 nedum

1986 1227 2188 1272 rectam
2207 1218 2273 1271 de
2299 1218 2497 1274 divinis
2518 1217 2722 1274 Christi
2743 1218 3034 1287 dogmatis,
3059 1216 3204 1272 serio
3225 1226 3563 1282 statuerunt,

1984 1319 2465 1380 exposueruntque
2517 1312 2697 1364 vocari
2747 1310 3100 1372 sententiam,
3155 1310 3248 1364 sed
3279 1310 3439 1362 etiam
3472 1309 3569 1380 qui

1989 1405 2362 1460 ecclesiastica
2437 1405 2828 1458 constitutione
2851 1411 2905 1457 et
2956 1401 3222 1455 canonico
3286 1401 3478 1456 ordine
3502 1401 3571 1455 ad

1983 1491 2172 1570 divina
2197 1506 2489 1561 processus
2517 1502 2621 1547 est.
2647 1491 2752 1558 Qui
2782 1491 2949 1562 igitur
2974 1492 3184 1545 utrovis
3215 1491 3411 1544 borum
3444 1506 3572 1546 mu-

1991 1597 2124 1638 nere
2156 1583 2211 1644 in
2245 1598 2460 1654 gregem
2512 1585 2898 1653 introducitur,
2932 1585 2980 1639 is
3019 1585 3196 1654 palam
3229 1599 3325 1654 per
3370 1585 3568 1638 ostium

1990 1673 2318 1742 ingreditur,
2373 1674 2632 1743 gregique
2682 1681 2933 1742 aptatur;
2989 1674 3083 1743 qui
3115 1682 3300 1729 autem
3328 1675 3575 1729 ascendit

312 1801 415 1836 νων
470 1781 710 1850 κλέπτης
739 1779 859 1833 ἐστὶ
895 1778 992 1833 καὶ
1048 1775 1275 1847 λῃστὴς,
1325 1773 1402 1836 ὡς
1449 1773 1478 1824 6
1513 1772 1658 1843 ἱερὸς
1715 1772 1884 1842 ἔφησε

2005 1763 2228 1827 tliundc,
2280 1761 2370 1817 fur
2409 1775 2493 1820 est
2519 1774 2573 1820 et
2599 1765 2760 1831 latro,
2815 1775 2869 1818 ut
2896 1766 3071 1820 sacris
3112 1766 3352 1820 oraculis
3390 1765 3575 1835 prodi-

312 1877 489 1944 λόγος.

624 2019 626 2021 _
891 1959 1145 2012 ΚΕΦΑΛ.
1175 1955 1251 2012 Γ’.

313 2081 382 2134 El
430 2078 568 2146 ἁγία
617 2075 723 2146 τοῦ
761 2071 910 2146 Θεοῆ
963 2069 1303 2146 Ἐκκλησία
1351 2067 1532 2146 nam
1576 2067 1887 2144 aﬁtxvmr

382 2138 491 2202 καί
507 2145 732 2217 μισθὸν
757 2140 1093 2211 προδοσίας
1131 2140 1246 2206 τὴν
1272 2138 1471 2206 ἀρχὴν
1505 2138 1816 2192 συστᾶσα.

384 2242 506 2294 Ὀτι
536 2239 637 2306 δ’ή
685 2237 791 2289 τῶν
833 2233 1165 2300 Παλαμιτῶν
1234 2231 1441 2300 φατρία
1495 2229 1736 2296 ἀγεννῶς
1785 2226 1884 2293 τὴν

315 2334 492 2404 ἀρχὴν
515 2329 770 2398 συνέστη,
802 2329 1121 2396 συγχύσεως
1180 2319 1314 2378 οῦσπι
1367 2322 1577 2392 καρπὸς
1610 2321 1705 2373 καὶ
1749 2336 1887 2388 προ-

317 2427 500 2489 δοσίας
561 2422 772 2494 μισθὸς,
815 2422 966 2475 ἴσασι
1029 2419 1264 2482 πάντες·
1319 2419 1414 2470 καὶ
1465 2407 1734 2485 μαρτυρεῖ
1796 2414 1890 2466 νῦν

319 2515 732 2585 ὲξαναλωθέντα
752 2515 1078 2584 πράγματα.
1109 2510 1307 2564 Φαῦλοι
1348 2508 1455 2578 γὰρ
1483 2507 1770 2578 τοπρῶτον
1793 2507 1890 2576 τὴν

323 2607 568 2679 μεγάλην
608 2605 1054 2676 περινοστοῦντες
1089 2602 1266 2663 πόλιν,
1289 2599 1596 2667 διελέγοντο
1641 2601 1742 2668 μὲν
1777 2600 1890 2660 τοῖς

321 2701 479 2763 ἐκτὸς
504 2702 732 2767 ἄρχουσι
781 2696 912 2764 περὶ
951 2693 1280 2765 προδοσίας·
1347 2689 1782 2760 συνηγωνίζοντο
1834 2689 1891 2741 δὲ

320 2793 433 2852 τοῖς
471 2789 623 2851 ἐντὸς
656 2787 1036 2850 στασιάζουσι,
1069 2784 1162 2835 καὶ
1193 2782 1331 2848 πρὸς
1356 2776 1589 2849 τοῦργον
1621 2780 1896 2832 ἐπέσπευ-

322 2881 434 2936 δον.
473 2881 720 2950 Λαμπρά
741 2879 786 2932 δ’
829 2875 1191 2936 ἀνεστακότες
1222 2874 1290 2928 τὰ
1319 2875 1421 2943 τῆς
1457 2873 1715 2936 ἀπιστίας
1765 2873 1894 2943 τρό-

324 2990 484 3036 παια,
547 2972 795 3024 πείθουσι
861 2970 954 3022 τὸν
1005 2966 1433 3038 βεϐασιλευκότα
1489 2964 1681 3034 μισθὸν
1736 2966 1896 3020 ἀλλον

1989 1864 2101 1908 tum
2127 1864 2211 1910 est
2233 1855 2302 1908 ⁸³.

2573 1960 2803 2016 CAPUT
2834 1961 2919 2018 Ill.
2997 2021 3000 2027 η

1981 2065 2135 2127 Num
2186 2083 2372 2126 sancta
2437 2072 2528 2126 Dei
2558 2074 2821 2135 Ecclesia,
2848 2091 2965 2143 quae
2999 2076 3059 2129 ob
3109 2079 3468 2144 confusionem
3513 2075 3577 2134 ac

2107 2145 2428 2205 proditionis
2446 2146 2733 2198 mercedem
2763 2149 3116 2214 principatum
3155 2151 3450 2204 constituit.

2061 2238 2221 2303 Quod
2257 2247 2439 2291 autem
2482 2236 2867 2292 Palamitarum
2913 2240 3251 2304 sodalitium,
3312 2241 3569 2311 degeneri

1992 2342 2190 2394 conatu
2227 2344 2499 2395 sensuque
2539 2330 2861 2399 prieipatum
2893 2331 3260 2396 constituerit,
3288 2334 3572 2387 confusio-

1994 2405 2303 2476 nisfructus
2351 2419 2626 2474 exsistens
2653 2435 2715 2474 ac
2745 2421 3071 2490 proditionis
3111 2436 3341 2484 merces,
3409 2436 3576 2476 nove-

1994 2521 2121 2568 runt
2143 2527 2352 2577 omnes,
2380 2525 2443 2566 ac
2464 2520 2746 2571 testantur.
2769 2526 2890 2581 qua:
2906 2526 3053 2567 nunc
3076 2527 3162 2567 res
3180 2512 3404 2582 perdita:
3427 2521 3578 2570 sunt.

1995 2607 2115 2659 Mali
2147 2607 2293 2660 enim
2329 2607 2565 2674 primum
2600 2619 2849 2674 magnam
2905 2605 3384 2660 circumobeuntes
3434 2605 3575 2658 civi-

1998 2705 2191 2762 tatem,
2213 2712 2348 2752 cum
2401 2697 2636 2750 tribunis
2661 2696 2756 2764 qui
2791 2705 2941 2750 extra
2971 2708 3150 2759 erant,
3181 2697 3250 2750 de
3268 2697 3572 2764 proditione

1999 2804 2309 2844 sermonem
2365 2787 3160 2857 conferebant,=seditiosisque
3213 2789 3353 2842 intra
3379 2788 3570 2843 urbem

1999 2880 2130 2935 socii
2163 2879 2512 2942 accedebant,
2548 2890 2710 2949 atque
2742 2881 2792 2932 in
2820 2895 2930 2932 rem
2979 2881 3166 2934 utilem
3225 2894 3444 2949 operam
3503 2881 3586 2933 eis

2011 2974 2263 3028 conferre
2296 2974 2618 3042 satagebant
2645 2991 2658 3038 ;
2693 2973 2999 3042 magnificis
3043 2989 3174 3026 vero
3206 2973 3459 3027 excitatis
3497 2972 3583 3026 in-

328 3063 537 3135 μηδένα
583 3063 840 3129 ἐθελῆσαι
895 3064 1200 3130 παρασχεῖν
1255 3062 1442 3121 αὐτοῖς
1503 3059 1613 3112 τῶν
1669 3060 1898 3130 μακρῶν

2007 3067 2344 3122 credulitatis
2370 3066 2608 3136 tropa-is.
2635 3074 2885 3120 auctores
2936 3074 3066 3119 sunt
3112 3066 3160 3119 ei
3214 3065 3305 3134 qui
3363 3064 3585 3118 functus

327 3155 558 3210 ἐκείνων
591 3152 842 3222 ἀγώνων,
876 3152 991 3206 ἀλλ’
1026 3152 1242 3223 ἢμόνον
1269 3154 1369 3222 τὴν
1412 3151 1511 3221 τῆς
1551 3152 1902 3220 καινοτομίας

328 3248 666 3318 ἀνάρρησιν·
698 3246 879 3314 λόγοις
932 3245 1200 3315 πρότερον
1261 3244 1422 3298 αὐτὸν
1459 3243 1906 3314 ἐξαπατήσαντες

329 3337 579 3401 πιθανοῖς
620 3338 755 3409 πρὸς
785 3335 1065 3393 ἀσέϐειαν.
1101 3337 1162 3390 '0
1183 3336 1242 3390 δὲ
1280 3335 1776 3408 προσδαψιλεύεται
1807 3338 1905 3388 σὺν

325 3433 396 3500 τῇ
452 3430 780 3500 καινοτομίᾳ
801 3428 897 3480 καὶ
926 3428 1024 3498 τὴν
1052 3427 1149 3497 τῆς
1175 3428 1509 3496 Ἐκκλησίας
1538 3424 1905 3496 προστασίανο

330 3523 430 3578 καὶ
457 3521 602 3578 οὕτω
642 3523 704 3574 τὸ
764 3522 1078 3592 Παλαμικὸν
1141 3520 1241 3592 τὴν
1288 3521 1464 3590 ἀρχὴν
1519 3519 1711 3590 εἴληφε
1755 3521 1908 3574 συνέ-

328 3613 503 3686 δριον,
569 3613 906 3672 ὑπέκκαυμα
959 3611 1249 3681 προδοσίας
1306 3609 1367 3665 ὃν
1419 3611 1516 3665 καὶ
1589 3604 1911 3680 συγχύσεως

331 3706 589 3762 ἔπαθλον.

414 3973 477 4026 Εἰ
507 3972 565 4026 δὲ
596 3989 690 4026 και
752 3972 1032 4040 μακρόθεν
1089 3971 1520 4026 ἐπισκέπτεσθαι
1582 3971 1756 4025 ταῦτα
1808 3973 1915 4026 δέοι

340 4067 442 4120 καὶ
468 4065 811 4119 καθέκαστον
833 4065 1139 4135 ἐπιζητεῖν,
1184 4065 1282 4133 τὴν
1311 4065 1441 4133 περὶ
1470 4064 1646 4118 ταῦτα
1677 4082 1920 4134 συγγρα-

340 4161 538 4228 φεῖσαν
567 4155 646 4226 τῷ
680 4156 902 4226 μεγάλῳ
923 4157 1023 4225 τῆς
1077 4155 1342 4224 ἀληθείας
1395 4158 1678 4227 ἀγωνιστῇ
1741 4158 1920 4225 Νικη-

341 4252 498 4320 φόρῳ
529 4249 682 4301 διίτω
710 4265 793 4310 τις
832 4249 1015 4318 βίϐλον
1042 4265 1056 4280 ο
1083 4249 1178 4302 καὶ
1211 4248 1370 4302 πάντ’
1400 4249 1648 4318 ἀκριϐῶς
1687 4250 1916 4314 εἵσεται,

347 4341 579 4410 μηδενὸς
611 4341 669 4392 ὲν
701 4340 934 4403 ἐκείνοις
965 4340 1266 4393 ἀποδέοντα
1296 4339 1408 4393 τῶν
1437 4341 1518 4403 εἰς
1547 4339 1807 4410 ἀλήθειαν
1824 4339 1921 4392 καί⁵

2008 3159 2238 3228 imperio
2271 3167 2410 3220 erat,
2444 3167 2503 3211 ut
2535 3171 2696 3210 unam
2715 3157 2976 3212 liancillis
2995 3159 3277 3224 longorum
3303 3157 3578 3220 laborum,

2009 3267 2109 3306 nec
2147 3265 2274 3306 vero
2302 3250 2464 3305 aliam
2503 3249 2631 3301 velit
2668 3249 2963 3317 rependere
2990 3247 3318 3308 mercedem,
3369 3257 3429 3300 ut
3482 3249 3586 3300 sci-

2009 3345 2134 3399 licet
2161 3358 2297 3398 nova
2323 3354 2514 3396 eorum
2539 3341 2785 3395 doctrina
2819 3340 3124 3408 publicetur
3177 3354 3192 3403 ;
3254 3353 3378 3392 cum
3436 3339 3588 3408 prius

2009 3435 2364 3492 suasibilibus
2385 3434 2563 3488 verbis
2593 3433 2899 3496 seductum,
2941 3434 3007 3484 ad
3069 3432 3406 3501 impietatem
3472 3442 3587 3485 tra-

2012 3527 2238 3582 xissent.
2264 3525 2314 3581 ls
2347 3540 2477 3580 vero
2507 3525 2716 3592 majore
2748 3524 3072 3576 liberalitate
3101 3525 3165 3574 ad
3201 3519 3585 3588 novationem,

2012 3619 2174 3673 etiam
2211 3617 2466 3672 Ecclesia:
2497 3616 2873 3684 praefecturam
2907 3615 3157 3678 adiunxit
3193 3631 3206 3677 ;
3272 3614 3439 3681 inque
3465 3629 3589 3667 eum

2017 3712 2260 3772 modum,
2282 3709 2520 3777 primum
2538 3717 2778 3776 ereptum
2795 3719 2886 3760 est
2909 3705 3247 3759 Palamicum
3267 3705 3590 3769 concilium,

2019 3800 2342 3873 proditionis
2399 3796 2572 3854 fomes
2611 3799 2887 3860 exsistcne
2937 3811 3001 3852 ac
3058 3796 3400 3853 confusionis
3461 3812 3600 3866 pra:-

2019 3898 2213 3950 mium.

2091 3987 2184 4042 Sin
2219 4001 2347 4039 vero
2373 3985 2534 4038 etiam
2567 3983 2678 4037 hinc
2714 3982 2902 4050 procul
2933 3981 3330 4038 consideranda
3365 3979 3494 4044 sint,
3529 3995 3594 4035 ac

2031 4080 2160 4133 vt-lit
2188 4075 2459 4146 quispiam
2494 4074 2707 4144 singula
2766 4075 3063 4135 discutere.
3121 4054 3174 4127 is
3239 4085 3364 4126 vero
3397 4071 3598 4150 librum

2022 4180 2326 4242 percurrat,
2370 4183 2530 4236 quem
2600 4180 2832 4236 magnus
2857 4166 3102 4220 veritatis
3135 4163 3280 4233 pugil
3334 4161 3603 4232 Nicepho-

2025 4279 2117 4317 rus
2146 4260 2498 4328 conscripsit,
2535 4274 2598 4312 ex
2629 4274 2734 4326 quo
2767 4265 2956 4312 exacte
2981 4257 3167 4312 omnia
3203 4256 3435 4319 noverit,
3468 4267 3594 4309 cum

2025 4357 2080 4409 in
2109 4355 2195 4408 his
2221 4393 2235 4415 ,
2267 4351 2400 4406 nulli
2430 4365 2618 4404 eorum
2656 4350 2747 4418 qui
2781 4349 2946 4417 probe
2990 4349 3274 4402 veritatem
3347 4346 3604 4400 excolue-

343 4433 543 4496 κάλλος
579 4429 639 4486 εὖ
661 4433 1010 4502 ἠσκημένων.
1063 4430 1277 4486 Οὔκουν
1322 4449 1386 4500 γε
1448 4433 1481 4502 ὴ
1535 4433 1598 4484 ὲκ
1660 4434 1904 4487 τοιούτωι

2025 4457 2153 4502 runt
2178 4462 2241 4502 ac
2271 4456 2460 4500 ornate
2494 4446 2852 4510 scripserunt,
2883 4443 3060 4509 impar
3077 4439 3246 4494 videri
3273 4438 3460 4509 possit.
3487 4435 3603 4491 Non

343 4528 534 4598 ἀρχῶν
555 4527 802 4579 συστᾶσα
853 4525 1058 4596 φατρία
1089 4525 1317 4589 δικαίως
1351 4526 1418 4580 ἂν
1468 4525 1600 4595 ἁγία
1635 4526 1730 4579 τοῦ
1785 4525 1922 4581 Θεοῦ

352 4621 578 4674 καλοῖτο
615 4618 938 4688 Ἐκκλησία.

430 4710 575 4775 Ἔτι,
607 4710 706 4779 τῆς
732 4713 812 4774 εἰς
840 4710 940 4781 τὴν
969 4707 1322 4763 διδασκαλίαν
1372 4709 1601 4781 προόδου
1634 4710 1729 4776 καὶ
1751 4710 1924 4780 ἀρχῆς

347 4804 455 4873 τὴν
483 4802 707 4871 εἰρήνην
730 4803 758 4854 6
785 4799 976 4871 Σωτὴρ
1007 4801 1296 4870 προέταξε.
1327 4801 1511 4870 Φήσας
1544 4801 1652 4870 γὰρ
1706 4803 1926 4872 101:th-

348 4911 476 4959 τον,
517 4911 536 4944 ι
578 4891 819 4964 Εἰρήνην
885 4895 986 4963 τὴν
1040 4895 1179 4964 ἐμὴν
1229 4893 1423 4962 δίδωμι
1470 4894 1622 4962 ὑμῖν,
1663 4911 1683 4946 ι
1755 4893 1928 4948 ἔπειτ’

352 4987 577 5054 ἀπάγει,
617 5003 636 5038 ι
695 4984 896 5049 Καθὼς
951 4984 1260 5039 ἀπέσταλκέ
1330 5002 1397 5055 με
1436 4987 1462 5038 6
1521 4985 1733 5055 Πατὴρ,
1775 4988 1931 5055 κάγὼ

353 5077 564 5147 πέμπω
589 5077 756 5145 ὑμᾶς.
813 5093 831 5126 ι
881 5073 1120 5143 Φανερὺν
1173 5069 1268 5126 οὖν
1305 5073 1380 5136 ὼς
1437 5073 1471 5142 ἠ
1531 5072 1624 5124 τοῦ
1683 5074 1932 5141 Σωτῆρος

356 5172 552 5240 εἰρήνη
591 5169 775 5238 πάσης
812 5166 914 5238 τῆς
946 5167 1086 5220 κατά
1115 5165 1276 5234 λόγον
1313 5163 1726 5235 ἀρχιερωσύνης
1759 5181 1932 5234 προη-

358 5266 562 5331 γεῖται.
606 5261 746 5316 Ἀλλ’
786 5263 820 5331 ἡ
883 5261 991 5314 τῶν
1050 5257 1382 5329 Παλαμιτῶν
1438 5255 1663 5326 φατρία,
1715 5257 1780 5308 ἐκ
1837 5255 1933 5308 τοῦ

365 5356 616 5413 ιναντίου
677 5353 778 5425 τῆς
836 5355 1082 5424 εἰρήνης,
1143 5353 1384 5413 στάσεως
1421 5351 1518 5402 καὶ
1554 5348 1796 5419 ταραχῆς
1838 5349 1935 5418 τὴν

363 5448 544 5517 ἀρχὴν
574 5446 811 5517 εἰλήφειο
843 5444 1101 5506 ἐναντίως
1119 5440 1211 5495 οὖν
1246 5444 1310 5512 τῇ
1339 5438 1430 5494 τοῦ
1472 5438 1608 5492 Θεοῦ
1647 5438 1781 5508 ἀγίᾳ
1816 5439 1939 5492 Ἐκ-

366 5544 570 5616 κλησίᾳ.
594 5543 695 5614 τὴν
717 5542 892 5613 ἀρχὴν
928 5541 1186 5610 συνέστη.

444 5723 486 5753 ε·
518 5722 673 5773 Jeau.
708 5735 760 5780 κ,
805 5720 848 5772 I.
931 5720 974 5751 δ’
998 5716 1132 5772 Joan
1190 5733 1299 5781 τιν,
1333 5717 1422 5774 9.7.
1501 5719 1547 5750 ⁵³
1580 5717 1736 5775 Jean.
1773 5737 1863 5786 xx,
1891 5721 1984 5779 29..

2028 4543 2194 4612 igitur
2213 4542 2359 4613 quod
2395 4541 2592 4595 talibus
2619 4536 2915 4594 conﬂatum
2969 4534 3234 4602 auspiciis
3282 4533 3602 4587 sodalitium

2026 4646 2132 4701 est,
2163 4638 2356 4690 merito
2385 4646 2571 4691 sancta
2602 4633 2692 4687 Dei
2724 4633 2966 4686 Ecclesia
2995 4643 3238 4684 vocetur.

2099 4727 2388 4787 Praeterea.
2419 4725 2737 4778 ordinandas
2767 4723 3033 4776 doctrina:
3065 4719 3419 4788 iucundoque
3457 4719 3610 4789 prin-

2029 4816 2256 4885 cipatui,
2293 4815 2542 4870 Salvator
2566 4829 2752 4884 pacem
2791 4811 3073 4882 praemisit.
3096 4810 3232 4864 Cum
3293 4813 3439 4864 enim
3495 4812 3611 4880 pri-

2039 4924 2185 4961 mum
2215 4906 2445 4962 dixisset
2473 4923 2486 4960 :
2512 4905 2734 4960 «Parem
2767 4918 2941 4957 meam
2973 4903 3043 4957 do
3070 4903 3226 4957 vobis
3251 4905 3316 4966 τ’,
3363 4922 3381 4954 ι
3427 4913 3613 4971 postea

2041 5004 2227 5058 subdit
2261 5021 2274 5057 :
2297 5022 2314 5054 ι
2343 5001 2495 5056 Sicut
2526 5001 2673 5057 misit
2704 5016 2789 5054 me
2809 4998 2990 5064 Pater,
3010 5007 3064 5054 et
3079 5014 3178 5068 ego
3199 5000 3352 5053 mitto
3370 5016 3464 5053 vos
3485 5001 3549 5053 ⁵³.
3588 5018 3606 5052 ι

2042 5094 2386 5151 Manifestum
2414 5095 2574 5164 igitur
2594 5103 2700 5158 est,
2728 5091 3029 5147 Salvatoris
3068 5107 3277 5161 pacem,
3298 5093 3458 5145 .onmi
3506 5107 3616 5145 mc-

2042 5189 2147 5241 rito
2181 5187 2374 5256 praeire
2393 5187 2717 5242 sacerdotio.
2752 5185 2918 5255 Atqui
2952 5183 3344 5237 Palamiturum
3410 5183 3612 5238 sodali-

2044 5291 2147 5348 tas,
2178 5290 2366 5335 contra
2392 5294 2454 5334 ac
2485 5293 2515 5332 a
2545 5292 2696 5348 pace,
2730 5291 2758 5330 a
2789 5278 3056 5332 seditione
3085 5274 3431 5342 tumultuque
3458 5272 3613 5326 duxit

2043 5373 2328 5427 exordium
2365 5387 2380 5436 ;
2415 5353 2703 5426 contrariis
2731 5384 2860 5440 ergo
2915 5366 3006 5422 Dei
3071 5364 3325 5421 Ecclesia:
3377 5361 3620 5418 moribus

2046 5465 2225 5534 primo
2269 5461 2499 5518 conﬂata
2532 5473 2634 5518 est.
