4056 6266
550 236 652 300 707

618 352 1035 423 Adhrec,omnls
1062 353 1297 424 proditio
1352 367 1415 407 ac
1475 353 1739 422 nequitia,
1804 369 1930 407 cqu
1967 354 2111 407 inter
2142 354 2193 412 Δ

548 445 815 499 maximas
845 445 1153 513 reipublicae
1178 443 1403 512 injurias
1425 442 1730 511 damnaque
1752 452 2111 511 computetur,

546 534 901 605 gravissimis
954 536 1114 588 etiam
1140 534 1315 603 legum
1344 535 1518 603 poenis
1550 534 1861 602 subjicitur.
1892 535 2115 605 “legiti—

551 626 919 694 mumitaque,
945 625 1032 694 qui
1096 625 1174 679 sic
1204 641 1328 680 reus
1354 636 1622 688 teneatur,
1647 627 1712 680 ad
1743 626 1910 681 ullum
1935 627 2115 681 vocari

548 716 931 779 ministerium,
986 712 1250 782 langeque
1291 715 1463 784 magis
1506 714 1712 786 legibus
1731 714 2117 782 adversum,ut

548 806 766 860 divinus
796 804 865 856 illi
898 802 1236 873 principatus
1268 806 1542 859 credatur.

618 896 832 957 Adhuc,
864 908 1041 962 opera:
1071 893 1303 962 pretium
1334 902 1514 958 cst,ut
1537 894 1786 963 quisquis
1800 896 1864 947 ad
1887 894 2113 962 episco-

545 997 729 1056 patum
757 984 1171 1053 animarumque
1194 983 1565 1053 praefecturam
1594 996 1841 1055 vocatur,
1860 984 1948 1039 Dei
1970 985 2022 1040 in
2058 999 2118 1039 se

542 1077 908 1133 testimonium
936 1074 1298 1130 circumferat.
1332 1074 1385 1129 ld
1415 1085 1594 1131 autem
1652 1087 1782 1133 est:
1825 1096 1844 1129 ι
1900 1075 2112 1142 Justus,

542 1165 1056 1235 irreprehcnsibilis,
1086 1166 1153 1218 ab
1180 1167 1325 1218 omni
1356 1181 1413 1219 se
1438 1166 1579 1220 main
1607 1166 1993 1223 abstinens".;
2019 1167 2115 1222 Se-

542 1271 642 1309 cus
669 1272 791 1308 vero
827 1255 1100 1308 Palamitae
1117 1255 1219 1309 sibi
1251 1258 1455 1310 conscii
1492 1257 1625 1322 sint,
1648 1258 1916 1326 siquidem
1954 1266 2103 1312 recte

541 1350 727 1401 animo
755 1348 1000 1416 judicare
1018 1349 1209 1401 velint.
1252 1346 1389 1416 Ergo
1412 1349 1573 1402 etiam
1605 1348 1826 1419 indigne
1860 1358 2110 1405 sanctam

546 1437 640 1492 Dei
671 1437 967 1492 Ecclesiam
992 1438 1273 1507 arripuere
1304 1456 1318 1503 ;
1358 1453 1455 1492 nec
1484 1438 1599 1507 jam
1661 1440 1859 1495 merito
1923 1449 2115 1496 sancta

546 1525 640 1581 Dei
664 1523 898 1581 Ecclesia
917 1526 1144 1580 vocandi
1161 1527 1291 1591 sint,
1313 1528 1407 1581 sed
1434 1527 1592 1598 longe
1610 1530 1806 1597 potiori
1818 1527 1944 1599 jure
1969 1544 1999 1584 a
2020 1527 2113 1584 Dei

543 1617 783 1674 Ecclesia
819 1632 1068 1687 segrege-3
1100 1624 1154 1672 et
1182 1626 1441 1688 apostatae
1464 1618 1760 1675 audierint.
1872 1674 1879 1681 ,

1144 1819 1373 1876 CAPUT
1410 1820 1497 1879 iV.

547 1931 693 1985 Num
751 1940 935 2003 sancta
970 1930 1064 1985 Dei
1113 1931 1363 1994 Ecclesia,
1390 1948 1507 2003 qua:
1533 1932 1836 2003 priusquam
1859 1932 2120 2003 conﬂare-

616 2012 701 2073 tur
729 2019 760 2055 a
792 2002 974 2055 divina
1007 2015 1291 2073 sanctaque
1322 2002 1522 2071 synodo
1578 2002 1783 2073 abjecta
1800 2018 1876 2058 est
1904 2014 1952 2058 et
1984 2019 2119 2057 ana—

619 2071 840 2125 themati
897 2072 1116 2126 tradita.

624 2246 696 2302 Ut
734 2244 899 2314 igitur
930 2258 1049 2312 quae
1082 2243 1165 2299 sie'
1195 2243 1423 2311 turpiter
1459 2242 1686 2298 conflata
1726 2238 1983 2300 sodalitas
2013 2254 2116 2310 est,

546 2342 741 2391 nedum
764 2336 965 2406 quibus
998 2350 1061 2388 ex
1093 2334 1275 2389 causis
1332 2333 1562 2390 conﬂata
1615 2345 1707 2401 srt,
1766 2339 2116 2392 considerans

543 2428 730 2489 velint,
762 2427 959 2495 quibus
991 2427 1062 2480 sit
1085 2427 1464 2486 constitutum,
1496 2436 1557 2480 ut
1584 2441 1645 2480 ea
1710 2426 1928 2495 sapiant
1998 2442 2119 2496 quae

558 2513 763 2568 Christi
793 2522 921 2569 sunt
955 2532 968 2579 ;
996 2513 1093 2569 sed
1115 2522 1174 2569 ut
1209 2514 1388 2568 adhuc
1419 2514 1615 2582 majori
1642 2516 1910 2569 dedecore
1924 2516 2120 2570 habere

541 2619 665 2658 eam
693 2604 1140 2671 existimaverint,
1171 2619 1237 2659 ex
1270 2606 1351 2660 his
1381 2621 1604 2675 quoque
1627 2621 1746 2675 quae
1767 2613 1823 2661 et
1854 2615 1978 2660 ante
1992 2621 2119 2677 pro-

540 2687 823 2755 ditionem,
857 2691 913 2743 in
944 2691 1108 2746 illosa
1142 2707 1262 2746 vere
1296 2701 1483 2747 sancta
1517 2692 1609 2748 Dei
1669 2693 1913 2749 Ecclesia
1964 2705 2112 2765 gesta

542 2790 691 2846 sunt,
721 2781 1009 2851 pinnisque
1026 2784 1303 2852 irrogatis,
1330 2799 1499 2853 pauca
1521 2798 1586 2839 ex
1605 2787 1779 2841 sacris
1799 2786 1945 2842 illius
1965 2802 2120 2843 com-

542 2874 826 2929 mental-iis
848 2874 901 2928 in
939 2873 1175 2929 medium
1190 2877 1502 2944 producam.

616 2963 790 3016 Beatae
823 2964 991 3032 igitur
1021 2966 1411 3020 recordationis
1451 2982 1790 3037 magnusque
1807 2970 2118 3038 patriarcha

540 3067 608 3108 ac
631 3052 911 3108 confessor
930 3051 1163 3110 Joannes
1181 3055 1252 3125 (i)
1271 3056 1323 3109 in
1341 3057 1524 3112 multis
1552 3060 1766 3127 quidem
1785 3060 2121 3131 diversisque

545 3144 821 3213 synodicis
847 3145 961 3199 suis
1000 3147 1333 3207 actionibus,
1365 3145 1663 3215 Palamam,
1688 3165 1751 3206 ac
1768 3153 1859 3220 qui
1877 3167 2001 3207 cum
2020 3153 2113 3209 illo

547 3231 836 3295 sentirent.
861 3245 892 3285 a
923 3231 1125 3286 divinis
1171 3235 1704 3291 excommunicatum
1771 3224 2121 3312 ejectumﬁne

543 3321 733 3389 septis,
760 3322 1026 3376 sententia
1048 3321 1152 3376 lata
1174 3326 1561 3392 pronuntiavit.
1601 3329 1657 3383 In
1694 3331 2011 3388 defensione
2027 3348 2119 3388 au-

546 3422 652 3466 tem
685 3413 945 3466 adversus
966 3412 1365 3471 Latrocinalem
1393 3417 1541 3473 illam
1561 3422 1827 3490 synodum
1849 3424 2008 3495 cujus
2026 3441 2121 3481 ex-

551 3504 792 3567 ordium,
845 3504 1113 3575 Objict'unt
1150 3508 1465 3577 quidam,ut
1494 3525 1748 3580 suprema
1776 3515 1876 3569 viri
1911 3533 2119 3571 memo-

548 3609 658 3649 rem
697 3608 837 3650 recte
872 3596 1009 3652 facta
1043 3613 1106 3653 ac
1138 3600 1368 3655 merita:
1407 3601 1734 3661 «Palamitas
1767 3607 1968 3677 itaque,
2036 3610 2121 3663 in-

548 3685 685 3754 quit,
719 3686 865 3740 velut
892 3688 986 3756 qui
1009 3689 1293 3745 veritatem
1321 3691 1725 3750 calumnientur
1747 3697 1909 3769 eique
1942 3706 2123 3755 detra-

557 3776 710 3842 hant,
747 3792 1019 3847 pravequc
1046 3795 1111 3835 ac
1133 3789 1309 3838 astute
1331 3784 1528 3852 prioris
1573 3788 1767 3855 synodi
1821 3791 2121 3848 sententias

548 3876 792 3922 evertere
819 3878 1090 3938 satagant,
1147 3876 1724 3942 excommunicationi,
1778 3891 1902 3945 quae
1950 3888 2036 3933 est
2088 3892 2119 3933 a

554 3966 743 4011 sancta
776 3965 830 4010 et
852 3959 1301 4014 consubstantiali
1331 3971 1385 4015 et
1416 3964 1572 4017 beata
1598 3977 1663 4018 ac
1682 3963 1893 4019 viviﬂca
1939 3964 2121 4018 Trini-

550 4055 678 4111 tate,
712 4057 893 4102 nostra
928 4046 1278 4106 mediocritas
1311 4051 1537 4121 subjicit
1586 4053 1834 4124 dirisque
1890 4059 2120 4110 anathe-

548 4137 727 4203 matis,
753 4138 1107 4207 quoadusque
1138 4141 1469 4210 resipuerint
1502 4152 1558 4196 et
1583 4146 2030 4215 subscripserint,
2053 4163 2119 4206 ac

547 4226 783 4280 roliiessi
817 4228 1095 4283 veritatem
1128 4228 1350 4286 fuerint.
1382 4249 1401 4282 ι
1454 4230 1753 4303 Paucisque
1786 4236 2117 4304 interjectis:

554 4334 572 4364 ι
609 4314 966 4385 QuaprOpter,
986 4317 1160 4386 ipsum
1179 4334 1394 4389 quoque
1415 4319 1688 4378 Palamatn
1704 4333 1756 4379 et
1774 4325 1867 4394 qui
1885 4341 2009 4380 cum
2029 4327 2120 4381 illo

548 4404 810 4469 sentiunt,
840 4414 1175 4476 cunctosque
1194 4423 1328 4461 nova
1352 4409 1443 4462 illa
1468 4410 1719 4480 dogmata
1744 4412 2117 4482 defendentes,

550 4509 651 4546 nec
681 4494 769 4547 illa
798 4494 1124 4567 rejicientes,
1188 4499 1363 4559 eidem
1389 4502 1937 4563 excatnmunicationi
1958 4508 2128 4578 subji-

549 4584 775 4639 cimus.)

621 4811 726 4877 Qui
759 4826 887 4868 vero
916 4815 1026 4871 duo
1059 4831 1123 4871 ac
1152 4818 1341 4890 viginti
1375 4836 1602 4876 numero
1649 4824 1887 4894 episcopi
1951 4839 2117 4898 syno-

549 4903 681 4957 dum
716 4907 1025 4975 implevere,
1060 4924 1170 4964 uno
1190 4914 1494 4981 complexu,
1529 4926 1641 4970 tum
1670 4928 1797 4973 ante
1830 4918 1968 4985 illos,
2006 4930 2119 4972 tum

550 4993 686 5063 ipsis
713 4998 877 5051 sociis
918 4999 969 5051 in
1004 5015 1114 5054 rem
1138 5002 1352 5071 pietatis
1375 5016 1549 5074 gesta,
1609 5021 1767 5061 sacro
1795 5009 2122 5078 consignan-

553 5094 634 5140 tcs
671 5085 862 5151 'l'omo,
912 5104 975 5143 ac
1004 5091 1099 5160 qui
1150 5094 1301 5161 prius
1357 5099 1811 5152 excommunicati
1872 5098 2122 5167 fuissent,

552 5176 631 5229 uti
662 5178 963 5247 audivistis,
1002 5182 1309 5253 Palamitas,
1351 5186 1672 5255 proditionis
1728 5188 1953 5258 praemio
1995 5208 2115 5245 tnu-

553 5282 686 5323 nera
719 5282 1057 5341 consecutos,
1087 5291 1115 5328 a
1145 5276 1363 5332 Christo
1389 5280 1616 5349 ejusque
1641 5284 1789 5336 omni
1820 5284 2122 5338 sacerdotio

626 5446 671 5478 “
710 5446 818 5503 Tit.
856 5464 895 5513 ι,
926 5450 982 5503 8.

1724 238 2046 300 JOANNIS
2082 234 2637 301 CYPARISSIOTIE

2146 3019 2196 3083 Ο

3682 243 3784 311 708

2291 355 2435 421 Ἔτι,
2462 357 2617 411 πᾶσα
2666 354 2931 428 προδοσία
2975 356 3067 410 καὶ
3126 355 3380 427 πονηρία,
3417 356 3682 426 μέγιστον
3727 359 3786 415 ὃν

2218 446 2278 499 ὲν
2304 448 2419 511 τοῖς
2446 447 2728 519 δημοσίοις
2753 448 3023 517 ἀδίκημα,
3052 451 3167 510 τοῖς
3199 448 3388 519 νόμοις
3427 452 3511 514 είς
3565 450 3788 520 χείρους

2219 538 2506 593 ὑπόκειται
2541 538 2755 601 ποινάς.
2806 541 3133 610 Παράνομον
3207 541 3391 594 τοίνυν
3455 541 3550 593 τὸν
3612 541 3789 606 οὕτως

2218 628 2525 685 ὑπεύθυνον
2546 630 2641 683 ini
2674 648 2726 683 τι
2753 631 3143 702 λειτούργημα
3161 632 3352 687 καλεῖν
3370 647 3385 663 ⁸
3414 634 3600 703 πολλῷ
3645 636 3786 705 μᾶλ-

2218 720 2311 775 λον
2335 720 2806 794 παρανομώτερον
2827 724 3159 795 ἐγχειρίζειν
3187 726 3337 797 αὐτῷ
3357 726 3468 797 τὴν
3487 727 3605 781 τῶν
3630 726 3791 781 θείων

2214 811 2415 882 ἀρχήν-

2293 901 2417 953 Ἐτι
2455 901 2534 953 δεῖ
2562 902 2736 955 πάντα
2770 901 2863 954 τδν
2893 902 3032 971 πρὸς
3107 905 3527 976 ἀρχιερωσύνην
3590 909 3793 961 καλού-

2221 1005 2405 1058 μενον,
2447 992 2544 1044 καὶ
2573 989 2761 1061 ψυχῶν
2813 993 3175 1061 προστασίαν,
3213 995 3313 1065 τὴν
3341 996 3433 1049 τοῦ
3465 998 3606 1050 Θεοῦ
3643 1017 3796 1070 περι-

2218 1074 2409 1151 φέρειν
2436 1081 2615 1152 ἐαυτῷ
2684 1084 3029 1155 μαρτυρίαν·
3059 1089 3091 1155 η
3133 1087 3183 1140 δ’
3235 1089 3407 1155 ἐστὶν,
3462 1108 3481 1142 ι
3544 1089 3792 1158 Δίκαιος,

2219 1172 2531 1240 ἄμεμπτος,
2565 1175 2903 1243 ἀπεχόμενος
2929 1176 3037 1228 ἀπὸ
3066 1177 3270 1240 παντὸς
3296 1178 3567 1249 πονηροῦ.
3606 1196 3627 1232 ι
3661 1182 3797 1235 Τού-

2218 1263 2431 1315 ναντίον
2454 1264 2510 1316 δὲ
2538 1266 2648 1320 πᾶν
2675 1267 2724 1319 οί
2753 1265 3064 1336 Παλαμὴαι
3097 1272 3382 1338 συγγνοῖεν
3424 1271 3491 1325 ἀν
3555 1274 3794 1337 ἑαυτοῖς.

2219 1353 2275 1406 εί
2292 1371 2352 1420 γε
2380 1354 2654 1410 ἐθέλουσιν
2673 1372 2688 1388 ·
2723 1358 2958 1423 ἀναξίως
3005 1360 3112 1430 ἀρα
3133 1356 3227 1414 οὖν
3257 1362 3358 1414 καὶ
3382 1364 3483 1433 τὴν
3517 1365 3621 1417 τοῦ
3650 1366 3786 1419 Θεοῦ

2220 1446 2386 1512 ἁγίαν
2421 1447 2749 1518 Ἐκκλησίαν
2780 1449 3005 1519 ἔλαχονο
3039 1453 3134 1504 καὶ
3163 1453 3346 1505 οὐκέτ’
3399 1453 3466 1507 ἂν
3527 1450 3684 1510 οῦτοι
3716 1458 3795 1512 δι-

2218 1538 2389 1599 καίως
2415 1538 2550 1606 ἀγία
2596 1538 2692 1595 τοῦ
2732 1540 2868 1594 Θεοῦ
2910 1541 3220 1612 Ἐκκλησία
3269 1544 3560 1613 κληθεῖεν
3590 1549 3794 1616 μᾶλλον

2232 1629 2331 1699 μὲν
2354 1626 2448 1684 οὖν
2478 1631 2579 1702 τῆς
2609 1631 2704 1685 τοῦ
2733 1631 2867 1686 Θεοῦ
2893 1634 3223 1705 Ἐκκλησίας
3254 1638 3575 1703 ἀποστάτας
3590 1641 3796 1695 δικαιό-

2229 1738 2386 1792 τερον
2408 1724 2477 1778 ἀν
2502 1740 2587 1787 τις
2629 1724 2831 1790 αὐτοὺς
2858 1722 3003 1781 εῖναι
3035 1728 3193 1797 φαίη.

2817 1839 3071 1896 ΚΕΦΑΛ.
3096 1843 3170 1897 Δ’.

2218 1952 2288 2004 El
2318 1950 2453 2031 ἁγία
2486 1949 2789 2032 redegat“)
2839 1952 3396 2032 ἐστιν-Ἐκκλησία
3439 1958 3479 2025 ἠ
3519 1959 3622 2032 καὶ
3677 1961 3791 2032 πρὸ

2288 2020 2394 2095 τοῦ
2421 2019 2733 2095 συστῆναι
2767 2021 2929 2095 παρὰ
2956 2019 3270 2095 τῆςλθειαξ
3302 2024 3400 2081 καί
3430 2019 3596 2095 ιὲρᾶς
3643 2019 3793 2084 σόνο

2288 2088 2432 2212 όὸἐοιλ
2454 2091 2874 2156 καθαιρεθεῖσα
2899 2094 3002 2146 καί
3018 2088 3103 2159 τῷ
3125 2088 3449 2165 ἀνάθέματι
3472 2088 3783 2170 impasta;-

2290 2177 2329 2212 φ
2372 2176 2527 2212 εισα.

2287 2176 2527 2226 φυεισα.

2301 2272 2388 2335 Ὠς
2413 2272 2480 2326 ἂν
2512 2274 2697 2327 τοίνυν
2729 2274 2831 2344 τὴν
2860 2275 3037 2340 οὕτως
3067 2279 3313 2347 αἰσχρῶς
3362 2284 3649 2336 συστᾶσαν
3685 2301 3787 2351 φα-

2217 2363 2377 2430 τρίαν
2408 2362 2483 2431 μὴ
2518 2363 2679 2430 μόνον
2703 2364 2763 2429 ἐξ
2799 2366 2927 2420 οἴων
2954 2368 3068 2421 τῶν
3103 2369 3365 2439 ἀφορμῶν
3392 2373 3631 2440 συνέστη
3660 2391 3785 2426 σκο-

2220 2458 2343 2508 πεῖν
2379 2456 2619 2509 ἐθέλοιεν
2649 2457 2701 2510 οί
2732 2458 2802 2510 τὰ
2851 2460 2943 2511 τοῦ
2975 2461 3215 2528 Χριστοῦ
3247 2466 3471 2532 φρονεῖν
3526 2466 3786 2535 βουλόμε-

2220 2563 2324 2607 νοι,
2385 2546 2501 2599 ἀλλ’
2549 2547 2632 2601 ετι
2673 2547 3066 2618 ἀγεννέστερον
3121 2551 3267 2620 ἔχειν
3307 2554 3549 2621 ἡγοῖντο,
3598 2557 3695 2609 καὶ
3725 2556 3782 2621 ἐξ

2221 2630 2298 2690 ὧν
2324 2639 2443 2689 κατ’
2471 2637 2681 2702 αὐτῶν,
2721 2639 2816 2692 καὶ
2871 2641 2977 2709 πρὸ
3003 2639 3101 2695 τοῦ
3129 2643 3229 2711 τὴν
3283 2645 3572 2713 προδοσίαν
3602 2646 3782 2709 αὐτοῖς

2221 2729 2299 2790 είς
2328 2728 2490 2800 ἔργον
2542 2729 2791 2799 ἐκϐῆναι,
2864 2732 3017 2801 παρά
3062 2733 3163 2803 τῆς
3206 2735 3422 2805 ἀληθῶς
3476 2737 3635 2804 ἁγίας
3685 2735 3777 2789 τοῦ

2223 2817 2360 2870 Θεοῦ
2432 2818 2761 2891 Ἕκκλησίας
2821 2822 3166 2891 πέπρακται,
3236 2825 3392 2892 ὀλίγα
3452 2828 3562 2879 τῶν
3621 2826 3779 2896 ίερῶν

2223 2908 2439 2978 ἐκείνης
2468 2909 2879 2981 ὑπομνημάτων
2904 2914 2982 2977 είς
3008 2914 3172 2983 μέσον
3194 2917 3410 2985 ἀγάγω.

2307 3004 2365 3055 Ὀ
2391 3004 2491 3073 μὲν
2522 3004 2617 3058 οὖν
2648 3006 2961 3076 μακαρίτης
2987 3008 3082 3062 καὶ
3106 3008 3281 3079 μέγας
3340 3011 3398 3065 ἑν
3422 3010 3773 3082 πατριάρχας

2222 3092 2250 3143 ό
2292 3091 2631 3163 ὁμολογητὴς
2657 3092 2909 3163 Ἰωάννης
2942 3097 3002 3149 ιν
3052 3097 3276 3161 πολλαῖς
3330 3100 3433 3170 μὲν
3474 3103 3566 3154 καὶ
3596 3101 3768 3167 διαφόέ

2224 3201 2337 3255 ροις
2370 3184 2537 3238 αὑτοῦ
2571 3187 2873 3250 συνοδικοῖς
2900 3189 3164 3258 πράξεσιν
3203 3193 3583 3263 ἀποκήρυκτον
3610 3190 3759 3243 θείων

2221 3274 2524 3345 περιϐόλων
2554 3276 2875 3347 ἀπεφήνατο
2911 3279 3202 3348 Παλαμᾶν,
3242 3283 3340 3335 καὶ
3368 3284 3491 3345 τοὺς
3535 3295 3761 3351 συμφρο-

2222 3365 2445 3428 νοῦντας
2480 3365 2628 3436 αύτῷ
2650 3384 2664 3398 ·
2694 3368 2751 3420 ἐν
2778 3367 2833 3421 δὲ
2859 3370 2926 3439 τῇ
2979 3369 3117 3439 πρὸς
3155 3371 3255 3441 τὴν
3289 3372 3583 3444 λῃστρικὴν
3634 3371 3767 3427 ὲκεί-

2220 3471 2319 3524 νην
2350 3457 2565 3511 σύνοδον
2593 3458 2880 3531 ἀπολογίᾳ,
2931 3456 3000 3534 ἦς
3045 3463 3075 3532 ἠ
3122 3466 3287 3535 ἀρχὴ,
3335 3462 3769 3532 Προϐἁλλογταί

2220 3561 2403 3609 τινες,
2434 3564 2453 3598 ι
2491 3545 2578 3599 ἵνα
2602 3549 2668 3600 τά
2694 3549 2978 3602 τελευταῖα
3007 3551 3227 3621 τάνδρὸς
3241 3554 3571 3624 ἀναμνησθῶ
3595 3568 3771 3623 κατορο

2223 3637 2452 3706 Θὼματα
2485 3657 2500 3672 ο
2538 3658 2557 3691 ι
2598 3640 2736 3704 Τοὺς
2789 3642 3107 3713 Παλαμίτας
3164 3644 3280 3709 οῦν,
3318 3663 3337 3697 ι
3391 3649 3577 3717 φησὶν,
3633 3664 3652 3697 ι
3699 3646 3770 3707 ὼς

2223 3730 2697 3797 συκοφαντοῦντας
2772 3736 2866 3785 καὶ
2904 3734 3293 3800 διαϐάλλοντας
3351 3737 3454 3807 τὴν
3498 3738 3766 3807 ἀλήθειαν,

2221 3820 2319 3873 καὶ
2354 3821 2584 3886 σκολιῶς
2628 3823 2723 3875 καὶ
2772 3825 3099 3894 πανούργως
3140 3828 3471 3898 ἀνατρέπειν
3516 3828 3775 3899 πειρωμέ-

2221 3930 2352 3976 νους
2380 3913 2479 3975 τὰς
2504 3913 2607 3982 τῆς
2641 3913 2870 3984 πρώτης
2903 3916 3126 3970 συνόδου
3180 3921 3510 3987 ἀποφάσεις,
3555 3918 3628 3988 τῷ
3672 3920 3773 3971 ἀπὸ

2220 4004 2320 4073 τῆς
2351 4004 2515 4072 ἁγίας
2536 4007 2632 4058 καί
2664 4007 2953 4075 ὁμοουσίου
2987 4010 3083 4061 καὶ
3106 4010 3383 4080 μακαρίου
3410 4012 3506 4065 καὶ
3544 4012 3775 4079 ζωαρχι-

2221 4096 2323 4166 κῆς
2357 4097 2586 4166 Τριάδος
2614 4097 2906 4167 ἀφορισμῷ
2934 4100 2965 4170 ἡ
3014 4104 3308 4172 μετριότης
3341 4103 3495 4173 ἡμῶν
3541 4102 3776 4155 miluno-

2223 4186 2428 4253 ϐάλλει,
2463 4189 2557 4241 καὶ
2591 4191 2702 4260 ἀρᾷ
2763 4190 3129 4258 ἀναοέματος,
3166 4193 3271 4253 ἕως
3304 4194 3370 4247 ἂν
3409 4196 3777 4263 μετανοήσωσι

2222 4279 2318 4331 καὶ
2371 4279 2725 4348 ὲπιγράφωσι
2762 4280 2855 4334 καὶ
2904 4282 3283 4352 ὁμολογήσωσι
3315 4288 3413 4353 τὴν
3440 4285 3717 4354 ἀλήθειαν.
3754 4302 3773 4334 ι

2155 4369 2197 4422 D
2228 4369 2336 4420 Καὶ
2368 4368 2509 4437 μετά
2532 4388 2651 4422 τινα
2679 4389 2691 4401 ·
2734 4390 2751 4423 ι
2783 4372 2860 4425 Δι’
2916 4372 2953 4426 ἀ
3014 4378 3107 4427 καὶ
3147 4374 3310 4427 αὑτὸν
3361 4377 3454 4429 τὸν
3503 4376 3780 4445 Παλαμᾶν,

2226 4463 2320 4514 καὶ
2345 4462 2469 4523 τοὺς
2497 4462 2805 4532 ὁμόφρονας
2832 4466 2982 4534 αὐτῷ
3034 4467 3127 4520 καὶ
3159 4468 3367 4531 πάντας
3425 4470 3553 4532 τοὺς
3586 4469 3782 4523 διεκδι·

2226 4551 2457 4614 κοῦντας
2505 4551 2575 4604 τὰ
2630 4553 2851 4604 τοιαῦτα
2919 4558 3227 4624 καινοφανῆ
3278 4559 3526 4627 δόγματα
3561 4560 3654 4613 καὶ
3709 4558 3783 4627 μὴ

2225 4642 2696 4714 ἀποϐαλλομένους
2721 4648 2887 4716 αύτά,
2918 4648 2998 4718 τῷ
3031 4649 3181 4718 αύτῷ
3205 4651 3497 4721 ἀφορισμῷ
3554 4652 3786 4704 καθυπέ-

2228 4734 2410 4788 ϐαλεν.
2445 4755 2463 4787 ι

2288 4829 2348 4880 Οἱ
2377 4826 2672 4896 δ’ὕστερον
2724 4829 2817 4881 ἐπὶ
2846 4828 2966 4882 δυσὶ
3024 4832 3120 4884 καὶ
3165 4832 3342 4886 εἴκοσι
3399 4832 3499 4900 τὴν
3564 4832 3783 4888 σύνοδον

2221 4917 2664 4986 ἀποπληροῦντες
2716 4921 3021 4991 ἀρχιερεῖς,
3053 4921 3432 4991 συλληπτικῶς
3462 4923 3535 4978 τά
3584 4939 3644 4975 τε
3680 4922 3783 4988 πρὸ

2224 5009 2405 5061 αὐτῶν
2437 5010 2576 5081 ὑπὲρ
2641 5012 2740 5081 τῆς
2803 5014 3087 5077 εὐσεϐείας
3140 5015 3478 5084 πραχθέντα,
3541 5015 3635 5070 καὶ
3671 5011 3784 5084 μετ’

2226 5100 2406 5153 αὐτῶν
2449 5103 2529 5165 εἰς
2562 5102 2707 5171 ἱερὸν
2768 5104 3254 5176 ἑπισημειούμενοι
3286 5108 3467 5176 Τόμον
3521 5109 3617 5162 καὶ
3661 5107 3788 5168 τοὺς

2184 5246 2187 5253 ,
2223 5194 2488 5264 πρότερον
2532 5193 2909 5267 ἐκκηρύκτους
2932 5197 3112 5263 ὄντας,
3151 5198 3227 5262 ὡς
3261 5200 3579 5267 ὴκηκόειτε,
3608 5198 3786 5255 Παλα-

2230 5284 2417 5355 μίτας,
2452 5280 2617 5341 ἆθλον
2667 5286 2957 5357 προδοσίας
2996 5290 3092 5358 τὰς
3144 5289 3508 5360 ἀρχαιρεσίας
3554 5305 3786 5361 κομισα-

630 5629 692 5698 (I)
717 5628 954 5685 Joannes
986 5632 1297 5701 patriarcha
1344 5635 1621 5695 Palautitis
1668 5638 1945 5708 infensus;
1978 5651 2106 5709 puto
2135 5644 2361 5713 Bcccus,
2398 5661 2504 5701 non
2530 5648 2556 5700 ό
2589 5645 2819 5709 Γλύκυς.
