4056 6266
337 308 456 374 70)

1058 306 1694 370 PALAMITICARUM
1726 306 2475 371 TRANSGRESSIONUM
2511 306 2766 373 LIBER.

3466 311 3579 381 710

331 424 554 492 μένους,
613 414 855 487 Χριστοῦ
897 432 983 482 τε,
1026 418 1123 472 καὶ
1183 420 1286 485 τῆς
1341 415 1464 472 κατ’
1505 416 1669 471 αὑτὸν
1719 417 1904 488 πάσης

2008 416 2407 487 abscindeutes,
2431 435 2531 476 nec
2556 436 2662 476 non
2688 420 2911 490 paribus
2934 436 3032 479 eos
3060 426 3311 483 censuris
3362 432 3569 497 plenis-

329 512 634 585 ἱερωσύνης
660 512 1044 574 ἐκκόπτοντες,
1077 509 1170 563 καὶ
1202 512 1319 572 τοῖς
1370 512 1509 573 ῐσοις
1549 509 1748 574 αὑτοὺς
1796 526 1901 563 κα-

328 606 766 666 θυποόάλλοντες
796 601 1120 674 ἐπιτιμίοις,
1149 600 1294 655 οὑτω
1346 603 1514 670 φασὶν
1561 604 1620 657 ἐν
1670 602 1900 674 Πράξει,

325 696 392 771 ἧς
425 701 457 770 ἡ
492 698 662 769 ἀρχὴ,
689 697 1039 759 Ἀκούσατε,
1091 694 1279 765 φυλαὶ
1310 694 1421 764 τῆς
1448 694 1565 765 τῆς
1588 697 1684 750 καὶ
1711 697 1903 766 γλῶσ.

329 808 436 846 σαι
468 807 481 821 ο
527 810 544 844 ι
581 790 693 844 Καὶ
728 786 954 858 πρῶτον
980 785 1184 841 αὐτίκα
1213 784 1309 837 τὸν
1356 786 1440 846 εἰς
1473 786 1784 857 ὑποψήφιον
1806 803 1898 839 τε·

331 883 527 937 λοῦντα
573 883 672 949 τῆς
705 878 1020 949 ἁγιωτάτης
1075 876 1463 949 μητροπόλεως
1509 877 1900 947 Μονεμὸασίας

344 975 620 1044 Ἰσίδωρον
691 971 993 1041 πειρῶνται
1052 971 1161 1023 τῶν
1202 969 1297 1024 τοῦ
1357 968 1597 1038 Παλαμᾶ
1650 969 1746 1022 καὶ
1800 967 1902 1032 τῆς

336 1067 547 1120 ἐκείνου
583 1063 892 1136 συμμορίας
932 1063 1243 1128 ἀποστῆσαι
1286 1062 1603 1131 δογμάτων.
1635 1056 1745 1113 Ἦν
1787 1058 1900 1129 γὰρ

334 1158 400 1225 δὴ
441 1157 535 1210 καὶ
561 1150 716 1217 οὗτος
741 1140 822 1217 εἷς
854 1154 964 1207 τῶν
989 1154 1057 1205 τὰ
1088 1153 1301 1206 ἐκείνου
1332 1151 1697 1223 φρονούντων,
1728 1149 1777 1202 εί
1805 1149 1900 1203 καὶ

335 1249 512 1302 λαϐὼν
557 1250 672 1310 ταῖς
706 1247 1124 1318 ἀρχιερατικατς
1156 1244 1401 1299 ὑπέπεσε
1447 1243 1672 1312 ψήφοις.
1720 1239 1899 1294 Ἀντί-

331 1357 504 1392 τύπον
548 1339 604 1393 δὲ
638 1338 731 1391 καὶ⁹
763 1336 955 1392 τοῦτον
978 1335 1277 1406 εὑρηκότες
1308 1335 1404 1389 καὶ
1439 1331 1724 1394 παντελῶς
1744 1331 1901 1386 ἀνέν-

328 1429 500 1495 δοτον,
537 1428 629 1485 τοῦ
661 1427 807 1499 ίεροῦ
839 1420 1167 1482 ἐκϐάλλουσι
1202 1426 1468 1495 βήματος,
1513 1439 1894 1492 παρεσκεύασα

332 1522 495 1591 μένον
524 1521 627 1590 ηδη
660 1520 1103 1589 συλλειτουργεῖν
1160 1519 1501 1589 πατριάρχῃ.
1539 1511 1670 1568 Εἶτα
1695 1516 1791 1568 καὶ
1818 1515 1899 1577 είς

328 1611 510 1680 κρίσιν
537 1610 814 1666 καλοῦσιν.
864 1608 923 1661 ὐ
941 1609 996 1661 δέ
1032 1605 1285 1677 φανερῶς
1322 1604 1668 1674 ὁμολογήσας
1696 1602 1799 1654 οὑκ
1832 1600 1901 1654 ἂν

330 1703 659 1774 αἱρήσεσθαι
699 1701 768 1755 τά
792 1701 1041 1765 ἐκείνων,
1081 1700 1220 1754 ἀλλά
1252 1698 1345 1751 καὶ
1386 1697 1487 1766 τὴν
1527 1695 1708 1765 ψυχὴν
1763 1709 1900 1764 προ-

2004 521 2113 576 que
2137 509 2532 578 mancipantes,
2568 511 2853 579 sio‘aiunt,
2889 511 2942 568 in
2967 516 3202 583 actione,
3232 523 3393 587 cujus
3410 536 3576 575 exor-

2002 600 2149 655 dium
2189 618 2204 655 :
2238 601 2431 657 Audite
2463 602 2633 657 tribus
2664 613 2818 659 terra:
2847 615 2895 660 et
2919 605 3113 675 [inputa
3138 622 3157 661 :
3194 610 3301 664 «Ac
3336 612 3573 678 primum

1999 693 2212 759 statim,
2236 695 2594 749 sanctissimae
2622 694 3013 753 Monembaseze
3044 702 3407 770 metropoleos
3452 703 3576 758 suf-

2002 782 2312 857 fraganeum
2338 788 2684 844 exsistentem
2709 784 2997 856 lsidof'um,
3025 807 3054 846 a
3081 791 3331 857 Palamaa,
3348 792 3580 863 ejusq'e

2001 877 2255 933 factionis
2290 893 2356 933 ac
2382 879 2766 947 partiariornm
2794 881 3062 951 dogmatis
3083 898 3311 937 avocare
3371 900 3578 939 conan-

2002 978 2112 1026 tur.
2174 968 2301 1023 Erat
2326 972 2468 1023 enim
2500 970 2546 1025 is
2575 987 2793 1040 quoque
2819 988 2959 1027 unus
2985 988 3174 1028 eorum
3196 976 3288 1045 qui
3322 976 3468 1031 illius
3518 992 3579 1031 e-

2001 1068 2126 1114 rant
2148 1060 2441 1129 opinionis,
2466 1079 2779 1132 quanquam
2807 1063 3145 1133 imprudens,
3168 1067 3575 1135 episcopalibus

2002 1151 2270 1207 obnoxius
2305 1152 2481 1208 factus
2508 1155 2797 1210 sententiis
2848 1166 2950 1210 est.
3007 1140 3385 1213 Reluctantem
3446 1174 3577 1214 vero

2002 1241 2151 1298 illum
2186 1241 2475 1313 innexique
2499 1260 2724 1315 prorsus
2759 1248 2927 1302 animi
2982 1263 3046 1303 ac
3108 1250 3373 1319 propositi
3439 1265 3566 1305 cum

2002 1328 2357 1401 invenissent,
2393 1350 2424 1388 e
2449 1350 2609 1390 sacro
2641 1336 2897 1394 tribunali
2918 1338 3441 1408 eiiciunt,‘cumjam
3468 1356 3569 1409 pa-

2002 1431 2154 1478 ratus
2186 1433 2331 1478 esset
2354 1438 2478 1478 cum
2512 1426 2822 1493 patriarcha
2849 1443 2960 1482 rem
2986 1444 3199 1485 sacram
3228 1429 3408 1485 facere
3437 1444 3577 1485 una-

2002 1529 2110 1583 que
2144 1515 2439 1570 celebrare.
2481 1515 2682 1573 Deinde
2707 1519 2871 1576 etiam
2934 1521 3002 1575 ad
3033 1521 3296 1591 judicium
3351 1532 3573 1579 vocant.

2001 1604 2052 1659 ls
2073 1620 2224 1672 vero,
2257 1606 2434 1676 palam
2458 1607 2762 1678 professus,
2794 1627 3072 1681 nunquam
3108 1628 3327 1683 se,qua:
3359 1612 3580 1668 illorum

2000 1711 2204 1766 essent,
2241 1713 2609 1772 recepturum,
2639 1705 2772 1775 quin
2828 1716 2883 1761 et
2916 1707 3152 1759 animam
3185 1707 3362 1775 potius
3412 1706 3585 1761 tradi-

330 1761 514 1848 δοῦναι
551 1794 694 1864 μετά
722 1792 825 1864 τῆς
874 1761 1231 1861 Ἐκκλησίας,
1282 1789 1314 1858 ἢ
1365 1761 1699 1858 dubitemve;
1746 1761 1894 1854 γενέ-

2008 1761 2260 1847 ιυιιιηιέι
2284 1761 2606 1861 Ecclesiam,
2633 1761 2796 1865 quam
2827 1803 2889 1850 ut
2908 1812 2936 1849 a
2969 1761 3199 1851 Palama-
3238 1797 3581 1867 dissentiret,

333 1886 457 1939 σθαρι
481 1885 558 1955 τῷ
592 1885 851 1955 Παλαμᾷ,
880 1886 931 1937 εί
953 1900 1036 1948 τις
1070 1883 1335 1952 βιάσαιτοο
1361 1881 1688 1950 ἀπαρνεῖται
1711 1878 1897 1946 ἀρχιε-

2008 1886 2046 1942 ti
2071 1900 2191 1955 quae
2216 1884 2294 1940 illi
2329 1887 2410 1941 vis
2444 1887 2815 1954 adhiberetur,
2871 1891 3164 1955 pontificali
3187 1892 3431 1960 dignitati
3491 1908 3581 1947 re-

332 1978 579 2053 ρωσύνην
611 1980 701 2032 καὶ
724 1977 1045 2046 ἐκκλησίαν,
1095 1970 1163 2046 ἧς
1186 1971 1539 2042 ἐπεκηρύχθη
1569 1968 1894 2030 ἐπίσκοπος⁶

2008 1978 2236 2045 nuntiat,
2266 1985 2320 2031 et
2357 1975 2629 2044 Ecclesiae,
2657 1981 2744 2033 cui
2774 1978 3071 2049 Episcopus
3103 1980 3276 2036 fuerat
3306 1984 3577 2038 σοηεῑῖιιισ

330 2070 526 2125 οὑκοῦν
567 2073 662 2124 καὶ
703 2069 1024 2139 καθαιρέσει
1067 2066 1319 2135 συνοδικῇ
1380 2061 1785 2118 ὑποϐάλλεταιο
1820 2059 1897 2120 ὡς

2008 2074 2109 2120 lus.
2140 2064 2327 2133 Itaque
2346 2064 2513 2120 etiam
2537 2066 2812 2137 synodica
2829 2068 3157 2136 depositioni
3177 2070 3483 2140 subjicitur,
3506 2076 3582 2130 ita

331 2163 428 2215 καὶ
456 2162 597 2230 μετὰ
619 2161 816 2232 μικρὸν
843 2159 1294 2233 χειροτονηθῆναι
1319 2156 1418 2227 τῆς
1444 2153 1720 2225 λαχούσης
1738 2150 1899 2205 αὑτδν

2008 2160 2061 2207 ut
2077 2154 2237 2221 paulo
2258 2164 2379 2223 p05t
2394 2153 2533 2209 alius
2554 2155 2898 2211 ordinaretur
2914 2156 3034 2225 ejus
3056 2156 3311 2214 Ecclesiae
3354 2164 3579 2232 pruasul,

330 2250 538 2319 ἕτερον.
582 2268 601 2301 ι

414 2343 472 2394 Ὀ
508 2341 562 2393 δέ
593 2358 655 2410 γε
680 2339 920 2411 ἀρχηγὸς
943 2338 1038 2392 xui.
1068 2333 1382 2405 προστάτης
1408 2331 1517 2386 τῶν
1537 2327 1902 2401 βλασφημιῶν

334 2433 616 2501 Παλαμᾶς,
671 2430 738 2483 τὰ
779 2430 867 2482 ἴσα
894 2428 988 2481 καὶ
1014 2426 1173 2489 αὐτὸς
1202 2425 1340 2497 μετά
1367 2427 1465 2493 τῆς
1503 2423 1778 2492 ἑταιρείας
1806 2423 1901 2476 αὐ-

333 2523 426 2577 τοῦ
458 2520 895 2592 καταψηφισθεὶς
921 2518 1068 2589 (οὔτε
1096 2518 1206 2589 γὰρ
1245 2517 1345 2587 τῆς
1394 2515 1697 2579 ἐνστάσεως
1738 2511 1905 2566 ἐνεδί-

334 2617 450 2681 δου,
476 2613 588 2669 οὔθ’
617 2608 865 2667 ὁπωσοῦν
896 2611 1138 2681 καθυφίη
1172 2611 1273 2681 τῆς
1293 2610 1488 2676 ἀλόγου
1542 2605 1903 2675 ἀδολεσχίας),

333 2708 668 2777 ἐκκήρυκτος
696 2705 795 2773 τῆς
841 2701 1165 2774 Ἐκκλησίας
1193 2699 1328 2753 Θεοῦ
1359 2700 1453 2752 καὶ
1480 2696 1783 2767 ἱερωσύνης
1814 2696 1904 2763 γί·

335 2811 506 2861 νεται,
533 2792 608 2857 ὥς
634 2808 696 2859 γε
727 2791 961 2861 ξδιέξεισι
1013 2790 1083 2843 τὰ
1112 2790 1234 2844 κατ’
1281 2787 1462 2843 αὑτῶν
1514 2787 1904 2857 ὑπομνήματα,

337 2885 726 2958 σεσημασμένα
754 2883 860 2936 ὑπό
896 2899 954 2935 τε
981 2881 1081 2937 τοῦ
1125 2882 1245 2935 τότε
1299 2878 1759 2951 πατριαρχοῦντος
1808 2880 1908 2950 τῆς

336 2977 614 3048 βασιλείας
642 2975 752 3029 τῶν
780 2975 1006 3039 πόλεων,
1035 2973 1144 3028 ὑπό
1170 2991 1230 3026 τε
1264 2972 1357 3026 τοῦ
1388 2971 1525 3026 Θεοῦ
1558 2972 1763 3034 πόλεως
1795 2969 1912 3025 ’Δν-

2000 2262 2163 2316 quam
2187 2246 2278 2302 ille
2309 2256 2452 2302 esset
2489 2255 2700 2302 nactus.

2071 2336 2173 2402 Qui
2202 2338 2381 2393 autem
2402 2336 2865 2405 blasphemiarum
2894 2354 3101 2408 auspex
3133 2351 3276 2396 esset
3308 2357 3371 2395 ac
3419 2343 3565 2397 Prai-

2003 2440 2093 2484 ses
2144 2424 2414 2489 Palamas,
2501 2424 2618 2494 ipse
2670 2441 2887 2495 quoque
2932 2429 3048 2496 pari
3093 2444 3219 2483 cum
3296 2431 3582 2497 sodalibus

2003 2521 2235 2576 innexus
2284 2517 2553 2574 sententia
2618 2518 2835 2588 (quippe
2890 2533 3016 2575 cum
3098 2521 3234 2591 nihil
3316 2523 3584 2593 pugnacis

2004 2608 2171 2664 animi
2222 2608 2578 2663 obnitentiam
2659 2610 2981 2675 remitteret,
3030 2594 3103 2666 ac.
3149 2613 3233 2668 vel
3286 2615 3575 2670 minimum

2007 2702 2271 2757 absonam
2314 2701 2681 2769 nugacitatem
2736 2716 2800 2756 ac
2843 2704 3215 2770 garrulitatem
3284 2707 3583 2779 minueret)

2006 2792 2075 2847 ab
2107 2791 2350 2847 Ecclesia
2374 2788 2469 2845 Dei
2492 2804 2558 2845 ac
2581 2791 2887 2847 sacerdotio
2922 2793 3225 2858 abdicatur,
3256 2799 3331 2851 uti
3353 2808 3585 2854 narrant

2008 2880 2210 2952 scripta
2229 2881 2286 2936 in
2314 2894 2410 2937 eos
2453 2881 2871 2945 commentaria,
2934 2882 3095 2952 regiae
3145 2884 3297 2939 urbis
3350 2887 3586 2956 patriar-

2010 2972 2144 3038 cha,
2184 2985 2284 3027 nec
2314 2986 2419 3027 non
2476 2968 2816 3040 Theopoleos
2850 2972 3174 3035 Antiochia.
3210 2975 3585 3047 singulorum-

338 3069 594 3139 τιοχείας,
618 3069 836 3122 καὶτῶν
865 3066 988 3120 καθ’
1008 3068 1237 3121 ἕκαστον
1263 3065 1589 3139 ἀρχιερέων,
1613 3064 1722 3118 τῶν
1735 3081 1793 3117 τε
1813 3064 1908 3117 νῦν

2011 3079 2120 3133 que
2153 3064 2561 3134 episcOporum,
2623 3071 2737 3118 tum
2796 3064 2890 3133 qui
2945 3079 3094 3121 nunc
3144 3066 3233 3123 hic
3285 3077 3593 3138 praesentes

339 3160 523 3231 ἐνθάδε
554 3162 853 3231 παρόντων,
888 3160 981 3212 καὶ
1014 3157 1122 3212 τῶν
1150 3159 1229 3221 είς
1256 3158 1351 3221 τὰς
1374 3154 1647 3227 λαχούσας
1696 3155 1903 3213 ίόντων.

334 3226 550 3306 Ῐίνεται
576 3226 675 3320 μέν
712 3249 887 3313 οὑτως
919 3252 953 3321 ἡ
989 3249 1195 3310 τούτων
1220 3226 1537 3318 καθαίρεσις
1560 3246 1654 3300 καὶ⁵
1682 3246 1905 3316 ἐπίσχε-

340 3361 423 3406 σις
454 3343 550 3396 καὶ
586 3343 757 3413 ἀργία
784 3356 798 3372 σ
837 3343 888 3395 ει
911 3340 1006 3395 καὶ
1058 3339 1226 3411 μηδὲν
1278 3336 1615 3411 ἡγησάμενοι
1658 3336 1756 3407 τὴν
1784 3337 1907 3389 ἐπιο

336 3436 578 3507 τίμησιν,
611 3434 918 3505 ἀπείχοντο
943 3435 1039 3503 τῆς
1067 3431 1388 3504 ίερωσύνης,
1439 3429 1727 3502 τολμηρῶς
1772 3431 1908 3487 ἀνα-

338 3528 595 3599 φέροντες
623 3527 720 3591 τάς
748 3525 1014 3597 μυστικὰς
1044 3526 1102 3578 ἐν
1131 3522 1433 3596 ἀποκρύφῳ
1464 3524 1678 3589 θυσίας.

409 3800 482 3854 Τὸ
501 3799 549 3855 δ’
577 3796 725 3869 ἑξῆς,
755 3795 978 3867 εἰρήνης
1008 3792 1174 3864 οῦσης
1229 3793 1297 3863 τῇ
1349 3788 1445 3844 τοῦ
1476 3788 1615 3844 Θεοῦ
1678 3786 1908 3856 Ἐκκλη-

341 3896 450 3968 σία,
480 3893 575 3948 καὶ⁵
602 3891 680 3962 τῷ
711 3890 869 3961 μέρει
894 3891 1069 3957 τούτῳ
1093 3886 1202 3941 τῶν
1240 3884 1580 3956 πραγμάτων
1607 3880 1907 3953 ἡσυχαζόν-

338 4005 468 4050 των,
503 3983 707 4055 σφοδρά
731 4000 813 4047 τις
847 3981 1091 4035 ἀντιπνεῖ
1130 3978 1355 4048 λαῖλαψ,
1397 3979 1463 4031 ἐκ
1488 3977 1597 4029 τῶν
1647 3975 1741 4028 τοῦ
1798 3972 1907 4027 Σα-

339 4078 476 4148 τανᾷ
502 4072 829 4146 πνευμάτων
856 4070 1247 4142 ἐκφυσηθεῖσα,
1298 4072 1392 4123 καὶ
1439 4066 1548 4122 πᾶν
1605 4066 1907 4138 ἀνατρέπει

341 4169 435 4222 καὶ
471 4165 792 4235 μετατίθησι
824 4162 904 4226 είς
934 4159 1177 4215 κλύδωνα
1200 4158 1435 4229 χαλεπόν
1466 4172 1481 4187 ο
1536 4154 1629 4208 καὶ
1666 4155 1791 4217 τοὺς
1813 4150 1907 4205 οὖ-

340 4279 417 4314 τω
447 4258 798 4328 βλασφήμους
820 4255 1213 4319 ἀναφανέντας,
1248 4249 1373 4312 τοὺς
1419 4245 1593 4308 οὕτως
1628 4244 1909 4314 ’ἀληθείας

341 4351 592 4421 ἐχθροὺς,
614 4348 708 4399 ἐπὶ
735 4344 844 4398 τῶν
878 4343 1108 4412 πρώτων
1136 4337 1335 4391 οἰάκων
1361 4335 1571 4399 καθίζει
1607 4348 1623 4367 ο
1686 4332 1783 4385 καὶ
1834 4332 1909 4383 la-

345 4440 606 4515 ρουργοὺς
631 4437 756 4500 τοὺς
776 4436 1014 4507 ἀρρητου
1024 4433 1185 4502 ργοὺς
1202 4427 1562 4491 ἀναδείκνυσι,
1590 4427 1683 4479 καὶ
1703 4424 1908 4495 δογμά-
1944 4453 1989 4510 υ

339 4552 449 4590 των
479 4531 787 4604 προστάτας
816 4526 942 4588 τοὺς
970 4523 1277 4584 ἀποστάτας
1300 4536 1315 4554 ο
1344 4523 1438 4575 καὶ
1483 4519 1669 4590 ψυχῶν
1704 4516 1911 4571 οἰκονό-

344 4641 503 4696 μους,
538 4622 659 4681 τοὺς
690 4618 1064 4688 παρανόμους.

413 4712 619 4775 Πολλὰς
647 4711 693 4764 δ’
726 4710 863 4779 ἔχων
884 4706 1252 4760 ἐπιδεικνύναι
1278 4702 1386 4754 τῶν
1422 4716 1483 4754 τε
1548 4697 1909 4770 πατριαρχῶν

342 4810 436 4861 καὶ
464 4806 571 4857 τῶν
599 4801 906 4861 ὑπἀὑτοὺς
951 4797 1253 4867 ἀρχιερέων
1305 4795 1457 4864 κοινῇ
1524 4809 1584 4844 τε
1645 4792 1741 4846 καὶ
1807 4791 1914 4860 ἰδίᾳ

344 4898 623 4959 συνοδικάς
658 4894 796 4948 κατὰ
818 4891 924 4945 τῶν
954 4891 1045 4943 τοῦ
1074 4885 1311 4957 Ιιαλαμᾶ
1362 4884 1648 4954 δογμάτων
1697 4881 1916 4949 ἀπυφὸ·

347 5009 480 5055 σεις,
512 4990 597 5041 ἵνα
622 4988 716 5049 τὰς
755 4984 933 5045 πάσας
963 4981 1140 5050 παρῶ,
1167 4979 1296 5049 μιᾶς
1322 4979 1417 5031 καὶ
1463 4976 1630 5046 μόνης
1684 4978 1917 5043 ἐπιμνη-

348 5084 639 5152 σθήσομαι,
673 5078 742 5148 ἢν
795 5076 845 5128 οἱ
881 5075 1002 5127 τότε
1042 5075 1301 5143 παρεῖχον
1351 5069 1628 5139 ἀρχιερεῖς
1689 5066 1913 5134 γνώμην

346 5175 423 5238 εἰς
453 5175 651 5241 δεῖγμα
682 5170 779 5237 τῆς
805 5167 981 5220 αὑτῶν
1008 5163 1287 5225 εὑσεῦείας
1307 5177 1321 5193 ⁸
1358 5180 1377 5212 ι
1425 5160 1550 5213 Ὀτι
1610 5158 1814 5230 μηδένα
1834 5159 1915 5220 εἰς

347 5263 756 5337 ἀρχιερωσύνης
782 5259 997 5325 ἀξίωμα
1026 5255 1272 5325 δέχεσθαι
1309 5253 1414 5323 χρὴ
1442 5250 1551 5304 τῶν
1577 5252 1676 5311 τὰς
1728 5264 1916 5301 καινο-

349 5358 549 5426 φωνίας
579 5353 672 5408 τοῦ
703 5350 936 5419 Παλαμά
966 5346 1300 5418 στεργόντων
1332 5344 1425 5396 καὶ
1476 5340 1912 5433 ἀποδεχομένων,

350 5453 452 5514 ἕως
480 5448 548 5503 ἂν
579 5446 803 5507 ταύταις
831 5442 1068 5512 ἐμμένῃ.
1110 5456 1128 5490 ι

421 5544 463 5594 Τ
466 5537 767 5611 ηλικούτων
793 5536 971 5589 τοίνυν
1018 5532 1139 5587 κατ’
1168 5531 1346 5584 αὑτῶν
1409 5527 1916 5600 προκεχωρηκότων

353 5633 577 5702 ἀγώνων
613 5630 704 5683 καὶ
731 5627 1001 5697 πράξεων,
1049 5624 1097 5675 ol
1153 5620 1309 5674 πάντ’
1340 5619 1578 5681 ἀναιδεῖς
1638 5616 1914 5686 ἄνθρωποι

356 5729 518 5798 μηδὲν
548 5724 751 5780 τούτων
787 5720 1262 5787 ὑπολογισάμενοι,
1302 5712 1613 5803 ἐπειδήπερ(
1645 5704 1915 5778 λαμπρῶς

2009 3165 2156 3220 sunt,
2199 3165 2314 3210 tum
2370 3156 2466 3224 qui
2518 3157 2573 3213 in
2629 3172 2760 3214 suas
2816 3158 3105 3227 parochias
3142 3159 3346 3225 ierunt,
3404 3176 3577 3218 manu

2007 3241 2349 3310 consignata.
2388 3242 2553 3313 Inque
2590 3258 2716 3298 eum
2746 3246 2967 3301 modum
3009 3240 3226 3303 illorum
3286 3247 3428 3306 facta
3483 3253 3585 3306 ab-

2007 3332 2210 3389 dicatio
2235 3333 2791 3405 est,interdictioque
2831 3345 2886 3393 et
2941 3340 3204 3406 cessatio,
3262 3357 3584 3412 quanquam

2009 3425 2159 3482 nullo
2226 3425 2304 3481 illi
2353 3426 2475 3482 loco
2532 3427 2793 3485 habentes
2872 3428 3132 3485 inﬂictam
3204 3432 3583 3489 ecclesiastica

2008 3516 2482 3572 animadversione
2542 3532 2763 3587 poenam
2800 3557 2816 3581 ,
2875 3518 3240 3575 sacerdotium
3304 3522 3585 3578 nihilomi.

2010 3623 2113 3664 nus
2136 3608 2239 3664 sibi
2296 3608 2614 3673 retinentes,
2668 3609 2929 3679 mysticas
2981 3611 3037 3664 in
3097 3611 3311 3667 occulto
3370 3614 3577 3673 hostias

2010 3698 2301 3753 temerario
2353 3714 2489 3754 ausu
2555 3698 2875 3754 oﬂ'erebant.

2079 3788 2288 3843 Exinde
2314 3804 2462 3854 vero,
2495 3805 2618 3845 cum
2667 3789 2760 3846 Dei
2820 3792 3059 3850 Ecclesia
3116 3810 3249 3864 pace
3299 3799 3578 3871 gauderet

2012 3889 2174 3951 atque
2208 3881 2311 3937 hac
2342 3889 2493 3950 parte
2551 3884 2738 3953 quieto
2802 3901 2892 3941 res
2944 3894 3087 3941 statu
3145 3899 3353 3955 essent,
3421 3892 3582 3947 turbo

2010 3971 2228 4043 quidam
2288 3988 2354 4029 ex
2392 3973 2645 4039 adverso,
2695 3976 2997 4033 vehementi
3066 3980 3302 4050 erumpit
3354 3982 3580 4052 impetu,

2013 4061 2229 4121 Satanae
2260 4076 2550 4119 ventorum
2590 4063 2718 4121 ﬂatu
2748 4068 2979 4133 excitus,
3017 4079 3321 4139 cunctaque
3384 4084 3584 4129 evertit

2012 4169 2077 4209 ac
2098 4154 2151 4208 in
2179 4170 2396 4225 gravem
2429 4155 2689 4211 transfert
2719 4158 3052 4226 procellam:
3105 4161 3295 4231 sicque
3326 4162 3582 4234 blasphe-

2013 4260 2134 4300 mos
2175 4246 2437 4315 proditos,
2475 4247 2555 4302 sic
2586 4248 2828 4303 veritatis
2850 4249 3121 4318 inimicos,
3163 4253 3354 4321 primis
3382 4257 3575 4325 gubeio

2015 4336 2223 4391 naculis
2264 4338 2521 4407 praeficit;
2560 4354 2954 4410 sacrorumque
3008 4344 3292 4403 ministros
3326 4342 3585 4406 et'sace:-

2014 4424 2169 4481 dotes
2205 4426 2559 4484 nefandarum
2590 4430 3064 4502 obscenarumque
3122 4450 3305 4490 rerum
3344 4439 3579 4495 artiﬁces

2014 4515 2165 4580 facit,
2204 4518 2531 4581 desertores.
2594 4520 2908 4591 dogmatum
2985 4524 3261 4593 praesides,
3326 4527 3579 4598 virosque

2014 4608 2308 4663 sceleratos
2340 4610 2644 4665 animarum
2700 4628 3017 4669 oeconomos
3066 4617 3367 4671 constituit.

2085 4696 2334 4766 Cumque
2364 4699 2764 4765 tnultasliceat,
2798 4709 2910 4755 tum
2958 4703 3414 4771 patriarcharum,
3463 4717 3575 4763 tum

2014 4792 2382 4866 subiectorum
2409 4792 2517 4847 illis
2542 4793 2851 4861 prtesulum,
2915 4794 3279 4850 communiter
3299 4797 3580 4866 privatim—

2014 4904 2120 4960 que
2174 4885 2460 4955 synodicas
2519 4884 2780 4938 adversus
2820 4885 3051 4940 Palamce
3094 4885 3346 4957 dogmata
3406 4892 3581 4946 editas

2013 4978 2307 5034 sententias
2339 4988 2742 5045 reprteseutare,
2778 4985 2835 5030 ut
2873 4992 3062 5034 otunes
3109 4978 3303 5034 missas
3357 4978 3582 5048 faciam,

2015 5069 2174 5123 unius
2213 5068 2474 5122 duntaxat
2505 5066 2829 5129 meminero,
2862 5083 3050 5135 quam,
3097 5071 3198 5137 qui
3246 5078 3377 5125 tunc
3427 5084 3583 5128 erant

2013 5157 2274 5227 episcopi,
2316 5157 2381 5211 ad
2413 5172 2527 5213 sua:
2579 5157 2817 5226 ipsorum
2854 5158 3073 5227 pietatis
3131 5160 3432 5229 specimen,
3479 5166 3578 5216 de-

2015 5257 2164 5303 creto
2195 5246 2513 5303 sancivere:
2555 5264 2572 5296 ι
2613 5245 2891 5300 Neminem
2914 5248 2982 5299 ad
3031 5250 3363 5320 episcopatus
3395 5254 3578 5322 digni-

2018 5349 2179 5393 tatem
2242 5340 2634 5405 assumendum,
2685 5340 2774 5407 qui
2814 5339 3058 5397 Pulama:
3108 5359 3286 5397 rocum
3327 5347 3579 5399 novitates

2015 5430 2151 5485 colat
2186 5447 2248 5483 ac
2282 5431 2517 5499 recipiat,
2570 5432 2805 5499 quandiu
2861 5436 2913 5487 in
2959 5434 3032 5487 eis
3093 5436 3515 5504 perseveraverit.
3553 5455 3572 5487 ι

2087 5519 2189 5574 Tot
2216 5522 2378 5591 igitur
2428 5524 2680 5591 autisque
2712 5524 2762 5578 iu
2797 5539 2890 5578 eos
2916 5524 3240 5580 muneribus
3260 5540 3325 5581 ac
3392 5526 3571 5581 actio-

2018 5613 2178 5667 nibus
2224 5609 2406 5674 editis,
2460 5611 2559 5663 viri
2611 5626 2706 5680 per
2765 5614 2947 5666 omnia
3006 5612 3307 5682 impudenti
3356 5615 3578 5685 ingenio

2018 5704 2249 5777 praediti,
2275 5708 2421 5761 nufla
2456 5703 2649 5757 horum
2706 5703 2887 5758 habita
2942 5706 3171 5768 ratione,
3204 5709 3348 5777 quod
3394 5710 3577 5779 splen—
