4056 6266
517 294 617 362 τιι

1676 301 1997 364 JOANNIS
2034 299 2596 363 CYPARISSIOT/E

3656 291 3766 359 712

513 411 648 468 dide
669 411 1031 483 proditionem
1062 413 1430 486 perfecerant,
1489 417 1703 472 cunctis
1754 418 1952 487 spretis
2002 417 2086 473 di-

2192 418 2284 487 τὴν
2318 386 2608 487 προδοσίαν
2635 412 2923 485 ἐξήνυσαν,
2973 427 3194 466 παντων
3251 410 3767 484 ὐπερφρονήσαντες

513 504 659 558 vinis
717 505 940 574 regulis,
1001 507 1371 560 ecclesiastica
1393 507 1542 560 omni
1595 507 1877 577 diseiplina
1933 521 2086 578 post-

515 595 724 659 habita,
756 599 1120 672 sacerdotium
1179 599 1515 655 miserabiles
1572 601 1750 669 praeda
1801 601 2084 667 invadunt,

513 700 582 742 ac
609 687 933 757 impietatem
963 689 1138 758 palam
1192 692 1550 759 proﬁtentur:
1609 692 1810 762 quibus
1865 692 2084 747 obnoxii

516 776 644 833 facti
670 787 826 832 erant
868 783 1179 835 tremendas
1245 781 1366 837 illas
1411 797 1604 852 poenas
1658 782 2085 840 ﬂocciiacientes

514 869 629 930 sed,
662 886 783 938 quae
807 879 937 925 tunc
995 882 1214 938 essent,
1241 875 1533 932 saecularcs
1565 879 1733 932 secuti
1765 885 2082 946 potestates,

515 960 617 1030 ipsi
647 964 749 1018 sibi
806 979 1046 1020 canones
1103 966 1240 1018 fiunt
1298 974 1461 1034 atque
1508 968 1706 1037 regulae
1773 983 1838 1022 ac
1884 967 2081 1038 leges:

512 1060 768 1127 velutque
802 1058 1016 1122 sicarii,
1047 1066 1308 1126 tanquam
1339 1074 1458 1124 sua,
1493 1075 1616 1127 quae
1651 1061 1885 1115 aliorum
1905 1071 2086 1116 essent

510 1152 832 1218 decerpunt.
866 1150 1388 1219 Nullaquejustitiaa
1433 1151 1652 1218 divinae,
1720 1167 1840 1221 quae
1888 1153 2084 1221 saepius

511 1259 612 1298 nos
643 1244 947 1306 ulciscitur,
985 1243 1446 1308 consideratione,
1503 1245 1606 1313 ipsi
1665 1245 1874 1314 seipsos
1943 1245 2083 1299 fastu

512 1335 786 1401 ingerunt,
826 1334 1125 1389 clamantes
1161 1343 1404 1388 sanctam
1454 1350 1576 1389 esse
1636 1335 1728 1388 Dei
1781 1335 2083 1392 Ecclesiam

510 1425 626 1493 qui,
654 1435 712 1479 ut
735 1425 1040 1488 audivistis,
1076 1425 1236 1492 longe
1261 1425 1450 1493 procul
1479 1426 1546 1478 ab
1579 1441 1642 1480 ea
1691 1424 1926 1479 fuissent
1985 1441 2083 1480 ex-

509 1515 924 1569 communicati.
975 1513 1094 1570 Non
1139 1513 1252 1585 jam
1285 1529 1415 1583 ergo
1462 1514 1574 1568 ullo
1615 1516 1776 1569 modo
1837 1515 2079 1570 Palami-

512 1615 688 1660 tarum
719 1607 1091 1676 congregatio,
1151 1614 1339 1676 sancta
1387 1604 1482 1660 Dei
1528 1604 1800 1660 Ecclesia.

519 1838 522 1842 ,
583 1777 870 1844 Praeterea,
907 1778 1094 1834 divina
1155 1778 1338 1832 omnis
1383 1777 1531 1832 actio
1564 1792 1630 1832 ac
1683 1777 1942 1843 humana,
2015 1792 2083 1832 ex
2114 1757 2158 1812 Β

511 1869 1128 1938 pratexsisteutibu.s,.ut
1158 1870 1454 1940 plurimum
1511 1869 1812 1938 iudicatur.
1867 1867 1945 1922 Ex
1997 1868 2086 1923 his

509 1973 656 2028 ergo
695 1960 1088 2016 Palattiitarum
1160 1963 1532 2031 congregatio,
1603 1962 1806 2015 nedum
1856 1960 2084 2030 profana

508 2051 868 2115 convincitur,
957 2068 1146 2106 verum
1173 2053 1340 2108 etiam
1389 2051 1601 2106 cunctis
1658 2051 1872 2122 repulsa
1911 2062 2088 2107 coetus

514 2139 751 2194 ﬁdelium
782 2142 1008 2196 calculis
1055 2157 1119 2196 ac
1149 2141 1453 2196 sententiis.

580 2237 660 2288 Ad
695 2236 827 2298 haec,
862 2236 1149 2304 dupliciter
1183 2234 1400 2304 ejicitur
1454 2233 1731 2305 illegitima
1795 2232 2089 2288 Palamita-

509 2344 630 2381 rum
663 2328 1032 2396 congregatio,
1069 2337 1183 2380 tum
1227 2325 1437 2379 scilicet
1466 2325 1608 2394 quod
1648 2324 1880 2392 primum
1929 2339 1960 2377 ει
2001 2339 2090 2376 sa-

509 2434 602 2472 cra
632 2419 722 2471 illa
750 2419 978 2486 expulsa
1002 2427 1085 2471 est
1114 2399 1358 2487 synodo,
1391 2427 1501 2470 tum
1539 2419 1740 2485 quibus
1767 2418 2088 2488 proditionis

509 2511 813 2579 prauuium,
856 2508 1219 2563 sacerdotium
1287 2519 1371 2562 est
1418 2519 1735 2564 consecuta.

582 2600 871 2666 Praeterea,
896 2599 1154 2655 humanis
1187 2600 1571 2667 potestatibus,
1596 2601 1837 2669 primum
1863 2600 2084 2669 quidem

510 2691 714 2747 bonum
735 2706 816 2746 est
851 2704 909 2746 ut
937 2693 1125 2747 ordine
1145 2692 1410 2761 ferantur,
1437 2693 1764 2763 quandoque
1790 2707 1917 2748 vero
1965 2709 2092 2748 cou-

510 2783 794 2852 tingat,ut
856 2791 910 2836 et
959 2783 1198 2846 fortuna,
1265 2783 1474 2838 divinis
1521 2793 1728 2846 autem,
1783 2792 1843 2835 ut
1905 2782 2084 2837 solum

511 2892 726 2945 semper
763 2875 976 2930 ordine.
1003 2874 1059 2928 id
1127 2889 1348 2944 quoque
1420 2876 1685 2928 Dominus
1743 2873 1905 2928 Petro
1960 2878 2085 2928 ait:

515 2967 583 3021 Et
630 2980 687 3021 tu
733 2983 1032 3031 conversus,
1072 2968 1330 3035 conﬁrma
1377 2968 1567 3037 fratres
1629 2977 1743 3020 tuos
1768 2968 1838 3020 ".
1891 2966 2092 3031 Quent-

2189 511 2432 564 κανόνων
2499 508 2687 573 θείων,
2739 507 2920 576 πάσης
2966 507 3425 577 ἐκκλησιαστικῆς
3480 503 3767 570 εὐταξίας,

2189 603 2390 655 συλῶσι
2417 601 2516 671 τὴν
2546 599 2847 670 ἱερωσύνην
2872 599 2922 651 οί
2945 597 3192 659 τάλανες,
3213 598 3306 650 καὶ
3325 594 3770 666 παῤῥησιάζουσι

2187 694 2284 761 τὴν
2315 691 2589 755 ἀσέϐειαν,
2618 690 2728 744 τῶν
2758 691 2885 758 πρὶν
2909 688 3268 758 ὑπαρξάντων
3310 687 3432 740 κατ’
3460 686 3644 740 αὐτῶν
3672 704 3770 754 φο-

2188 780 2363 850 ϐερῶν
2399 780 2620 833 ἐκείνων
2658 779 2952 845 ἐπιτιμίων
2994 779 3205 848 μηδένα
3258 779 3416 842 λόγον
3462 779 3773 846 πεποιημέ-

2187 890 2290 936 νοι,
2324 873 2462 926 ἀλλὰ
2481 874 2597 934 ταῖς
2635 870 2919 944 τηνικαῦτ’
2947 869 3438 940 ἐξηκολουθηκότες
3470 873 3772 942 κοσμικαῖς

2187 965 2480 1030 ἐξουσίαις,
2510 966 2734 1029 κανόνες
2765 966 2981 1023 ἑαυτοῖς
3007 966 3054 1018 οί
3088 964 3242 1017 αὐτοὶ
3271 964 3366 1016 καὶ
3403 962 3563 1016 τύποι
3595 961 3776 1029 γίνον-

2186 1074 2275 1110 ται
2307 1072 2322 1086 ⁸
2363 1050 2459 1110 καὶ
2484 1057 2736 1126 καθάπερ
2757 1056 3094 1126 ἀνδροφόνοι,
3131 1055 3206 1118 ὡς
3250 1056 3430 1107 οἰκεία
3483 1055 3554 1106 τὰ
3616 1053 3774 1106 ἀλλό-

2187 1165 2312 1219 τρια
2344 1148 2706 1218 καρποῦνται.
2773 1148 2883 1200 Καὶ
2920 1149 3057 1216 πρὸς
3085 1147 3183 1216 τὴν
3208 1146 3301 1199 τοῦ
3330 1144 3468 1198 Θεοῦ
3524 1145 3711 1214 δίκην.
3737 1144 3772 1215 ἡ

2188 1240 2399 1309 συχνῶς
2437 1240 2584 1309 ἡμᾶς
2626 1239 2856 1306 μέτεισι,
2892 1237 3012 1307 μηδ’
3048 1238 3530 1306 ἐπιστρεφόμενοι,
3564 1235 3766 1288 σοϐοῦ-

2188 1349 2271 1384 σιν
2302 1331 2530 1394 ἐαυτούς
2554 1331 2956 1400 ἀνακράζοντες
2977 1331 3138 1398 ἁγίαν
3172 1326 3312 1382 εἴναι
3340 1331 3432 1381 τοῦ
3464 1328 3604 1382 Θεοῦ
3643 1329 3770 1381 Ἐκ-

2186 1425 2436 1494 κλησίαν,
2467 1425 2516 1476 οἱ
2538 1423 2716 1493 πολλῷ
2749 1424 3110 1493 μακρότερον,
3149 1421 3224 1483 ὡς
3253 1421 3572 1490 ἠκηκόειτε,
3637 1420 3771 1472 ταύο

2185 1531 2286 1583 της
2318 1513 2672 1582 ἐκκήρυκτοι.
2704 1511 2914 1565 Οὔκουν
2946 1529 3008 1580 γε
3031 1512 3222 1565 λοιπὸν
3257 1512 3376 1566 κατ’
3417 1511 3609 1564 οὐδένα
3641 1513 3770 1582 τρό-

2188 1621 2287 1657 πον
2343 1605 2475 1672 όιγία
2528 1604 2622 1657 τοῦ
2683 1604 2817 1658 Θεοῦ
2862 1603 3164 1674 Ἐκκλησία
3215 1603 3382 1674 ήτῶν
3432 1604 3773 1673 Παλαμιτὼν

2189 1697 2501 1766 συναγωγή.

2261 1789 2406 1853 Ἔτι,
2441 1790 2590 1842 πᾶσα
2625 1789 2823 1860 πρᾶξις
2846 1788 2966 1841 θεία
3015 1789 3111 1843 καὶ
3163 1789 3484 1861 ἀνθρωπίνη
3545 1790 3613 1843 ἐκ
3660 1789 3772 1843 τῶν

2187 1881 2652 1952 προϋπαρξάντων
2684 1883 2759 1945 ὡς
2793 1884 2860 1937 τὰ
2892 1883 3063 1935 πολλὰ
3085 1882 3354 1952 κρίνεται.
3431 1883 3527 1936 Ἐκ
3555 1882 3769 1937 τούτων

2186 1975 2268 2045 ἄρ’
2303 1971 2397 2028 οὖν
2425 1976 2458 2044 ἡ
2483 1975 2590 2029 τῶν
2617 1973 2945 2044 ιΙαλαμιτῶν
2983 1975 3278 2045 συναγωγὴ
3315 1974 3390 2046 μὴ
3425 1974 3588 2045 μόνον
3620 1976 3772 2028 ἀνίει

2190 2087 2282 2138 ρος
2312 2070 2616 2138 ἐλέγχεται,
2643 2069 2777 2124 ἀλλὰ
2802 2071 2901 2124 καὶ
2922 2072 3127 2135 πάσαις
3148 2071 3352 2142 ψήφοις
3395 2070 3492 2125 τοῦ
3532 2070 3648 2125 τῶν
3679 2073 3772 2142 ὁρ-

2189 2159 2416 2224 θοδὸξων
2451 2161 2819 2231 πληρώματος
2842 2163 3198 2234 ἀπεωσμένη.

2263 2251 2408 2314 Ἔτι,
2439 2252 2631 2314 διττῶς
2662 2254 2694 2322 ἡ
2721 2252 2832 2327 τῶν
2863 2253 3193 2323 Παλαμιτῶν
3226 2253 3547 2306 ἐκϐάλλεται
3588 2255 3770 2324 παρά-

2190 2359 2353 2410 νομος
2390 2345 2680 2414 συναγωγή
2703 2361 2718 2378 ο
2751 2339 2832 2407 οἷς
2862 2363 2920 2398 τε
2953 2346 3050 2414 τὴν
3078 2344 3252 2416 ἀρχὴν
3297 2346 3403 2398 ὑπὸ
3464 2347 3562 2416 τῆς
3617 2348 3769 2416 ίερὶς

2189 2433 2404 2503 ἐκείνης
2458 2434 2666 2502 ἐξώσθη
2697 2434 2942 2499 συνόδου,
2970 2436 3063 2488 καὶ
3117 2431 3199 2496 οἷς
3260 2431 3424 2490 ἆθλον
3477 2437 3768 2506 προδοσίας

2189 2526 2289 2594 τὴν
2321 2525 2623 2597 ἱερωσύνην
2655 2528 3026 2596 ἀπηνέγκατο.

2265 2616 2406 2680 Ἔτι,
2444 2618 2566 2679 ταῖς
2603 2617 2973 2688 ἀνθρωπίναις
3033 2619 3306 2685 ἐξουσίαις
3360 2639 3765 2692 προηγουμενον

2196 2707 2294 2778 μὲν
2313 2708 2462 2760 ἐστιν
2491 2708 2717 2777 ἀγαθὸν,
2747 2710 2814 2763 ἂν
2837 2711 2977 2764 κατὰ
3005 2713 3160 2778 τάξιν
3189 2714 3494 2782 φέρωνταιο
3537 2718 3764 2784 ἐπισυμο

2193 2798 2376 2852 ϐαῖνον
2402 2799 2446 2851 δ’
2475 2801 2644 2852 ἐνίοτε
2677 2800 2772 2853 καὶ
2811 2801 2871 2854 τὸ
2895 2801 3038 2855 κατὰ
3060 2803 3234 2873 τύχην
3272 2820 3285 2835 ⁶
3335 2808 3456 2868 ταῖς
3494 2805 3549 2858 δὲ
3595 2807 3762 2868 θείαις

2197 2890 2357 2960 μόνον
2378 2891 2464 2943 ἀεὶ
2491 2891 2551 2943 τὸ
2582 2893 2723 2946 κατά
2757 2892 2930 2957 τάξιν.
2997 2893 3170 2947 Τοῦτο
3206 2896 3299 2948 καὶ
3340 2899 3367 2949 ό
3397 2888 3596 2968 Κύριος
3631 2901 3761 2969 πρὶς

2193 2982 2283 3033 τὸν
2314 2983 2516 3052 Πέτρον
2541 2983 2710 3052 ἔφησε
2736 2999 2749 3013 ο
2784 3003 2802 3034 ι
2827 3031 2830 3034 .
2851 2985 2959 3037 Καὶ
2983 2985 3047 3039 σὺ
3084 2988 3463 3055 ἐπιστραφεὶς,
3521 2990 3756 3058 στήριξω

512 3075 640 3114 nam
669 3059 833 3128 igitur
866 3058 1114 3112 ordinem
1150 3057 1432 3113 Palamitze
1485 3061 1538 3112 in
1609 3061 1784 3114 sacris
1844 3074 2091 3114 servave-

2196 3075 2319 3135 τούς
2350 3069 2611 3142 ἀδελφούς
2654 3093 2768 3130 σου.
2806 3095 2824 3128 ι
2873 3076 3003 3129 Τίνα
3035 3079 3215 3132 τοίνυν
3251 3081 3404 3147 τάξιν
3453 3082 3510 3134 ἐν
3536 3088 3637 3145 τοῖς
3679 3085 3753 3133 ἱε-

510 3149 686 3205 runt?
719 3148 891 3218 Cujus
920 3149 1116 3219 synodi
1141 3150 1410 3204 sententia
1452 3149 1644 3204 dilutis
1711 3152 1864 3221 prius
1907 3151 2128 3234 eximi:

516 3241 702 3306 uilius,
737 3241 1088 3310 episcopatus
1111 3241 1286 3310 adepti
1330 3245 1506 3295 sunt?
1536 3241 1802 3308 Quisnam
1832 3259 1959 3299 vero
2008 3252 2091 3298 cst

511 3331 860 3400 quiejcctatn
889 3333 1174 3401 receperit,
1207 3333 1410 3401 quique
1456 3336 1702 3390 solvendi
1757 3335 1958 3405 quibus
2015 3347 2093 3392 te-

513 3424 770 3490 nebatur,
803 3421 1118 3480 facultatem
1166 3425 1463 3480 habuerit?
1520 3425 1600 3482 Ne
1645 3444 1814 3482 unum
1864 3429 2090 3484 omnino

513 3514 760 3570 indicare
812 3516 1044 3584 possint.

585 3721 679 3775 Sin
712 3733 894 3775 autem
929 3721 1308 3777 latrocinalem
1344 3721 1492 3777 illam
1523 3724 1796 3794 synodum
1827 3721 2089 3785 dixerint,

514 3829 922 3885 qttzetnagnum
989 3815 1206 3883 pietatis
1259 3817 1725 3884 propugnaculum
1792 3819 2092 3881 concussit,

519 3903 756 3972 primum
833 3901 1053 3973 quidem
1125 3903 1365 3957 divinam
1421 3905 1748 3958 sententiam
1809 3904 2093 3975 diligenter

515 3991 821 4058 attendant,
856 4007 977 4060 quae
1006 3990 1131 4048 illos
1159 4006 1190 4045 e
1221 3991 1451 4060 vestigio
1472 3993 1768 4062 redarguit.
1797 3992 1912 4047 Una
1945 3995 2092 4049 enim

520 4092 700 4147 nocte,
732 4091 848 4137 tum
873 4083 1086 4153 justum
1153 4093 1212 4137 ttt
1269 4085 1351 4140 eis
1405 4085 1652 4139 inutilem
1713 4087 2092 4150 ostenderunt,

519 4184 632 4227 tum
695 4175 765 4228 ab
846 4175 1097 4228 hostibus
1164 4176 1543 4244 comprehensi
1607 4176 1884 4247 vim-tique
1939 4186 2091 4231 sunt.

518 4264 722 4320 Deinde
751 4265 1164 4319 consideremus
1188 4266 1333 4334 quod
1365 4266 1419 4320 lii
1481 4267 1700 4335 quidem
1765 4276 1940 4330 erant,
2001 4268 2124 4336 qui'

517 4369 709 4424 pu'nas
733 4354 850 4408 illas
889 4367 954 4406 ac
984 4355 1373 4422 depositioncs,
1409 4356 1523 4424 pari
1575 4347 1785 4410 caiculo
1842 4358 2095 4413 decreve-

2197 3167 2307 3233 ροῖς
2336 3166 2384 3216 oi
2421 3166 2732 3236 Παλαμῖται
2757 3168 3205 3237 παρεφυλάξαντο
3236 3186 3250 3234 ;
3317 3170 3448 3223 Ὑπὸ
3504 3172 3654 3234 ποίας
3703 3173 3748 3221 δ’

2193 3256 2540 3321 ἀθωωθέντες
2565 3259 2675 3311 τῶν
2709 3260 2837 3330 πρὶν
2866 3262 3244 3333 ἐγκλημάτωνΔ
3263 3265 3490 3325 συνόδου,
3531 3267 3619 3326 τὰς
3643 3265 3738 3333 ἀρ-

2195 3349 2528 3418 χιερωσύνας
2557 3329 2974 3421 ἐκληρώσαντο;
3009 3329 3116 3407 Καὶ
3147 3329 3248 3418 τίξ
3280 3351 3348 3425 ἦν
3372 3357 3398 3409 ὁ
3439 3355 3530 3425 τὴν
3562 3329 3742 3423 ἐκϐλη-

2193 3457 2284 3493 τον
2309 3439 2726 3512 ἀναδεξάμενος,
2751 3445 2846 3495 καὶ
2872 3444 2965 3497 τοῦ
2995 3445 3169 3498 ταῦτα
3197 3446 3346 3500 λύειν
3401 3447 3493 3517 τὴν
3516 3447 3747 3513 ἐξουσίαν

2193 3534 2647 3604 ἁπειλημμένος;
2705 3539 2819 3590 Οὐκ
2861 3537 3044 3608 έχουσι
3114 3539 3332 3602 πάντως
3406 3541 3590 3592 οὐδένα
3652 3541 3754 3592 δει-

2196 3643 2404 3678 κνυναι.

2267 3721 2411 3773 Είδὲ
2436 3719 2536 3788 τὴν
2580 3721 2882 3791 λῃστρικὴν
2943 3725 3160 3793 ἐκείνην
3213 3725 3419 3778 εἴποιεν
3471 3726 3758 3796 miracioin

2194 3812 2284 3864 τὸν
2310 3823 2482 3882 μεγαν
2506 3818 2788 3866 κατέσεισε
2822 3815 2919 3882 τῆς
2946 3816 3227 3879 εὐσεϐείας
3269 3819 3534 3888 πρόϐολον
3563 3837 3576 3850 ·
3621 3823 3762 3888 πρίζ-

2195 3921 2285 3955 τον
2321 3905 2418 3973 μὲν
2441 3903 2538 3974 τὴν
2567 3905 2658 3957 τοῦ
2689 3905 2824 3958 Θεοῦ
2857 3907 3038 3976 ψῆφον
3076 3911 3537 3976 κατανοείτωσαν,
3572 3911 3606 3982 ἠ
3636 3911 3758 3963 τού-

2195 4013 2322 4058 τους
2355 3997 2679 4065 παραπόδας
2707 3998 3003 4068 ἀπήλεγξε.
3040 4001 3156 4070 Μιᾴ
3206 4000 3312 4073 γὰρ
3372 4004 3522 4055 νυκτὶ
3581 4007 3668 4056 τόν
3708 4020 3767 4055 τε

2195 4087 2404 4140 δίκαιον
2443 4088 2515 4150 ὡς
2537 4088 2873 4158 δύσχρηστον
2939 4092 3120 4153 αὐτοῖς
3179 4093 3486 4160 ἀνέφαινον,
3523 4095 3612 4148 καὶ
3665 4094 3767 4146 ὐπὸ

2194 4181 2300 4234 τῶν
2327 4179 2538 4251 ἐχθρῶν
2568 4182 3058 4248 συνελαμϐάνοντο,
3085 4185 3180 4234 καὶ
3205 4184 3548 4254 ἐδεσμοῦντο.
3581 4185 3770 4238 Ἕπει⁶

2196 4291 2262 4325 τα
2331 4271 2728 4341 σκεψάσθωσαν
2786 4274 2860 4336 ὡς
2893 4266 3168 4342 οὗτοιμὲν
3203 4272 3340 4345 ἦσαν
3391 4278 3441 4329 οί
3466 4277 3570 4329 τῶν
3597 4279 3774 4330 ἐπιτι-

2200 4365 2340 4432 μίων
2378 4365 2601 4418 ἐκείνων
2636 4365 2729 4417 καὶ
2759 4364 2867 4418 τῶν
2892 4365 3262 4435 καθαιρέσεων
3298 4367 3578 4438 σύμψηφοι
3609 4387 3623 4400 '
3685 4364 3775 4424 οὗ·

519 4457 657 4507 raut,
678 4444 730 4498 lii
757 4459 886 4498 vero
909 4446 1000 4514 qui
1037 4447 1350 4515 imperatori
1378 4447 1530 4516 prius
1559 4447 1880 4502 deiectionis
1909 4450 2085 4504 dicam

2198 4471 2281 4506 τοι
2308 4456 2352 4506 δ’
2380 4451 2521 4525 ἦσαν
2556 4458 2603 4508 οί
2630 4456 2722 4508 τὸν
2758 4456 3182 4527 βεϐασιλευκότα
3219 4459 3481 4530 πρότερον
3534 4463 3778 4515 ἀποστα-

515 4537 874 4606 seripscrant,
917 4551 979 4591 ac
1017 4538 1168 4592 illum
1198 4539 1418 4608 quidem
1447 4539 1684 4593 ﬁdelium
1712 4549 1858 4594 cmtu
1919 4542 2093 4611 ejece-

517 4635 662 4688 rant,
696 4640 753 4679 se
796 4640 927 4680 vero
947 4625 1273 4694 juratnentis
1296 4613 1542 4697 dirisque.
1570 4631 1940 4696 exsecrandis,
1967 4649 2090 4686 eum

517 4733 578 4770 se
618 4733 898 4786 nunquam
926 4726 1265 4786 recepturos,
1296 4735 1359 4774 ac
1396 4734 1496 4788 pro
1546 4721 1685 4774 virili
1751 4738 1849 4777 sua
1900 4725 2092 4794 expul-

517 4821 702 4870 suros,
735 4809 1104 4874 subjeceraut.
1135 4807 1270 4873 Quis
1295 4824 1426 4880 ergo
1464 4810 1597 4876 lucc,
1627 4812 1708 4866 sic
1751 4813 1835 4868 eis
1884 4817 2090 4870 consti-

517 4907 632 4952 tuta
657 4901 1066 4969 prevaricatos,
1129 4901 1334 4956 talibus
1384 4902 1643 4967 absolvit,
1702 4905 2088 4977 perjurosquc,

517 4991 571 5044 in
603 5006 723 5060 quae
755 4991 1143 5060 probaverant,
1172 4992 1428 5048 innoxios
1461 4994 1636 5049 fecit?

589 5173 854 5228 Praeterea
885 5189 1015 5227 vero
1044 5175 1127 5228 his
1159 5189 1378 5245 quoque
1414 5174 1665 5239 sublatis,
1695 5175 1820 5230 licet
1877 5177 2094 5246 quidem

516 5266 810 5336 episcopis,
869 5267 960 5334 qui
1019 5267 1314 5335 provinciae
1372 5269 1604 5338 subjecti
1639 5279 1818 5334 .sunt,
1878 5279 1935 5322 ut
1991 5270 2091 5321 sibi

519 5359 739 5428 dignum
768 5356 969 5428 eligant
1001 5368 1161 5427 atque
1193 5359 1467 5424 ordinent,
1496 5369 1590 5413 aut
1620 5359 1784 5413 etiam
1845 5359 1898 5414 iu
1943 5363 2092 5415 ordi—

523 5464 644 5502 nem
681 5459 879 5517 cogant
903 5457 1068 5518 atque
1131 5447 1428 5516 deponant,
1487 5451 1531 5502 si
1583 5449 1875 5503 criminum
1938 5465 2090 5502 reum

525 5540 853 5595 invenerint.
884 5537 1014 5594 Sine
1038 5539 1267 5608 praeside
1299 5553 1452 5608 vero,
1486 5540 1684 5596 nedum
1714 5542 1781 5596 de
1823 5543 2093 5613 dogmatis

589 5713 640 5748 ⁸⁵
672 5715 807 5772 Luc.
857 5733 997 5785 uti,
1035 5720 1124 5773 52.

2201 4547 2319 4608 σίας
2345 4547 2686 4618 γραψάμενοι
2722 4549 2855 4602 ’τὸν
2905 4549 3006 4616 μὲν
3064 4552 3461 4623 ἐκκηρύττουσι
3516 4554 3612 4609 τοῦ
3669 4556 3777 4610 τῶν

2198 4638 2567 4692 εὐσεϐούντων
2609 4639 3015 4710 πληρώματος·
3071 4643 3300 4706 ἑαυτοὺς
3331 4627 3394 4696 δ’
3434 4646 3620 4713 ὅρκοις
3686 4648 3780 4701 καὶ

2198 4729 2319 4788 ταῖς
2343 4728 2845 4796 παλαμναιοτάταις
2895 4730 3058 4799 ἀραῖς
3101 4731 3487 4798 ὑποϐάλλουσι,
3536 4736 3781 4806 δεδέχθαι

2202 4816 2302 4887 μὲν
2353 4817 2510 4868 αὐτὸν
2558 4819 2848 4890 μηδέποτε,
2895 4821 3220 4877 ἀπελαύνειν
3272 4823 3328 4877 δὲ
3384 4825 3484 4892 ὅση
3527 4827 3778 4899 δύναμις.

2201 4909 2298 4971 Τίς
2319 4908 2407 4979 ἄρ’
2439 4909 2532 4962 οὐν
2563 4910 2590 4961 ὁ
2623 4912 2718 4963 καὶ⁸
2745 4912 2966 4975 τούτους
2999 4913 3106 4965 τῶν
3145 4913 3402 4966 τοιούτων
3444 4917 3783 4987 ἐπιλυσάμε-

2197 5015 2308 5062 νος,
2343 4999 2680 5070 ἡθετηκότας
2711 5003 2810 5071 μὲν
2833 5004 2901 5055 τὰ
2944 5003 3344 5074 διεγνωσμένα,
3409 5006 3784 5079 ἐπιορκήσαν-

2197 5109 2294 5154 τας
2314 5092 2368 5144 δὲ
2397 5095 2475 5154 εἰς
2503 5093 2646 5163 ἆπερ
2680 5095 3044 5164 παρεδέξαντο
3067 5113 3082 5160 ;

2277 5185 2484 5247 Ἀλλως
2519 5185 2575 5236 δὲ
2603 5186 2927 5240 καὶτούτων
2967 5189 3416 5259 περιῃρημένων,
3442 5192 3657 5260 ἐφεῖται
3694 5199 3787 5263 μὲν

2198 5278 2310 5338 τοῖς
2341 5277 2446 5328 ὐπὸ
2473 5275 2572 5346 τὴν
2609 5279 2878 5347 ἐπαρχίαν
2931 5278 3174 5332 τελοῦσιν
3205 5282 3533 5347 ἐπισκόποις
3573 5287 3786 5347 ἐαυτοῑς

2196 5369 2288 5420 τὸν
2317 5367 2465 5432 ἄξιον
2491 5368 2841 5436 ἐπιλέγεσθαι
2870 5371 2965 5422 καὶ
3003 5371 3352 5442 χειροΟετείν,
3387 5373 3418 5442 ἢ
3451 5379 3548 5429 καὶ
3598 5378 3787 5430 καθαι-

2204 5459 2316 5525 ρεῖν
2344 5456 2430 5508 ἐπ’
2459 5456 2805 5527 ἐγκλήμασιν
2837 5460 3088 5528 ἡλωκότα
3119 5478 3134 5492 ⁸
3169 5463 3296 5516 ἄνευ
3353 5463 3408 5514 δὲ
3444 5466 3541 5516 τοῦ
3598 5470 3790 5538 ἄρχον-

2196 5565 2306 5615 τος,
2343 5548 2472 5618 μήτι
2526 5565 2590 5618 γε
2653 5551 2780 5619 περὶ
2839 5552 3126 5618 δογμάτων
3185 5556 3354 5604 κινεῖν
3402 5556 3784 5630 ἀπηγόρευται
