4056 6266
441 260 482 323 τ
501 259 555 324 ιἾ

1210 259 2608 334 PALAMiTiCAiiUi“TRANSGRESSIONUM
2673 266 2924 329 LIBER.

3590 272 3698 336 718

439 391 628 445 .-ρισυ.α
665 371 764 443 τῆς
805 370 898 425 τοῦ
938 371 1174 441 Χριστοῦ
1221 374 1571 444 Ἐκκλησὶας,
1614 377 1646 444 ἡ
1684 372 1778 426 τοῦ
1806 375 2024 445 ἀγαπᾷν

2131 375 2420 440 evincitur,
2451 377 2596 446 quod
2633 379 2863 448 ingressi
2929 387 2985 430 ut
3039 391 3151 432 rem
3209 392 3423 434 sacram
3472 380 3700 448 faciant,

451 465 716 533 ἀλλήλους
743 465 1002 531 ἐπιταγή.
1040 462 1243 516 Πολλοῦ
1271 481 1333 530 γε
1366 466 1547 518 τοίνεν
1577 466 1669 518 καὶ
1695 467 1776 521 δεῖ
1799 467 1898 535 τὴν
1929 467 2022 520 καὶ

448 557 603 610 ταῦτ’
639 557 970 627 ἀναιροῦσαν
1013 557 1345 622 Ἐκκλησίαν
1381 559 1558 609 εἰπεῖν
1585 558 1743 610 Θεοῦ.

2134 469 2186 521 in
2212 469 2482 538 principio
2507 479 2561 524 et
2587 475 2691 525 line
2719 487 2783 525 ac
2830 471 3058 540 reliquis
3116 479 3328 539 petunt,
3382 474 3701 544 proﬂigata-

2131 574 2238 628 qnte
2266 569 2350 614 est
2369 561 2566 615 Christi
2602 561 2857 615 Ecclesia:
2909 570 3034 614 nota
3077 562 3373 630 praecipua,
3398 565 3541 632 quod
3593 566 3703 619 sci-

447 657 577 710 licet
610 655 749 708 alter
771 655 1005 709 alterum
1047 655 1271 724 diligere
1291 655 1550 726 jubentur
1585 655 1653 708 "".
1695 654 1881 726 Longe
1932 656 2096 727 igitur
2126 661 2300 722 abest,
2330 667 2413 722 .ut,
2447 673 2568 726 qua:
2591 656 2706 712 haec
2761 659 3056 722 interimat,
3087 658 3177 713 Dei
3237 658 3478 715 Ecclesia
3518 663 3704 730 appel-

447 753 606 806 landa
642 755 738 808 sit.

521 849 643 901 Ἔτι
715 848 868 901 πᾶσα
925 845 1177 915 ἀναφορὰ
1211 850 1304 899 καὶ
1351 846 1512 900 θυσία
1564 847 1848 915 τηνικαῦτ’
1905 847 2022 900 ἔστι

449 940 637 1004 δεκτὴ.
662 939 905 1007 ὁπηνίκα
927 938 1069 992 κατά
1085 936 1181 1007 τὴν
1209 936 1302 989 τοῦ
1328 938 1533 1007 Κυρίου
1563 938 1860 1007 παράδοσιν
1902 939 2026 990 ἐπι-

451 1033 709 1083 τελεῖται.
741 1030 880 1098 Φησὶ
909 1030 1040 1096 γὰρ,
1072 1046 1093 1079 ς
1138 1028 1264 1080 Ἐὰν
1293 1027 1611 1099 προσφέρῃς
1643 1027 1702 1080 τὸ
1724 1028 1895 1094 δῶρόν
1927 1044 2023 1080 σου

452 1125 547 1174 ἐπὶ
575 1123 634 1173 τὸ
683 1121 1094 1188 θυσιαστήριον,
1139 1119 1302 1171 κάκεῖ
1342 1119 1587 1189 μνησθῇς
1631 1121 1769 1173 ὅτιό
1797 1121 2025 1188 ἀδελφός

451 1233 550 1268 ’σου
581 1215 692 1284 ἔχει
718 1230 768 1266 τι
798 1215 940 1266 κατὰ
967 1211 1084 1270 σοῦ,
1107 1211 1240 1281 ἄφες
1271 1214 1388 1263 ἐκεῖ
1411 1212 1468 1263 τι
1499 1211 1670 1282 δῶρόν
1693 1229 1788 1264 σου
1813 1212 2016 1282 ἐμπρο⁹

454 1308 583 1359 σθεν
623 1305 716 1357 τοῦ
772 1305 1184 1374 θυσιαστηρίου,
1234 1303 1328 1356 καὶ
1353 1301 1570 1370 ὕπαγε·
1611 1303 1829 1371 πρῶτον
1877 1304 2022 1356 διαλέ-

451 1397 656 1466 λήγηθι
684 1397 758 1466 τῷ
789 1396 1004 1465 ἀδελφῷ
1037 1413 1130 1448 σου
1151 1412 1166 1426 ’
1195 1397 1292 1450 καὶ
1317 1396 1440 1448 τότε
1469 1393 1638 1447 ἐλθὼν
1667 1397 1943 1466 πρόσφερε
1963 1397 2024 1450 τὸ

447 1488 626 1556 δῶρόν
676 1505 794 1540 σου.
830 1505 848 1539 ι
881 1488 945 1539 Oi
978 1488 1157 1540 τοίνυν
1203 1487 1302 1556 τῆς
1337 1487 1468 1557 μιᾶς
1515 1487 1611 1540 καὶ
1637 1485 1810 1553 αὐτῆς
1862 1487 2026 1540 καθέ-

449 1579 580 1647 δρας
607 1576 1050 1646 ἀντιποιούμενοι
1082 1578 1446 1646 πατριάρχαι,
1479 1579 1598 1644 πῶς
1631 1579 1751 1631 ποθ’
1787 1579 2020 1640 ἕκαστος

2203 847 2496 908 Prmterea,
2539 845 2719 898 omnis
2763 843 2967 898 oblatio
3015 853 3179 912 atque
3229 843 3402 897 hos-tia
3439 854 3570 900 tunc
3615 862 3708 902 ac-

2130 947 2286 1006 cepta
2321 945 2428 999 est,
2459 951 2582 989 cum
2611 950 2678 989 ex
2707 934 2892 1004 regula
2933 935 3223 988 Dominica:
3245 937 3556 991 tradiliOuis
3585 956 3707 1008 prr-

2133 1030 2335 1099 agitur.
2398 1029 2490 1082 Ait
2521 1028 2706 1082 enim:
2757 1045 2775 1078 ι
2808 1026 2864 1079 Si
2911 1026 3173 1080 olituleris
3218 1043 3418 1082 munus
3458 1039 3605 1083 tuum
3636 1034 3704 1087 ad

2131 1121 2322 1183 altare,
2376 1129 2431 1171 et
2467 1118 2539 1172 ibi
2582 1118 2902 1172 recordatus
2938 1117 3132 1180 fueris,
3178 1119 3320 1186 quod
3363 1119 3532 1175 frater
3575 1132 3705 1174 tuus

2131 1211 2292 1265 habet
2335 1210 2540 1279 aliquid
2590 1211 2881 1263 adversum
2936 1219 3028 1274 te,
3080 1209 3329 1278 relinque
3381 1211 3453 1264 ibi
3509 1227 3707 1264 munus

2125 1309 2283 1355 tuum
2315 1309 2440 1356 ante
2468 1301 2660 1365 altare,
2705 1309 2757 1353 et
2795 1300 2966 1365 vade;
2996 1301 3145 1369 prius
3170 1301 3518 1356 reconciliare
3553 1303 3703 1356 fratri

2130 1403 2269 1458 tuo;
2311 1403 2363 1449 et
2397 1403 2525 1448 tunc
2559 1395 2804 1461 veniens,
2839 1394 3030 1448 oﬂertu
3051 1410 3249 1448 munus
3274 1405 3423 1448 tuum
3448 1396 3516 1449 '°.
3547 1414 3565 1446 ι
3599 1396 3703 1462 Qui

2129 1488 2300 1554 igitur
2326 1501 2490 1540 unam
2544 1487 2686 1540 banc
2719 1487 3077 1556 eamdemque
3107 1489 3290 1542 sedem
3341 1487 3440 1540 sibi
3475 1491 3704 1556 patriar-

2132 1576 2249 1630 cha:
2300 1573 2617 1639 vindicant,
2669 1590 2906 1644 quanam
2958 1578 3190 1644 quisque
3243 1577 3454 1631 ratione
3505 1593 3704 1632 munus

451 1670 509 1721 τὸ
539 1669 713 1736 δῶρον
768 1668 863 1720 ἐπὶ
898 1669 957 1720 τὸ
1004 1667 1393 1739 θυσιαστήριον
1437 1671 1740 1740 ἀναφέρεις
1789 1671 2024 1736 Πότερον

2128 1679 2290 1717 suum
2321 1664 2387 1717 ad
2420 1664 2590 1718 altare
2619 1663 2822 1716 oll‘ert?
2852 1662 2986 1716 Num
3014 1679 3216 1718 munus
3251 1673 3376 1718 ante
3405 1665 3585 1720 altare
3618 1683 3703 1721 rc-

450 1759 882 1827 καταλιμπάνων
931 1758 988 1812 τὸ
1033 1759 1206 1827 δῶρον
1237 1759 1548 1829 ἔμπροσθεν
1597 1761 1690 1813 τοῦ
1723 1761 2020 1829 θυσιαστηο

451 1851 570 1919 ρίου
604 1850 1106 1919 καταλλαττόμενος
1141 1850 1218 1918 τῷ
1264 1853 1384 1902 κατ’
1414 1851 1578 1903 αὑτοῦ
1631 1851 1844 1920 ἐχοντις
1883 1849 2024 1904 Ἀλλ’

451 1943 550 1993 οὐκ
583 1941 649 1993 ἂν
699 1941 906 1993 πείσειε
949 1941 1160 2003 τοῦτον,
1210 1945 1256 1992 εί
1298 1940 1371 2010 μὴ
1433 1941 1698 2012 πρότερον
1747 1943 1894 2012 αύτῷ
1928 1946 2024 2013 τῆς

454 2032 726 2100 καθέδρας
748 2031 998 2100 ἐκσταίη.
1034 2031 1177 2084 Ἀλλ’
1204 2032 1550 2086 ἀδιάλλακτοι
1582 2034 1852 2101 μένοντες,
1884 2033 2026 2088 οὕτω

455 2123 783 2192 παραμέρος
847 2124 1079 2186 ἕκαστος
1132 2123 1188 2175 τὸ
1221 2123 1394 2193 δῶρον
1446 2125 1767 2193 προσφέρει,
1827 2126 1920 2178 καὶ⁸
1963 2126 2024 2178 οὐ

454 2214 595 2266 κατά
625 2215 973 2283 τοὺπίταγμα
1005 2215 1098 2266 τοῦ
1134 2214 1384 2284 Σωτῆρος
1413 2215 1541 2268 αὐτὸ
1571 2216 1890 2287 προσφέρει.
1922 2216 2027 2271 Οὕ-

454 2321 585 2356 κουν
610 2321 672 2372 γε
700 2303 886 2356 λοιπον
913 2303 1022 2357 οὐδ’
1051 2306 1105 2356 αί
1136 2305 1340 2358 τούτων
1383 2307 1658 2376 ἀναφοραὶ
1707 2310 1802 2362 καὶ
1842 2307 2024 2362 θυσίαι

452 2393 636 2445 δεκταί
665 2396 771 2446 είσι
807 2396 960 2460 παρά
989 2394 1066 2464 τῷ
1101 2394 1242 2462 Θεῷ.

531 2486 649 2536 Ἔτι
689 2487 715 2536 ὁ
764 2485 969 2550 Κύριός
1015 2502 1201 2552 φησιν,
1239 2504 1259 2537 ι
1296 2487 1390 2549 Ὃς
1422 2487 1516 2539 ἐὰν
1573 2487 1708 2558 λύσῃ
1743 2487 1872 2556 μίαν
1918 2488 2026 2541 τῶν

456 2576 683 2630 ἐντολῶν
729 2577 936 2630 τούτων
977 2577 1085 2629 τῶν
1119 2578 1435 2646 ἐλαχίστων,
1483 2581 1575 2631 καὶ
1621 2579 1808 2650 διδάξῃ
1851 2579 2024 2643 οὕτως

455 2669 577 2729 τοῦς
605 2666 944 2736 ἀνθρώπους,
985 2666 1262 2736 ἐλάχιστος
1323 2668 1656 2738 κληθήσεται
1689 2673 1744 2723 ἐν
1775 2674 1839 2740 τῇ
1878 2671 2026 2741 βασιο

459 2758 580 2827 λείᾳ
610 2757 716 2810 τ’ὦν
747 2759 1015 2828 οὐρανῶν.
1058 2776 1074 2808 ι
1106 2759 1308 2811 Λύεται
1337 2760 1392 2811 δὲ
1432 2763 1499 2828 τῇ
1533 2761 1856 2830 Παλαμιτῶν
1902 2763 2025 2815 Ἐκ-

458 2849 657 2920 κλησία
683 2849 771 2902 διὰ
803 2849 903 2919 τὴν
931 2849 1038 2900 τῶν
1067 2848 1159 2901 δύο
1188 2851 1545 2920 πατριαρχῶν
1574 2851 1672 2918 τῆς
1706 2853 1832 2920 μιᾶς
1866 2851 2023 2905 καθέ-

455 2939 588 3007 δρας
637 2940 976 3008 ἀντιποίησιν
1008 2940 1100 2991 καὶ
1151 2939 1353 3009 μάχην,
1385 2941 1479 2992 καὶ
1515 2941 1686 2993 ταῦτα
1724 2942 1822 3010 τῆς
1855 2944 2024 3010 αὐτῆς

453 3031 622 3082 ὅντων
656 3031 952 3099 θρησκείας
982 3034 1074 3081 καὶ
1124 3029 1240 3091 ἐνὸς
1277 3029 1567 3096 δόγματος,
1615 3031 1647 3099 η
1678 3033 1776 3100 τῆς
1814 3032 2024 3100 ἀναφο-

455 3123 556 3189 ρᾶς
584 3121 796 3191 ἐντολή.
841 3121 1146 3190 Ἐλάχτστοι
1193 3121 1378 3175 λοιπὸν
1432 3122 1528 3174 καὶ
1565 3122 1776 3185 ἀνάξιοι
1825 3141 2024 3178 παντεο

453 3211 566 3273 λῶς
614 3212 991 3281 κληθήσονται
1024 3213 1166 3264 οἵτε
1198 3211 1413 3274 λύοντες
1462 3211 1557 3280 τὴν
1592 3212 1835 3280 ἐντολὴν,
1875 3214 1929 3265 οῖ
1977 3213 2025 3266 θ’

453 3303 514 3355 οὗ
523 3322 626 3356 τως
656 3304 1039 3373 ἀναφέροντες.

529 3396 651 3447 Ἔτι
719 3395 795 3464 μὴ
868 3395 1028 3464 μόνον
1099 3395 1415 3465 ἐλέγχονται
1471 3398 1912 3467 παρανομοῦντες
1967 3399 2025 3452 ἐν

455 3485 684 3546 τούτοις,
718 3484 853 3538 ἀλλά
910 3488 1003 3537 καὶ
1051 3484 1147 3554 τὴν
1181 3487 1272 3538 τοῦ
1325 3487 1574 3557 Σωτῆρος
1628 3492 1757 3560 περὶ
1795 3490 1894 3558 τῆς
1928 3489 2026 3542 αὖ·

456 3575 551 3628 τοῦ
604 3577 931 3644 Ἐκκλησίας
986 3577 1289 3648 πρόρρησιν
1336 3579 1663 3645 ἀνατρέπειν
1704 3582 2022 3650 πειρῶνται.

459 3690 478 3721 ‹
519 3671 708 3724 Ἔσται
741 3669 868 3737 γὰρ,
907 3685 926 3717 ι
964 3670 1118 3736 φησὶ,
1157 3685 1174 3717 ι
1218 3667 1315 3736 μία
1347 3669 1550 3736 ποίμνη
1581 3710 1596 3733 ,
1626 3665 1703 3732 εἷς
1735 3672 1957 3741 ποιμήν.
1997 3690 2017 3722 ο

469 3761 610 3814 Ἀλλ’
636 3762 667 3832 ἠ
693 3760 799 3812 τῶν
841 3757 1168 3827 Παλαμιτῶν
1215 3757 1532 3827 Ἐκκλησία,
1559 3761 1648 3812 καὶ
1677 3762 1820 3814 κατὰ
1865 3762 2023 3814 τοῦτο

454 3853 515 3904 τὸ
551 3853 713 3918 μέρος
739 3851 1162 3916 ἀντιταττομένη
1207 3849 1450 3918 Χριστῷ,
1483 3852 1614 3918 μιᾶς
1668 3853 1901 3920 ποίμνης
1930 3853 2023 3906 δύο

456 3943 719 4008 ποιμένας
754 3940 1097 3993 κατατοαυτδ
1146 3939 1556 4006 ἀναφαίνουσιν.
1593 3940 1713 3993 Οὐδ’
1766 3941 1874 4011 ἄρα
1909 3943 2018 3994 λοι-

456 4034 615 4103 πονὴ
650 4031 856 4085 τούτων
896 4032 1189 4099 συναγωγὴ
1223 4030 1462 4102 Χριστοῦ
1510 4032 1658 4086 ἐστιν
1705 4033 2017 4104 Ἐκκλησία.

1053 4143 1307 4197 ΚΕΦΑΛ.
1347 4142 1420 4200 Ζ’,

456 4258 522 4310 El
555 4257 694 4327 ἁγία
736 4259 843 4312 τοῦ
875 4257 1024 4312 Θεοῦ
1062 4257 1234 4309 ἐστιν
1273 4258 1627 4324 Ἑκκλησά,
1660 4261 1697 4324 ἡ
1725 4261 2018 4326 τοσαύτας

518 4329 828 4391 ,βεϐήλους
870 4328 1271 4395 καινοφωνίας
1301 4330 1610 4396 παρῤησίᾳ
1651 4330 2016 4400 (immolari?-
2053 4333 2096 4386 D

523 4413 708 4450 σασα.

536 4490 630 4542 Ἕκ
653 4489 909 4544 τοιούτων
936 4489 1115 4541 τοίνυν
1157 4489 1265 4540 τῶν
1293 4489 1477 4558 ἀρχῶν
1507 4493 1598 4542 καὶ
1647 4490 1901 4560 τοιαύτης
1923 4492 2022 4561 τῆς

455 4581 730 4643 πολιτείας
763 4582 978 4642 ἑαυτοῖς
1009 4579 1105 4646 τὴν
1152 4581 1249 4647 τῆς
1296 4580 1626 4648 Ἐκκλησίας
1669 4581 2017 4650 περιθέμενοι

453 4672 764 4743 τυραννίδα,
809 4671 1163 4734 στασιάζουσι
1202 4672 1324 4738 μὲν,
1371 4671 1445 4734 ὡς
1487 4672 1722 4741 εἴρηται,
1764 4672 1882 4725 κατ’
1925 4673 2019 4724 ἀλ-

453 4765 655 4835 λήλων,
709 4765 974 4818 ἄσπονδον
1027 4764 1086 4816 τι
1116 4763 1241 4815 καθ’
1270 4764 1468 4824 αὐτοὺς
1502 4765 1560 4815 ἐν
1608 4765 1776 4817 ἀπασι
1825 4765 2018 4833 διατη-

457 4855 674 4927 ροῦντες
695 4871 708 4885 ⁸
740 4854 1194 4923 ὁμογνωμονοῦσι
1245 4855 1290 4906 δ’
1321 4858 1399 4916 εἰς
1447 4853 1504 4905 ἓν
1534 4853 1692 4906 τοῦτο
1739 4856 1919 4924 μόνον.
1955 4857 2018 4909 τὸ

456 4949 636 5000 πᾶσαν
660 4947 856 5014 εὐσεϐῆ
900 4947 1187 5014 δογμάτων
1227 4945 1528 5013 ἀνατρέψαι
1570 4944 1831 5000 διάνοιαν.
1857 4947 2024 4998 Τούν-

456 5037 648 5088 τεῦθεν
680 5037 771 5087 καὶ
802 5036 942 5087 κατὰ
982 5034 1075 5087 τοῦ
1131 5034 1423 5104 μοναδικοῦ
1458 5035 1555 5102 τῆς
1588 5033 1852 5104 Θεότητος
1901 5038 2023 5088 ἐπι-

461 5126 865 5196 στρατεύονται,
893 5127 986 5178 καὶ
1015 5126 1114 5194 τὴν
1151 5123 1466 5196 παρρησίαν
1496 5127 1598 5192 τῆς
1632 5125 1908 5186 ἀναιδείας
1943 5127 2024 5188 είς

455 5218 767 5287 ἀνατροπὴν
794 5218 892 5282 τῆς
917 5214 1174 5284 ἀληθείας
1198 5214 1680 5284 προφέρουσι.,”1ν“
1709 5211 1801 5268 οὖν
1829 5233 2026 5280 συγκε-

454 5310 858 5376 φαλαιώσαντες
891 5307 960 5360 τά
1020 5312 1284 5376 πρότερον
1337 5307 1604 5375 εἰρημένα
1653 5306 1739 5358 διὰ
1791 5296 2020 5368 πολλῶν,

456 5401 805 5470 ὕποθώμεθα,
835 5399 968 5452 Θεὸν
1009 5398 1109 5464 μὲν
1160 5398 1404 5450 ἐνούσιον
1443 5396 1736 5464 ἀπειράκις
1782 5395 2021 5464 ἀπείρως

450 5492 852 5562 ὑπερκείμενον
885 5490 981 5560 τῆς
1013 5488 1278 5558 ἐμφύτου,
1310 5488 1405 5541 καὶ
1440 5487 1560 5540 καθ’
1593 5489 1657 5558 ἢν
1686 5482 1827 5538 εἶναι
1859 5483 2019 5538 δύνα·

522 5676 566 5706 "
605 5671 918 5740 Joanfnn,
1116 5667 1159 5696 “°
1192 5666 1381 5720 Matth.
1421 5681 1472 5731 γ,
1497 5665 1588 5718 ‘25.

1673 5665 1712 5694 ⁶¹
1751 5664 1940 5716 Matth.
1970 5679 2020 5729 ν,
2059 5664 2144 5718 19.

2131 1751 2349 1820 linquit,
2379 1762 2439 1806 ut
2473 1754 2862 1807 reconcilietur
2902 1752 2975 1818 ei,
3021 1753 3113 1821 qui
3145 1753 3407 1808 adversus
3436 1771 3561 1808 ettm
3599 1755 3703 1808 ali-

2126 1844 2260 1914 quid
2294 1844 2502 1898 habet?
2549 1845 2618 1898 At
2651 1860 2754 1898 non
2796 1845 3057 1908 suaserit,
3108 1845 3213 1900 nisi
3261 1849 3414 1914 prius
3451 1847 3526 1900 illi
3575 1851 3703 1903 sedi-

2128 1937 2379 1992 cesserit.
2438 1934 2729 1991 Enimvero
2779 1938 2923 1992 nulla
2961 1938 3410 1992 reconciliatione
3441 1939 3522 1994 sic
3552 1955 3705 1994 seor-

2127 2045 2250 2084 sum
2291 2028 2528 2098 quisque
2562 2043 2764 2084 munus
2795 2027 2981 2094 ollert,
3019 2043 3122 2082 nec
3145 2029 3297 2098 juxta
3337 2029 3552 2084 Domini
3585 2030 3702 2086 Sul-

2128 2123 2331 2177 vatoris
2363 2129 2691 2194 praeceptum
2725 2132 2805 2177 est
2847 2119 3201 2191 obsequium.
3235 2121 3355 2176 Non
3390 2122 3503 2192 jam
3538 2125 3702 2194 igitur

2127 2227 2318 2268 eorum
2356 2229 2576 2284 quoque
2613 2215 2919 2269 oblationes
2943 2230 3008 2270 ac
3037 2213 3276 2270 victima:
3303 2229 3542 2284 acceptae
3571 2228 3704 2273 sunt

2126 2306 2270 2374 apud
2312 2305 2506 2360 Deum.

2203 2485 2278 2539 Ad
2311 2485 2424 2539 haec
2459 2485 2534 2539 ait
2571 2485 2877 2540 Dominus:
2927 2469 2955 2538 ”‹
2986 2486 3085 2551 Qui
3138 2487 3364 2541 solverit
3418 2503 3587 2543 unum
3637 2491 3704 2545 de

2132 2577 2400 2630 mandatis
2454 2577 2574 2630 istis
2630 2577 2896 2642 minitnis,
2924 2588 2976 2632 et
3005 2579 3254 2632 docuerit
3299 2579 3376 2632 sic
3429 2580 3699 2646 homines,

2130 2671 2385 2724 minimus
2410 2657 2692 2723 vocabitur
2715 2671 2767 2724 in
2798 2687 2963 2740 regno
3009 2675 3274 2728 coalurum
3302 2675 3368 2726 ⁶¹.
3400 2693 3418 2725 ι
3461 2673 3704 2731 Solvitur

2126 2773 2304 2816 autem
2343 2762 2731 2816 Palamitarum
2765 2762 3017 2817 Ecclesia)
3045 2764 3060 2832 (
3087 2765 3245 2828 tutius
3272 2765 3544 2819 cathedrae
3564 2766 3698 2820 'vin-

2129 2851 2424 2916 dicatione,
2471 2868 2534 2907 ac
2563 2867 2684 2920 qua:
2715 2851 2842 2906 inde
2872 2863 2956 2906 est
2986 2853 3222 2908 duorum
3260 2855 3696 2924 patriarcharum

2130 2942 2244 2994 rixa
2263 2957 2566 3010 pugnaque,
2599 2957 2720 2996 rum
2755 2949 2812 2996 et
2846 2939 3087 3008 ejusdem
3123 2943 3402 3010 rrligionis
3427 2943 3699 3013 uniusque

2129 3032 2404 3101 Opinionis
2426 3032 2732 3102 exsistant)
2754 3043 3083 3101 praeceptum
3103 3031 3366 3088 oil‘erendi
3394 3049 3411 3100 ;
3433 3033 3544 3102 jam
3567 3048 3701 3102 ergo

2132 3123 2341 3176 minimi
2395 3123 2715 3193 indigniqne
2761 3124 3126 3188 vocabuntur,
3184 3133 3296 3179 tum
3344 3125 3436 3194 qui
3483 3125 3700 3182 solvant

2130 3222 2480 3284 praeceptum,
2506 3223 2621 3268 tum
2655 3216 2748 3283 qui
2783 3214 2835 3267 in
2865 3229 2988 3269 eum
3025 3217 3242 3271 modum
3277 3215 3533 3272 oli‘crant.

2199 3390 2510 3454 Postremo,
2550 3391 2750 3444 nedum
2785 3391 2835 3443 in
2865 3375 3382 3448 his‘convincuntur
3411 3411 3696 3465 perperam

2131 3498 2308 3552 agere,
2342 3483 2437 3536 sed
2481 3482 2627 3550 quod
2663 3485 2824 3535 etiam
2861 3481 3161 3537 Salvatoris
3193 3484 3260 3539 de
3302 3483 3546 3540 Ecclesia
3597 3503 3696 3544 sua

2127 3572 2443 3625 vaticinium
2464 3580 2734 3625 conantur
2754 3583 2997 3626 evertere
3023 3613 3036 3625 .
3069 3591 3085 3623 ι
3119 3573 3232 3627 Erit
3257 3595 3275 3626 ι
3299 3574 3466 3639 enim,
3496 3576 3694 3646 inquit,

2133 3681 2152 3714 ι
2184 3679 2348 3715 nnttm
2399 3663 2562 3728 ovile,
2611 3679 2751 3717 unus
2784 3663 2978 3718 Pastor
3004 3665 3071 3718 ⁶’.
3105 3683 3123 3714 ι
3188 3667 3256 3719 At
3305 3667 3693 3724 Palamitarnm

2126 3753 2366 3810 Ecclesia
2447 3755 2549 3808 hac
2604 3769 2824 3822 quoque
2877 3764 3029 3823 parte
3084 3753 3300 3810 Christo
3349 3759 3699 3825 adversatur,

2125 3851 2253 3902 dum
2286 3852 2448 3902 unius
2479 3849 2656 3918 gregis
2677 3847 2813 3903 duos
2841 3857 3087 3917 pastores
3111 3848 3389 3903 exhibent.
3421 3849 3537 3904 Non
3565 3867 3699 3922 ergo

2119 3939 2230 4008 jam
2260 3940 2472 3994 illorum
2499 3943 2852 4010 congregatio
2880 3949 2964 3994 est
3001 3939 3207 3995 Christi
3258 3940 3518 3997 Ecclesia.

2709 4141 2938 4197 CAPUT
2994 4141 3101 4196 VII.

2129 4255 2272 4308 Num
2292 4266 2472 4309 sancta
2505 4253 2601 4330 Dei
2634 4255 2890 4330 Ecclesia,
2920 4273 2979 4310 ea
3001 4274 3116 4324 qum
3145 4270 3215 4311 Iot
3242 4260 3493 4330 profanas
3515 4276 3698 4317 vocum

2471 4329 2725 4380 novitates
2758 4327 2934 4393 palam
2967 4338 3044 4380 est
3075 4327 3341 4397 confessa.

2197 4481 2421 4536 Talibus
2455 4482 2622 4552 igitur
2655 4497 2718 4534 ex
2753 4481 3072 4551 principiis,
3114 4484 3315 4553 talique
3354 4485 3702 4542 institutione

2127 4588 2189 4628 ac
2215 4573 2519 4640 disciplina,
2551 4581 2766 4640 arrepta
2794 4572 2896 4625 sibi
2931 4573 3189 4626 Ecclesiae
3219 4576 3524 4644 tyrannide,
3555 4588 3608 4632 et
3635 4589 3699 4636 ut

2125 4679 2242 4718 eam
2279 4664 2332 4718 vi
2370 4664 2470 4719 sibi
2498 4663 2815 4732 subjiciunt,
2869 4666 3273 4716 tumultuantur
3321 4666 3562 4732 quidem,
3615 4671 3699 4720 uti

2125 4754 2394 4818 dicebam,
2421 4752 2512 4807 alii
2543 4755 2595 4806 in
2612 4754 2770 4815 alios,
2809 4752 3167 4819 implacabilia
3187 4753 3330 4807 inter
3345 4770 3404 4808 se
3428 4755 3552 4810 odia
3574 4774 3665 4812 scr
3697 4804 3700 4805 ν

2124 4855 2312 4902 rantes
2343 4861 2406 4900 ac
2439 4845 2740 4898 discordias
2771 4861 2786 4897 :
2825 4857 2934 4896 uno
2963 4859 3087 4896 vero
3116 4845 3220 4898 hoc
3253 4845 3522 4901 duntaxat
3551 4865 3688 4904 con--

2125 4939 2318 4993 cordcs
2346 4947 2497 4998 sunt,
2525 4945 2583 4988 ut
2607 4949 2824 4988 omnem
2855 4935 3070 5003 piorum
3102 4935 3416 5006 dOgmatunt
3443 4949 3697 4995 evertant

2125 5029 2476 5085 sententiam.
2519 5026 2884 5123 Quamobre.m
2922 5028 3090 5079 etiam
3143 5027 3410 5082 adversus
3450 5030 3692 5099 singula.

2127 5135 2236 5173 rem
2271 5118 2530 5172 Deitatem
2565 5125 2745 5170 castra
2771 5110 3072 5178 in'slrunnt,
3096 5111 3692 5189 proferuntqueimpu-
3759 5190 3762 5194 .

2127 5212 2323 5266 (lentiae
2353 5211 2657 5264 libertatem
2683 5218 2746 5261 .ul
2779 5208 3066 5262 veritatem
3101 5222 3366 5265 evertant.
3417 5213 3478 5266 Ut
3525 5212 3693 5278 igitur

2129 5319 2338 5356 summa
2372 5302 2686 5371 repetendo,
2717 5316 2834 5370 quae
2866 5301 3116 5368 superius
3145 5303 3331 5356 multis
3357 5302 3501 5354 dicta
3532 5313 3684 5367 sunt,

2130 5394 2202 5446 ob
2243 5395 2433 5445 oculos
2479 5406 2765 5460 ponamus,
2805 5388 2973 5444 Deum
3021 5391 3240 5458 quidem
3279 5405 3406 5444 vere
3441 5407 3503 5444 ac
3558 5395 3690 5446 Stib-

2132 5485 2330 5540 stantia
2382 5486 2757 5548 etsisteutem,
2802 5483 3064 5536 iniinities
3114 5482 3324 5535 inlinite
3360 5482 3578 5545 innate.
3625 5500 3692 5542 ac

2224 5663 2267 5693 θ’
2308 5661 2465 5718 Juan.
2506 5679 2580 5728 st,
2631 5663 2716 5719 l6.
