4056 6266
400 325 508 390 τῒθ

403 546 513 588 tem
552 533 844 586 essentiam
887 531 1200 596 contingunt
1249 525 1599 590 sentiuntque
1631 536 1644 582 ;
1678 533 1796 571 eam
1843 531 1972 568 vero

406 641 532 695 qua:
565 624 645 678 sic
697 621 893 675 haheat
929 621 1168 671 innatam
1208 616 1299 668 Dei
1334 616 1613 674 virtutem,
1663 608 1828 660 Deum
1866 620 1971 655 non

407 730 537 770 vere
567 730 630 767 ac
658 712 963 768 substantia
993 710 1372 764 exsistentem.
1406 705 1595 770 sicque
1622 699 1861 754 essentia
1894 697 1974 747 di-

411 808 536 860 vina
583 805 920 857 inferiorem.
963 800 1127 852 Certa
1183 798 1350 865 igitur
1397 796 1628 856 ratione,
1679 791 1772 860 qui
1828 789 1976 841 velut

411 897 566 958 deos,
605 895 683 946 sic
723 901 778 945 et
817 891 1052 944 deita‘tes
1083 894 1348 949 statuant,
1399 895 1513 938 tum
1565 885 1665 936 hac
1709 880 1980 934 divisione

412 983 674 1053 distingui
725 981 934 1042 volunt,
999 989 1112 1030 tum
1168 977 1354 1030 multis
1402 975 1524 1026 aliis
1571 971 1976 1042 oppositionum

415 1075 614 1136 modis,
648 1073 725 1127 uti
757 1073 923 1126 etiam
969 1085 1028 1123 se
1061 1068 1224 1121 habet
1258 1065 1468 1120 visibile
1499 1065 1566 1118 ad
1601 1061 1896 1124 invisibile,
1926 1069 1980 1110 et

413 1166 558 1235 quod
589 1174 765 1234 potest
799 1159 1118 1232 participari
1152 1158 1219 1212 ad
1261 1158 1312 1211 id
1355 1157 1498 1225 quod
1529 1151 1984 1224 imparticipahile

415 1268 534 1314 est:
568 1265 623 1309 et
649 1271 771 1324 quae
799 1263 928 1308 sunt
962 1254 1182 1320 reliquae
1206 1249 1603 1318 oppositiones.

491 1348 669 1402 Unum
705 1350 807 1399 hoc
835 1354 918 1399 est
943 1360 1134 1397 eorum
1169 1341 1466 1409 impietatis
1495 1343 1678 1405 caput,
1712 1335 1856 1404 quod
1892 1347 1986 1386 ne-

415 1441 544 1494 dum
587 1440 698 1492 Deo
739 1453 921 1492 ieram
968 1434 1343 1490 exsistentiam
1392 1432 1615 1487 adimat.
1652 1443 1715 1480 ac
1763 1433 1984 1496 porten-

417 1541 591 1586 tosam
640 1533 864 1583 deorum
915 1527 1314 1581 multitudinem
1343 1523 1584 1580 invehat,
1616 1520 1708 1573 sed
1743 1527 1795 1571 et
1830 1515 1987 1570 nobis

416 1638 446 1674 a
504 1619 772 1689 principio
822 1619 1026 1687 positas
1071 1617 1138 1669 de
1187 1613 1503 1667 monarchia
1540 1613 1683 1676 leges
1750 1614 1984 1666 evertat,

418 1727 649 1782 quarum
679 1712 792 1763 hzec
816 1709 976 1763 verba
1004 1709 1112 1761 sint
1135 1722 1198 1760 ac
1227 1705 1497 1759 sententia
1527 1721 1540 1755 :
1576 1720 1595 1753 ι
1625 1701 1782 1754 Fides
1803 1706 1984 1750 autem

419 1802 688 1856 catholica
721 1814 883 1853 unam
921 1797 1207 1866 profitetur
1247 1794 1528 1855 Deitatem,
1566 1789 1740 1844 Patris
1765 1797 1834 1841 et
1867 1785 1986 1840 Filii

420 1905 476 1948 et
525 1893 763 1960 Spiritus
813 1891 1012 1951 sancti.
1055 1897 1248 1957 pra-uer
1296 1900 1457 1954 quam
1493 1899 1605 1938 non
1653 1878 1991 1951 reputabitur

417 1987 550 2042 alia.
581 2005 600 2036 ›
641 1983 744 2037 Et:
782 2003 799 2033 ο
834 1981 1002 2035 Nobis
1036 1997 1178 2035 unus
1215 1979 1355 2033 Deus
1388 1987 1493 2042 est,
1525 1977 1668 2047 quod
1713 1990 1818 2030 una
1858 1973 1988 2029 Dei-

423 2093 528 2135 tas.
563 2098 582 2132 ι
611 2079 674 2132 Et
704 2079 845 2133 sicut
878 2091 1044 2130 unum
1079 2077 1244 2128 Deum
1278 2073 1478 2126 sentire
1503 2071 1649 2125 docti
1677 2085 1890 2136 sumus,
1914 2071 1994 2125 sic

415 2184 477 2226 et
504 2187 668 2227 uuam
708 2169 947 2240 profiteri
982 2167 1244 2220 Deitatem
1277 2164 1604 2232 acoepimus.

500 2275 749 2329 Secundo
782 2288 933 2337 vero,
976 2271 1178 2341 quibus
1204 2270 1558 2323 constitutum
1609 2269 1697 2332 sit,
1729 2277 1787 2321 ut
1834 2284 1993 2338 quem

418 2370 827 2424 aditu-eneruat
864 2365 1028 2418 Deum
1083 2363 1310 2415 alterum
1362 2377 1426 2414 ac
1471 2361 1756 2426 Dcitzitcm,
1805 2361 1994 2415 mundi

429 2461 610 2514 omnis
639 2455 1128 2512 administrationis
1159 2471 1220 2507 ac
1251 2453 1561 2507 commercii
1613 2453 1893 2522 prmsidem
1943 2463 1998 2507 et

433 2555 797 2620 inspectorem
828 2565 888 2601 ac
916 2547 1162 2616 opificem
1197 2554 1458 2602 statuant,
1491 2544 1543 2595 in
1583 2544 1877 2596 immanem
1905 2543 1998 2596 ad-

422 2657 622 2696 versus
664 2641 754 2694 Dei
801 2638 1116 2700 essentiam,
1171 2649 1292 2704 qua?
1337 2633 1482 2687 omni
1524 2633 1715 2686 lleitati
1773 2633 1997 2698 eminet,

430 2731 677 2786 incidunt
704 2729 996 2783 insaniam.
1030 2726 1306 2793 Aiuntque
1343 2724 1394 2776 in
1432 2724 1543 2776 lucc
1577 2723 1737 2775 verba
1768 2731 1820 2776 et
1859 2725 1997 2775 scri-

432 2824 607 2874 Laut:
642 2837 660 2869 ι
691 2817 956 2883 Quisnam
1009 2812 1231 2866 invidus
1268 2811 1476 2865 daemon
1528 2810 1742 2880 procaci
1779 2809 1999 2863 audacia

430 2914 527 2968 Dei
559 2911 812 2966 Ecclesia:
842 2907 1066 2971 invexit,
1101 2905 1245 2974 quod
1277 2905 1393 2974 ipsa
1429 2903 1517 2957 Dei
1549 2903 1782 2956 essentia
1817 2903 1866 2954 in
1899 2903 2000 2954 ho-

429 3004 673 3058 minibus
722 3002 997 3064 habitans,
1036 3011 1129 3051 eos
1179 2997 1270 3065 qui
1325 3003 1646 3064 purgantur,
1695 3002 1908 3064 purget,
1947 3004 2002 3050 et

1563 309 1886 379 JOANNTS
1924 309 2105 371 CYPA
2118 309 2194 368 R1
2208 307 2490 368 $810117.

401 457 510 512 qua
531 451 668 497 esse“
683 446 884 510 potest,
912 437 1100 493 virtuti
1136 435 1466 491 eminentem
1495 431 1637 484 trine
1673 429 1974 482 subsisten-

2099 440 2166 474 ται
2221 423 2526 491 δυνάμεως,
2579 421 2674 491 τὴν
2735 439 2822 488 τι.
2867 445 2915 473 ρ.

3533 304 3653 364 ὟὊ

2924 445 2938 474 ;
2957 467 2960 470 .
2977 463 2996 472 -
3017 463 3031 472 .
3054 439 3100 470 ἰτ
3115 438 3168 471 τι)
3235 421 3333 472 ἀνα
3346 422 3655 483 πλάσαντες

2074 515 2287 576 οὐσίαν,
2330 514 2623 582 φρονοῦσι·
2677 514 2779 580 τὴν
2821 513 2866 564 δ’
2913 514 3084 575 οὕτως
3145 512 3372 579 ἔχουσαν
3408 514 3657 582 ἔμφυτον

2074 604 2168 657 τοῦ
2199 605 2333 656 Θεοῦ
2384 603 2613 671 δύναμιν
2645 603 2775 654 Θεὸν
2808 602 3076 660 ἀνςύσιον,
3113 603 3207 654 καὶ
3231 603 3369 654 κατὰ
3397 604 3657 655 τοσοῦτον

2073 696 2175 764 τῆς
2206 696 2352 758 θείας
2393 696 2580 758 ούσίας
2623 694 2934 764 ὑφειμένον.
2979 694 3266 761 ’Λνάλογον
3297 695 3385 760 ἀρ’
3427 691 3518 748 οῦν
3548 696 3659 749 αὖα

2077 789 2200 850 τοὺς
2233 786 2422 855 ὥσπερ
2453 786 2630 844 θεοὺς.
2669 784 2812 837 οὕτω
2853 787 2944 838 καὶ
2992 786 3256 853 θεότητας
3293 786 3652 853 ὑποθέμενοι,

2076 875 2250 945 ταύτῃ
2277 893 2333 927 τε
2357 877 2421 944 τῇ
2458 875 2721 944 διαιρέσει
2751 875 3054 944 διαφέρειν,
3089 867 3183 928 καὶ
3221 876 3434 938 πολλοῖς
3466 877 3660 938 ἄλλοις

2081 963 2406 1018 ἀντιθέσεων
2437 967 2658 1032 τρόποις
2705 967 3091 1018 ἐπιτάττουσιν
3121 984 3134 998 ·
3187 966 3378 1037 ὥσπερ
3415 968 3525 1038 ἔχει
3560 969 3665 1019 καὶ

2082 1060 2142 1108 τὸ
2173 1057 2368 1126 ὁρατὸν
2401 1057 2538 1126 πρὸς
2569 1058 2630 1107 τὸ
2659 1057 2907 1126 ἀόρατον,
2937 1060 3031 1109 καὶ
3060 1057 3119 1108 τὸ
3153 1058 3416 1126 μεθεκτὸν
3444 1058 3579 1126 πρὸς
3597 1058 3664 1108 τδ
3747 1095 3757 1105 .

2086 1150 2389 1220 ἀμὲθεκτον
2417 1166 2430 1180 °
2472 1150 2567 1202 xui.
2591 1150 2759 1204 τᾶλλα
2789 1150 2898 1202 τῶν
2931 1151 3279 1204 ἀντιθέσεων.

2162 1331 2259 1382 Ἓν
2294 1329 2391 1397 μέν
2417 1329 2480 1398 δὴ
2505 1328 2663 1381 τοῦτο
2690 1327 2788 1394 τῆς
2816 1327 3070 1390 ἀσεϐείας
3097 1329 3302 1380 τούτων
3328 1328 3444 1380 ἐστὶ
3476 1329 3537 1380 to
3566 1345 3668 1380 κε-

2079 1421 2338 1486 φάλαιον,
2377 1422 2455 1485 ,ού
2491 1421 2650 1487 μόνον
2697 1419 3040 1488 ἀνυπαρξίαν
3093 1420 3311 1485 εἰσάγον
3359 1419 3519 1483 Θεοῦ,
3564 1419 3669 1472 καὶ

2091 1511 2382 1564 πολυθεΐαν
2431 1509 2748 1571 ἀλλόκοτον,
2785 1509 2920 1562 ἀλλὰ
2967 1508 3219 1568 καὶτοὺς
3251 1509 3490 1578 ἐξαρχῆς
3527 1511 3669 1578 ἡμῖν

2092 1603 2341 1674 περὶτῆς
2370 1598 2674 1671 μοναρχίας
2705 1601 3118 1669 παραδοθέντας
3141 1601 3448 1671 ἀνατρέπον
3475 1603 3662 1672 ὅρους,

2094 1697 2422 1764 φάσκοντας,
2458 1711 2480 1744 ι
2525 1693 2587 1745 'll
2618 1695 2676 1746 δέ
2710 1692 2972 1762 καθολικὴ
2995 1694 3176 1755 πίστις
3207 1695 3332 1762 μίαν
3364 1694 3666 1762 πρεσϐεύει

2017 1757 2065 1817 Β
2094 1757 2347 1855 θεότητα,
2387 1785 2618 1854 Πατρδς,
2661 1784 2789 1837 Υίοῦ
2819 1788 2914 1838 καὶ
2942 1757 3098 1852 ἀγίου
3129 1757 3448 1853 Πνεῦματος
3477 1801 3490 1814 ’
3527 1785 3664 1854 παρ’

2094 1879 2160 1948 ἣν
2190 1879 2250 1929 ού
2289 1876 2678 1944 λογισθήσεται
2715 1875 2898 1945 ἐτέρα.
2931 1897 2949 1926 ο
2983 1876 3112 1936 Καὶ,
3141 1895 3160 1928 ι
3207 1875 3367 1943 Ἡμῖν
3401 1869 3481 1937 εἷς
3504 1874 3662 1937 θεὸς,

2095 1971 2176 2022 ὅτι
2215 1970 2310 2038 μία
2342 1969 2556 2038 θεότης.
2597 1987 2617 2019 ι
2660 1968 2768 2020 Καὶ
2798 1969 2985 2036 ὥσπερ
3017 1969 3108 2020 ἐνα
3136 1967 3265 2020 Θεὸν
3295 1969 3510 2037 φρονεῖν
3546 1966 3665 2018 ἐδι.

2091 2061 2389 2132 δάχθημεν,
2421 2059 2566 2112 οὕτω
2601 2061 2692 2112 καὶ
2740 2059 2868 2128 μίαν
2897 2060 3126 2128 θεότητα
3170 2058 3452 2127 ὁμολογεῖν
3492 2075 3666 2127 παρε-

2093 2154 2356 2223 λάὅομεν.

2165 2250 2429 2318 Δεύτερον
2460 2248 2537 2313 δὲ,
2581 2245 2988 2316 βεΰουλημένοι,
3024 2245 3114 2298 τ“,ν
3157 2239 3218 2295 ὃν
3249 2243 3498 2314 ἀνεῦρον,
3541 2245 3661 2297 δεύ-

2097 2356 2253 2407 τερον
2304 2339 2436 2392 Θεὸν
2488 2339 2583 2392 καὶ
2641 2339 2888 2406 Θεότητα
2922 2341 3021 2404 τῆς
3053 2337 3145 2390 τοῦ
3199 2338 3401 2408 κόσμου
3463 2339 3660 2397 παντὶς

2097 2429 2417 2497 διοικήσεως
2473 2431 2565 2481 καὶ
2617 2428 2891 2498 μεθέξεως
2952 2429 3146 2497 ἔφορον
3204 2429 3661 2496 ἀποκαταστῆσαι

2098 2525 2192 2575 καὶ
2223 2521 2576 2591 δημιουργὸν,
2611 2522 2692 2582 είς
2718 2520 3008 2572 ἀλλόκοτον
3038 2522 3374 2590 ἐμπίπτουσι
3404 2524 3540 2574 κατὰ
3568 2524 3664 2584 τῖς

2100 2615 2372 2684 ὑπερθὲου
2397 2615 2582 2674 οὐσίας
2615 2614 2808 2680 μανίαν
2842 2630 2856 2645 ’
2885 2614 2975 2665 καί
3011 2631 3143 2682 φασι
3178 2614 3320 2667 κατά
3353 2615 3496 2678 λέξιν
3526 2615 3666 2669 οῦτω

2105 2705 2572 2773 συγγραφόμενοι,
2621 2723 2640 2754 ι
2683 2706 2842 2766 Ποῖος
2891 2703 3162 2775 βάσκανος
3205 2706 3412 2773 δαίμων
3439 2709 3500 2775 τῇ
3545 2708 3666 2759 Ἐκ-

2103 2797 2301 2868 κλησίᾳ
2344 2795 2438 2848 τοῦ
2471 2797 2607 2850 Θεοῦ
2656 2797 2942 2867 τολμηρῶς
2990 2799 3378 2867 ἐπεισήγαγεν,
3410 2799 3488 2851 ὅτι
3526 2801 3664 2868 αὑτὴ

2103 2890 2136 2956 ή
2187 2889 2343 2940 οὐσία
2394 2888 2487 2940 τοῦ
2521 2888 2658 2940 Θεοῦ
2708 2889 3042 2942 κατοικοῦσα
3091 2892 3146 2941 ἐν
3192 2893 3305 2953 τοῖς
3339 2889 3663 2959 ἀνθρώποις,

2103 2977 2228 3040 τοὺς
2268 2978 2696 3048 καθαιρομένους
2743 2978 3024 3047 καθαίρει,
3059 2979 3151 3031 καὶ
3185 2981 3312 3042 τοὺς
3344 2980 3668 3050 λαμπρῦνον

433 3095 530 3163 qui
579 3093 1001 3164 splendescunt,
1052 3089 1401 3158 splendorem
1458 3087 1686 3152 induat,
1737 3099 1900 3157 atque
1946 3091 1998 3142 iu

2106 3073 2301 3141 μένους
2326 3071 2661 3142 λαμπρύνει,
2705 3073 2795 3124 καὶ
2819 3072 2943 3136 τοῦς
2971 3074 3109 3126 κατά
3130 3091 3249 3126 τινα
3281 3075 3438 3128 σάλον
3459 3077 3672 3146 ἀνίερον

435 3184 704 3238 creaturis
739 3181 992 3234 habitans
1039 3179 1153 3232 hate
1185 3176 1418 3230 efﬁciat?
1446 3175 1580 3240 Hoc,
1625 3179 1767 3245 quod
1801 3195 1865 3232 ex
1903 3193 2002 3232 vo-

437 3275 526 3328 bis
559 3272 814 3327 audimus
846 3274 862 3338 (
887 3278 1050 3338 atque
1084 3270 1297 3323 utinam
1325 3283 1392 3322 ne
1420 3268 1737 3322 audiremus
1762 3269 2002 3339 quidem)

431 3361 746 3412 daemonum
782 3369 911 3407 vere
948 3354 1298 3407 tenebrosum
1349 3352 1630 3405 inventum
1681 3361 1787 3405 est.
1813 3371 1830 3404 ι
1871 3350 2007 3410 liinc

433 3450 666 3505 omnino
696 3447 930 3509 scilicet,
961 3452 1015 3497 et
1048 3459 1112 3497 ex
1144 3453 1293 3497 tanta
1325 3452 1610 3512 captantes
1670 3443 2006 3512 blaSpliemia

433 3554 548 3594 non
585 3537 728 3592 aliud
765 3550 925 3606 quam
955 3535 1098 3604 Quod
1139 3534 1475 3596 dicebamus,
1522 3542 1578 3587 nt
1609 3533 1866 3587 nimirum
1903 3534 2000 3588 Dei

430 3631 655 3700 quidem
687 3628 978 3685 essentiam
1019 3627 1086 3680 ab
1129 3625 1276 3680 omni
1331 3640 1556 3694 prorsus
1601 3641 1780 3678 rerum
1828 3625 2005 3680 admi-

434 3719 766 3775 nistratione
819 3732 1060 3786 curaque
1109 3726 1418 3782 amoveant,
1481 3714 1823 3769 subdititium
1878 3731 2008 3771 vero

441 3813 594 3868 illum
639 3810 829 3871 Deum,
862 3824 1022 3878 quem
1076 3807 1132 3862 in
1169 3808 1387 3862 modum
1441 3807 1670 3861 luminis
1710 3807 2010 3877 cogitantes

433 3904 838 3972 produxerunt,
873 3899 990 3971 ejus
1025 3899 1147 3953 loco
1178 3899 1457 3952 inducant.

513 3989 754 4044 Tertium
789 3997 967 4042 autem
1015 3987 1129 4056 pari
1177 3987 1474 4055 impietate,
1505 3993 1597 4038 aut
1638 3984 1852 4053 majori,
1889 3999 2010 4054 qua!

443 4091 572 4135 sunt
615 4080 893 4150 superiora
937 4091 1205 4146 superans
1239 4084 1344 4129 est.
1388 4073 1596 4128 Nedum
1647 4088 2010 4142 superessen-

438 4172 624 4226 tialcm
652 4168 1293 4237 incircumscripiamque
1325 4165 1647 4229 essentiam,
1669 4181 1736 4218 ne
1765 4167 1820 4219 in
1854 4180 2011 4220 crea-

445 4264 516 4316 tis
560 4261 848 4323 inhabitet,
897 4258 1214 4320 eliminant,
1272 4273 1336 4313 ac
1380 4259 1717 4328 Scripturam
1769 4259 2010 4324 abolent,

445 4351 588 4419 quod
621 4349 826 4403 diserte
863 4347 1100 4401 clamet:
1137 4366 1153 4398 t
1188 4346 1504 4404 lnhabitabo
1529 4350 1580 4403 in
1617 4350 1717 4414 eis,
1751 4359 1805 4404 et
1839 4351 2012 4404 inam-

387 4472 392 4476 ι
445 4444 645 4496 hulabo
673 4457 687 4505 ;
716 4449 771 4493 et
807 4454 902 4493 ero
936 4439 1043 4493 illis
1068 4439 1120 4492 in
1149 4439 1342 4505 lieum,
1374 4449 1427 4495 et
1463 4441 1561 4510 ipsi
1592 4449 1756 4495 erunt
1790 4443 2008 4517 mihiin

446 4532 707 4603 populum
729 4531 772 4562 ⁸³
803 4547 865 4596 »ς
902 4545 1088 4584 verum
1141 4529 1304 4583 etiam
1355 4546 1422 4584 ne
1451 4531 1581 4600 quid
1628 4547 1792 4602 grave
1837 4533 2012 4588 homi-

449 4624 608 4676 nibus
638 4624 706 4675 ιι)
727 4622 814 4674 illa
849 4621 1155 4688 proveniat,
1189 4621 1328 4675 hanc
1351 4621 1664 4677 hominibus
1690 4623 2007 4696 fugiendam

445 4714 752 4774 suadentes,
793 4712 1174 4781 corrumpendi
1231 4714 1279 4764 vi
1322 4713 1598 4782 praeditam
1625 4715 2011 4783 pronuntiave—

449 4813 597 4869 runt,
636 4805 716 4858 sic
745 4802 1004 4857 nimirum
1046 4805 1330 4872 loquentes
1370 4805 1423 4858 in
1455 4807 1576 4867 lide,
1611 4821 1773 4872 quam
1808 4788 2010 4875 posue-

447 4905 571 4950 runt
603 4916 616 4950 :
664 4914 683 4947 ι
706 4895 969 4962 Quodque
1004 4895 1091 4948 Dei
1135 4897 1460 4960 essentiam,
1492 4897 1698 4951 idcirco
1727 4899 1869 4967 quod
1908 4899 2010 4950 im-

449 4988 846 5058 partieipabilis
885 5003 948 5040 ac
993 4987 1272 5041 inaccessa
1309 4987 1452 5040 dicta
1532 4988 1624 5052 sit,
1676 4988 2016 5056 corruptrice

449 5077 810 5145 vipraeditam
829 5077 1240 5139 existimamus;
1278 5078 1366 5152 qui
1389 5077 1469 5132 sic
1491 5075 1556 5129 de
1579 5075 1665 5129 illa
1690 5077 2014 5140 sentiamus,

448 5185 482 5220 o
527 5169 891 5222 temeritatem
942 5179 994 5220 et
1035 5169 1355 5221 audaciam!
1413 5168 1611 5236 impios
1668 5182 2016 5235 nuncupave-

447 5270 617 5323 runt;
650 5259 813 5324 idque
850 5273 970 5311 cum
1012 5259 1149 5312 Deus
1179 5257 1243 5311 ad
1283 5256 1484 5310 Mosem
1529 5257 1733 5310 dixerit
1783 5273 1798 5309 :
1845 5255 2015 5310 Nemo

451 5348 648 5400 videbit
685 5347 875 5402 faciem
911 5361 1108 5408 meam,
1136 5355 1191 5399 et
1220 5346 1363 5399 vivet
1385 5345 1454 5399 ⁸⁵.
1490 5363 1509 5396 ι

524 5439 637 5504 ουρ
669 5454 794 5492 vero
824 5439 958 5500 haec,
992 5439 1188 5493 nedum
1231 5436 1377 5488 omni
1429 5435 1632 5502 majora
1667 5445 1794 5488 sunt
1829 5435 2018 5502 impie-

449 5539 583 5593 tate,
629 5545 692 5585 ac
745 5531 939 5598 prioris
989 5527 1294 5583 evidentius
1324 5527 1613 5578 adstruunt
1641 5527 2012 5594 impietatem,

525 5700 570 5728 ‘3
609 5699 934 5766 Levitacxvn,
964 5703 998 5753 ἓ
1021 5721 1032 5763 ;
1057 5702 1097 5753 il
1135 5702 1257 5753 Cur.
1288 5717 1360 5765 t'i,
1395 5700 1476 5752 iG.

2103 3162 2196 3214 τοῦ
2231 3161 2398 3215 καλοῦ
2433 3163 2902 3233 παρατραπὲντας
2965 3165 3250 3234 ἐπανάγει,
3278 3168 3370 3218 καὶ
3412 3169 3523 3229 τοῖς
3557 3170 3668 3220 κτί-

2108 3269 2311 3322 σμασιν
2372 3255 2658 3307 ἐνοικοῦσα
2715 3256 2890 3310 ταῦτα
2948 3259 3280 3326 ἐργάζεται;
3333 3259 3493 3312 Ἰόῦθ⁹
3538 3262 3665 3328 ὅπερ

2106 3345 2238 3414 παρ’
2273 3345 2428 3416 ὑμῶν
2485 3347 2778 3416 ἀκούομεν,
2809 3349 2882 3410 ὡς
2931 3351 3006 3420 μὴ
3037 3349 3233 3417 ὢφελε,
3280 3349 3544 3419 δαιμόνων
3591 3349 3661 3411 ὡς

2104 3437 2320 3507 ἀληθῶς
2374 3438 2586 3508 εὕρεμα
2655 3441 2962 3492 σκοτεινόν·
3020 3460 3038 3492 ι
3093 3442 3400 3512 θηρώμενοι
3458 3444 3668 3505 πάντως

2107 3529 2360 3582 ἐντεῦθεν
2378 3530 2471 3583 καὶ
2494 3531 2594 3598 τῆς
2616 3531 2886 3597 τοσαύτης
2913 3530 3258 3602 βλασφημίας
3273 3537 3378 3587 οἰκ
3396 3536 3540 3597 ἄλλο,
3561 3535 3671 3588 ἀλλ’

2111 3621 2247 3688 ὅπερ
2277 3621 2511 3692 ἔφαμεν,
2545 3620 2619 3684 ὡς
2665 3622 2731 3675 ἂν
2764 3625 2862 3694 τὴν
2906 3625 3003 3692 μὲν
3033 3626 3221 3679 οὐσίαν
3249 3627 3342 3680 τοῦ
3377 3628 3510 3680 Θεοῦ
3543 3631 3676 3682 ἀποο

2111 3713 2350 3777 στήσωσι
2381 3713 2660 3775 παντελῶς
2693 3715 2790 3781 τῆς
2834 3715 2998 3767 τῶνδε
3033 3715 3352 3785 διοικήσεως
3373 3736 3386 3749 ο
3423 3719 3671 3771 ἀντεισά-

2110 3799 2242 3864 ξωσι
2275 3803 2330 3854 δέ
2361 3803 2452 3854 τὸν
2501 3803 2927 3874 παρέγγραπτον
2955 3807 3160 3860 ἐκεῖνον
3175 3807 3331 3875 Θεὸν,
3365 3808 3421 3862 ὃν
3451 3810 3522 3872 ὡς
3560 3809 3670 3877 φῶς

2109 3894 2510 3964 φανταζόμενοι
2541 3897 2882 3968 προήγαγον,

2180 3984 2378 4053 Τρίτον
2421 3985 2606 4054 ὅμοιον
2649 3987 2748 4055 τὴν
2782 3987 2991 4052 ἀθεταν,
3037 3988 3069 4059 ῆ
3119 3990 3263 4043 κατά
3295 4009 3348 4045 τι
3397 3993 3675 4061 νενικηκδς

2107 4074 2173 4126 ού
2208 4076 2368 4143 μόνον
2390 4076 2654 4144 ἀφιστᾶσι
2697 4077 2795 4147 τὴν
2851 4078 3179 4148 ὕπερούσιον
3229 4082 3325 4134 καὶ
3369 4083 3674 4152 ἀπερίγρα-

2111 4183 2245 4219 πτον
2273 4167 2464 4220 ούσίαν
2499 4169 2596 4237 τῆς
2639 4169 2698 4222 ἐν
2736 4173 2852 4233 τοῖς
2882 4171 3177 4241 κτίσμασιν
3211 4175 3553 4243 ἐνοικήσεως,
3582 4174 3672 4224 καὶ

2111 4257 2172 4312 τὸ
2197 4258 2295 4327 τῆς
2321 4258 2543 4330 Γηραφῆς
2564 4259 2850 4330 ἀναιροῦσι
2873 4261 3171 4333 διαρρήδην
3193 4262 3420 4333 βοὼσης,
3449 4281 3470 4316 ε
3508 4264 3674 4317 Ἐνοι-

2115 4350 2270 4420 κήσω
2313 4348 2380 4403 ἐιῖ
2401 4351 2609 4415 αύτοτς,
2662 4352 2756 4404 καὶ
2808 4353 3239 4425 ἐμπεριπατήσω
3266 4368 3280 4383 ⁸
3319 4355 3413 4407 καί
3479 4355 3676 4424 ἔσομαι

2117 4443 2301 4500 αὐτοῖς
2333 4442 2414 4503 είς
2454 4441 2585 4494 Θεόν
2611 4457 2625 4472 ο
2664 4441 2758 4494 καὶ
2792 4443 2946 4496 αὐτοὶ
2980 4445 3190 4499 ἔσονταί
3225 4463 3313 4516 μοι
3343 4448 3420 4508 είς
3451 4445 3578 4498 λαόν
3601 4462 3614 4476 ·
3652 4465 3670 4497 ι

2117 4533 2233 4586 ἀλλ’
2259 4531 2336 4590 ὡς
2367 4532 2434 4584 ἀν
2455 4535 2552 4585 καὶ
2581 4533 2654 4601 μή
2685 4549 2738 4584 τι
2775 4535 3002 4589 πάθοιεν
3033 4536 3127 4588 ὑπ’
3157 4536 3331 4606 αὐτῆς
3378 4537 3678 4606 ἄνθρωποι,

2117 4624 2324 4692 ταύτην
2391 4623 2684 4691 ἐκφεύγειν
2739 4625 3162 4689 ἀναπείθοντες,
3220 4632 3315 4680 καὶ
3375 4627 3678 4698 φθαρτικὴν

2119 4715 2492 4782 ἀπεφήναντο,
2548 4715 2846 4784 φάσκοντες
2891 4717 2950 4769 ἐν
2982 4719 3045 4785 τῇ
3083 4717 3300 4787 τεθείσῃ
3339 4719 3467 4787 παρ’
3501 4720 3680 4770 αὐτῶν

2119 4806 2327 4868 Πίστει,
2371 4823 2390 4856 ι
2425 4807 2534 4858 Καὶ
2575 4808 2674 4874 τὴν
2705 4807 2894 4858 οὐσίαν
2927 4807 3018 4858 τοῦ
3048 4808 3205 4872 Θεοῦ,
3243 4809 3331 4859 διὰ
3381 4809 3442 4860 τὸ
3485 4809 3682 4878 ἀμέθε-

2116 4911 2245 4948 κτον
2275 4896 2368 4946 καὶ
2407 4896 2864 4964 ἀπροσπέλαστον
2904 4897 3171 4966 εἰρῆσθαι,
3206 4897 3512 4969 φθαρτικὴν
3537 4901 3682 4968 ἡμᾶς

2117 4983 2254 5038 εἶναι
2284 4987 2530 5054 νομίζειν
2556 5003 2569 5015 ο
2602 4987 2727 5048 τοὺς
2771 4985 2914 5038 οὕτω
2957 4989 3084 5056 περὶ
3121 4989 3290 5059 αὐτῆς
3325 4989 3678 5056 φρονοῦντας,

2119 5074 2164 5128 ὣ
2197 5078 2293 5143 τῆς
2320 5077 2526 5144 τόλμης
2555 5077 2568 5128 l
2602 5078 2820 5140 ἀσεϐεῖς
2849 5079 3198 5146 ἀπεφήναντο
3223 5094 3235 5106 '
3270 5080 3360 5132 καὶ
3388 5078 3555 5130 ταῦτα
3587 5080 3681 5130 τοῦ

2117 5165 2254 5217 Θεοῦ
2316 5167 2453 5235 πρδς
2504 5165 2706 5234 Μωσῆν
2757 5167 3038 5235 εἰρηκότος
3069 5207 3081 5227 ,
3138 5168 3324 5230 Οὐδεὶς
3375 5166 3564 5235 ὄψεται
3625 5166 3688 5219 τὸ

2117 5256 2408 5324 πρόσωπόν
2442 5272 2567 5325 μου,
2597 5247 2965 5326 καὶζήσεται.
3013 5275 3031 5307 ι

2195 5434 2289 5486 Διά
2311 5433 2366 5486 δὲ
2392 5433 2582 5494 ταῦτα,
2611 5435 2669 5486 οὐ
2707 5434 2863 5502 μόνον
2916 5435 3096 5485 πᾶσαν
3153 5433 3408 5485 ἀσέϐειαν
3473 5450 3684 5501 νενίκη.

2127 5525 2278 5589 κότα,
2317 5525 2410 5576 καὶ
2454 5528 2913 5594 περιφανέστερον
2961 5525 3058 5593 τὴν
3109 5524 3202 5575 τοῦ
3251 5524 3469 5594 πρώτου
3524 5543 3686 5577 κατα-

1556 5702 1600 5728 ⁶¹⁵
1636 5701 1802 5754 Exod.
1842 5716 2034 5765 χχχιιι,
2083 5701 2182 5773 ﬁt):
