4096 6292
481 436 591 518 7‘27

1637 454 1966 518 JOANNIS
1998 460 2567 521 CWA’RIS‘SIOTxﬁ

3636 463 3744 526 728

485 572 795 641 paratisque
811 567 1042 633 insidiis,
1059 571 1422 639 improbitatis
1444 573 1563 628 illas
1587 575 1798 631 tabulas
1815 589 1930 629 exa-
1948 586 2035 630 an!
2049 619 2062 640 ,

2172 577 2413 648 ἐνέδραν,
2445 577 2508 630 τὸ
2532 579 2630 646 τῆς
2662 578 2888 648 ἀνομίας
2917 581 3309 652 ἐγχαράττουσι
3350 581 3531 635 ἐκεῖνο
3559 598 3726 650 γραμ-

485 663 752 732 o’mnique
784 655 1002 716 licentia
1030 664 1325 738 impietatis
1360 665 1723 735 colophonem
1758 667 1862 721 alla
1893 668 2063 720 edunt

487 753 752 820 Imeconis
778 765 946 819 voce;
990 753 1288 809 Eeclcsiam
1345 755 1438 810 Dei
1472 759 1778 814 vocitantes
1842 759 2064 830 impiam

490 851 556 897 ac
589 845 842 899 devotam
898 859 1088 900 eorum
1127 861 1472 919 synagogam
1513 868 1526 903 :
1559 851 1822 920 profanos
1852 847 1979 903 vero
2012 861 2067 906 et

485 935 765 992 abdicatos
811 938 960 994 viros
1016 951 1258 1005 sanctos,
1291 952 1523 1006 tomum,
1571 943 1862 1013 impie'ati-s
1917 944 2064 998 illam

492 1024 1025 1095 promulgationem;
1097 1029 1280 1097 ﬁdem,
1313 1045 1434 1100 qua
1482 1046 1696 1087 omnem
1736 1029 1830 1088 Dei
1863 1033 2064 1088 cultura

485 1116 758 1173 sublatum
791 1120 893 1172 iret
916 1133 978 1174 ac
995 1120 1337 1190 religionem.
1361 1122 1779 1180 Consideremus
1811 1125 1974 1195 igitur
1997 1141 2061 1179 ex

484 1205 741 1262 omnibus
763 1223 940 1277 opera:
964 1210 1194 1278 pretium
1211 1197 1314 1277 est,
1339 1222 1519 1268 utrum
1541 1215 1648 1269 ullo
1669 1230 1906 1285 unquam
1925 1227 2065 1271 tem-

485 1307 620 1368 pore
660 1297 1094 1355 Christianorum
1139 1306 1382 1360 moribus
1401 1305 1706 1362 istiusmodi
1737 1317 2067 1378 usurpatum

492 1387 583 1448 sit,
601 1397 690 1442 aut
712 1388 874 1444 etiam
899 1405 993 1459 per
1017 1395 1431 1464 prteceptionem
1463 1400 1636 1453 sacris
1669 1410 2059 1468 congruentem

489 1473 762 1531 eil'ectum.
799 1477 895 1532 Sin
932 1489 1111 1535 autem
1140 1483 1282 1536 istud
1346 1486 1635 1540 ostendere
1663 1502 1772 1540 non
1815 1495 2072 1556 possunt,

495 1566 589 1634 qui
626 1564 868 1639 undique
901 1583 1200 1640 arguantur
1227 1570 1494 1631 libertatis
1522 1591 1585 1632 ac
1617 1577 1853 1632 licentia:
1879 1591 2064 1631 errore

486 1657 757 1724 laborare,
792 1660 934 1715 haud
970 1664 1128 1731 plane
1160 1672 1351 1719 sancta
1375 1663 1464 1718 Dei
1500 1665 1738 1721 Ecclesia
1770 1676 1896 1722 sunt
1919 1666 1989 1718 το.

556 1743 818 1802 Praeterea
854 1749 1203 1805 interdictum
1250 1761 1333 1808 est
1373 1763 1424 1807 et
1455 1757 1510 1808 in
1536 1755 1788 1811 civilibus
1821 1756 2064 1811 trihuna-

490 1835 656 1901 lihu's,
717 1851 811 1907 per
871 1843 1282 1911 occupationem
1333 1845 1604 1913 judicare,
1668 1861 1842 1916 eaque
1905 1863 2059 1901 reum

2174 670 2386 738 μάτων,
2419 671 2512 723 καὶ
2538 669 2630 722 τὸν
2669 671 2954 739 κολοφῶνα
2987 672 3088 740 τῆς
3123 674 3378 737 άσεϐείας
3407 671 3529 744 μετ’
3557 673 3736 737 ἁδείας

2167 758 2663 828 ἀνακηρύττουσιν,
2727 761 3068 832 Ἐκκλησίαν
3106 764 3550 828 άποκαλέσαντες
3606 761 3733 816 Θεοῦ

2163 847 2261 914 τὴν
2295 848 2505 903 ἐαυτῶν
2554 852 2771 906 ἀνόσιον
2820 858 3185 926 συναγωγήν·
3222 857 3486 928 βεϐήλους
3536 857 3594 911 δὶ
3648 858 3738 911 καὶ

2163 941 2542 1010 ἐκκηρύκτους
2570 945 2697 1005 τοὺς
2747 944 2936 1011 ἁγίους
2963 961 2977 976 ο
3030 948 3197 1017 τόμον
3236 949 3419 1020 δὲτὴν
3477 949 3575 1019 τῆς
3615 951 3738 1003 ἀσε-

2166 1033 2321 1095 ϐείας
2357 1034 2665 1105 ἀνάρρησιν
2693 1053 2706 1110 ᾖ
2750 1037 2935 1090 πίστιν
2963 1038 3019 1090 δὲ
3060 1040 3160 1108 τὴν
3191 1040 3376 1093 πᾶσαν
3405 1039 3742 1111 ἀναιροῦσαν

2169 1121 2307 1175 Θεοῦ
2351 1121 2625 1184 λατρείαν.
2655 1125 2888 1179 Σκοπεϊν
2919 1127 3116 1180 οὐκοῦν
3150 1129 3207 1194 ἐξ
3237 1130 3498 1183 ἁπάντων
3533 1132 3737 1200 προσή-

2167 1230 2276 1277 κει,
2306 1216 2354 1266 εἰ
2399 1214 2750 1283 Χριστιανοίς
2795 1215 2970 1270 ταῦτα
3014 1219 3234 1272 πώποτε
3264 1222 3673 1286 πεπολίτευται,
3703 1223 3735 1294 ἣ

2171 1305 2268 1358 καὶ
2317 1306 2443 1359 κατ’
2491 1307 2764 1377 ἐπιταγὴν
2811 1310 3130 1381 ἐπέπρακτο
3183 1314 3297 1376 τοῖς
3351 1315 3517 1384 ἱεροῖς
3573 1316 3740 1384 ἁρμό-

2169 1396 2389 1462 ζουσαν.
2425 1398 2488 1450 Εί
2515 1397 2563 1450 δ’
2589 1397 2686 1452 οὐκ
2723 1399 2909 1469 ἔχουσι
2953 1401 3114 1455 τοῦτο
3143 1401 3440 1466 δεικνύναι,
3477 1403 3742 1474 πανταχό-

2173 1487 2266 1539 θεν
2299 1487 2705 1558 ἐξελεγχόμενοι
2739 1491 2840 1560 τὴν
2877 1491 2978 1558 τῆς
3016 1493 3343 1562 αὐτονομίας
3390 1495 3738 1564 νενοσηκότες

2169 1576 2399 1642 πλάνην,
2439 1580 2548 1633 οὐδ’
2578 1579 2686 1650 ἄρα
2716 1580 2809 1634 τοῦ
2837 1581 2975 1635 Θεοῦ
3008 1583 3140 1651 ἁγία
3185 1583 3480 1655 Ἐκκλησία
3512 1586 3670 1639 εἰσίν.

2243 1751 2366 1805 Ἔτι
2407 1753 2504 1806 καὶ
2536 1754 2594 1805 ἐν
2619 1755 2732 1818 τοῖς
2779 1716 3078 1818 πολιτικοῖς
3107 1756 3490 1827 δικαστηρίοις
3537 1743 3747 1826 ἀπηγό-

2171 1859 2359 1914 ρευται
2387 1847 2450 1898 τὸ
2499 1846 2972 1916 προκατειλῆφθαι
2999 1849 3065 1918 τῇ
3116 1848 3335 1916 κρίσει·
3375 1849 3557 1920 πολλῷ
3606 1853 3742 1920 μᾶλα

488 1929 829 1997 ορρτὶιιιεξτο,
866 1932 1024 2001 longe
1075 1936 1246 2005 magis
1273 1937 1327 1990 in
1373 1938 1608 2003 divinis,
1664 1940 1754 1993 nisi
1793 1947 1845 1993 et
1886 1941 2063 2009 majus

2172 1909 2260 1988 λον
2285 1937 2378 1988 ἐπὶ
2409 1936 2518 1988 τῶν
2543 1909 2725 2001 θείων,
2759 1909 2890 1992 ἔνθα
2925 1935 3021 1992 καὶ
3041 1909 3257 2006 ¹μείὲων
3277 1943 3305 1994 6
3343 1909 3744 2002 xivSuv'oazoi;

491 2021 791 2089 periculum
823 2030 926 2084 est,
967 2025 1051 2080 his
1085 2027 1175 2093 qui
1230 2028 1428 2081 horum
1481 2029 1686 2098 aliquid
1724 2031 2066 2086 violaverim.

492 2109 587 2165 Sin
661 2113 847 2168 dicant
908 2115 1208 2180 Palamitae,
1250 2133 1361 2172 non
1416 2134 1727 2190 occupasse
1793 2131 1887 2176 aut
1941 2139 2069 2177 vero

490 2207 844 2272 oppressisse,
910 2208 1102 2276 majori
1145 2209 1258 2264 risu
1295 2211 1526 2266 habendi
1571 2215 1704 2278 sint,
1739 2231 1845 2283 pro
1876 2232 1976 2270 sua
2011 2217 2064 2269 in

490 2297 746 2350 munilms
802 2314 925 2350 cum
992 2299 1327 2366 impudentia
1384 2301 1756 2360 calumniandi
1817 2307 2066 2361 libidine.

491 2385 759 2440 Mendacii
800 2388 945 2442 enim
980 2388 1420 2449 convincuntur:
1465 2410 1528 2450 ac
1565 2396 1807 2466 primum
1838 2397 2064 2466 quid-em

492 2476 636 2540 quod
667 2475 935 2548 lsidorum
957 2475 1243 2535 Palamicat
1267 2481 1530 2540 doctrinm
1548 2500 1714 2540 causa
1742 2488 1795 2541 in
1820 2487 2067 2541 ordinem

492 2567 768 2620 redactum
790 2583 853 2623 ac
877 2570 1205 2641 depositum,
1249 2577 1610 2644 patriarcham
1630 2582 2068 2636 constituerunt:

491 2670 618 2713 cum
645 2657 739 2714 illo
770 2675 896 2716 vero
943 2664 1104 2718 etiam
1137 2665 1426 2736 impietatis
1456 2682 1746 2739 parentem
1781 2673 2071 2728 Thessalo-

494 2756 632 2812 nica:
657 2759 974 2828 episcopum
1020 2763 1403 2832 prmieccrttnt.
1431 2767 1682 2837 Tumque
1711 2783 1906 2823 rursus
1936 2759 2071 2823 ulte-

491 2865 613 2903 rum
650 2861 767 2918 post
795 2866 919 2906 eum
968 2856 1212 2909 eamdem
1251 2857 1420 2925 ipsam
1456 2858 1506 2911 in
1542 2875 1650 2912 rem
1712 2861 2070 2924 accersitum,

493 2950 654 3008 quem
713 2941 1082 3008 praedefuncto
1107 2945 1162 2998 in
1188 2946 1304 3000 suis
1351 2948 1592 3015 ipsorum
1625 2948 1836 3004 deiiriis
1871 2951 2068 3019 majori

493 3035 721 3087 audacia
755 3035 1036 3102 praeditum
1069 3052 1181 3092 non
1207 3039 1539 3107 ignorarent.

507 3120 514 3130 '
567 3124 832 3178 Praeterea
849 3126 1048 3180 divinae
1071 3129 1268 3196 reguhe
1300 3130 1563 3197 legesque
1602 3146 1793 3186 omnes
1820 3133 2070 3203 prmscri-

2170 2044 2223 2080 τι
2245 2025 2453 2080 τούτων
2476 2029 2964 2098 παραχαράττουσι
3003 2031 3267 2099 πέφυκεν.
3305 2033 3368 2085 Ei
3398 2031 3454 2085 δέ
3485 2049 3548 2100 γε
3580 2034 3745 2100 φαῖεν

2170 2119 2220 2171 oi
2255 2120 2566 2189 Παλαμῖται
2597 2122 2670 2191 μὴ
2694 2122 3185 2191 προκατειλῆφθαι,
3218 2125 3556 2194 μακρότερον
3581 2125 3745 2193 ὀφλή-

2173 2227 2326 2262 σουσι
2376 2212 2590 2279 γέλωτα
2621 2211 2721 2280 τῆς
2761 2214 2878 2282 μετ’
2910 2212 3188 2277 ἀναιδείας
3233 2217 3291 2267 ἐν
3332 2215 3538 2268 ἅπασιν
3562 2215 3745 2269 αὐτῶν

2175 2304 2558 2368 συκοφαντὲας.
2629 2303 2978 2372 Ἑλέγχονται
3053 2306 3164 2374 γάρ
3242 2307 3744 2376 καταψευδόμενοιο

2173 2395 2440 2462 πρότερον
2501 2394 2600 2462 μὲν
2657 2395 2748 2447 τὸν
2805 2396 2899 2447 ἐπὶ
2941 2398 3053 2457 τοῖς
3087 2396 3432 2466 Παλαμικοῖς
3484 2399 3746 2466 καθαιρε-

2175 2486 2336 2538 θέντα
2364 2485 2636 2555 δόγμασιν
2678 2485 2952 2556 Ἰσίδωρον
3009 2487 3355 2556 πατριάρχην
3399 2489 3747 2557 άναδεδειχόο

2175 2594 2264 2638 τες
2285 2591 2302 2609 ο
2332 2577 2431 2630 σὺν
2463 2576 2612 2648 αὐτῷ
2649 2576 2706 2629 δὲ
2737 2578 2829 2630 καὶ
2876 2577 2969 2630 τὸν
2994 2577 3093 2646 τῆς
3135 2577 3390 2641 ἀσεϐείας
3419 2581 3741 2650 γεννήτορα,

2175 2667 2581 2736 Θεσσαλονίκης
2629 2668 2966 2738 προστάτην.
3011 2668 3219 2722 Ἐπειτ’
3271 2668 3430 2732 αὖθις
3472 2673 3568 2724 τδν
3625 2672 3746 2742 μετ’

2175 2767 2381 2817 ἐκεῖνον
2428 2764 2683 2833 δεύτερον
2738 2765 2826 2816 ἐπ’
2880 2764 3015 2818 αὐτὸ
3067 2767 3159 2819 καὶ
3221 2766 3740 2834 μετακαλεσάμενοι,

2175 2858 2357 2928 πολλῷ
2384 2857 2481 2911 τοῦ
2509 2858 2907 2928 παρῳχηκότος
2938 2859 3352 2928 συνεωρακότες
3374 2861 3431 2912 ἐν
3463 2861 3573 2922 τοῖς
3600 2857 3744 2928 σφῶν

2175 2951 2355 3005 αὐτῶν
2389 2950 2829 3022 παραληρημασι
2859 2949 3199 3020 θρασύτερον
3231 2950 3450 3021 ἔχοντα.

2247 3128 2371 3183 Ἔτι
2399 3129 2624 3192 κανόνες
2654 3129 2788 3181 θεῖοι
2817 3128 3194 3198 διαγορεὺουσι
3241 3131 3334 3181 καὶ
3356 3128 3505 3194 νόμοι
3543 3127 3740 3188 πάντες

494 3215 652 3278 hnnt,
687 3215 980 3280 neminem,
1045 3219 1134 3271 cui
1172 3219 1378 3273 crimen
1425 3221 1700 3291 obiectum
1743 3225 1834 3290 sit,
1868 3227 2064 3278 nedum

2173 3224 2380 3296 μηδένα
2409 3221 2516 3274 τῶν
2549 3222 2638 3274 ἐπ’
2678 3221 2886 3284 αἰτίαις
2914 3221 3306 3288 ἐγκληθέντων.
3341 3220 3500 3287 μήτοι
3530 3235 3590 3283 γε
3617 3218 3734 3300 δογς

502 3306 557 3358 in
593 3305 661 3361 iis
713 3320 834 3372 qum
870 3306 935 3360 ad
973 3307 1129 3362 iidem
1165 3324 1229 3366 ac
1286 3310 1540 3383 dogmata
1581 3325 1849 3384 spectant,
1875 3317 1964 3372 ubi
2013 3327 2068 3372 et

493 3399 736 3469 projeeta
787 3399 1012 3454 audacia
1066 3401 1242 3473 majus
1285 3403 1547 3459 damnum
1599 3405 1781 3472 oil‘ert,
1813 3410 1908 3464 sed
1933 3409 1983 3462 et
2014 3411 2067 3464 in

497 3492 617 3546 aliis
667 3491 1105 3564 quibuscunque,
1167 3495 1332 3551 licere
1353 3499 1695 3566 promoveri,
1752 3499 1820 3553 ab
1851 3514 1912 3554 ea
1965 3514 2068 3569 qua

497 3581 666 3653 fulget
710 3585 960 3652 praesenti
1009 3584 1294 3656 dignitate,
1347 3588 1521 3643 donec
1568 3590 1813 3660 synodali
1861 3591 2068 3660 judicio

495 3675 710 3744 objecta
771 3676 1007 3731 diluerit.
1047 3679 1346 3735 Ostendam
1388 3681 1554 3749 igitur
1588 3683 1684 3752 qui
1729 3682 1916 3748 velint,
1957 3698 2068 3752 quo

495 3766 808 3833 patriarcha
864 3771 1132 3839 synodum
1198 3772 1350 3841 prius
1382 3772 1681 3839 indicente,
1739 3780 2069 3844 arreptoque

491 3857 738 3924 jndiciaii
794 3859 988 3915 ordine
1039 3861 1149 3930 (ut
1173 3862 1430 3918 nimirum
1490 3865 1544 3918 in
1580 3874 1830 3918 neutram
1869 3863 2067 3920 aﬂ’ectu

495 3945 797 4003 declinetur
823 3959 1032 4019 partem
1060 3951 1080 4020 )
1108 3949 1386 4009 Paiamita
1416 3954 1657 4010 victores
1695 3955 1969 4011 exierint:
2013 3963 2070 4008 ut

494 4037 567 4092 ita
601 4039 762 4093 etiam
791 4038 936 4108 juste
967 4042 1198 4109 promoti
1231 4054 1579 4111 censeantur,
1616 4061 1680 4101 ac
1721 4047 1921 4116 quibus
1960 4046 2068 4100 ful-

496 4141 653 4199 geant
680 4131 838 4186 sedes
870 4117 1070 4199 adepti.
1103 4130 1198 4184 Sin
1234 4143 1413 4188 autem
1476 4151 1584 4190 non
1632 4146 1864 4205 possunt
1889 4145 2075 4192 osten-

498 4223 651 4292 dere,
702 4221 860 4288 plane
894 4221 1234 4290 illegitimum
1281 4223 1382 4278 fuit
1440 4224 1571 4279 illud
1620 4227 1935 4292 concilium,
1972 4242 2072 4282 nec

497 4289 790 4382 quicquam
814 4289 1122 4366 canonibus
1149 4311 1344 4367 fultum
1376 4331 1392 4380 ;
1425 4316 1568 4384 quod
1597 4316 1778 4386 ipsum
1807 4319 1924 4386 pari
1944 4333 2068 4373 cum

497 4401 872 4458 eondemnatis
907 4416 1048 4457 noxa
1081 4412 1375 4472 teneretur,
1425 4421 1489 4472 ac
1540 4408 1594 4461 in
1627 4423 1732 4477 quo
1775 4411 1844 4466 ob
1887 4413 2074 4478 prodi-

498 4497 666 4550 tionis
689 4493 867 4550 scelus
907 4509 971 4550 ac
1002 4506 1319 4565 occupatam
1354 4499 1792 4572 opinionem,qni
1815 4505 2073 4562 sedebant

2171 3317 2431 3387 ματικαίς
2471 3316 2661 3385 φάναι,
2700 3316 2795 3368 καὶ
2839 3315 2972 3368 ὅπου
3002 3315 3064 3368 τὸ
3109 3313 3408 3382 παράϐολον
3457 3313 3551 3365 ἐπὶ⁸
3587 3311 3729 3380 μέγα

2169 3410 2514 3479 λυμαίνεται,
2567 3407 2706 3461 ἀλλὰ
2754 3409 2849 3460 καὶ
2893 3407 3014 3469 ταῖς
3068 3405 3576 3476 δποιαισδηποτοῦν,
3607 3421 3734 3472 προσ

2169 3502 2490 3568 ϐιϐάζεσθαι
2521 3503 2723 3568 ἐξεῖναι
2759 3503 2860 3570 τῆς
2891 3501 2958 3556 ἂν
2987 3501 3145 3570 ἔτυχε
3176 3499 3365 3572 παρὼν
3395 3502 3528 3569 τιμῆ
3541 3517 3584 3563 :,
3612 3497 3738 3564 ttin

2170 3593 2237 3647 ἂν
2269 3593 2564 3656 συνοδικῶς
2619 3592 2720 3656 τάς
2768 3592 2894 3646 κατ’
2927 3585 3094 3645 αὐτοῦ
3151 3590 3502 3662 βλασφημίας
3555 3587 3748 3642 ἐπιλύ-

2173 3703 2345 3741 σαιτο.
2387 3686 2720 3739 Δεικνύντων
2761 3683 2853 3756 ἄρ’
2899 3685 2991 3738 οὖν
3039 3685 3090 3739 οἱ
3139 3682 3552 3754 βεϐουλημένοι.
3605 3679 3750 3742 τίνος

2174 3776 2444 3845 πρότερον
2476 3776 2825 3846 πατριάρχου
2859 3775 3074 3828 σύνοδον
3114 3773 3440 3834 καθίσαντος
3475 3771 3568 3824 καὶ
3593 3770 3746 3824 δικα-

2173 3867 2367 3934 στικῆς
2401 3865 2806 3936 ὲπειλημμένου
2843 3865 3048 3931 τάξεως
3082 3867 3135 3937 (ἡ
3179 3866 3224 3919 δ’
3268 3864 3386 3917 ἔστι
3431 3861 3750 3934 μηδετέροις

2175 3957 2590 4028 προσκεῖσθαι),
2642 3959 2690 4011 οἱ
2737 3957 3055 4026 Παλαμῖται
3103 3958 3201 4026 τὴν
3235 3955 3477 4009 νικῶσαν
3505 3951 3748 4023 ἀπηνέγ-

2176 4065 2359 4113 καντο,
2411 4048 2478 4101 ἵν’
2530 4043 2633 4101 ὦσι
2681 4047 2908 4110 δικαίως
2962 4047 3058 4101 καὶ
3106 4043 3594 4117 προϐιϐαζόμενοι,
3651 4041 3747 4093 καὶ

2173 4144 2295 4205 ταῖς
2342 4140 2637 4211 καθέδραις
2683 4140 2943 4193 ταυταισὶ
2997 4139 3406 4210 διαπρέποντες.
3455 4136 3518 4188 Εί
3550 4134 3597 4186 δ’
3643 4135 3742 4185 οὐκ

2173 4230 2358 4301 έχουσι
2389 4233 2582 4298 δείξαι,
2632 4232 2951 4301 παράνομον
3001 4230 3107 4299 ἄρα
3157 4229 3251 4282 καὶ
3293 4226 3646 4281 άκανόνιστον
3673 4218 3742 4293 ἦν

2173 4323 2235 4376 τὸ
2261 4323 2538 4390 συνέδριον
2566 4317 2744 4374 ἐκεῖνο
2763 4336 2780 4353 ⁸
2805 4323 2924 4383 ταῖς
2938 4320 3081 4382 ἴσαις
3114 4318 3211 4386 μὲν
3232 4316 3550 4386 ἐνεχόμενον
3581 4312 3746 4369 εὐθύς

2174 4429 2295 4472 ναις
2321 4415 2432 4476 τοῖς
2475 4411 2924 4466 καταδικασθεϊσι
2947 4427 2960 4441 ο
2987 4410 3075 4462 διὰ
3098 4408 3153 4461 δέ
3186 4408 3284 4476 τὴν
3321 4409 3384 4459 ἐκ
3419 4404 3519 4475 τῆς
3545 4404 3745 4475 προδο-

2179 4505 2300 4568 σίας
2322 4504 2651 4573 αὐτονομίαν
2687 4504 2783 4556 καὶ
2825 4502 3095 4573 πρόληψιν
3131 4500 3386 4554 δικασταὶ⁵
3419 4497 3748 4559 καθίσαντες

494 4587 731 4656 iudices,
754 4586 898 4639 omni
943 4587 1269 4643 anathemati
1325 4566 1544 4646 obnoxii
1574 4566 1749 4649 erant.
1777 4593 1894 4652 Non
1917 4597 2062 4653 enim

2176 4599 2226 4653 oi.
2266 4566 2468 4659 παντὸς
2498 4566 2838 4666 δίναθέματος
2869 4566 3295 4663 ἐνυκτομοΰκουν
3324 4607 3386 4658 γε
3416 4590 3601 4653 λοιπὸν
3624 4588 3749 4641 σύν-

492 4679 606 4746 jam
667 4676 755 4731 illa
787 4678 1025 4750 synodus
1066 4688 1160 4733 aut
1188 4678 1277 4734 Dei
1305 4691 1418 4737 erat
1477 4681 1740 4753 Ecclesia,
1775 4697 1871 4743 aut
1923 4688 2069 4746 illius

497 4777 658 4825 sunta
687 4771 983 4826 dmittenda
1010 4772 1243 4827 decreta.

513 4879 516 4882 ’
569 4860 835 4917 Praeterea
867 4865 941 4918 ait
979 4864 1139 4918 divus
1198 4866 1533 4934 Apostolus:
1569 4867 1714 4925 «Non
1752 4879 1835 4926 est
1860 4875 2059 4929 tumul-

499 4953 762 5008 tuationis
784 4953 948 5020 Deus,
997 4955 1088 5010 sed
1109 4957 1279 5023 pacis,
1309 4959 1442 5012 utin
1497 4961 1754 5016 omnibus
1809 4963 2068 5021 Ecelesiis

499 5056 817 5100 sanctorum
867 5047 966 5100 ".t
1020 5047 1182 5117 Atqui
1242 5048 1575 5107 Paiamicum
1628 5055 2069 5127 illud-judicium

404 5145 406 5147 ’
499 5135 946 5193 tumultuationis
990 5149 1110 5193 erat
1174 5140 1426 5208 ofﬁcina;
1481 5155 1677 5215 praeter
1710 5162 1948 5214 omnem,
1991 5151 2069 5206 uti

495 5229 788 5299 probatum
832 5237 935 5292 est,
965 5232 1293 5287 canonicum
1327 5235 1562 5304 primum
1591 5237 1888 5294 conﬂatum
1925 5242 2076 5297 ordi-

497 5337 620 5377 nem
645 5337 709 5376 ac
740 5322 1206 5392 tranquillitatem,
1232 5327 1536 5398 deindeque
1557 5329 1814 5385 deteriori
1845 5331 2074 5389 consilio

499 5428 565 5469 ac
597 5413 872 5470 molitione
898 5415 962 5469 ad
991 5415 1243 5484 pietatem
1263 5420 1482 5475 decreto
1519 5419 1898 5476 damnandam
1935 5440 2070 5479 con-

499 5509 800 5574 gregatum.
827 5504 948 5560 Noﬁ
971 5522 1100 5576 ergo
1132 5508 1274 5564 Deus
1297 5511 1445 5563 illius
1476 5520 1613 5575 erat,
1648 5523 1706 5566 ut
1730 5512 1783 5566 in
1813 5513 2069 5571 Ecclesiis

501 5605 840 5652 sanctorum.
886 5599 1040 5664 Quod
1075 5601 1118 5653 si
1167 5600 1311 5656 Deus
1347 5603 1466 5670 ejus
1489 5618 1599 5658 non
1632 5615 1772 5672 erat,
1798 5622 1960 5677 grave
1987 5619 2068 5665 ρει

484 5697 567 5752 ,ιιι
605 5687 699 5741 Dei
723 5685 1312 5759 Ecclesiaappclletur.

573 5861 622 5895 "
646 5863 666 5920 1
693 5864 837 5932 Tim.
871 5882 924 5934 v,
977 5863 1070 5919 21.
1145 5863 1238 5919 ’⁷1
1271 5865 1395 5923 Cor.
1421 5881 1535 5939 xxv,
1568 5867 1662 5924 33.

1877 5980 2019 5995 .-νῇ-³
2031 5982 2034 5984 ⁷

2174 4691 2289 4754 οδος
2321 4685 2388 4762 ἦν
2417 4687 2622 4758 ἐκείνη,
2672 4687 2781 4740 οὔτ’
2823 4685 3123 4757 Ἐκκλησία
3173 4682 3334 4748 Θεοῦ,
3369 4682 3494 4736 οὕτε
3521 4682 3591 4734 τὰ
3620 4680 3753 4748 ἑψη-

2178 4781 2416 4854 φισμένα
2454 4779 2768 4852 παραδοχῆς
2791 4779 2940 4844 άξια.

2252 4872 2494 4938 Ἔτι,ὡς
2534 4874 2563 4924 6
2601 4871 2746 4930 θεῖος
2791 4865 3118 4926 Ἀπόστολός
3149 4881 3336 4936 φησιν,
3381 4882 3400 4916 ι
3442 4863 3558 4915 Οὐκ
3598 4862 3747 4914 ἔστιν

2175 4963 2583 5025 ἀκαταστασίας
2609 4965 2637 5015 6
2670 4961 2822 5025 Θεὸς,
2872 4956 2990 5014 ἀλλ’
3038 4958 3290 5026 εἰρήνης,
3327 4952 3404 5015 ὡς
3450 4953 3510 5007 έν
3550 4954 3748 5014 πάσαις

2174 5056 2498 5126 ἐκκλησίαις
2566 5055 2678 5108 τῶν
2757 5053 2947 5121 ἁγίων.
2985 5069 3007 5103 ι
3069 5047 3235 5102 Ἀλλὰ
3294 5047 3357 5099 τὸ
3429 5044 3750 5113 Παλαμικδν

2175 5145 2353 5199 ἐκεῖνο
2405 5143 2760 5212 δικαστήριον
2817 5138 3227 5201 ἀκαταστασίας
3254 5133 3321 5209 ἦν
3352 5137 3712 5207 ἐργαστήριον
3733 5149 3748 5166 ’

2175 5235 2326 5308 παρὰ
2376 5235 2580 5300 πᾶσαν,
2613 5233 2692 5297 ὡς
2745 5233 3038 5294 δέδεικται,
3074 5232 3408 5284 κατάστασιν
3460 5224 3753 5295 κανονικὴν

2176 5328 2278 5399 τήν
2302 5344 2361 5380 τε
2393 5326 2568 5397 ἀρχὴν
2598 5325 2822 5390 συστάς,
2851 5325 2947 5378 καὶ
2978 5323 3276 5392 μετέπειτα
3303 5317 3482 5388 πολλῷ
3505 5315 3755 5386 χαλεπώ-

2177 5437 2336 5490 τερον
2367 5420 2459 5473 ἐπὶ
2487 5419 2567 5488 τῷ
2599 5415 3088 5487 καταψηφίσασθαι
3137 5411 3236 5482 τῆς
3270 5409 3555 5470 εὐσεϐείας
3587 5423 3754 5462 συνα-

2182 5510 2452 5578 Θροισθέν,
2487 5509 2610 5566 Οὐδ’
2644 5509 2750 5577 ἄρα
2779 5511 2806 5562 6
2845 5508 2978 5570 Θεὸς
3008 5501 3076 5576 ἦν
3108 5502 3273 5556 αὑτοῦ
3303 5501 3494 5567 ὥσπερ
3540 5499 3600 5550 ὲν
3629 5499 3752 5559 ταῖς

2181 5602 2499 5671 ἐκκλησίαις
2535 5601 2642 5653 τῶν
2677 5601 2868 5668 ἁγίων.
2899 5599 2958 5650 Et
2989 5597 3032 5651 δ’
3083 5597 3185 5649 οὐκ
3226 5591 3294 5662 ἦν
3341 5592 3506 5645 αὑτοῦ
3541 5593 3568 5641 6
3598 5587 3751 5655 Θεὸς,

2185 5693 2424 5765 χαλεπὸν
2469 5692 2800 5762 Ἐκκλησίαν
2835 5685 3227 5760 ἀποφήνασθαι
3255 5681 3419 5739 τοῦτο
3449 5680 3609 5734 Θεοῦ.

2223 5972 2313 5988 ν.-.
2350 5971 2376 5982 .ι
