4056 6266
389 412 495 476 72')

1176 426 1830 498 PALAMITICARUM‘
1859 436 2615 505 TRANSGRESSIONUM
2652 445 2902 507 LIBER;

3561 457 3692 520 730?

462 531 586 584 Ἔτι
620 531 648 583 6
673 539 837 594 αὐτὸς
877 533 1020 597 θεῖος
1058 535 1382 605 Ἀπόστολος
1407 539 1564 609 αὖθις
1596 564 1788 618 φησιν,
1825 571 1844 602 ι
1889 549 1974 610 Ὠς

2153 552 2415 608 Praeterea
2485 556 2558 610 ait
2617 573 2811 613 rursus
2866 559 3004 614 idem
3061 559 3279 616 divinus
3328 562 3622 636 Apostolus
3651 588 3684 622 :.

310 667 314 673 .
391 623 602 689 ὤφελον
651 625 746 677 καὶ
809 625 1184 696 ἀποκόψονται
1236 633 1286 684 οί
1326 635 1758 703 ἀναστατοῦντες
1807 641 1974 710 ὑμᾶς.

406 716 592 785 Ὑμεῖς
667 719 776 787 γὰρ
845 718 932 772 ἐπ’
987 721 1271 794 ἐλευθερίᾳ
1322 727 1632 798 ἐκλήθητε,
1670 731 1910 803 ἀδελφοί.
1954 753 1972 786 ι

394 811 457 861 Ol
485 809 669 862 τοίνυν
703 811 1015 880 Παλαμῖται
1045 815 1177 877 τοὺς
1218 818 1320 886 τῆς
1356 819 1686 887 Ἐκκλησίας
1719 825 1978 892 θεσμοὺς,

394 901 520 961 τούς
551 917 615 952 τε
645 905 741 971 τῆς
774 903 1060 969 εὐσεϐείας
1092 909 1252 976 ὄρους
1280 909 1732 982 ἀνατετροφότες,
1764 919 1856 970 καὶ
1880 918 1979 989 τὴν

398 992 552 1061 ἡμῶν
601 992 691 1046 διὰ
743 995 982 1066 Χριστὸν
1031 999 1348 1072 ἐλευθερίαν
1399 1007 1975 1080 καταδουλωσάμενοι,

395 1079 618 1148 δικαίως
657 1087 726 1140 ἂν
756 1088 851 1140 καὶ
897 1091 992 1157 τῆς
1024 1090 1133 1145 τῶν
1164 1094 1537 1150 εὐσεϐούντων
1573 1079 1802 1170 μερίδος
1833 1102 1975 1156 ἄνω-

397 1173 490 1225 θεν
539 1177 928 1232 ὲκκὸπτοιντο.·
957 1199 976 1231 ι
1015 1179 1080 1233 Τί
1130 1183 1240 1252 γὰρ
1273 1189 1454 1238 κοινὸν
1493 1189 1718 1259 Χριστῷ
1764 1192 1855 1244 καὶ
1879 1193 1980 1244 Βε-

398 1263 527 1332 λίαρ
550 1281 565 1330 ;
595 1285 613 1317 ι
651 1266 1006 1334 Ἑκκοπέντες
1027 1271 1074 1325 δ’
1098 1274 1320 1340 ἐφάπαξ
1338 1276 1412 1340 ὡς
1428 1279 1852 1344 ἀναστατοῦντες
1880 1282 1981 1354 τὴν

399 1358 560 1426 ἡμῶν
586 1359 924 1430 ἐλευθερίαν,
953 1365 1063 1418 οὐδ’
1090 1368 1238 1434 ἡμᾶς
1264 1371 1394 1439 χρὴ,
1429 1373 1530 1424 ὅσα
1569 1371 1634 1426 ἂν
1665 1375 1787 1428 καθ’
1818 1377 1978 1447 ἡμῶν

399 1447 552 1501 αὐτοὶ
586 1451 1061 1524 βλασφημήσωσιν
1087 1459 1121 1528 ἦ
1154 1460 1560 1530 ὲπαράσωνται,
1591 1466 1649 1517 ἐν
1683 1467 1824 1536 λόγῳ
1860 1487 1979 1523 ποι-

399 1543 598 1598 εἰσθαι.
661 1547 942 1602 Δέδεικται
988 1554 1096 1620 γάρ
1137 1572 1220 1607 τοι
1257 1555 1385 1626 μήτ’
1425 1560 1507 1622 είς
1565 1559 1757 1630 ἱερέων
1803 1565 1977 1618 τελεῖν

401 1638 596 1703 αὐτοὺς
621 1641 797 1708 τάξιν,
830 1645 960 1714 μήτ’
987 1649 1066 1709 είς
1107 1648 1353 1700 εὐσεϐῶν
1385 1649 1521 1714 ὅλως
1551 1668 1566 1683 ·
1603 1655 1686 1716 εις
1733 1655 1904 1726 κρίμα
1931 1658 1974 1709 δ’

401 1731 588 1794 αὐτοῖς
625 1735 785 1803 μόνον
817 1737 928 1790 τῶν
964 1738 1125 1792 θείων
1172 1743 1522 1812 κατατολμᾷν
1551 1745 1645 1798 καὶ
1672 1746 1974 1816 ἐπιχωριά-

401 1824 515 1884 ζειν
540 1825 804 1897 βεϐἡλως,
837 1829 912 1891 ὡς
941 1830 1016 1902 μὴ
1041 1830 1269 1901 ὤφελεν,
1301 1833 1360 1887 ἐν
1387 1853 1444 1888 τε
1469 1836 1653 1900 τόποις
1683 1837 1849 1906 ἱεροῖς
1879 1841 1972 1892 καὶ

401 1916 805 1991 θυσιαστηρίοις
843 1922 1040 1990 ἁγίοις,
1905 1994 1912 2000 ,

476 2010 593 2063 Ἔτι
636 2014 664 2064 6
707 2013 883 2082 μέγας
929 2015 1062 2083 φησὶ
1129 2015 1428 2081 Βασίλειος,
1472 2037 1490 2070 ι
1531 2019 1742 2089 Μηδεὶς
1779 2021 1978 2075 οἰέσθω

401 2099 511 2154 τῶν
547 2104 892 2173 ἐσφαλμένοις
935 2105 1068 2176 περὶ
1097 2107 1233 2160 Θεοῦ
1284 2109 1519 2180 ἑχόντων
1567 2111 1863 2181 ὑπολήψεις
1892 2114 1973 2166 ὅτι

402 2194 589 2248 δεκταί
638 2197 777 2249 εἰσιν
824 2199 880 2251 al
927 2201 985 2251 ὲν
1037 2199 1382 2270 ψαλμῳδίαις
1421 2201 1601 2255 αὐτῶν
1645 2204 1905 2266 αἰνέσεις.
1946 2225 1967 2256 ι

405 2285 467 2337 El
499 2284 678 2337 τοίνυν
707 2279 869 2340 αὗται
916 2288 1014 2339 οὐκ
1056 2289 1162 2340 εἰσὶ
1211 2289 1418 2350 δεκταὶ,
1454 2289 1633 2358 πολλῷ
1692 2290 1890 2359 μᾶλλον
1918 2290 1974 2342 αἱ

404 2375 544 2428 κατά
575 2376 682 2428 τῶν
722 2378 971 2432 εὐσεϐεῖν
1013 2380 1286 2447 ἑλομένων
1319 2380 1809 2450 ἐπανατεινόμεναι
1843 2383 1974 2451 παρ’

405 2465 583 2521 αὐτῶν
635 2469 1008 2541 ἀποκηρύξεις
1045 2475 1137 2525 καὶ
1167 2474 1300 2542 ἀραὶ
1337 2472 1648 2546 παραδοχῆς
1694 2475 1794 2527 οὐκ
1833 2475 1974 2528 εἰσιν

403 2557 570 2622 ἄξιαι.

478 2650 600 2703 Ἔτι
657 2652 704 2704 εί
735 2651 806 2715 ὡς
836 2653 863 2704 6
895 2653 987 2706 τοῦ
1027 2654 1278 2707 Στουδίου
1316 2657 1482 2717 πολὺς
1505 2657 1576 2710 τὰ
1621 2658 1741 2712 θεῖα
1769 2657 1974 2712 Θεόδω-

407 2741 498 2811 ρός
527 2759 687 2811 φησι,
725 2760 742 2792 ι
777 2744 885 2795 Καὶ
916 2743 1076 2812 μόνον
1108 2747 1164 2797 ὲν
1197 2745 1273 2814 τῷ
1303 2748 1594 2816 ἀναφέρειν
1617 2746 1789 2816 ὄνομα
1826 2751 1976 2820 αἱρεσ

403 2831 558 2908 τικοῦ
583 2834 640 2884 ὲν
671 2835 736 2904 τῇ
771 2833 1068 2905 Ἐκκλησία
1098 2835 1286 2904 μῶμον
1318 2836 1431 2906 ἔχει
1468 2838 1501 2908 ἠ
1546 2839 1860 2908 Ἐκκλησία,
1893 2841 1975 2894 ὅτι

403 2927 432 2978 6
455 2907 594 2988 θεῖος
643 2925 816 2995 φύλαξ
846 2928 873 2978 6
903 2925 1136 2995 ἄγγελος
1176 2930 1234 2980 ὲν
1262 2928 1338 2997 τῷ
1372 2930 1550 2999 καιρῷ
1579 2932 1678 3000 τῆς
1711 2907 1976 3002 αἱρέσεως

405 3018 708 3086 ἀφίπταται
757 3020 854 3072 ἀπ’
897 3020 1102 3089 αὐτῆςο
1137 3023 1232 3075 καὶ
1284 3021 1468 3075 λοιπὸν
1505 3026 1533 3076 6
1564 3023 1803 3087 τοιοῦτος
1848 3025 1974 3089 ναὸς

408 3117 530 3177 ναὸς
557 3114 737 3176 κοινὸς
771 3116 866 3168 καὶ
903 3115 1308 3184 μεμολυσμένος
1341 3116 1687 3171 καθίσταται.
1725 3137 1742 3168 ι
1780 3117 1841 3170 El
1868 3120 1970 3172 τοί-

406 3220 501 3256 νυν
531 3203 689 3256 τοῦτο
721 3205 893 3264 οὕτως
919 3204 1050 3275 ἔχει,
1090 3205 1142 3258 τί
1171 3206 1234 3259 ἀν
1265 3223 1350 3268 τις
1377 3207 1523 3259 εἴποι
1548 3209 1644 3270 τάς
1670 3207 1728 3260 ἐν
1766 3210 1829 3276 τῇ
1864 3209 1972 3262 Ιῐα-
2000 3240 2042 3296 C

404 3293 665 3365 λαμιτικῇ
761 3295 1042 3364 Εκκλησίᾳ
1118 3295 1240 3349 καθ’
1317 3296 1478 3366 ἡμῶν
1550 3298 1970 3367 ὲκφωνουμένας

308 3463 316 3469 _
407 3386 792 3456 βλασφημίαςς
826 3386 1097 3457 Πρόδηλον
1117 3388 1191 3450 ὠς
1220 3385 1333 3440 οὗθ’
1359 3389 1409 3439 oi
1446 3386 1703 3455 λέγοντεξ
1733 3390 1970 3458 παραδο-

402 3477 505 3550 χῆς
537 3476 695 3541 ἄξιοι,
725 3477 885 3532 οὐθ’ὀ
915 3478 1090 3548 χῶρος
1114 3481 1171 3532 ὲν
1203 3473 1245 3546 ᾧ
1279 3478 1552 3546 λέγονται,
1582 3479 1970 3548 ἐκλελεγμένος

403 3569 524 3638 Θεῷ
548 3586 562 3600 '
607 3570 744 3622 ἀλλά
774 3571 948 3635 κοινὸς
977 3571 1070 3624 καὶ
1110 3588 1173 3639 με
1184 3571 1522 3640 μολυσμένος
1548 3573 1638 3624 ὑπ’
1671 3573 1851 3622 αὐτῶν
1876 3589 1974 3624 κα-

405 3657 668 3727 θέστηκεν
695 3677 710 3690 ο
736 3660 846 3713 οὐδ’
892 3661 949 3713 αί
985 3663 1118 3729 παρ’
1149 3660 1328 3714 αὐτῶν
1363 3661 1781 3732 ἐξενηνεγμέναι
1830 3663 1971 3716 κατὰ

401 3749 510 3803 τῶν
539 3751 906 3804 εὐσεϐούντων
935 3751 1042 3821 ἄρα
1074 3751 1414 3822 βλασφημίαι
1442 3755 1534 3806 καὶ
1567 3753 1972 3822 καταψηφίσεις

403 3841 544 3896 τοῦτ’
588 3845 726 3896 εἰσιν
759 3843 893 3912 ὅπερ
944 3843 1190 3911 λέγονται
1215 3883 1231 3905 ,
1261 3843 1523 3912 φλυαρίαι
1549 3844 1593 3896 δ’
1619 3844 1795 3907 ἄλλως
1815 3883 1828 3908 ,
1882 3847 1973 3898 καὶ

403 3936 488 3987 ἵνα
510 3937 568 3989 τὸ
593 3928 690 4006 τῆς
717 3936 939 4007 Γραφῆς
962 3937 1172 4006 φῶμεν,
1196 3937 1568 4006 ,βαττολογία
1586 3937 1765 4007 μόνη,
1794 3939 1974 3990 πᾶσαν

404 4029 719 4098 ἀδολεσχίαν
747 4029 777 4080 ὑ
789 4047 849 4080 πε
859 4029 1086 4098 ρϐαίνου
1096 4047 1186 4083 σα.

1007 4231 1264 4284 ΚΕΦΑΑ.’
1299 4230 1379 4286 Θ’.

405 4347 472 4398 Εὶ
512 4346 649 4411 ἁγία
683 4344 788 4398 τοῦ
819 4346 964 4399 θεοῦ
999 4346 1170 4399 ἐστιν
1200 4347 1339 4400 Ἐκκ
1359 4348 1552 4412 India.
1584 4348 1622 4414 ἡ
1659 4350 1976 4414 ποικίλους

476 4415 850 4482 πειρασμοὺς
883 4415 980 4468 καί
1011 4417 1242 4484 μακρὰς
1272 4417 1510 4484 ἐξορίιις
1543 4418 1642 4470 καί
1668 4420 1979 4473 κατακλεί-

2005 1910 2044 1963 Β

2091 659 2108 692 ι
2155 639 2370 697 Utinam
2410 655 2465 698 et
2497 646 2892 704 absciudantttr
2923 651 3012 719 qui
3047 667 3145 706 vos
3180 657 3529 710 conturbant.
3559 657 3669 714 Vos

2081 735 2224 788 enim
2261 736 2310 789 in
2349 735 2650 795 libertatem
2684 743 2856 796 vocali
2894 744 3027 798 estis
3054 785 3069 810 ,
3107 744 3306 801 fratres
3333 747 3400 801 ".
3449 767 3465 800 ι
3507 749 3663 803 l‘ala-

2082 825 2226 880 mitte
2275 827 2438 897 igitur
2471 831 2563 898 qui
2595 831 2851 888 Ecclesiae
2911 834 3031 904 jura
3082 838 3407 906 regulasque
3453 842 3668 908 pietatis

2082 919 2406 983 everterint,
2439 933 2504 977 ac
2541 932 2787 1005 nostram
2830 926 2899 980 ob
2946 926 3228 984 Christum
3279 931 3578 986 libertatem
3613 935 3684 988 in'

2083 1022 2398 1076 servitutem
2443 1021 2716 1090 redigant,
2757 1021 2954 1085 merito
2989 1023 3152 1075 etiam
3204 1038 3233 1076 a
3268 1025 3484 1093 piorum
3515 1036 3670 1095 parte

2081 1111 2287 1180 pridem
2317 1103 2635 1167 debuiSsent
2687 1113 2954 1169 exscindi.
2988 1131 3005 1164 ι
3039 1113 3179 1179 Quid
3210 1117 3356 1169 enim
3379 1133 3670 1172 commune

2079 1197 2296 1259 Christo
2326 1213 2381 1259 et
2412 1203 2579 1259 Belial
2614 1204 2696 1258 πί
2725 1204 2945 1261 ι-Εξιοίεἰ
2983 1221 3112 1260 vero
3143 1207 3344 1271 semel,
3375 1218 3433 1262 ut
3461 1211 3550 1278 qui
3574 1226 3670 1264 no-

2079 1302 2248 1350 stram
2285 1294 2592 1350 libertatem
2624 1296 2973 1357 conturbent.
3015 1311 3115 1351 nec
3153 1311 3254 1352 nos
3284 1297 3476 1363 decet,
3516 1302 3664 1368 quic-

2079 1388 2206 1457 quid
2244 1389 2531 1442 adversum
2559 1403 2660 1444 nos
2687 1390 3184 1458 blaspltemaverint
3203 1399 3294 1444 aut
3319 1390 3662 1454 devoverint,

2081 1481 2244 1534 ullam
2279 1481 2542 1534 rationem
2580 1481 2798 1536 habere.
2835 1479 3132 1536 Probatum
3163 1499 3397 1553 namque
3429 1494 3532 1548 est,
3567 1501 3684 1541 ncce

2080 1573 2134 1623 in
2164 1569 2512 1624 sacerdotum
2556 1570 2679 1625 illos
2719 1573 2896 1626 classe
2940 1587 3086 1636 esse,
3122 1589 3222 1628 nec
3258 1590 3482 1640 prorsus
3530 1577 3664 1631 lide-

2079 1663 2210 1715 littm
2241 1679 2254 1715 :
2286 1662 2338 1716 in
2383 1678 2542 1718 suum
2576 1678 2707 1717 vero
2737 1663 3000 1718 duntaxat
3030 1664 3296 1731 judicium
3345 1666 3525 1720 divina
3578 1667 3660 1721 itt-

2077 1751 2293 1813 vadere,
2330 1750 2664 1820 profanaque
2693 1752 2858 1821 (quod
2893 1767 2959 1806 ne
2996 1753 3184 1808 luisset
3207 1756 3466 1824 unquam)
3502 1755 3682 1824 inque

2080 1841 2214 1898 locis
2241 1843 2410 1898 sacris
2441 1856 2504 1897 ac
2540 1844 2747 1898 sanctis
2783 1841 3050 1899 altaribus
3079 1853 3280 1899 astare.

2147 2017 2224 2071 Ad
2261 2021 2376 2073 haec
2405 2019 2480 2072 ait
2512 2033 2741 2089 magnus
2766 2021 3007 2076 Basilius
3037 2037 3050 2073 :
3089 2039 3107 2072 ι
3144 2019 3316 2077 Nemo
3345 2023 3622 2082 existimet
3644 2072 3658 2089 .

2074 2125 2262 2165 eorum
2294 2112 2384 2180 qui
2433 2109 2598 2166 falsas
2635 2113 2702 2166 de
2746 2112 2857 2168 Deo
2909 2115 3112 2170 habent
3145 2115 3456 2184 opiniones,
3509 2099 3694 2171 inter.

2075 2203 2418 2272 psallendum
2470 2213 2722 2270 acceptas
2753 2219 2875 2258 esse
2923 2205 3132 2259 laudes.
3174 2225 3191 2256 ι
3241 2206 3334 2260 Sin
3367 2219 3545 2262 autem
3581 2209 3680 2263 lue-

2076 2309 2180 2348 non
2230 2304 2356 2348 sunt
2402 2306 2637 2365 acceptae
2663 2339 2676 2358 ,
2713 2296 2882 2350 multo
2915 2297 3094 2352 minus
3120 2335 3136 2359 ,
3172 2313 3308 2366 quas
3341 2300 3393 2352 in
3429 2315 3522 2354 eos
3567 2300 3658 2368 qui

2077 2386 2330 2454 pietatem
2357 2387 2528 2441 velint
2573 2390 2774 2456 colere,
2827 2389 3096 2443 intentant
3132 2392 3656 2446 excommunicatio-

2077 2483 2172 2534 n‘es
2215 2495 2276 2534 ac
2305 2481 2453 2536 diras
2479 2521 2494 2545 .
2538 2481 2714 2552 digna:
2773 2489 2904 2535 sunt
2940 2497 3059 2550 quae
3092 2481 3392 2550 probentur
3425 2495 3491 2537 ac
3521 2485 3660 2538 rcci-

2076 2570 2315 2641 piantur.

2148 2663 2448 2729 Postremo,
2481 2663 2526 2719 si
2559 2663 2642 2732 (ut
2678 2665 2744 2717 ait
2785 2663 2838 2716 in
2871 2664 3178 2719 divinorum
3216 2667 3443 2722 scientia
3479 2667 3661 2722 clarus

2075 2753 2388 2808 Theodorus
2442 2754 2674 2824 Studita)
2717 2773 2734 2805 ι
2774 2754 2854 2808 vel
2908 2757 3009 2807 hoe
3061 2771 3191 2820 uno,
3227 2759 3367 2825 quod
3421 2758 3660 2813 hatrelici

2077 2861 2273 2900 nomen
2305 2845 2359 2900 in
2407 2844 2647 2901 Ecclesia
2684 2847 2972 2911 referatur,
3009 2847 3252 2901 Ecclesia
3289 2849 3668 2903 commacula-

2077 2945 2184 3002 tur,
2218 2937 2422 2992 idcirco
2454 2939 2597 3006 quod
2637 2937 2860 3008 angelus
2892 2948 3074 2992 custos
3107 2940 3173 2992 ab
3223 2955 3283 2993 ea
3336 2941 3514 2994 avolat
3547 2941 3657 2994 hrc-

2077 3030 2214 3084 resis
2272 3037 2515 3097 tempore
2552 3043 2568 3082 :
2600 3028 2857 3098 jamque.
2905 3029 3048 3098 quod
3087 3028 3350 3096 ejusmodi
3401 3033 3656 3099 templum

2076 3125 2177 3184 est,
2213 3119 2471 3187 templum
2501 3133 2792 3172 commune
2823 3133 2887 3174 ac
2915 3119 3178 3188 pollutum
3210 3128 3294 3174 est
3322 3136 3336 3173 :
3362 3139 3379 3170 ι
3412 3108 3458 3175 si
3495 3122 3660 3188 igitur

2076 3224 2134 3262 se
2167 3224 2253 3263 res
2291 3209 2368 3263 sic
2410 3208 2591 3271 habet,
2627 3209 2886 3276 quidnam
2923 3210 3045 3278 quis
3091 3211 3236 3263 dicat
3264 3225 3383 3279 quae
3419 3211 3471 3264 in
3507 3211 3658 3265 Pala-

2076 3299 2329 3353 mitarum
2362 3298 2597 3352 Ecclesia
2631 3299 2920 3353 adversum
2968 3315 3068 3354 ttOs
3109 3300 3456 3368 publicantur
3489 3303 3656 3354 male-

2075 3390 2257 3444 dicta?
2286 3388 2626 3444 Manifestum
2665 3391 2830 3458 igitur
2859 3399 2962 3455 est,
2997 3405 3172 3460 neque
3208 3391 3299 3458 qui
3333 3390 3653 3460 loquuntur.

2076 3484 2268 3554 dignos
2299 3497 2419 3536 esse
2449 3483 2540 3551 qui
2571 3483 2944 3552 suscipiantur
2971 3498 2986 3546 ;
3037 3497 3212 3552 neque
3241 3483 3420 3537 locttm
3457 3484 3511 3536 in
3543 3499 3654 3552 quo

2074 3576 2351 3638 dicuntur,
2389 3572 2497 3628 Deo
2531 3575 2762 3629 electum
2811 3589 2971 3640 esse,
3019 3574 3113 3629 sed
3151 3587 3440 3627 commune
3487 3582 3543 3627 et
3589 3575 3662 3626 ab

2075 3668 2155 3721 eis
2201 3667 2467 3736 pollutum
2504 3683 2518 3718 :
2565 3682 2664 3719 nec
2720 3658 2848 3734 ergo
2883 3681 3020 3734 quas
3079 3664 3155 3718 illi
3196 3663 3483 3720 adversum
3538 3667 3660 3733 pios

2071 3759 2280 3829 jactant
2311 3758 2458 3820 diras
2491 3766 2544 3811 et
2590 3758 2887 3812 sententias
2940 3773 3003 3813 ac
3049 3758 3479 3828 proscriptiones
3506 3801 3519 3819 .
3555 3759 3658 3811 hoc

2077 3857 2202 3903 sunt
2229 3849 2372 3916 quod
2409 3849 2687 3909 dicuntur,
2717 3847 2810 3902 sed
2864 3865 3018 3917 nugae
3051 3858 3254 3904 temere
3289 3850 3420 3904 fuste
3448 3893 3460 3915 ,
3507 3859 3562 3902 et
3603 3858 3658 3902 ut

2077 3940 2375 4008 Scriptum
2405 3940 2584 3994 verbis
2611 3940 2806 4001 dicam,
2836 3939 2977 3992 aliud
3012 3941 3146 3992 nihil
3183 3947 3374 4006 praeter
3402 3939 3654 3993 «inanem

2077 4032 2446 4099 garrulitatem
2479 4032 2530 4062 ⁸ο
2559 4050 2576 4082 ι
2617 4022 2979 4103 (βαττολοῆία)
3008 4046 3128 4101 quae
3154 4045 3366 4086 omnem
3390 4030 3659 4098 ejusmodi

2077 4122 2402 4194 superﬂuam
2431 4122 2817 4192 loquacitatem
2852 4126 3100 4178 excedat.

2676 4234 2903 4290 carur
2966 4236 3060 4322 ιιιἶ

2083 4351 2227 4406 Nunt
2261 4365 2445 4405 sancta
2484 4351 2576 4422 Dei
2627 4351 2897 4417 Ecclesia,
2930 4367 3046 4422 qua:
3083 4352 3318 4406 diversas
3343 4363 3655 4410 l(erumnas.

2152 4423 2406 4491 longaque
2437 4420 2625 4474 exsilia
2660 4432 2706 4474 et
2735 4420 3006 4490 ergastula
3037 4431 3083 4474 et
3127 4437 3364 4474 carceres
3409 4425 3658 4476 adversus

479 4501 636 4562 ςγιεις⁸
661 4485 758 4537 καὶ
817 4487 1127 4562 ςρυμιοκίίςὰ
1149 4487 1384 4562 παντὸς
1425 4489 1974 4558 καταψηφισαμένη

2143 4485 2330 4560 justos'
2345 4507 2519 4545 omnes
2551 4492 2764 4562 piosque
2793 4485 3019 4545 decrevit
3059 4507 3122 4545 ac
3145 4492 3426 4560 judicavit.

475 4554 709 4608 δικαίου
747 4554 843 4607 καὶ
876 4555 1164 4620 εὐσεϐοῦς
1196 4556 1440 4623 ἀνδρός.

482 4667 599 4719 Ἵνα
629 4665 762 4735 γοῦν
783 4666 877 4720 καὶ
904 4666 1029 4729 τοὺς
1062 4668 1153 4721 τοῦ
1185 4669 1466 4738 συνεδρίου
1500 4669 1692 4723 τούτου
1728 4671 1978 4739 καρποὺς

406 4761 694 4828 γνοίημεν,
754 4758 828 4830 μὴ
863 4760 1054 4830 πόρῤω
1085 4760 1178 4812 τοῦ
1234 4759 1375 4812 κατὰ
1424 4759 1660 4828 Χριστοῦ
1709 4761 1976 4830 πρότερον

405 4852 680 4921 βαλόντες,
720 4851 1014 4921 σκοπῶμεν
1060 4851 1254 4914 οὕτως.
1301 4852 1512 4905 Ἐκεῖνο
1537 4853 1645 4922 γὰρ
1677 4851 1776 4903 οὐκ
1811 4851 1976 4920 ἔφερε

408 4943 502 4996 τὸν
541 4942 749 4996 δίκαιον
801 4943 1061 5013 καθορᾷν,
1093 4943 1206 4995 οὐδ’
1263 4943 1619 5012 ἐλεγχόμενον
1664 4943 1756 4995 ὐπ’
1810 4943 1976 4996 αὐτοῦ

409 5035 698 5103 καρτερεῖν
726 5051 740 5066 ο
773 5035 871 5104 ὲρή
882 5051 988 5102 μην
1011 5033 1056 5085 δ’
1088 5033 1252 5086 αὐτοῦ
1280 5032 1682 5103 κατεψηφίζετο
1746 5034 1978 5103 σταυρὸν

408 5124 504 5176 καὶ
544 5123 794 5178 θάνατον.
827 5121 997 5174 Τοῦτο
1037 5122 1093 5174 δὲ
1135 5119 1318 5190 πολλῷ
1369 5123 1705 5192 μακρότερον
1738 5123 1806 5174 τὰ
1831 5122 1976 5173 ὲκεί-

406 5232 499 5267 νου
528 5215 739 5279 νοσοῦν,
793 5214 1164 5283 μανικώτερον
1208 5212 1452 5277 ἐπέξεισι
1503 5213 1626 5274 τοὺς
1665 5213 1976 5281 ἠγωνισμέ-

405 5321 530 5364 νους
574 5306 701 5373 περὶ
731 5305 989 5372 Χριστοῦ.
1037 5305 1273 5359 Κάκείνο
1318 5304 1438 5372 μὲν,
1483 5302 1558 5364 ὡς
1586 5306 1612 5356 6
1641 5301 1782 5364 θεῖός
1811 5320 1972 5372 φησιν

418 5387 760 5463 ’Δπόστολο;,
805 5395 966 5464 ζῆλον
1017 5391 1183 5464 εἶχεν,
1234 5395 1348 5448 ἀλλ’
1387 5396 1447 5446 οὐ
1488 5396 1610 5447 κατ’
1659 5395 1968 5460 ἐπίγνωσιν,

410 5487 550 5554 ὑπὲρ
588 5487 696 5540 τῶν
728 5487 1207 5555 πεπολιτευμένων
1236 5487 1396 5554 δῆθεν
1445 5485 1842 5554 ἀνθιστάμενον
1881 5485 1969 5538 νό-

413 5591 566 5643 μων⁴
608 5577 768 5630 τοῦτο
801 5579 875 5643 δὲ,
938 5579 1296 5647 μηδεπώποτε
1353 5578 1805 5645 πεπολιτευμένα,
1851 5578 1974 5646 μηδ’

409 5665 542 5719 ὠσὶν
568 5668 900 5738 ὴκουσμένα,
962 5671 1149 5739 μηδενὶ
1197 5669 1250 5721 δὲ
1285 5671 1393 5721 τῶν
1443 5670 1501 5733 ἐξ
1552 5670 1745 5732 αἰῶνος
1775 5672 1863 5724 διὰ
1915 5672 1974 5724 τὸ

483 5848 533 5882 ⁷⁸
563 5847 734 5904 Galat.
778 5865 834 5915 ν,
875 5850 956 5903 12.
1035 5851 1077 5883 ⁷⁸
1106 5851 1153 5904 ll
1172 5849 1296 5905 Cor.
1323 5867 1393 5917 t‘t,
1431 5852 1510 5906 lii.
1590 5851 1634 5880 “’
1666 5850 1852 5906 Matth.
1886 5867 1954 5915 vt,

2005 5871 2044 5905 Ι.

2151 4668 2220 4723 Ut
2251 4669 2412 4740 igitur
2437 4669 2598 4723 etiam
2629 4669 2842 4724 concilii
2878 4668 3046 4737 hujus
3080 4667 3288 4723 fructus
3315 4669 3655 4731 novet-imus,

2081 4763 2222 4815 haud
2281 4762 2469 4829 procul
2530 4763 2599 4814 ab
2642 4777 2706 4813 eo
2755 4761 2896 4828 quod
2946 4768 3072 4813 ante
3123 4759 3401 4813 Christum
3455 4757 3656 4828 petiit,

2081 4850 2228 4903 hunc
2257 4852 2309 4903 in
2345 4851 2562 4904 modum
2592 4850 3019 4903 consideremus.
3054 4849 3190 4901 Illud
3225 4847 3368 4901 enim
3417 4863 3524 4900 non
3581 4847 3657 4901 le-

2080 4942 2461 5012 rebatjuslum
2499 4943 2704 5000 videre.
2761 4958 2859 4996 nec
2911 4957 3030 4994 cum
3081 4942 3148 4994 ab
3197 4942 3288 4996 illo
3341 4952 3662 5011 argueretur

2081 5034 2386 5089 sustinebat
2422 5049 2434 5084 :
2472 5034 2796 5102 desertnque
2854 5035 3186 5095 vadimonio.
3238 5034 3387 5088 cruci
3425 5050 3549 5088 eum
3598 5048 3661 5088 ac

2083 5126 2242 5179 morti
2294 5125 2607 5180 damnabat.
2663 5125 2774 5178 llnc
2831 5143 2959 5180 veto
3007 5127 3163 5196 longe
3217 5129 3479 5198 prolixius
3517 5128 3662 5180 illius

2083 5216 2238 5268 malis
2275 5216 2550 5280 laborans,
2578 5217 2783 5288 majore
2831 5217 3014 5274 furore
3064 5221 3198 5275 illos
3223 5221 3529 5283 ulciscitur,
3566 5219 3658 5286 qui
3694 5228 3697 5231 '

2082 5323 2180 5376 pro
2227 5309 2442 5362 Christo
2495 5318 2769 5364 Certamen
2824 5291 3254 5368 tlesudavcrant.
3295 5315 3468 5380 Atque
3527 5309 3657 5364 illttd

2081 5400 2318 5466 quidem.
2355 5409 2412 5454 ut
2445 5404 2520 5454 οτι
2550 5403 2767 5456 divinus
2815 5403 3107 5472 Apostolus
3153 5406 3222 5467 3‘,
3254 5402 3655 5456 atu'tulationetu

2083 5491 2334 5553 habebat,
2364 5492 2456 5544 sed
2503 5508 2609 5546 nou
2647 5495 2941 5548 secundum
2972 5493 3288 5553 scientiam;
3327 5493 3469 5561 quod
3500 5491 3660 5544 nitui-

2082 5596 2202 5633 runt
2235 5597 2424 5634 carum
2467 5582 2645 5651 legunt
2682 5583 3049 5638 defensionem
3106 5582 3485 5649 susciperent,
3538 5598 3662 5650 qua:

2084 5672 2347 5726 hactenus
2379 5674 2686 5740 viguerant,
2722 5689 2918 5742 easlue
2951 5672 3143 5725 vellent
3177 5670 3477 5726 incolumes
3509 5689 3522 5726 :
3557 5674 3658 5726 hoc

2124 5849 2163 5881 “‘
2196 5851 2351 5906 llum.
2395 5868 2450 5916 Χ,
