  <div class='ocr_page' id='page_1' title='image "/cluster/home/n/w/nwhite01/storage/ocr_20150623/152/mdp.39015078384735/380.png"; bbox 0 0 4056 6266; ppageno 0'>
   <div class='ocr_carea' id='block_1_1' title="bbox 333 303 441 368">
    <p class='ocr_par' dir='ltr' id='par_1_1' title="bbox 333 303 441 368">
     <span class='ocr_line' id='line_1_1' title="bbox 333 303 441 368; baseline 0.019 -3"><span class='ocrx_word' id='word_1_1' title='bbox 333 303 441 368; x_wconf 63' lang='grc'><strong>745</strong></span> 
     </span>
    </p>
   </div>
   <div class='ocr_carea' id='block_1_2' title="bbox 1186 250 2735 362">
    <p class='ocr_par' dir='ltr' id='par_1_2' title="bbox 1186 250 2735 362">
     <span class='ocr_line' id='line_1_2' title="bbox 1186 250 2735 362; baseline 0.001 -2"><span class='ocrx_word' id='word_1_2' title='bbox 1186 301 1420 362; x_wconf 75' lang='lat' dir='ltr'><strong>DECAS</strong></span> <span class='ocrx_word' id='word_1_3' title='bbox 1452 301 1502 360; x_wconf 89' lang='grc' dir='ltr'><strong>Ῐ.</strong></span> <span class='ocrx_word' id='word_1_4' title='bbox 1539 326 1605 335; x_wconf 85' lang='grc'><strong>-</strong></span> <span class='ocrx_word' id='word_1_5' title='bbox 1654 301 1746 360; x_wconf 91' lang='lat' dir='ltr'><strong>DE</strong></span> <span class='ocrx_word' id='word_1_6' title='bbox 1791 250 2234 361; x_wconf 62' lang='lat' dir='ltr'><strong>TiiEOLOGIA</strong></span> <span class='ocrx_word' id='word_1_7' title='bbox 2282 300 2735 362; x_wconf 78' lang='lat' dir='ltr'><strong>SYMBOLICA.</strong></span> 
     </span>
    </p>
   </div>
   <div class='ocr_carea' id='block_1_3' title="bbox 3450 259 3574 366">
    <p class='ocr_par' dir='ltr' id='par_1_3' title="bbox 3450 259 3574 366">
     <span class='ocr_line' id='line_1_3' title="bbox 3450 259 3574 366; baseline -0.016 1"><span class='ocrx_word' id='word_1_8' title='bbox 3450 259 3574 366; x_wconf 60' lang='grc' dir='ltr'><strong>ἰιι</strong></span> 
     </span>
    </p>
   </div>
   <div class='ocr_carea' id='block_1_4' title="bbox 331 411 3577 488">
    <p class='ocr_par' dir='ltr' id='par_1_4' title="bbox 331 411 3577 488">
     <span class='ocr_line' id='line_1_4' title="bbox 331 411 3577 488; baseline 0 -16"><span class='ocrx_word' id='word_1_9' title='bbox 331 419 474 472; x_wconf 89' lang='lat' dir='ltr'><strong>riora</strong></span> <span class='ocrx_word' id='word_1_10' title='bbox 510 417 598 470; x_wconf 87' lang='lat' dir='ltr'><strong>Dei</strong></span> <span class='ocrx_word' id='word_1_11' title='bbox 629 416 766 484; x_wconf 84' lang='lat' dir='ltr'><strong>apud</strong></span> <span class='ocrx_word' id='word_1_12' title='bbox 803 414 1018 484; x_wconf 77' lang='lat' dir='ltr'><strong>Moysen</strong></span> <span class='ocrx_word' id='word_1_13' title='bbox 1045 453 1057 475; x_wconf 89' lang='lat'><strong>,</strong></span> <span class='ocrx_word' id='word_1_14' title='bbox 1093 415 1219 467; x_wconf 90' lang='lat' dir='ltr'><strong>item</strong></span> <span class='ocrx_word' id='word_1_15' title='bbox 1257 415 1343 468; x_wconf 89' lang='lat' dir='ltr'><strong>illa</strong></span> <span class='ocrx_word' id='word_1_16' title='bbox 1378 416 1516 484; x_wconf 89' lang='lat' dir='ltr'><strong>apud</strong></span> <span class='ocrx_word' id='word_1_17' title='bbox 1549 411 1762 480; x_wconf 85' lang='lat' dir='ltr'><strong>Isaiam,</strong></span> <span class='ocrx_word' id='word_1_18' title='bbox 1806 416 1905 468; x_wconf 87' lang='lat' dir='ltr'><strong>Da-</strong></span> <span class='ocrx_word' id='word_1_19' title='bbox 1931 428 1978 487; x_wconf 74' lang='grc' dir='ltr'><strong>Α</strong></span> <span class='ocrx_word' id='word_1_20' title='bbox 2007 414 2345 470; x_wconf 78' lang='lat' dir='ltr'><strong>allirmantis.</strong></span> <span class='ocrx_word' id='word_1_21' title='bbox 2372 415 2506 470; x_wconf 86' lang='lat' dir='ltr'><strong>Pars</strong></span> <span class='ocrx_word' id='word_1_22' title='bbox 2528 431 2657 471; x_wconf 84' lang='lat' dir='ltr'><strong>vero</strong></span> <span class='ocrx_word' id='word_1_23' title='bbox 2689 415 2973 485; x_wconf 69' lang='lat' dir='ltr'><strong>theolOgim</strong></span> <span class='ocrx_word' id='word_1_24' title='bbox 3000 416 3433 470; x_wconf 63' lang='lat' dir='ltr'><strong>demonstrativae</strong></span> <span class='ocrx_word' id='word_1_25' title='bbox 3458 436 3577 488; x_wconf 67' lang='lat' dir='ltr'><strong>quae</strong></span> 
     </span>
    </p>
   </div>
   <div class='ocr_carea' id='block_1_5' title="bbox 336 507 1906 578">
    <p class='ocr_par' dir='ltr' id='par_1_5' title="bbox 336 507 1906 578">
     <span class='ocr_line' id='line_1_5' title="bbox 336 507 1906 578; baseline -0.004 -13"><span class='ocrx_word' id='word_1_26' title='bbox 336 513 555 578; x_wconf 85' lang='lat' dir='ltr'><strong>nielem,</strong></span> <span class='ocrx_word' id='word_1_27' title='bbox 607 521 660 566; x_wconf 89' lang='lat' dir='ltr'><strong>et</strong></span> <span class='ocrx_word' id='word_1_28' title='bbox 691 509 1029 564; x_wconf 84' lang='lat' dir='ltr'><strong>Ezeclriclem</strong></span> <span class='ocrx_word' id='word_1_29' title='bbox 1053 538 1072 573; x_wconf 53' lang='grc' dir='ltr'><strong>,ν</strong></span> <span class='ocrx_word' id='word_1_30' title='bbox 1098 520 1151 563; x_wconf 86' lang='lat' dir='ltr'><strong>et</strong></span> <span class='ocrx_word' id='word_1_31' title='bbox 1181 508 1318 561; x_wconf 86' lang='lat' dir='ltr'><strong>alios</strong></span> <span class='ocrx_word' id='word_1_32' title='bbox 1353 507 1654 562; x_wconf 88' lang='lat' dir='ltr'><strong>secundum</strong></span> <span class='ocrx_word' id='word_1_33' title='bbox 1687 521 1906 561; x_wconf 89' lang='lat' dir='ltr'><strong>sensum</strong></span> 
     </span>
    </p>
   </div>
   <div class='ocr_carea' id='block_1_6' title="bbox 333 595 1908 669">
    <p class='ocr_par' dir='ltr' id='par_1_6' title="bbox 333 595 1908 669">
     <span class='ocr_line' id='line_1_6' title="bbox 333 595 1908 669; baseline -0.006 -11"><span class='ocrx_word' id='word_1_34' title='bbox 333 603 604 669; x_wconf 80' lang='lat' dir='ltr'><strong>formata;</strong></span> <span class='ocrx_word' id='word_1_35' title='bbox 656 611 749 656; x_wconf 87' lang='lat' dir='ltr'><strong>aut</strong></span> <span class='ocrx_word' id='word_1_36' title='bbox 781 601 1114 656; x_wconf 74' lang='lat' dir='ltr'><strong>describitur</strong></span> <span class='ocrx_word' id='word_1_37' title='bbox 1165 614 1262 667; x_wconf 89' lang='lat' dir='ltr'><strong>per</strong></span> <span class='ocrx_word' id='word_1_38' title='bbox 1316 598 1726 652; x_wconf 74' lang='lat' dir='ltr'><strong>translationem</strong></span> <span class='ocrx_word' id='word_1_39' title='bbox 1761 595 1908 650; x_wconf 89' lang='lat' dir='ltr'><strong>verbi</strong></span> 
     </span>
    </p>
   </div>
   <div class='ocr_carea' id='block_1_7' title="bbox 335 688 1905 758">
    <p class='ocr_par' dir='ltr' id='par_1_7' title="bbox 335 688 1905 758">
     <span class='ocr_line' id='line_1_7' title="bbox 335 688 1905 758; baseline -0.007 -7"><span class='ocrx_word' id='word_1_40' title='bbox 335 697 636 752; x_wconf 88' lang='lat' dir='ltr'><strong>secundum</strong></span> <span class='ocrx_word' id='word_1_41' title='bbox 667 695 1027 756; x_wconf 88' lang='lat' dir='ltr'><strong>intellectum,</strong></span> <span class='ocrx_word' id='word_1_42' title='bbox 1061 701 1120 746; x_wconf 92' lang='lat' dir='ltr'><strong>ut</strong></span> <span class='ocrx_word' id='word_1_43' title='bbox 1158 692 1391 745; x_wconf 81' lang='lat' dir='ltr'><strong>ebrietas</strong></span> <span class='ocrx_word' id='word_1_44' title='bbox 1429 699 1480 743; x_wconf 91' lang='lat' dir='ltr'><strong>et</strong></span> <span class='ocrx_word' id='word_1_45' title='bbox 1524 691 1742 758; x_wconf 79' lang='lat' dir='ltr'><strong>crapula</strong></span> <span class='ocrx_word' id='word_1_46' title='bbox 1775 688 1864 740; x_wconf 81' lang='grc' dir='ltr'><strong>[›.-ι</strong></span> <span class='ocrx_word' id='word_1_47' title='bbox 1891 727 1905 751; x_wconf 88' lang='grc'><em>,</em></span> 
     </span>
    </p>
   </div>
   <div class='ocr_carea' id='block_1_8' title="bbox 333 781 1909 859">
    <p class='ocr_par' dir='ltr' id='par_1_8' title="bbox 333 781 1909 859">
     <span class='ocr_line' id='line_1_8' title="bbox 333 781 1909 859; baseline -0.005 -16"><span class='ocrx_word' id='word_1_48' title='bbox 333 791 552 859; x_wconf 78' lang='lat' dir='ltr'><strong>vigilia,</strong></span> <span class='ocrx_word' id='word_1_49' title='bbox 591 801 818 841; x_wconf 89' lang='lat' dir='ltr'><strong>somnus</strong></span> <span class='ocrx_word' id='word_1_50' title='bbox 854 800 1004 839; x_wconf 85' lang='lat' dir='ltr'><strong>arma</strong></span> <span class='ocrx_word' id='word_1_51' title='bbox 1051 785 1117 840; x_wconf 87' lang='lat' dir='ltr'><strong>ad</strong></span> <span class='ocrx_word' id='word_1_52' title='bbox 1169 785 1561 852; x_wconf 78' lang='lat' dir='ltr'><strong>protegendum</strong></span> <span class='ocrx_word' id='word_1_53' title='bbox 1611 792 1663 835; x_wconf 89' lang='lat' dir='ltr'><strong>et</strong></span> <span class='ocrx_word' id='word_1_54' title='bbox 1705 781 1770 834; x_wconf 88' lang='lat' dir='ltr'><strong>ad</strong></span> <span class='ocrx_word' id='word_1_55' title='bbox 1813 797 1909 835; x_wconf 91' lang='lat' dir='ltr'><strong>no-</strong></span> 
     </span>
    </p>
   </div>
   <div class='ocr_carea' id='block_1_9' title="bbox 335 870 1908 944">
    <p class='ocr_par' dir='ltr' id='par_1_9' title="bbox 335 870 1908 944">
     <span class='ocr_line' id='line_1_9' title="bbox 335 870 1908 944; baseline -0.007 -11"><span class='ocrx_word' id='word_1_56' title='bbox 335 882 568 934; x_wconf 87' lang='lat' dir='ltr'><strong>cendum</strong></span> <span class='ocrx_word' id='word_1_57' title='bbox 594 922 608 944; x_wconf 93' lang='lat'><strong>,</strong></span> <span class='ocrx_word' id='word_1_58' title='bbox 635 889 688 932; x_wconf 82' lang='lat' dir='ltr'><strong>et.</strong></span> <span class='ocrx_word' id='word_1_59' title='bbox 725 888 917 932; x_wconf 70' lang='lat' dir='ltr'><strong>caetera</strong></span> <span class='ocrx_word' id='word_1_60' title='bbox 953 877 1138 931; x_wconf 83' lang='lat' dir='ltr'><strong>omnia</strong></span> <span class='ocrx_word' id='word_1_61' title='bbox 1169 891 1288 943; x_wconf 64' lang='lat' dir='ltr'><strong>qua!</strong></span> <span class='ocrx_word' id='word_1_62' title='bbox 1317 875 1380 926; x_wconf 88' lang='lat' dir='ltr'><strong>ad</strong></span> <span class='ocrx_word' id='word_1_63' title='bbox 1415 875 1774 926; x_wconf 76' lang='lat' dir='ltr'><strong>imitationem</strong></span> <span class='ocrx_word' id='word_1_64' title='bbox 1812 870 1908 923; x_wconf 76' lang='lat' dir='ltr'><strong>lto-</strong></span> 
     </span>
    </p>
   </div>
   <div class='ocr_carea' id='block_1_10' title="bbox 335 963 1908 1034">
    <p class='ocr_par' dir='ltr' id='par_1_10' title="bbox 335 963 1908 1034">
     <span class='ocr_line' id='line_1_10' title="bbox 335 963 1908 1034; baseline -0.006 -10"><span class='ocrx_word' id='word_1_65' title='bbox 335 973 541 1025; x_wconf 88' lang='lat' dir='ltr'><strong>nrinum</strong></span> <span class='ocrx_word' id='word_1_66' title='bbox 581 973 720 1025; x_wconf 79' lang='lat' dir='ltr'><strong>facta</strong></span> <span class='ocrx_word' id='word_1_67' title='bbox 757 977 906 1024; x_wconf 87' lang='lat' dir='ltr'><strong>sunt.</strong></span> <span class='ocrx_word' id='word_1_68' title='bbox 933 969 1064 1022; x_wconf 72' lang='lat' dir='ltr'><strong>Alite</strong></span> <span class='ocrx_word' id='word_1_69' title='bbox 1096 967 1216 1022; x_wconf 87' lang='lat' dir='ltr'><strong>duae</strong></span> <span class='ocrx_word' id='word_1_70' title='bbox 1251 976 1431 1034; x_wconf 82' lang='lat' dir='ltr'><strong>partes</strong></span> <span class='ocrx_word' id='word_1_71' title='bbox 1459 974 1603 1029; x_wconf 70' lang='lat' dir='ltr'><strong>sunt,</strong></span> <span class='ocrx_word' id='word_1_72' title='bbox 1628 978 1733 1016; x_wconf 88' lang='lat' dir='ltr'><strong>una</strong></span> <span class='ocrx_word' id='word_1_73' title='bbox 1761 963 1908 1016; x_wconf 83' lang='lat' dir='ltr'><strong>theo-</strong></span> 
     </span>
    </p>
   </div>
   <div class='ocr_carea' id='block_1_11' title="bbox 335 1056 1900 1132">
    <p class='ocr_par' dir='ltr' id='par_1_11' title="bbox 335 1056 1900 1132">
     <span class='ocr_line' id='line_1_11' title="bbox 335 1056 1900 1132; baseline -0.007 -14"><span class='ocrx_word' id='word_1_74' title='bbox 335 1066 488 1132; x_wconf 71' lang='lat' dir='ltr'><strong>logia:</strong></span> <span class='ocrx_word' id='word_1_75' title='bbox 522 1061 840 1116; x_wconf 85' lang='lat' dir='ltr'><strong>allirmantis</strong></span> <span class='ocrx_word' id='word_1_76' title='bbox 861 1099 875 1122; x_wconf 86' lang='lat'><strong>,</strong></span> <span class='ocrx_word' id='word_1_77' title='bbox 907 1069 968 1114; x_wconf 83' lang='lat' dir='ltr'><strong>ut</strong></span> <span class='ocrx_word' id='word_1_78' title='bbox 994 1075 1116 1114; x_wconf 90' lang='lat' dir='ltr'><strong>cum</strong></span> <span class='ocrx_word' id='word_1_79' title='bbox 1148 1060 1406 1120; x_wconf 87' lang='lat' dir='ltr'><strong>dicimus,</strong></span> <span class='ocrx_word' id='word_1_80' title='bbox 1443 1057 1608 1110; x_wconf 87' lang='lat' dir='ltr'><strong>Deum</strong></span> <span class='ocrx_word' id='word_1_81' title='bbox 1659 1056 1860 1109; x_wconf 87' lang='lat' dir='ltr'><strong>bonum</strong></span> <span class='ocrx_word' id='word_1_82' title='bbox 1887 1095 1900 1118; x_wconf 90' lang='lat'><strong>,</strong></span> 
     </span>
    </p>
   </div>
   <div class='ocr_carea' id='block_1_12' title="bbox 333 1147 1902 1223">
    <p class='ocr_par' dir='ltr' id='par_1_12' title="bbox 333 1147 1902 1223">
     <span class='ocr_line' id='line_1_12' title="bbox 333 1147 1902 1223; baseline -0.008 -13"><span class='ocrx_word' id='word_1_83' title='bbox 333 1155 660 1223; x_wconf 86' lang='lat' dir='ltr'><strong>sapientem,</strong></span> <span class='ocrx_word' id='word_1_84' title='bbox 680 1162 953 1212; x_wconf 83' lang='lat' dir='ltr'><strong>sanctum,</strong></span> <span class='ocrx_word' id='word_1_85' title='bbox 979 1152 1218 1213; x_wconf 89' lang='lat' dir='ltr'><strong>beatum,</strong></span> <span class='ocrx_word' id='word_1_86' title='bbox 1245 1150 1593 1208; x_wconf 81' lang='lat' dir='ltr'><strong>salvatorem,</strong></span> <span class='ocrx_word' id='word_1_87' title='bbox 1619 1155 1673 1200; x_wconf 89' lang='lat' dir='ltr'><strong>et</strong></span> <span class='ocrx_word' id='word_1_88' title='bbox 1697 1147 1902 1215; x_wconf 89' lang='lat' dir='ltr'><strong>reliqua</strong></span> 
     </span>
    </p>
   </div>
   <div class='ocr_carea' id='block_1_13' title="bbox 333 1240 1903 1314">
    <p class='ocr_par' dir='ltr' id='par_1_13' title="bbox 333 1240 1903 1314">
     <span class='ocr_line' id='line_1_13' title="bbox 333 1240 1903 1314; baseline -0.003 -17"><span class='ocrx_word' id='word_1_89' title='bbox 333 1248 538 1308; x_wconf 86' lang='lat' dir='ltr'><strong>omnia,</strong></span> <span class='ocrx_word' id='word_1_90' title='bbox 581 1245 780 1314; x_wconf 87' lang='lat' dir='ltr'><strong>quibus</strong></span> <span class='ocrx_word' id='word_1_91' title='bbox 812 1258 935 1297; x_wconf 91' lang='lat' dir='ltr'><strong>eum</strong></span> <span class='ocrx_word' id='word_1_92' title='bbox 978 1243 1186 1296; x_wconf 77' lang='lat' dir='ltr'><strong>trientes</strong></span> <span class='ocrx_word' id='word_1_93' title='bbox 1235 1242 1557 1298; x_wconf 82' lang='lat' dir='ltr'><strong>laudamus:</strong></span> <span class='ocrx_word' id='word_1_94' title='bbox 1591 1240 1674 1292; x_wconf 90' lang='lat' dir='ltr'><strong>vel</strong></span> <span class='ocrx_word' id='word_1_95' title='bbox 1712 1255 1903 1292; x_wconf 87' lang='lat' dir='ltr'><strong>rursus</strong></span> 
     </span>
    </p>
   </div>
   <div class='ocr_carea' id='block_1_14' title="bbox 333 1329 1903 1406">
    <p class='ocr_par' dir='ltr' id='par_1_14' title="bbox 333 1329 1903 1406">
     <span class='ocr_line' id='line_1_14' title="bbox 333 1329 1903 1406; baseline -0.006 -16"><span class='ocrx_word' id='word_1_96' title='bbox 333 1336 602 1406; x_wconf 80' lang='lat' dir='ltr'><strong>negantis,</strong></span> <span class='ocrx_word' id='word_1_97' title='bbox 633 1345 691 1389; x_wconf 89' lang='lat' dir='ltr'><strong>ut</strong></span> <span class='ocrx_word' id='word_1_98' title='bbox 747 1349 870 1388; x_wconf 88' lang='lat' dir='ltr'><strong>cum</strong></span> <span class='ocrx_word' id='word_1_99' title='bbox 898 1333 1079 1402; x_wconf 87' lang='lat' dir='ltr'><strong>ipsum</strong></span> <span class='ocrx_word' id='word_1_100' title='bbox 1127 1346 1385 1385; x_wconf 83' lang='lat' dir='ltr'><strong>vocamus</strong></span> <span class='ocrx_word' id='word_1_101' title='bbox 1433 1330 1777 1390; x_wconf 87' lang='lat' dir='ltr'><strong>invisibilem,</strong></span> <span class='ocrx_word' id='word_1_102' title='bbox 1814 1329 1903 1382; x_wconf 88' lang='lat' dir='ltr'><strong>in-</strong></span> 
     </span>
    </p>
   </div>
   <div class='ocr_carea' id='block_1_15' title="bbox 334 1421 1900 1496">
    <p class='ocr_par' dir='ltr' id='par_1_15' title="bbox 334 1421 1900 1496">
     <span class='ocr_line' id='line_1_15' title="bbox 334 1421 1900 1496; baseline -0.008 -13"><span class='ocrx_word' id='word_1_103' title='bbox 334 1426 910 1496; x_wconf 74' lang='lat' dir='ltr'><strong>comprehensibilem,</strong></span> <span class='ocrx_word' id='word_1_104' title='bbox 929 1423 1480 1492; x_wconf 80' lang='lat' dir='ltr'><strong>suprasubstantiam,</strong></span> <span class='ocrx_word' id='word_1_105' title='bbox 1506 1421 1900 1488; x_wconf 88' lang='lat' dir='ltr'><strong>suprabonum,</strong></span> 
     </span>
    </p>
   </div>
   <div class='ocr_carea' id='block_1_16' title="bbox 332 1511 1900 1591">
    <p class='ocr_par' dir='ltr' id='par_1_16' title="bbox 332 1511 1900 1591">
     <span class='ocr_line' id='line_1_16' title="bbox 332 1511 1900 1591; baseline -0.005 -20"><span class='ocrx_word' id='word_1_106' title='bbox 332 1519 795 1591; x_wconf 68' lang='lat' dir='ltr'><strong>snpraviventem,</strong></span> <span class='ocrx_word' id='word_1_107' title='bbox 829 1514 1297 1584; x_wconf 84' lang='lat' dir='ltr'><strong>suprasapientern</strong></span> <span class='ocrx_word' id='word_1_108' title='bbox 1337 1529 1353 1567; x_wconf 84' lang='lat'>:</span> <span class='ocrx_word' id='word_1_109' title='bbox 1387 1514 1502 1566; x_wconf 71' lang='lat' dir='ltr'><strong>hare</strong></span> <span class='ocrx_word' id='word_1_110' title='bbox 1541 1511 1684 1564; x_wconf 88' lang='lat' dir='ltr'><strong>enim</strong></span> <span class='ocrx_word' id='word_1_111' title='bbox 1717 1511 1900 1563; x_wconf 84' lang='lat' dir='ltr'><strong>omnia</strong></span> 
     </span>
    </p>
   </div>
   <div class='ocr_carea' id='block_1_17' title="bbox 335 1601 1901 1677">
    <p class='ocr_par' dir='ltr' id='par_1_17' title="bbox 335 1601 1901 1677">
     <span class='ocr_line' id='line_1_17' title="bbox 335 1601 1901 1677; baseline -0.006 -13"><span class='ocrx_word' id='word_1_112' title='bbox 335 1611 446 1664; x_wconf 84' lang='lat' dir='ltr'><strong>sive</strong></span> <span class='ocrx_word' id='word_1_113' title='bbox 499 1609 796 1677; x_wconf 82' lang='lat' dir='ltr'><strong>privanter,</strong></span> <span class='ocrx_word' id='word_1_114' title='bbox 853 1605 1132 1674; x_wconf 87' lang='lat' dir='ltr'><strong>superlate</strong></span> <span class='ocrx_word' id='word_1_115' title='bbox 1181 1604 1474 1667; x_wconf 86' lang='lat' dir='ltr'><strong>dicantur,</strong></span> <span class='ocrx_word' id='word_1_116' title='bbox 1523 1601 1901 1671; x_wconf 80' lang='lat' dir='ltr'><strong>negationibus</strong></span> 
     </span>
    </p>
   </div>
   <div class='ocr_carea' id='block_1_18' title="bbox 329 1693 1897 1764">
    <p class='ocr_par' dir='ltr' id='par_1_18' title="bbox 329 1693 1897 1764">
     <span class='ocr_line' id='line_1_18' title="bbox 329 1693 1897 1764; baseline -0.005 -12"><span class='ocrx_word' id='word_1_117' title='bbox 329 1700 698 1754; x_wconf 67' lang='lat' dir='ltr'><strong>declarantur.</strong></span> <span class='ocrx_word' id='word_1_118' title='bbox 754 1697 887 1752; x_wconf 88' lang='lat' dir='ltr'><strong>Cum</strong></span> <span class='ocrx_word' id='word_1_119' title='bbox 936 1697 1100 1764; x_wconf 82' lang='lat' dir='ltr'><strong>igitur</strong></span> <span class='ocrx_word' id='word_1_120' title='bbox 1139 1705 1372 1763; x_wconf 81' lang='lat' dir='ltr'><strong>quatuor</strong></span> <span class='ocrx_word' id='word_1_121' title='bbox 1403 1702 1584 1763; x_wconf 83' lang='lat' dir='ltr'><strong>partes</strong></span> <span class='ocrx_word' id='word_1_122' title='bbox 1635 1693 1782 1752; x_wconf 88' lang='lat' dir='ltr'><strong>sint.</strong></span> <span class='ocrx_word' id='word_1_123' title='bbox 1833 1707 1897 1745; x_wconf 82' lang='lat' dir='ltr'><strong>ex</strong></span> 
     </span>
    </p>
   </div>
   <div class='ocr_carea' id='block_1_19' title="bbox 2015 509 3574 577">
    <p class='ocr_par' dir='ltr' id='par_1_19' title="bbox 2015 509 3574 577">
     <span class='ocr_line' id='line_1_19' title="bbox 2015 509 3574 577; baseline 0.004 -19"><span class='ocrx_word' id='word_1_124' title='bbox 2015 517 2195 577; x_wconf 79' lang='lat' dir='ltr'><strong>negat,</strong></span> <span class='ocrx_word' id='word_1_125' title='bbox 2235 511 2471 576; x_wconf 85' lang='lat' dir='ltr'><strong>partitur</strong></span> <span class='ocrx_word' id='word_1_126' title='bbox 2507 517 2619 561; x_wconf 92' lang='lat' dir='ltr'><strong>tum</strong></span> <span class='ocrx_word' id='word_1_127' title='bbox 2665 509 2715 560; x_wconf 94' lang='lat' dir='ltr'><strong>in</strong></span> <span class='ocrx_word' id='word_1_128' title='bbox 2748 509 3064 562; x_wconf 78' lang='lat' dir='ltr'><strong>inﬁnitatem</strong></span> <span class='ocrx_word' id='word_1_129' title='bbox 3102 509 3213 573; x_wconf 85' lang='lat' dir='ltr'><strong>Dei,</strong></span> <span class='ocrx_word' id='word_1_130' title='bbox 3259 525 3377 576; x_wconf 67' lang='lat' dir='ltr'><strong>qua:</strong></span> <span class='ocrx_word' id='word_1_131' title='bbox 3409 521 3489 564; x_wconf 87' lang='lat' dir='ltr'><strong>est</strong></span> <span class='ocrx_word' id='word_1_132' title='bbox 3523 514 3574 565; x_wconf 90' lang='lat' dir='ltr'><strong>in</strong></span> 
     </span>
    </p>
   </div>
   <div class='ocr_carea' id='block_1_20' title="bbox 2016 600 3578 663">
    <p class='ocr_par' dir='ltr' id='par_1_20' title="bbox 2016 600 3578 663">
     <span class='ocr_line' id='line_1_20' title="bbox 2016 600 3578 663; baseline 0.003 -12"><span class='ocrx_word' id='word_1_133' title='bbox 2016 601 2198 662; x_wconf 86' lang='lat' dir='ltr'><strong>rebus,</strong></span> <span class='ocrx_word' id='word_1_134' title='bbox 2235 609 2288 652; x_wconf 93' lang='lat' dir='ltr'><strong>et</strong></span> <span class='ocrx_word' id='word_1_135' title='bbox 2318 600 2448 653; x_wconf 82' lang='lat' dir='ltr'><strong>facit</strong></span> <span class='ocrx_word' id='word_1_136' title='bbox 2478 609 2721 654; x_wconf 80' lang='lat' dir='ltr'><strong>octavam</strong></span> <span class='ocrx_word' id='word_1_137' title='bbox 2754 601 3039 663; x_wconf 79' lang='lat' dir='ltr'><strong>tlecadern,</strong></span> <span class='ocrx_word' id='word_1_138' title='bbox 3083 608 3198 653; x_wconf 87' lang='lat' dir='ltr'><strong>tum</strong></span> <span class='ocrx_word' id='word_1_139' title='bbox 3229 600 3280 653; x_wconf 93' lang='lat' dir='ltr'><strong>in</strong></span> <span class='ocrx_word' id='word_1_140' title='bbox 3314 601 3578 655; x_wconf 77' lang='lat' dir='ltr'><strong>divinita-</strong></span> 
     </span>
    </p>
   </div>
   <div class='ocr_carea' id='block_1_21' title="bbox 2015 691 3579 760">
    <p class='ocr_par' dir='ltr' id='par_1_21' title="bbox 2015 691 3579 760">
     <span class='ocr_line' id='line_1_21' title="bbox 2015 691 3579 760; baseline 0.001 -15"><span class='ocrx_word' id='word_1_141' title='bbox 2015 701 2143 756; x_wconf 88' lang='lat' dir='ltr'><strong>tcrrr,</strong></span> <span class='ocrx_word' id='word_1_142' title='bbox 2179 709 2298 760; x_wconf 69' lang='lat' dir='ltr'><strong>quae</strong></span> <span class='ocrx_word' id='word_1_143' title='bbox 2329 703 2410 745; x_wconf 84' lang='lat' dir='ltr'><strong>est</strong></span> <span class='ocrx_word' id='word_1_144' title='bbox 2446 693 2494 744; x_wconf 89' lang='lat' dir='ltr'><strong>in</strong></span> <span class='ocrx_word' id='word_1_145' title='bbox 2528 691 2656 759; x_wconf 83' lang='lat' dir='ltr'><strong>Deo,</strong></span> <span class='ocrx_word' id='word_1_146' title='bbox 2691 708 2743 747; x_wconf 85' lang='lat' dir='ltr'><strong>et</strong></span> <span class='ocrx_word' id='word_1_147' title='bbox 2774 692 2902 745; x_wconf 82' lang='lat' dir='ltr'><strong>facit</strong></span> <span class='ocrx_word' id='word_1_148' title='bbox 2937 710 3130 747; x_wconf 86' lang='lat' dir='ltr'><strong>nouant</strong></span> <span class='ocrx_word' id='word_1_149' title='bbox 3161 732 3175 756; x_wconf 92' lang='lat'><strong>,</strong></span> <span class='ocrx_word' id='word_1_150' title='bbox 3205 703 3317 746; x_wconf 88' lang='lat' dir='ltr'><strong>tum</strong></span> <span class='ocrx_word' id='word_1_151' title='bbox 3352 694 3402 745; x_wconf 93' lang='lat' dir='ltr'><strong>in</strong></span> <span class='ocrx_word' id='word_1_152' title='bbox 3441 695 3579 746; x_wconf 87' lang='lat' dir='ltr'><strong>divi-</strong></span> 
     </span>
    </p>
   </div>
   <div class='ocr_carea' id='block_1_22' title="bbox 2013 785 3580 854">
    <p class='ocr_par' dir='ltr' id='par_1_22' title="bbox 2013 785 3580 854">
     <span class='ocr_line' id='line_1_22' title="bbox 2013 785 3580 854; baseline 0.002 -18"><span class='ocrx_word' id='word_1_153' title='bbox 2013 799 2136 836; x_wconf 86' lang='lat' dir='ltr'><strong>nam</strong></span> <span class='ocrx_word' id='word_1_154' title='bbox 2170 785 2592 852; x_wconf 85' lang='lat' dir='ltr'><strong>simplicitatem,</strong></span> <span class='ocrx_word' id='word_1_155' title='bbox 2645 797 2697 839; x_wconf 89' lang='lat' dir='ltr'><strong>et</strong></span> <span class='ocrx_word' id='word_1_156' title='bbox 2747 786 2976 838; x_wconf 80' lang='lat' dir='ltr'><strong>ellit-itur</strong></span> <span class='ocrx_word' id='word_1_157' title='bbox 3020 787 3228 840; x_wconf 87' lang='lat' dir='ltr'><strong>decima</strong></span> <span class='ocrx_word' id='word_1_158' title='bbox 3277 787 3580 854; x_wconf 81' lang='lat' dir='ltr'><strong>eademque</strong></span> 
     </span>
    </p>
   </div>
   <div class='ocr_carea' id='block_1_23' title="bbox 2008 875 3580 945">
    <p class='ocr_par' dir='ltr' id='par_1_23' title="bbox 2008 875 3580 945">
     <span class='ocr_line' id='line_1_23' title="bbox 2008 875 3580 945; baseline 0.003 -18"><span class='ocrx_word' id='word_1_159' title='bbox 2008 885 2245 929; x_wconf 79' lang='lat' dir='ltr'><strong>extrema</strong></span> <span class='ocrx_word' id='word_1_160' title='bbox 2284 876 2469 930; x_wconf 85' lang='lat' dir='ltr'><strong>decas.</strong></span> <span class='ocrx_word' id='word_1_161' title='bbox 2508 875 2770 932; x_wconf 82' lang='lat' dir='ltr'><strong>Universa</strong></span> <span class='ocrx_word' id='word_1_162' title='bbox 2807 877 2990 944; x_wconf 81' lang='lat' dir='ltr'><strong>itaque</strong></span> <span class='ocrx_word' id='word_1_163' title='bbox 3030 877 3295 945; x_wconf 81' lang='lat' dir='ltr'><strong>expositio</strong></span> <span class='ocrx_word' id='word_1_164' title='bbox 3327 878 3580 932; x_wconf 87' lang='lat' dir='ltr'><strong>materia-</strong></span> 
     </span>
    </p>
   </div>
   <div class='ocr_carea' id='block_1_24' title="bbox 2009 967 3578 1036">
    <p class='ocr_par' dir='ltr' id='par_1_24' title="bbox 2009 967 3578 1036">
     <span class='ocr_line' id='line_1_24' title="bbox 2009 967 3578 1036; baseline 0.004 -18"><span class='ocrx_word' id='word_1_165' title='bbox 2009 967 2089 1018; x_wconf 88' lang='lat' dir='ltr'><strong>ria</strong></span> <span class='ocrx_word' id='word_1_166' title='bbox 2136 980 2323 1019; x_wconf 88' lang='lat' dir='ltr'><strong>eorum</strong></span> <span class='ocrx_word' id='word_1_167' title='bbox 2375 981 2495 1034; x_wconf 69' lang='lat' dir='ltr'><strong>qua“.</strong></span> <span class='ocrx_word' id='word_1_168' title='bbox 2541 967 2606 1020; x_wconf 90' lang='lat' dir='ltr'><strong>de</strong></span> <span class='ocrx_word' id='word_1_169' title='bbox 2657 967 2766 1020; x_wconf 91' lang='lat' dir='ltr'><strong>Deo</strong></span> <span class='ocrx_word' id='word_1_170' title='bbox 2816 985 2843 1019; x_wconf 90' lang='lat' dir='ltr'><strong>a</strong></span> <span class='ocrx_word' id='word_1_171' title='bbox 2887 967 3147 1036; x_wconf 71' lang='lat' dir='ltr'><strong>lbeolOgis</strong></span> <span class='ocrx_word' id='word_1_172' title='bbox 3180 969 3451 1033; x_wconf 89' lang='lat' dir='ltr'><strong>dicuntur,</strong></span> <span class='ocrx_word' id='word_1_173' title='bbox 3492 970 3578 1024; x_wconf 83' lang='lat' dir='ltr'><strong>his</strong></span> 
     </span>
    </p>
   </div>
   <div class='ocr_carea' id='block_1_25' title="bbox 2011 1057 3574 1131">
    <p class='ocr_par' dir='ltr' id='par_1_25' title="bbox 2011 1057 3574 1131">
     <span class='ocr_line' id='line_1_25' title="bbox 2011 1057 3574 1131; baseline 0.003 -23"><span class='ocrx_word' id='word_1_174' title='bbox 2011 1058 2351 1111; x_wconf 86' lang='lat' dir='ltr'><strong>terminatur.</strong></span> <span class='ocrx_word' id='word_1_175' title='bbox 2382 1057 2601 1111; x_wconf 83' lang='lat' dir='ltr'><strong>Poterat</strong></span> <span class='ocrx_word' id='word_1_176' title='bbox 2647 1060 2812 1112; x_wconf 87' lang='lat' dir='ltr'><strong>etiam</strong></span> <span class='ocrx_word' id='word_1_177' title='bbox 2865 1060 3135 1113; x_wconf 82' lang='lat' dir='ltr'><strong>subdividi</strong></span> <span class='ocrx_word' id='word_1_178' title='bbox 3165 1072 3274 1114; x_wconf 87' lang='lat' dir='ltr'><strong>tota</strong></span> <span class='ocrx_word' id='word_1_179' title='bbox 3312 1059 3574 1131; x_wconf 66' lang='lat' dir='ltr'><strong>theologia</strong></span> 
     </span>
    </p>
   </div>
   <div class='ocr_carea' id='block_1_26' title="bbox 2005 1149 3578 1220">
    <p class='ocr_par' dir='ltr' id='par_1_26' title="bbox 2005 1149 3578 1220">
     <span class='ocr_line' id='line_1_26' title="bbox 2005 1149 3578 1220; baseline 0.003 -18"><span class='ocrx_word' id='word_1_180' title='bbox 2005 1150 2070 1202; x_wconf 87' lang='lat' dir='ltr'><strong>ad</strong></span> <span class='ocrx_word' id='word_1_181' title='bbox 2105 1149 2346 1219; x_wconf 82' lang='lat' dir='ltr'><strong>symbola</strong></span> <span class='ocrx_word' id='word_1_182' title='bbox 2383 1152 2681 1218; x_wconf 85' lang='lat' dir='ltr'><strong>pertinens,</strong></span> <span class='ocrx_word' id='word_1_183' title='bbox 2717 1151 2769 1204; x_wconf 85' lang='lat' dir='ltr'><strong>iit</strong></span> <span class='ocrx_word' id='word_1_184' title='bbox 2808 1151 3168 1206; x_wconf 85' lang='lat' dir='ltr'><strong>coimidentia</strong></span> <span class='ocrx_word' id='word_1_185' title='bbox 3199 1152 3274 1220; x_wconf 72' lang='lat' dir='ltr'><strong>tl)</strong></span> <span class='ocrx_word' id='word_1_186' title='bbox 3305 1170 3318 1206; x_wconf 87' lang='lat'>:</span> <span class='ocrx_word' id='word_1_187' title='bbox 3344 1154 3435 1205; x_wconf 87' lang='lat' dir='ltr'><strong>sed</strong></span> <span class='ocrx_word' id='word_1_188' title='bbox 3465 1154 3578 1207; x_wconf 79' lang='lat' dir='ltr'><strong>ba-c</strong></span> 
     </span>
    </p>
   </div>
   <div class='ocr_carea' id='block_1_27' title="bbox 2007 1241 3582 1311">
    <p class='ocr_par' dir='ltr' id='par_1_27' title="bbox 2007 1241 3582 1311">
     <span class='ocr_line' id='line_1_27' title="bbox 2007 1241 3582 1311; baseline 0.003 -18"><span class='ocrx_word' id='word_1_189' title='bbox 2007 1241 2139 1308; x_wconf 80' lang='lat' dir='ltr'><strong>fere,</strong></span> <span class='ocrx_word' id='word_1_190' title='bbox 2173 1245 2414 1310; x_wconf 75' lang='lat' dir='ltr'><strong>exceptis</strong></span> <span class='ocrx_word' id='word_1_191' title='bbox 2461 1242 2883 1311; x_wconf 81' lang='lat' dir='ltr'><strong>proprietatibus</strong></span> <span class='ocrx_word' id='word_1_192' title='bbox 2916 1259 3103 1297; x_wconf 87' lang='lat' dir='ltr'><strong>eorum</strong></span> <span class='ocrx_word' id='word_1_193' title='bbox 3129 1284 3142 1307; x_wconf 95' lang='lat'><strong>,</strong></span> <span class='ocrx_word' id='word_1_194' title='bbox 3193 1244 3244 1296; x_wconf 90' lang='lat' dir='ltr'><strong>in</strong></span> <span class='ocrx_word' id='word_1_195' title='bbox 3289 1246 3458 1311; x_wconf 64' lang='lat' dir='ltr'><strong>prima</strong></span> <span class='ocrx_word' id='word_1_196' title='bbox 3494 1246 3582 1298; x_wconf 83' lang='lat' dir='ltr'><strong>de-</strong></span> 
     </span>
    </p>
   </div>
   <div class='ocr_carea' id='block_1_28' title="bbox 2003 1334 3575 1404">
    <p class='ocr_par' dir='ltr' id='par_1_28' title="bbox 2003 1334 3575 1404">
     <span class='ocr_line' id='line_1_28' title="bbox 2003 1334 3575 1404; baseline 0.001 -17"><span class='ocrx_word' id='word_1_197' title='bbox 2003 1334 2134 1388; x_wconf 87' lang='lat' dir='ltr'><strong>eade</strong></span> <span class='ocrx_word' id='word_1_198' title='bbox 2175 1342 2404 1387; x_wconf 83' lang='lat' dir='ltr'><strong>tractata</strong></span> <span class='ocrx_word' id='word_1_199' title='bbox 2436 1348 2580 1389; x_wconf 90' lang='lat' dir='ltr'><strong>sunt.</strong></span> <span class='ocrx_word' id='word_1_200' title='bbox 2632 1335 2901 1390; x_wconf 79' lang='lat' dir='ltr'><strong>Fortassis</strong></span> <span class='ocrx_word' id='word_1_201' title='bbox 2930 1346 3108 1389; x_wconf 89' lang='lat' dir='ltr'><strong>autem</strong></span> <span class='ocrx_word' id='word_1_202' title='bbox 3144 1335 3254 1390; x_wconf 89' lang='lat' dir='ltr'><strong>Deo</strong></span> <span class='ocrx_word' id='word_1_203' title='bbox 3299 1337 3575 1404; x_wconf 72' lang='lat' dir='ltr'><strong>adiutore,</strong></span> 
     </span>
    </p>
   </div>
   <div class='ocr_carea' id='block_1_29' title="bbox 2003 1427 3580 1494">
    <p class='ocr_par' dir='ltr' id='par_1_29' title="bbox 2003 1427 3580 1494">
     <span class='ocr_line' id='line_1_29' title="bbox 2003 1427 3580 1494; baseline 0.003 -16"><span class='ocrx_word' id='word_1_204' title='bbox 2003 1436 2055 1478; x_wconf 88' lang='lat' dir='ltr'><strong>ct</strong></span> <span class='ocrx_word' id='word_1_205' title='bbox 2088 1428 2298 1494; x_wconf 86' lang='lat' dir='ltr'><strong>cop&#39;am</strong></span> <span class='ocrx_word' id='word_1_206' title='bbox 2349 1428 2612 1481; x_wconf 89' lang='lat' dir='ltr'><strong>librorum</strong></span> <span class='ocrx_word' id='word_1_207' title='bbox 2645 1429 2786 1482; x_wconf 89' lang='lat' dir='ltr'><strong>nacti</strong></span> <span class='ocrx_word' id='word_1_208' title='bbox 2817 1428 2882 1482; x_wconf 88' lang='lat' dir='ltr'><strong>de</strong></span> <span class='ocrx_word' id='word_1_209' title='bbox 2915 1428 2998 1482; x_wconf 89' lang='lat' dir='ltr'><strong>bis</strong></span> <span class='ocrx_word' id='word_1_210' title='bbox 3027 1428 3187 1482; x_wconf 55' lang='lat' dir='ltr'><strong>etiarn</strong></span> <span class='ocrx_word' id='word_1_211' title='bbox 3227 1427 3580 1490; x_wconf 86' lang='lat' dir='ltr'><strong>disseremus,</strong></span> 
     </span>
    </p>
   </div>
   <div class='ocr_carea' id='block_1_30' title="bbox 2007 1516 3576 1586">
    <p class='ocr_par' dir='ltr' id='par_1_30' title="bbox 2007 1516 3576 1586">
     <span class='ocr_line' id='line_1_30' title="bbox 2007 1516 3576 1586; baseline 0.002 -20"><span class='ocrx_word' id='word_1_212' title='bbox 2007 1531 2152 1568; x_wconf 89' lang='lat' dir='ltr'><strong>nunc</strong></span> <span class='ocrx_word' id='word_1_213' title='bbox 2197 1516 2339 1569; x_wconf 91' lang='lat' dir='ltr'><strong>enim</strong></span> <span class='ocrx_word' id='word_1_214' title='bbox 2385 1517 2511 1585; x_wconf 86' lang='lat' dir='ltr'><strong>quia</strong></span> <span class='ocrx_word' id='word_1_215' title='bbox 2553 1519 2984 1586; x_wconf 77' lang='lat' dir='ltr'><strong>exagitabantur,</strong></span> <span class='ocrx_word' id='word_1_216' title='bbox 3018 1525 3072 1572; x_wconf 88' lang='lat' dir='ltr'><strong>et</strong></span> <span class='ocrx_word' id='word_1_217' title='bbox 3126 1518 3252 1572; x_wconf 84' lang='lat' dir='ltr'><strong>odio</strong></span> <span class='ocrx_word' id='word_1_218' title='bbox 3293 1520 3462 1586; x_wconf 83' lang='lat' dir='ltr'><strong>gratis</strong></span> <span class='ocrx_word' id='word_1_219' title='bbox 3509 1520 3576 1572; x_wconf 85' lang='lat' dir='ltr'><strong>ah</strong></span> 
     </span>
    </p>
   </div>
   <div class='ocr_carea' id='block_1_31' title="bbox 2003 1591 3581 1668">
    <p class='ocr_par' dir='ltr' id='par_1_31' title="bbox 2003 1591 3581 1668">
     <span class='ocr_line' id='line_1_31' title="bbox 2003 1591 3581 1668; baseline 0.003 -10"><span class='ocrx_word' id='word_1_220' title='bbox 2003 1605 2254 1660; x_wconf 83' lang='lat' dir='ltr'><strong>omnibus</strong></span> <span class='ocrx_word' id='word_1_221' title='bbox 2293 1607 2647 1668; x_wconf 79' lang='lat' dir='ltr'><strong>habebantur,</strong></span> <span class='ocrx_word' id='word_1_222' title='bbox 2683 1591 2834 1664; x_wconf 79' lang='lat' dir='ltr'><strong>libris</strong></span> <span class='ocrx_word' id='word_1_223' title='bbox 2865 1621 2917 1663; x_wconf 86' lang='lat' dir='ltr'><strong>et</strong></span> <span class='ocrx_word' id='word_1_224' title='bbox 2961 1609 3073 1663; x_wconf 88' lang='lat' dir='ltr'><strong>otio</strong></span> <span class='ocrx_word' id='word_1_225' title='bbox 3121 1610 3185 1662; x_wconf 88' lang='lat' dir='ltr'><strong>ad</strong></span> <span class='ocrx_word' id='word_1_226' title='bbox 3244 1609 3358 1664; x_wconf 73' lang='lat' dir='ltr'><strong>btec</strong></span> <span class='ocrx_word' id='word_1_227' title='bbox 3407 1609 3581 1664; x_wconf 79' lang='lat' dir='ltr'><strong>medi-</strong></span> 
     </span>
    </p>
   </div>
   <div class='ocr_carea' id='block_1_32' title="bbox 2005 1681 3578 1769">
    <p class='ocr_par' dir='ltr' id='par_1_32' title="bbox 2005 1681 3578 1769">
     <span class='ocr_line' id='line_1_32' title="bbox 2005 1681 3578 1769; baseline 0.002 -19"><span class='ocrx_word' id='word_1_228' title='bbox 2005 1699 2187 1760; x_wconf 88' lang='lat' dir='ltr'><strong>tanda,</strong></span> <span class='ocrx_word' id='word_1_229' title='bbox 2212 1707 2263 1750; x_wconf 83' lang='lat' dir='ltr'><strong>et</strong></span> <span class='ocrx_word' id='word_1_230' title='bbox 2289 1698 2356 1751; x_wconf 93' lang='lat' dir='ltr'><strong>iis</strong></span> <span class='ocrx_word' id='word_1_231' title='bbox 2389 1714 2508 1766; x_wconf 73' lang='lat' dir='ltr'><strong>qua:</strong></span> <span class='ocrx_word' id='word_1_232' title='bbox 2529 1701 2594 1751; x_wconf 85' lang='lat' dir='ltr'><strong>ad</strong></span> <span class='ocrx_word' id='word_1_233' title='bbox 2620 1699 2779 1752; x_wconf 89' lang='lat' dir='ltr'><strong>aliam</strong></span> <span class='ocrx_word' id='word_1_234' title='bbox 2813 1699 3094 1752; x_wconf 89' lang='lat' dir='ltr'><strong>meliorem</strong></span> <span class='ocrx_word' id='word_1_235' title='bbox 3122 1681 3578 1769; x_wconf 84' lang='lat' dir='ltr'><strong>compositionem</strong></span> 
     </span>
    </p>
   </div>
   <div class='ocr_carea' id='block_1_33' title="bbox 335 1767 3582 1858">
    <p class='ocr_par' dir='ltr' id='par_1_33' title="bbox 335 1767 3582 1858">
     <span class='ocr_line' id='line_1_33' title="bbox 335 1767 3582 1858; baseline -0.001 -14"><span class='ocrx_word' id='word_1_236' title='bbox 335 1793 550 1846; x_wconf 85' lang='lat' dir='ltr'><strong>duabus</strong></span> <span class='ocrx_word' id='word_1_237' title='bbox 603 1792 820 1856; x_wconf 82' lang='lat' dir='ltr'><strong>quidem</strong></span> <span class='ocrx_word' id='word_1_238' title='bbox 858 1789 1028 1858; x_wconf 87' lang='lat' dir='ltr'><strong>prinra</strong></span> <span class='ocrx_word' id='word_1_239' title='bbox 1059 1787 1222 1842; x_wconf 91' lang='lat' dir='ltr'><strong>decas</strong></span> <span class='ocrx_word' id='word_1_240' title='bbox 1274 1786 1583 1850; x_wconf 83' lang='lat' dir='ltr'><strong>conﬁcitur,</strong></span> <span class='ocrx_word' id='word_1_241' title='bbox 1613 1800 1719 1855; x_wconf 88' lang='lat' dir='ltr'><strong>qua</strong></span> <span class='ocrx_word' id='word_1_242' title='bbox 1748 1786 1897 1838; x_wconf 88' lang='lat' dir='ltr'><strong>tbeo—</strong></span> <span class='ocrx_word' id='word_1_243' title='bbox 1929 1767 1965 1828; x_wconf 62' lang='lat' dir='ltr'><strong>ii</strong></span> <span class='ocrx_word' id='word_1_244' title='bbox 1999 1789 2300 1855; x_wconf 87' lang='lat' dir='ltr'><strong>pertinent,</strong></span> <span class='ocrx_word' id='word_1_245' title='bbox 2334 1789 2610 1843; x_wconf 88' lang='lat' dir='ltr'><strong>carninms</strong></span> <span class='ocrx_word' id='word_1_246' title='bbox 2633 1807 2648 1854; x_wconf 90' lang='lat'><strong>;</strong></span> <span class='ocrx_word' id='word_1_247' title='bbox 2675 1805 2780 1857; x_wconf 91' lang='lat' dir='ltr'><strong>quo</strong></span> <span class='ocrx_word' id='word_1_248' title='bbox 2815 1790 2957 1844; x_wconf 90' lang='lat' dir='ltr'><strong>circa</strong></span> <span class='ocrx_word' id='word_1_249' title='bbox 3008 1790 3121 1844; x_wconf 83' lang='lat' dir='ltr'><strong>haec</strong></span> <span class='ocrx_word' id='word_1_250' title='bbox 3150 1767 3270 1858; x_wconf 75' lang='lat' dir='ltr'><strong>quae.</strong></span> <span class='ocrx_word' id='word_1_251' title='bbox 3311 1805 3456 1843; x_wconf 90' lang='lat' dir='ltr'><strong>nunc</strong></span> <span class='ocrx_word' id='word_1_252' title='bbox 3486 1804 3582 1843; x_wconf 83' lang='lat' dir='ltr'><strong>ex-</strong></span> 
     </span>
    </p>
   </div>
   <div class='ocr_carea' id='block_1_34' title="bbox 331 1878 1901 1952">
    <p class='ocr_par' dir='ltr' id='par_1_34' title="bbox 331 1878 1901 1952">
     <span class='ocr_line' id='line_1_34' title="bbox 331 1878 1901 1952; baseline -0.003 -18"><span class='ocrx_word' id='word_1_253' title='bbox 331 1881 474 1950; x_wconf 71' lang='lat' dir='ltr'><strong>logia</strong></span> <span class='ocrx_word' id='word_1_254' title='bbox 527 1883 820 1952; x_wconf 81' lang='lat' dir='ltr'><strong>synrbolica</strong></span> <span class='ocrx_word' id='word_1_255' title='bbox 879 1881 931 1933; x_wconf 91' lang='lat' dir='ltr'><strong>in</strong></span> <span class='ocrx_word' id='word_1_256' title='bbox 981 1880 1294 1934; x_wconf 86' lang='lat' dir='ltr'><strong>universum</strong></span> <span class='ocrx_word' id='word_1_257' title='bbox 1340 1878 1780 1942; x_wconf 81' lang='lat' dir='ltr'><strong>continetur;ex</strong></span> <span class='ocrx_word' id='word_1_258' title='bbox 1815 1890 1901 1930; x_wconf 83' lang='lat' dir='ltr'><strong>re-</strong></span> 
     </span>
    </p>
   </div>
   <div class='ocr_carea' id='block_1_35' title="bbox 333 1968 1905 2042">
    <p class='ocr_par' dir='ltr' id='par_1_35' title="bbox 333 1968 1905 2042">
     <span class='ocr_line' id='line_1_35' title="bbox 333 1968 1905 2042; baseline -0.004 -15"><span class='ocrx_word' id='word_1_259' title='bbox 333 1974 498 2042; x_wconf 86' lang='lat' dir='ltr'><strong>liquis</strong></span> <span class='ocrx_word' id='word_1_260' title='bbox 593 1988 722 2026; x_wconf 77' lang='lat' dir='ltr'><strong>vero</strong></span> <span class='ocrx_word' id='word_1_261' title='bbox 821 1971 1033 2026; x_wconf 88' lang='lat' dir='ltr'><strong>duabus</strong></span> <span class='ocrx_word' id='word_1_262' title='bbox 1121 1970 1400 2032; x_wconf 76' lang='lat' dir='ltr'><strong>secunda,</strong></span> <span class='ocrx_word' id='word_1_263' title='bbox 1456 1983 1561 2038; x_wconf 91' lang='lat' dir='ltr'><strong>qua</strong></span> <span class='ocrx_word' id='word_1_264' title='bbox 1637 1968 1905 2036; x_wconf 74' lang='lat' dir='ltr'><strong>theologia</strong></span> 
     </span>
    </p>
   </div>
   <div class='ocr_carea' id='block_1_36' title="bbox 331 2059 1902 2127">
    <p class='ocr_par' dir='ltr' id='par_1_36' title="bbox 331 2059 1902 2127">
     <span class='ocr_line' id='line_1_36' title="bbox 331 2059 1902 2127; baseline -0.004 -10"><span class='ocrx_word' id='word_1_265' title='bbox 331 2064 758 2121; x_wconf 81' lang='lat' dir='ltr'><strong>demonstrativa</strong></span> <span class='ocrx_word' id='word_1_266' title='bbox 833 2063 885 2117; x_wconf 90' lang='lat' dir='ltr'><strong>in</strong></span> <span class='ocrx_word' id='word_1_267' title='bbox 933 2063 1242 2124; x_wconf 79' lang='lat' dir='ltr'><strong>universum</strong></span> <span class='ocrx_word' id='word_1_268' title='bbox 1315 2061 1442 2114; x_wconf 87' lang='lat' dir='ltr'><strong>item</strong></span> <span class='ocrx_word' id='word_1_269' title='bbox 1506 2059 1902 2127; x_wconf 86' lang='lat' dir='ltr'><strong>comprehensa</strong></span> 
     </span>
    </p>
   </div>
   <div class='ocr_carea' id='block_1_37' title="bbox 332 2151 1901 2222">
    <p class='ocr_par' dir='ltr' id='par_1_37' title="bbox 332 2151 1901 2222">
     <span class='ocr_line' id='line_1_37' title="bbox 332 2151 1901 2222; baseline -0.004 -11"><span class='ocrx_word' id='word_1_270' title='bbox 332 2165 454 2222; x_wconf 87' lang='lat' dir='ltr'><strong>est;</strong></span> <span class='ocrx_word' id='word_1_271' title='bbox 485 2156 675 2210; x_wconf 85' lang='lat' dir='ltr'><strong>deinde</strong></span> <span class='ocrx_word' id='word_1_272' title='bbox 708 2155 975 2222; x_wconf 81' lang='lat' dir='ltr'><strong>theologia</strong></span> <span class='ocrx_word' id='word_1_273' title='bbox 1011 2153 1440 2208; x_wconf 89' lang='lat' dir='ltr'><strong>demonstrativa</strong></span> <span class='ocrx_word' id='word_1_274' title='bbox 1489 2151 1756 2218; x_wconf 78' lang='lat' dir='ltr'><strong>generalis</strong></span> <span class='ocrx_word' id='word_1_275' title='bbox 1787 2151 1901 2204; x_wconf 86' lang='lat' dir='ltr'><strong>dis-</strong></span> 
     </span>
    </p>
   </div>
   <div class='ocr_carea' id='block_1_38' title="bbox 334 2241 1895 2312">
    <p class='ocr_par' dir='ltr' id='par_1_38' title="bbox 334 2241 1895 2312">
     <span class='ocr_line' id='line_1_38' title="bbox 334 2241 1895 2312; baseline -0.003 -16"><span class='ocrx_word' id='word_1_276' title='bbox 334 2245 598 2312; x_wconf 82' lang='lat' dir='ltr'><strong>tinguitur</strong></span> <span class='ocrx_word' id='word_1_277' title='bbox 665 2243 718 2296; x_wconf 91' lang='lat' dir='ltr'><strong>in</strong></span> <span class='ocrx_word' id='word_1_278' title='bbox 768 2253 989 2312; x_wconf 84' lang='lat' dir='ltr'><strong>partes:</strong></span> <span class='ocrx_word' id='word_1_279' title='bbox 1018 2242 1336 2295; x_wconf 85' lang='lat' dir='ltr'><strong>allirmativa</strong></span> <span class='ocrx_word' id='word_1_280' title='bbox 1379 2241 1594 2310; x_wconf 84' lang='lat' dir='ltr'><strong>quidem</strong></span> <span class='ocrx_word' id='word_1_281' title='bbox 1643 2241 1895 2308; x_wconf 82' lang='lat' dir='ltr'><strong>partitur,</strong></span> 
     </span>
    </p>
   </div>
   <div class='ocr_carea' id='block_1_39' title="bbox 335 2331 1900 2401">
    <p class='ocr_par' dir='ltr' id='par_1_39' title="bbox 335 2331 1900 2401">
     <span class='ocr_line' id='line_1_39' title="bbox 335 2331 1900 2401; baseline -0.003 -10"><span class='ocrx_word' id='word_1_282' title='bbox 335 2348 449 2391; x_wconf 88' lang='lat' dir='ltr'><strong>tum</strong></span> <span class='ocrx_word' id='word_1_283' title='bbox 483 2337 535 2390; x_wconf 94' lang='lat' dir='ltr'><strong>in</strong></span> <span class='ocrx_word' id='word_1_284' title='bbox 571 2335 783 2389; x_wconf 86' lang='lat' dir='ltr'><strong>divinas</strong></span> <span class='ocrx_word' id='word_1_285' title='bbox 817 2337 1194 2390; x_wconf 87' lang='lat' dir='ltr'><strong>errranationcs</strong></span> <span class='ocrx_word' id='word_1_286' title='bbox 1220 2375 1232 2397; x_wconf 88' lang='lat'><strong>,</strong></span> <span class='ocrx_word' id='word_1_287' title='bbox 1269 2345 1321 2387; x_wconf 91' lang='lat' dir='ltr'><strong>et</strong></span> <span class='ocrx_word' id='word_1_288' title='bbox 1371 2333 1501 2387; x_wconf 77' lang='lat' dir='ltr'><strong>facit</strong></span> <span class='ocrx_word' id='word_1_289' title='bbox 1534 2332 1646 2386; x_wconf 74' lang='lat' dir='ltr'><strong>ha-c</strong></span> <span class='ocrx_word' id='word_1_290' title='bbox 1682 2331 1900 2401; x_wconf 89' lang='lat' dir='ltr'><strong>partitio</strong></span> 
     </span>
    </p>
   </div>
   <div class='ocr_carea' id='block_1_40' title="bbox 336 2413 1917 2491">
    <p class='ocr_par' dir='ltr' id='par_1_40' title="bbox 336 2413 1917 2491">
     <span class='ocr_line' id='line_1_40' title="bbox 336 2413 1917 2491; baseline -0.004 -10"><span class='ocrx_word' id='word_1_291' title='bbox 336 2429 553 2483; x_wconf 89' lang='lat' dir='ltr'><strong>tertiam</strong></span> <span class='ocrx_word' id='word_1_292' title='bbox 585 2427 881 2491; x_wconf 89' lang='lat' dir='ltr'><strong>dccadem;</strong></span> <span class='ocrx_word' id='word_1_293' title='bbox 919 2437 1030 2480; x_wconf 90' lang='lat' dir='ltr'><strong>tum</strong></span> <span class='ocrx_word' id='word_1_294' title='bbox 1063 2426 1116 2478; x_wconf 93' lang='lat' dir='ltr'><strong>in</strong></span> <span class='ocrx_word' id='word_1_295' title='bbox 1161 2424 1327 2478; x_wconf 84' lang='lat' dir='ltr'><strong>divini</strong></span> <span class='ocrx_word' id='word_1_296' title='bbox 1369 2423 1605 2478; x_wconf 87' lang='lat' dir='ltr'><strong>nominis</strong></span> <span class='ocrx_word' id='word_1_297' title='bbox 1636 2413 1917 2477; x_wconf 80' lang='lat' dir='ltr'><strong>informa--</strong></span> 
     </span>
    </p>
   </div>
   <div class='ocr_carea' id='block_1_41' title="bbox 335 2513 1903 2585">
    <p class='ocr_par' dir='ltr' id='par_1_41' title="bbox 335 2513 1903 2585">
     <span class='ocr_line' id='line_1_41' title="bbox 335 2513 1903 2585; baseline -0.002 -14"><span class='ocrx_word' id='word_1_298' title='bbox 335 2521 564 2579; x_wconf 87' lang='lat' dir='ltr'><strong>tionem,</strong></span> <span class='ocrx_word' id='word_1_299' title='bbox 621 2527 675 2572; x_wconf 80' lang='lat' dir='ltr'><strong>et</strong></span> <span class='ocrx_word' id='word_1_300' title='bbox 728 2516 856 2570; x_wconf 79' lang='lat' dir='ltr'><strong>facit</strong></span> <span class='ocrx_word' id='word_1_301' title='bbox 907 2525 1178 2585; x_wconf 85' lang='lat' dir='ltr'><strong>quartam.</strong></span> <span class='ocrx_word' id='word_1_302' title='bbox 1227 2513 1438 2567; x_wconf 73' lang='lat' dir='ltr'><strong>Rursus</strong></span> <span class='ocrx_word' id='word_1_303' title='bbox 1483 2514 1596 2582; x_wconf 90' lang='lat' dir='ltr'><strong>ipsa</strong></span> <span class='ocrx_word' id='word_1_304' title='bbox 1649 2515 1903 2568; x_wconf 86' lang='lat' dir='ltr'><strong>materies</strong></span> 
     </span>
    </p>
   </div>
   <div class='ocr_carea' id='block_1_42' title="bbox 334 2607 1903 2673">
    <p class='ocr_par' dir='ltr' id='par_1_42' title="bbox 334 2607 1903 2673">
     <span class='ocr_line' id='line_1_42' title="bbox 334 2607 1903 2673; baseline -0.002 -11"><span class='ocrx_word' id='word_1_305' title='bbox 334 2611 643 2664; x_wconf 79' lang='lat' dir='ltr'><strong>divinarum</strong></span> <span class='ocrx_word' id='word_1_306' title='bbox 694 2612 1097 2665; x_wconf 79' lang='lat' dir='ltr'><strong>emanationum</strong></span> <span class='ocrx_word' id='word_1_307' title='bbox 1151 2608 1411 2663; x_wconf 79' lang='lat' dir='ltr'><strong>dividitur</strong></span> <span class='ocrx_word' id='word_1_308' title='bbox 1452 2607 1504 2659; x_wconf 88' lang='lat' dir='ltr'><strong>in</strong></span> <span class='ocrx_word' id='word_1_309' title='bbox 1547 2607 1903 2673; x_wconf 85' lang='lat' dir='ltr'><strong>proprietates</strong></span> 
     </span>
    </p>
   </div>
   <div class='ocr_carea' id='block_1_43' title="bbox 335 2697 1912 2766">
    <p class='ocr_par' dir='ltr' id='par_1_43' title="bbox 335 2697 1912 2766">
     <span class='ocr_line' id='line_1_43' title="bbox 335 2697 1912 2766; baseline -0.003 -12"><span class='ocrx_word' id='word_1_310' title='bbox 335 2703 644 2756; x_wconf 89' lang='lat' dir='ltr'><strong>divinorum</strong></span> <span class='ocrx_word' id='word_1_311' title='bbox 677 2701 976 2766; x_wconf 88' lang='lat' dir='ltr'><strong>nominum,</strong></span> <span class='ocrx_word' id='word_1_312' title='bbox 1023 2709 1075 2754; x_wconf 91' lang='lat' dir='ltr'><strong>et</strong></span> <span class='ocrx_word' id='word_1_313' title='bbox 1126 2698 1353 2753; x_wconf 75' lang='lat' dir='ltr'><strong>efﬁcitur</strong></span> <span class='ocrx_word' id='word_1_314' title='bbox 1399 2699 1588 2766; x_wconf 88' lang='lat' dir='ltr'><strong>quinta</strong></span> <span class='ocrx_word' id='word_1_315' title='bbox 1635 2697 1818 2760; x_wconf 85' lang='lat' dir='ltr'><strong>decas,</strong></span> <span class='ocrx_word' id='word_1_316' title='bbox 1859 2706 1912 2750; x_wconf 86' lang='lat' dir='ltr'><strong>ct</strong></span> 
     </span>
    </p>
   </div>
   <div class='ocr_carea' id='block_1_44' title="bbox 336 2786 1911 2858">
    <p class='ocr_par' dir='ltr' id='par_1_44' title="bbox 336 2786 1911 2858">
     <span class='ocr_line' id='line_1_44' title="bbox 336 2786 1911 2858; baseline -0.006 -10"><span class='ocrx_word' id='word_1_317' title='bbox 336 2803 487 2848; x_wconf 85' lang='lat' dir='ltr'><strong>sexta</strong></span> <span class='ocrx_word' id='word_1_318' title='bbox 521 2811 532 2846; x_wconf 94' lang='lat'>:</span> <span class='ocrx_word' id='word_1_319' title='bbox 562 2805 616 2847; x_wconf 89' lang='lat' dir='ltr'><strong>et</strong></span> <span class='ocrx_word' id='word_1_320' title='bbox 648 2794 696 2847; x_wconf 92' lang='lat' dir='ltr'><strong>in</strong></span> <span class='ocrx_word' id='word_1_321' title='bbox 730 2793 944 2846; x_wconf 89' lang='lat' dir='ltr'><strong>divinas</strong></span> <span class='ocrx_word' id='word_1_322' title='bbox 992 2790 1452 2858; x_wconf 72' lang='lat' dir='ltr'><strong>partit-ipatiortes,</strong></span> <span class='ocrx_word' id='word_1_323' title='bbox 1484 2794 1539 2838; x_wconf 89' lang='lat' dir='ltr'><strong>et</strong></span> <span class='ocrx_word' id='word_1_324' title='bbox 1587 2786 1644 2838; x_wconf 80' lang='lat' dir='ltr'><strong>fit</strong></span> <span class='ocrx_word' id='word_1_325' title='bbox 1682 2788 1911 2854; x_wconf 83' lang='lat' dir='ltr'><strong>septima</strong></span> 
     </span>
    </p>
   </div>
   <div class='ocr_carea' id='block_1_45' title="bbox 340 2877 1915 2952">
    <p class='ocr_par' dir='ltr' id='par_1_45' title="bbox 340 2877 1915 2952">
     <span class='ocr_line' id='line_1_45' title="bbox 340 2877 1915 2952; baseline -0.008 -9"><span class='ocrx_word' id='word_1_326' title='bbox 340 2889 506 2944; x_wconf 79' lang='lat' dir='ltr'><strong>decas</strong></span> <span class='ocrx_word' id='word_1_327' title='bbox 540 2904 554 2940; x_wconf 88' lang='lat'><strong>:</strong></span> <span class='ocrx_word' id='word_1_328' title='bbox 597 2887 686 2943; x_wconf 89' lang='lat' dir='ltr'><strong>hic</strong></span> <span class='ocrx_word' id='word_1_329' title='bbox 728 2885 927 2941; x_wconf 82' lang='lat' dir='ltr'><strong>desinit</strong></span> <span class='ocrx_word' id='word_1_330' title='bbox 969 2898 1096 2952; x_wconf 85' lang='lat' dir='ltr'><strong>pars</strong></span> <span class='ocrx_word' id='word_1_331' title='bbox 1145 2878 1425 2949; x_wconf 75' lang='lat' dir='ltr'><strong>theologia:</strong></span> <span class='ocrx_word' id='word_1_332' title='bbox 1474 2877 1915 2931; x_wconf 78' lang='lat' dir='ltr'><strong>demonstrativa:</strong></span> 
     </span>
    </p>
   </div>
   <div class='ocr_carea' id='block_1_46' title="bbox 2008 1880 3576 1950">
    <p class='ocr_par' dir='ltr' id='par_1_46' title="bbox 2008 1880 3576 1950">
     <span class='ocr_line' id='line_1_46' title="bbox 2008 1880 3576 1950; baseline 0.001 -19"><span class='ocrx_word' id='word_1_333' title='bbox 2008 1880 2336 1946; x_wconf 67' lang='lat' dir='ltr'><strong>posuimus,</strong></span> <span class='ocrx_word' id='word_1_334' title='bbox 2375 1896 2570 1949; x_wconf 84' lang='lat' dir='ltr'><strong>magno</strong></span> <span class='ocrx_word' id='word_1_335' title='bbox 2604 1881 2792 1934; x_wconf 87' lang='lat' dir='ltr'><strong>labore</strong></span> <span class='ocrx_word' id='word_1_336' title='bbox 2841 1883 3184 1950; x_wconf 82' lang='lat' dir='ltr'><strong>collegimus.</strong></span> <span class='ocrx_word' id='word_1_337' title='bbox 3227 1884 3472 1949; x_wconf 75' lang='lat' dir='ltr'><strong>quaedam</strong></span> <span class='ocrx_word' id='word_1_338' title='bbox 3509 1896 3576 1933; x_wconf 74' lang='lat' dir='ltr'><strong>ex</strong></span> 
     </span>
    </p>
   </div>
   <div class='ocr_carea' id='block_1_47' title="bbox 2005 1970 3644 2040">
    <p class='ocr_par' dir='ltr' id='par_1_47' title="bbox 2005 1970 3644 2040">
     <span class='ocr_line' id='line_1_47' title="bbox 2005 1970 3644 2040; baseline 0.003 -20"><span class='ocrx_word' id='word_1_339' title='bbox 2005 1970 2089 2024; x_wconf 87' lang='lat' dir='ltr'><strong>bis</strong></span> <span class='ocrx_word' id='word_1_340' title='bbox 2115 1972 2326 2024; x_wconf 90' lang='lat' dir='ltr'><strong>occulte</strong></span> <span class='ocrx_word' id='word_1_341' title='bbox 2354 1982 2404 2025; x_wconf 91' lang='lat' dir='ltr'><strong>et</strong></span> <span class='ocrx_word' id='word_1_342' title='bbox 2442 1971 2647 2034; x_wconf 80' lang='lat' dir='ltr'><strong>furtim,</strong></span> <span class='ocrx_word' id='word_1_343' title='bbox 2679 1974 2741 2024; x_wconf 83' lang='lat' dir='ltr'><strong>ad</strong></span> <span class='ocrx_word' id='word_1_344' title='bbox 2763 1970 2912 2027; x_wconf 83' lang='lat' dir='ltr'><strong>&#39;alios</strong></span> <span class='ocrx_word' id='word_1_345' title='bbox 2946 1989 3075 2026; x_wconf 89' lang='lat' dir='ltr'><strong>llStlS</strong></span> <span class='ocrx_word' id='word_1_346' title='bbox 3113 1983 3164 2026; x_wconf 89' lang='lat' dir='ltr'><strong>et</strong></span> <span class='ocrx_word' id='word_1_347' title='bbox 3197 1983 3413 2040; x_wconf 81' lang='lat' dir='ltr'><strong>propter</strong></span> <span class='ocrx_word' id='word_1_348' title='bbox 3443 1973 3526 2023; x_wconf 81' lang='lat' dir='ltr'><strong>ali;</strong></span> <span class='ocrx_word' id='word_1_349' title='bbox 3553 1989 3578 2025; x_wconf 90' lang='lat' dir='ltr'><strong>s</strong></span> <span class='ocrx_word' id='word_1_350' title='bbox 3640 1992 3644 1995; x_wconf 93' lang='grc'><strong>·</strong></span> 
     </span>
    </p>
   </div>
   <div class='ocr_carea' id='block_1_48' title="bbox 2006 2051 3568 2130">
    <p class='ocr_par' dir='ltr' id='par_1_48' title="bbox 2006 2051 3568 2130">
     <span class='ocr_line' id='line_1_48' title="bbox 2006 2051 3568 2130; baseline 0.001 -16"><span class='ocrx_word' id='word_1_351' title='bbox 2006 2064 2328 2116; x_wconf 82' lang='lat' dir='ltr'><strong>occasiones</strong></span> <span class='ocrx_word' id='word_1_352' title='bbox 2370 2064 2653 2127; x_wconf 83' lang='lat' dir='ltr'><strong>nobiseum</strong></span> <span class='ocrx_word' id='word_1_353' title='bbox 2688 2073 2966 2130; x_wconf 82' lang='lat' dir='ltr'><strong>portantes</strong></span> <span class='ocrx_word' id='word_1_354' title='bbox 2997 2051 3013 2118; x_wconf 73' lang='grc' dir='ltr'>ξ</span> <span class='ocrx_word' id='word_1_355' title='bbox 3046 2066 3113 2118; x_wconf 90' lang='lat' dir='ltr'><strong>ob</strong></span> <span class='ocrx_word' id='word_1_356' title='bbox 3165 2069 3302 2116; x_wconf 84' lang='lat' dir='ltr'><strong>banc</strong></span> <span class='ocrx_word' id='word_1_357' title='bbox 3349 2080 3568 2118; x_wconf 60' lang='lat' dir='ltr'><strong>causam</strong></span> 
     </span>
    </p>
   </div>
   <div class='ocr_carea' id='block_1_49' title="bbox 2008 2151 3578 2222">
    <p class='ocr_par' dir='ltr' id='par_1_49' title="bbox 2008 2151 3578 2222">
     <span class='ocr_line' id='line_1_49' title="bbox 2008 2151 3578 2222; baseline -0.001 -16"><span class='ocrx_word' id='word_1_358' title='bbox 2008 2153 2196 2206; x_wconf 90' lang='lat' dir='ltr'><strong>multis</strong></span> <span class='ocrx_word' id='word_1_359' title='bbox 2243 2151 2576 2220; x_wconf 84' lang='lat' dir='ltr'><strong>adjnmentis</strong></span> <span class='ocrx_word' id='word_1_360' title='bbox 2607 2152 2672 2204; x_wconf 91' lang='lat' dir='ltr'><strong>ad</strong></span> <span class='ocrx_word' id='word_1_361' title='bbox 2709 2152 3099 2220; x_wconf 59' lang='lat' dir='ltr'><strong>periei-tionem</strong></span> <span class='ocrx_word' id='word_1_362' title='bbox 3137 2153 3330 2207; x_wconf 88' lang='lat' dir='ltr'><strong>borum</strong></span> <span class='ocrx_word' id='word_1_363' title='bbox 3381 2153 3578 2222; x_wconf 78' lang='lat' dir='ltr'><strong>privati</strong></span> 
     </span>
    </p>
   </div>
   <div class='ocr_carea' id='block_1_50' title="bbox 2005 2225 3574 2313">
    <p class='ocr_par' dir='ltr' id='par_1_50' title="bbox 2005 2225 3574 2313">
     <span class='ocr_line' id='line_1_50' title="bbox 2005 2225 3574 2313; baseline 0.001 -16"><span class='ocrx_word' id='word_1_364' title='bbox 2005 2244 2234 2305; x_wconf 84' lang='lat' dir='ltr'><strong>fuimus,</strong></span> <span class='ocrx_word' id='word_1_365' title='bbox 2263 2244 2356 2297; x_wconf 89' lang='lat' dir='ltr'><strong>sed</strong></span> <span class='ocrx_word' id='word_1_366' title='bbox 2394 2244 2608 2296; x_wconf 88' lang='lat' dir='ltr'><strong>interim</strong></span> <span class='ocrx_word' id='word_1_367' title='bbox 2638 2245 2704 2298; x_wconf 85' lang='lat' dir='ltr'><strong>ab</strong></span> <span class='ocrx_word' id='word_1_368' title='bbox 2733 2245 2799 2298; x_wconf 92' lang='lat' dir='ltr'><strong>iis</strong></span> <span class='ocrx_word' id='word_1_369' title='bbox 2847 2259 2966 2313; x_wconf 84' lang='lat' dir='ltr'><strong>quae</strong></span> <span class='ocrx_word' id='word_1_370' title='bbox 3000 2225 3231 2299; x_wconf 75' lang='lat' dir='ltr'><strong>maxime</strong></span> <span class='ocrx_word' id='word_1_371' title='bbox 3266 2250 3574 2300; x_wconf 81' lang='lat' dir='ltr'><strong>necessaria</strong></span> 
     </span>
    </p>
   </div>
   <div class='ocr_carea' id='block_1_51' title="bbox 2001 2334 3580 2404">
    <p class='ocr_par' dir='ltr' id='par_1_51' title="bbox 2001 2334 3580 2404">
     <span class='ocr_line' id='line_1_51' title="bbox 2001 2334 3580 2404; baseline 0 -18"><span class='ocrx_word' id='word_1_372' title='bbox 2001 2343 2176 2398; x_wconf 86' lang='lat' dir='ltr'><strong>erant,</strong></span> <span class='ocrx_word' id='word_1_373' title='bbox 2204 2350 2310 2388; x_wconf 89' lang='lat' dir='ltr'><strong>non</strong></span> <span class='ocrx_word' id='word_1_374' title='bbox 2351 2334 2748 2391; x_wconf 85' lang='lat' dir='ltr'><strong>aberravimus.</strong></span> <span class='ocrx_word' id='word_1_375' title='bbox 2791 2337 3064 2404; x_wconf 77' lang='lat' dir='ltr'><strong>Expositio</strong></span> <span class='ocrx_word' id='word_1_376' title='bbox 3099 2346 3277 2392; x_wconf 87' lang='lat' dir='ltr'><strong>autern</strong></span> <span class='ocrx_word' id='word_1_377' title='bbox 3325 2339 3580 2392; x_wconf 79' lang='lat' dir='ltr'><strong>materia-</strong></span> 
     </span>
    </p>
   </div>
   <div class='ocr_carea' id='block_1_52' title="bbox 2010 2427 3578 2495">
    <p class='ocr_par' dir='ltr' id='par_1_52' title="bbox 2010 2427 3578 2495">
     <span class='ocr_line' id='line_1_52' title="bbox 2010 2427 3578 2495; baseline 0.003 -18"><span class='ocrx_word' id='word_1_378' title='bbox 2010 2427 2116 2488; x_wconf 88' lang='lat' dir='ltr'><strong>ria,</strong></span> <span class='ocrx_word' id='word_1_379' title='bbox 2149 2442 2269 2494; x_wconf 65' lang='lat' dir='ltr'><strong>qua:</strong></span> <span class='ocrx_word' id='word_1_380' title='bbox 2298 2428 2350 2479; x_wconf 92' lang='lat' dir='ltr'><strong>in</strong></span> <span class='ocrx_word' id='word_1_381' title='bbox 2373 2441 2698 2495; x_wconf 77' lang='lat' dir='ltr'><strong>unaquaque</strong></span> <span class='ocrx_word' id='word_1_382' title='bbox 2722 2428 2923 2482; x_wconf 85' lang='lat' dir='ltr'><strong>decade</strong></span> <span class='ocrx_word' id='word_1_383' title='bbox 2949 2438 3052 2491; x_wconf 88' lang='lat' dir='ltr'><strong>est,</strong></span> <span class='ocrx_word' id='word_1_384' title='bbox 3078 2430 3232 2483; x_wconf 86' lang='lat' dir='ltr'><strong>docet</strong></span> <span class='ocrx_word' id='word_1_385' title='bbox 3255 2430 3305 2482; x_wconf 88' lang='lat' dir='ltr'><strong>irt</strong></span> <span class='ocrx_word' id='word_1_386' title='bbox 3333 2438 3578 2482; x_wconf 73' lang='lat' dir='ltr'><strong>extremo</strong></span> 
     </span>
    </p>
   </div>
   <div class='ocr_carea' id='block_1_53' title="bbox 2006 2518 3581 2586">
    <p class='ocr_par' dir='ltr' id='par_1_53' title="bbox 2006 2518 3581 2586">
     <span class='ocr_line' id='line_1_53' title="bbox 2006 2518 3581 2586; baseline 0.003 -18"><span class='ocrx_word' id='word_1_387' title='bbox 2006 2518 2244 2579; x_wconf 84' lang='lat' dir='ltr'><strong>deeadis,</strong></span> <span class='ocrx_word' id='word_1_388' title='bbox 2273 2518 2375 2571; x_wconf 89' lang='lat' dir='ltr'><strong>hoc</strong></span> <span class='ocrx_word' id='word_1_389' title='bbox 2405 2518 2579 2586; x_wconf 86' lang='lat' dir='ltr'><strong>ipsum</strong></span> <span class='ocrx_word' id='word_1_390' title='bbox 2616 2519 2760 2582; x_wconf 87' lang='lat' dir='ltr'><strong>quod</strong></span> <span class='ocrx_word' id='word_1_391' title='bbox 2795 2521 2845 2572; x_wconf 94' lang='lat' dir='ltr'><strong>in</strong></span> <span class='ocrx_word' id='word_1_392' title='bbox 2872 2520 3077 2574; x_wconf 84' lang='lat' dir='ltr'><strong>decade</strong></span> <span class='ocrx_word' id='word_1_393' title='bbox 3101 2522 3429 2583; x_wconf 78' lang='lat' dir='ltr'><strong>cautim-tur,</strong></span> <span class='ocrx_word' id='word_1_394' title='bbox 3460 2536 3581 2574; x_wconf 85' lang='lat' dir='ltr'><strong>esse</strong></span> 
     </span>
    </p>
   </div>
   <div class='ocr_carea' id='block_1_54' title="bbox 2007 2609 3579 2682">
    <p class='ocr_par' dir='ltr' id='par_1_54' title="bbox 2007 2609 3579 2682">
     <span class='ocr_line' id='line_1_54' title="bbox 2007 2609 3579 2682; baseline 0.003 -19"><span class='ocrx_word' id='word_1_395' title='bbox 2007 2609 2399 2676; x_wconf 72' lang='lat' dir='ltr'><strong>expositionem</strong></span> <span class='ocrx_word' id='word_1_396' title='bbox 2442 2612 2806 2663; x_wconf 76' lang='lat' dir='ltr'><strong>materiariqu</strong></span> <span class='ocrx_word' id='word_1_397' title='bbox 2851 2628 3040 2664; x_wconf 73' lang='lat' dir='ltr'><strong>eoru&#39;u</strong></span> <span class='ocrx_word' id='word_1_398' title='bbox 3086 2628 3208 2681; x_wconf 54' lang='lat' dir='ltr'><strong>quas</strong></span> <span class='ocrx_word' id='word_1_399' title='bbox 3253 2615 3304 2666; x_wconf 92' lang='lat' dir='ltr'><strong>in</strong></span> <span class='ocrx_word' id='word_1_400' title='bbox 3344 2615 3455 2682; x_wconf 85' lang='lat' dir='ltr'><strong>ipsa</strong></span> <span class='ocrx_word' id='word_1_401' title='bbox 3493 2629 3579 2667; x_wconf 75' lang='lat' dir='ltr'><strong>se-</strong></span> 
     </span>
    </p>
   </div>
   <div class='ocr_carea' id='block_1_55' title="bbox 2012 2698 3577 2768">
    <p class='ocr_par' dir='ltr' id='par_1_55' title="bbox 2012 2698 3577 2768">
     <span class='ocr_line' id='line_1_55' title="bbox 2012 2698 3577 2768; baseline 0 -16"><span class='ocrx_word' id='word_1_402' title='bbox 2012 2699 2246 2752; x_wconf 90' lang='lat' dir='ltr'><strong>cundum</strong></span> <span class='ocrx_word' id='word_1_403' title='bbox 2281 2698 2742 2752; x_wconf 85' lang='lat' dir='ltr'><strong>continuationem</strong></span> <span class='ocrx_word' id='word_1_404' title='bbox 2779 2709 3115 2768; x_wconf 86' lang='lat' dir='ltr'><strong>sequuntur,</strong></span> <span class='ocrx_word' id='word_1_405' title='bbox 3165 2703 3372 2755; x_wconf 83' lang='lat' dir='ltr'><strong>accedit</strong></span> <span class='ocrx_word' id='word_1_406' title='bbox 3416 2702 3577 2755; x_wconf 85' lang='lat' dir='ltr'><strong>etiam</strong></span> 
     </span>
    </p>
   </div>
   <div class='ocr_carea' id='block_1_56' title="bbox 2033 2775 3580 2862">
    <p class='ocr_par' dir='ltr' id='par_1_56' title="bbox 2033 2775 3580 2862">
     <span class='ocr_line' id='line_1_56' title="bbox 2033 2775 3580 2862; baseline 0.003 -22"><span class='ocrx_word' id='word_1_407' title='bbox 2033 2790 2176 2842; x_wconf 85' lang='lat' dir='ltr'><strong>ratio</strong></span> <span class='ocrx_word' id='word_1_408' title='bbox 2217 2789 2589 2856; x_wconf 64' lang='lat' dir='ltr'><strong>inscriptionis</strong></span> <span class='ocrx_word' id='word_1_409' title='bbox 2619 2791 2858 2854; x_wconf 73' lang='lat' dir='ltr'><strong>der-adis,</strong></span> <span class='ocrx_word' id='word_1_410' title='bbox 2895 2775 3429 2860; x_wconf 42' lang='lat' dir='ltr'><strong>et&#39;quemadmodum</strong></span> <span class='ocrx_word' id='word_1_411' title='bbox 3460 2809 3580 2862; x_wconf 77' lang='lat' dir='ltr'><strong>qua:</strong></span> 
     </span>
    </p>
   </div>
   <div class='ocr_carea' id='block_1_57' title="bbox 2021 2879 3191 2950">
    <p class='ocr_par' dir='ltr' id='par_1_57' title="bbox 2021 2879 3191 2950">
     <span class='ocr_line' id='line_1_57' title="bbox 2021 2879 3191 2950; baseline 0.003 -18"><span class='ocrx_word' id='word_1_412' title='bbox 2021 2879 2086 2932; x_wconf 86' lang='lat' dir='ltr'><strong>ad</strong></span> <span class='ocrx_word' id='word_1_413' title='bbox 2123 2893 2238 2932; x_wconf 85' lang='lat' dir='ltr'><strong>eam</strong></span> <span class='ocrx_word' id='word_1_414' title='bbox 2280 2879 2567 2948; x_wconf 70' lang='lat' dir='ltr'><strong>pertinent,</strong></span> <span class='ocrx_word' id='word_1_415' title='bbox 2604 2883 2738 2934; x_wconf 87' lang='lat' dir='ltr'><strong>satis</strong></span> <span class='ocrx_word' id='word_1_416' title='bbox 2771 2883 3038 2950; x_wconf 82' lang='lat' dir='ltr'><strong>completa</strong></span> <span class='ocrx_word' id='word_1_417' title='bbox 3063 2884 3191 2936; x_wconf 91' lang='lat' dir='ltr'><strong>sint.</strong></span> 
     </span>
    </p>
   </div>
   <div class='ocr_carea' id='block_1_58' title="bbox 1004 3104 2915 3184">
    <p class='ocr_par' dir='ltr' id='par_1_58' title="bbox 1004 3104 2915 3184">
     <span class='ocr_line' id='line_1_58' title="bbox 1004 3104 2915 3184; baseline 0 -14"><span class='ocrx_word' id='word_1_418' title='bbox 1004 3108 1256 3170; x_wconf 77' lang='lat' dir='ltr'><strong>PRIMA</strong></span> <span class='ocrx_word' id='word_1_419' title='bbox 1302 3106 1564 3184; x_wconf 59' lang='lat' dir='ltr'><strong>DECAS.</strong></span> <span class='ocrx_word' id='word_1_420' title='bbox 1598 3139 1672 3152; x_wconf 87' lang='lat'><strong>-</strong></span> <span class='ocrx_word' id='word_1_421' title='bbox 1707 3107 1824 3166; x_wconf 87' lang='lat' dir='ltr'><strong>DE</strong></span> <span class='ocrx_word' id='word_1_422' title='bbox 1865 3104 2356 3168; x_wconf 81' lang='lat' dir='ltr'><strong>THEOLOGIA</strong></span> <span class='ocrx_word' id='word_1_423' title='bbox 2403 3107 2915 3170; x_wconf 75' lang='lat' dir='ltr'><strong>SYMBOLICA.</strong></span> 
     </span>
    </p>
   </div>
   <div class='ocr_carea' id='block_1_59' title="bbox 972 3251 1267 3306">
    <p class='ocr_par' dir='ltr' id='par_1_59' title="bbox 972 3251 1267 3306">
     <span class='ocr_line' id='line_1_59' title="bbox 972 3251 1267 3306; baseline -0.007 0"><span class='ocrx_word' id='word_1_424' title='bbox 972 3251 1210 3306; x_wconf 73' lang='lat' dir='ltr'><strong>CAl’lIT-</strong></span> <span class='ocrx_word' id='word_1_425' title='bbox 1231 3252 1267 3304; x_wconf 93' lang='grc' dir='ltr'><strong>Ι.</strong></span> 
     </span>
    </p>
   </div>
   <div class='ocr_carea' id='block_1_60' title="bbox 733 3343 1517 3413">
    <p class='ocr_par' dir='ltr' id='par_1_60' title="bbox 733 3343 1517 3413">
     <span class='ocr_line' id='line_1_60' title="bbox 733 3343 1517 3413; baseline -0.005 -14"><span class='ocrx_word' id='word_1_426' title='bbox 733 3345 884 3410; x_wconf 86' lang='lat' dir='ltr'><strong>Quod</strong></span> <span class='ocrx_word' id='word_1_427' title='bbox 920 3346 1113 3413; x_wconf 70' lang='lat' dir='ltr'><strong>duplex</strong></span> <span class='ocrx_word' id='word_1_428' title='bbox 1138 3346 1205 3398; x_wconf 77' lang='lat' dir='ltr'><strong>sit</strong></span> <span class='ocrx_word' id='word_1_429' title='bbox 1237 3343 1517 3413; x_wconf 80' lang='lat' dir='ltr'><strong>theologia.</strong></span> 
     </span>
    </p>
   </div>
   <div class='ocr_carea' id='block_1_61' title="bbox 415 3435 1904 3511">
    <p class='ocr_par' dir='ltr' id='par_1_61' title="bbox 415 3435 1904 3511">
     <span class='ocr_line' id='line_1_61' title="bbox 415 3435 1904 3511; baseline -0.007 -16"><span class='ocrx_word' id='word_1_430' title='bbox 415 3439 704 3511; x_wconf 84' lang='lat' dir='ltr'><strong>Dionysius</strong></span> <span class='ocrx_word' id='word_1_431' title='bbox 743 3439 796 3492; x_wconf 90' lang='lat' dir='ltr'><strong>in</strong></span> <span class='ocrx_word' id='word_1_432' title='bbox 833 3437 1059 3507; x_wconf 83' lang='lat' dir='ltr'><strong>episrola</strong></span> <span class='ocrx_word' id='word_1_433' title='bbox 1084 3438 1149 3489; x_wconf 86' lang='lat' dir='ltr'><strong>ad</strong></span> <span class='ocrx_word' id='word_1_434' title='bbox 1209 3435 1391 3488; x_wconf 88' lang='lat' dir='ltr'><strong>Titum</strong></span> <span class='ocrx_word' id='word_1_435' title='bbox 1449 3435 1762 3505; x_wconf 90' lang='lat' dir='ltr'><strong>episcopum</strong></span> <span class='ocrx_word' id='word_1_436' title='bbox 1825 3435 1904 3485; x_wconf 78' lang='lat' dir='ltr'><strong>sic</strong></span> 
     </span>
    </p>
   </div>
   <div class='ocr_carea' id='block_1_62' title="bbox 347 3527 1900 3594">
    <p class='ocr_par' dir='ltr' id='par_1_62' title="bbox 347 3527 1900 3594">
     <span class='ocr_line' id='line_1_62' title="bbox 347 3527 1900 3594; baseline -0.008 -6"><span class='ocrx_word' id='word_1_437' title='bbox 347 3534 479 3589; x_wconf 90' lang='lat' dir='ltr'><strong>ait:</strong></span> <span class='ocrx_word' id='word_1_438' title='bbox 529 3534 795 3587; x_wconf 64' lang='lat' dir='ltr'><strong>Cancrum</strong></span> <span class='ocrx_word' id='word_1_439' title='bbox 873 3531 973 3583; x_wconf 92' lang='lat' dir='ltr'><strong>boc</strong></span> <span class='ocrx_word' id='word_1_440' title='bbox 1030 3527 1420 3581; x_wconf 73' lang='lat' dir='ltr'><strong>advertendum</strong></span> <span class='ocrx_word' id='word_1_441' title='bbox 1469 3537 1570 3591; x_wconf 86' lang='lat' dir='ltr'><strong>est,</strong></span> <span class='ocrx_word' id='word_1_442' title='bbox 1631 3527 1900 3594; x_wconf 78' lang='lat' dir='ltr'><strong>duplicem</strong></span> 
     </span>
    </p>
   </div>
   <div class='ocr_carea' id='block_1_63' title="bbox 343 3621 1905 3688">
    <p class='ocr_par' dir='ltr' id='par_1_63' title="bbox 343 3621 1905 3688">
     <span class='ocr_line' id='line_1_63' title="bbox 343 3621 1905 3688; baseline -0.006 -12"><span class='ocrx_word' id='word_1_443' title='bbox 343 3641 465 3680; x_wconf 78' lang='lat' dir='ltr'><strong>esse</strong></span> <span class='ocrx_word' id='word_1_444' title='bbox 494 3625 838 3678; x_wconf 86' lang='lat' dir='ltr'><strong>traditionem</strong></span> <span class='ocrx_word' id='word_1_445' title='bbox 866 3621 1265 3688; x_wconf 77' lang='lat' dir='ltr'><strong>theologorum,</strong></span> <span class='ocrx_word' id='word_1_446' title='bbox 1333 3634 1495 3670; x_wconf 91' lang='lat' dir='ltr'><strong>unam</strong></span> <span class='ocrx_word' id='word_1_447' title='bbox 1541 3632 1794 3671; x_wconf 86' lang='lat' dir='ltr'><strong>arcanam</strong></span> <span class='ocrx_word' id='word_1_448' title='bbox 1851 3625 1905 3669; x_wconf 90' lang='lat' dir='ltr'><strong>et</strong></span> 
     </span>
    </p>
   </div>
   <div class='ocr_carea' id='block_1_64' title="bbox 345 3709 1902 3786">
    <p class='ocr_par' dir='ltr' id='par_1_64' title="bbox 345 3709 1902 3786">
     <span class='ocr_line' id='line_1_64' title="bbox 345 3709 1902 3786; baseline -0.006 -16"><span class='ocrx_word' id='word_1_449' title='bbox 345 3718 656 3786; x_wconf 82' lang='lat' dir='ltr'><strong>mysticam.</strong></span> <span class='ocrx_word' id='word_1_450' title='bbox 684 3715 906 3768; x_wconf 85' lang='lat' dir='ltr'><strong>alteram</strong></span> <span class='ocrx_word' id='word_1_451' title='bbox 940 3727 1066 3766; x_wconf 86' lang='lat' dir='ltr'><strong>vero</strong></span> <span class='ocrx_word' id='word_1_452' title='bbox 1109 3709 1538 3780; x_wconf 89' lang='lat' dir='ltr'><strong>pbilosopb’icam</strong></span> <span class='ocrx_word' id='word_1_453' title='bbox 1600 3709 1902 3762; x_wconf 88' lang='lat' dir='ltr'><strong>ctdemon-</strong></span> 
     </span>
    </p>
   </div>
   <div class='ocr_carea' id='block_1_65' title="bbox 345 3800 1900 3873">
    <p class='ocr_par' dir='ltr' id='par_1_65' title="bbox 345 3800 1900 3873">
     <span class='ocr_line' id='line_1_65' title="bbox 345 3800 1900 3873; baseline -0.009 -11"><span class='ocrx_word' id='word_1_454' title='bbox 345 3817 607 3862; x_wconf 86' lang='lat' dir='ltr'><strong>strantern</strong></span> <span class='ocrx_word' id='word_1_455' title='bbox 649 3823 661 3856; x_wconf 91' lang='lat'>:</span> <span class='ocrx_word' id='word_1_456' title='bbox 696 3806 840 3858; x_wconf 87' lang='lat' dir='ltr'><strong>illam</strong></span> <span class='ocrx_word' id='word_1_457' title='bbox 875 3804 1093 3873; x_wconf 83' lang='lat' dir='ltr'><strong>quidem</strong></span> <span class='ocrx_word' id='word_1_458' title='bbox 1150 3802 1502 3871; x_wconf 80' lang='lat' dir='ltr'><strong>symbolicarn</strong></span> <span class='ocrx_word' id='word_1_459' title='bbox 1529 3808 1580 3853; x_wconf 89' lang='lat' dir='ltr'><strong>et</strong></span> <span class='ocrx_word' id='word_1_460' title='bbox 1615 3800 1679 3852; x_wconf 89' lang='lat' dir='ltr'><strong>ad</strong></span> <span class='ocrx_word' id='word_1_461' title='bbox 1701 3808 1900 3867; x_wconf 79' lang='lat' dir='ltr'><strong>myste-</strong></span> 
     </span>
    </p>
   </div>
   <div class='ocr_carea' id='block_1_66' title="bbox 347 3888 1906 3966">
    <p class='ocr_par' dir='ltr' id='par_1_66' title="bbox 347 3888 1906 3966">
     <span class='ocr_line' id='line_1_66' title="bbox 347 3888 1906 3966; baseline -0.008 -16"><span class='ocrx_word' id='word_1_462' title='bbox 347 3899 428 3951; x_wconf 88' lang='lat' dir='ltr'><strong>ria</strong></span> <span class='ocrx_word' id='word_1_463' title='bbox 458 3898 836 3966; x_wconf 81' lang='lat' dir='ltr'><strong>pertinentem,</strong></span> <span class='ocrx_word' id='word_1_464' title='bbox 861 3895 1003 3948; x_wconf 88' lang='lat' dir='ltr'><strong>banc</strong></span> <span class='ocrx_word' id='word_1_465' title='bbox 1033 3908 1158 3947; x_wconf 86' lang='lat' dir='ltr'><strong>vero</strong></span> <span class='ocrx_word' id='word_1_466' title='bbox 1204 3900 1444 3961; x_wconf 87' lang='lat' dir='ltr'><strong>apertam</strong></span> <span class='ocrx_word' id='word_1_467' title='bbox 1472 3899 1520 3943; x_wconf 91' lang='lat' dir='ltr'><strong>et</strong></span> <span class='ocrx_word' id='word_1_468' title='bbox 1576 3888 1906 3942; x_wconf 80' lang='lat' dir='ltr'><strong>manifestio-</strong></span> 
     </span>
    </p>
   </div>
   <div class='ocr_carea' id='block_1_67' title="bbox 344 3982 1911 4055">
    <p class='ocr_par' dir='ltr' id='par_1_67' title="bbox 344 3982 1911 4055">
     <span class='ocr_line' id='line_1_67' title="bbox 344 3982 1911 4055; baseline -0.009 -11"><span class='ocrx_word' id='word_1_469' title='bbox 344 4007 462 4045; x_wconf 87' lang='lat' dir='ltr'><strong>rem</strong></span> <span class='ocrx_word' id='word_1_470' title='bbox 509 4006 536 4052; x_wconf 86' lang='lat'><strong>:_</strong></span> <span class='ocrx_word' id='word_1_471' title='bbox 569 3999 761 4055; x_wconf 88' lang='lat' dir='ltr'><strong>estque</strong></span> <span class='ocrx_word' id='word_1_472' title='bbox 814 4002 1073 4040; x_wconf 89' lang='lat' dir='ltr'><strong>arcanum</strong></span> <span class='ocrx_word' id='word_1_473' title='bbox 1130 3986 1243 4039; x_wconf 85' lang='lat' dir='ltr'><strong>sive</strong></span> <span class='ocrx_word' id='word_1_474' title='bbox 1286 3982 1573 4053; x_wconf 80' lang='lat' dir='ltr'><strong>mysticum</strong></span> <span class='ocrx_word' id='word_1_475' title='bbox 1612 3996 1733 4034; x_wconf 90' lang='lat' dir='ltr'><strong>cum</strong></span> <span class='ocrx_word' id='word_1_476' title='bbox 1767 3995 1911 4050; x_wconf 89' lang='lat' dir='ltr'><strong>sym-</strong></span> 
     </span>
    </p>
   </div>
   <div class='ocr_carea' id='block_1_68' title="bbox 349 4068 1905 4144">
    <p class='ocr_par' dir='ltr' id='par_1_68' title="bbox 349 4068 1905 4144">
     <span class='ocr_line' id='line_1_68' title="bbox 349 4068 1905 4144; baseline -0.009 -10"><span class='ocrx_word' id='word_1_477' title='bbox 349 4081 476 4134; x_wconf 88' lang='lat' dir='ltr'><strong>bolo</strong></span> <span class='ocrx_word' id='word_1_478' title='bbox 536 4079 612 4144; x_wconf 83' lang='lat' dir='ltr'><strong>(l)</strong></span> <span class='ocrx_word' id='word_1_479' title='bbox 654 4077 988 4144; x_wconf 87' lang='lat' dir='ltr'><strong>implicatum</strong></span> <span class='ocrx_word' id='word_1_480' title='bbox 1033 4083 1087 4127; x_wconf 88' lang='lat' dir='ltr'><strong>et</strong></span> <span class='ocrx_word' id='word_1_481' title='bbox 1117 4086 1444 4133; x_wconf 73' lang='lat' dir='ltr'><strong>connexum,</strong></span> <span class='ocrx_word' id='word_1_482' title='bbox 1506 4069 1636 4123; x_wconf 89' lang='lat' dir='ltr'><strong>illud</strong></span> <span class='ocrx_word' id='word_1_483' title='bbox 1689 4068 1905 4135; x_wconf 86' lang='lat' dir='ltr'><strong>quidem</strong></span> 
     </span>
    </p>
   </div>
   <div class='ocr_carea' id='block_1_69' title="bbox 349 4160 1911 4240">
    <p class='ocr_par' dir='ltr' id='par_1_69' title="bbox 349 4160 1911 4240">
     <span class='ocr_line' id='line_1_69' title="bbox 349 4160 1911 4240; baseline -0.008 -17"><span class='ocrx_word' id='word_1_484' title='bbox 349 4170 785 4240; x_wconf 87' lang='lat' dir='ltr'><strong>pbilosopbicum</strong></span> <span class='ocrx_word' id='word_1_485' title='bbox 852 4175 904 4220; x_wconf 90' lang='lat' dir='ltr'><strong>et</strong></span> <span class='ocrx_word' id='word_1_486' title='bbox 959 4166 1344 4220; x_wconf 87' lang='lat' dir='ltr'><strong>demonstrans</strong></span> <span class='ocrx_word' id='word_1_487' title='bbox 1427 4162 1584 4215; x_wconf 89' lang='lat' dir='ltr'><strong>lidern</strong></span> <span class='ocrx_word' id='word_1_488' title='bbox 1652 4160 1802 4220; x_wconf 79' lang='lat' dir='ltr'><strong>facit,</strong></span> <span class='ocrx_word' id='word_1_489' title='bbox 1859 4169 1911 4212; x_wconf 84' lang='lat' dir='ltr'><strong>tl.</strong></span> 
     </span>
    </p>
   </div>
   <div class='ocr_carea' id='block_1_70' title="bbox 350 4251 1908 4323">
    <p class='ocr_par' dir='ltr' id='par_1_70' title="bbox 350 4251 1908 4323">
     <span class='ocr_line' id='line_1_70' title="bbox 350 4251 1908 4323; baseline -0.01 -7"><span class='ocrx_word' id='word_1_490' title='bbox 350 4263 609 4323; x_wconf 71' lang='lat' dir='ltr'><strong>astriupit</strong></span> <span class='ocrx_word' id='word_1_491' title='bbox 673 4259 953 4312; x_wconf 88' lang='lat' dir='ltr'><strong>veritatem</strong></span> <span class='ocrx_word' id='word_1_492' title='bbox 986 4271 1178 4309; x_wconf 89' lang='lat' dir='ltr'><strong>eorurrr</strong></span> <span class='ocrx_word' id='word_1_493' title='bbox 1234 4269 1352 4323; x_wconf 67' lang='lat' dir='ltr'><strong>quae</strong></span> <span class='ocrx_word' id='word_1_494' title='bbox 1395 4253 1652 4306; x_wconf 88' lang='lat' dir='ltr'><strong>dietrtrtur</strong></span> <span class='ocrx_word' id='word_1_495' title='bbox 1713 4271 1724 4304; x_wconf 90' lang='lat'>:</span> <span class='ocrx_word' id='word_1_496' title='bbox 1782 4251 1908 4302; x_wconf 88' lang='lat' dir='ltr'><strong>illud</strong></span> 
     </span>
    </p>
   </div>
   <div class='ocr_carea' id='block_1_71' title="bbox 1934 3251 3581 3321">
    <p class='ocr_par' dir='ltr' id='par_1_71' title="bbox 1934 3251 3581 3321">
     <span class='ocr_line' id='line_1_71' title="bbox 1934 3251 3581 3321; baseline 0.007 -23"><span class='ocrx_word' id='word_1_497' title='bbox 1934 3252 1978 3310; x_wconf 86' lang='lat' dir='ltr'>C</span> <span class='ocrx_word' id='word_1_498' title='bbox 2012 3264 2140 3302; x_wconf 78' lang='lat' dir='ltr'><strong>vero</strong></span> <span class='ocrx_word' id='word_1_499' title='bbox 2175 3264 2431 3302; x_wconf 87' lang='lat' dir='ltr'><strong>arcanum</strong></span> <span class='ocrx_word' id='word_1_500' title='bbox 2461 3261 2512 3302; x_wconf 89' lang='lat' dir='ltr'><strong>et</strong></span> <span class='ocrx_word' id='word_1_501' title='bbox 2534 3252 2818 3321; x_wconf 86' lang='lat' dir='ltr'><strong>mysticum</strong></span> <span class='ocrx_word' id='word_1_502' title='bbox 2843 3251 3002 3304; x_wconf 81' lang='lat' dir='ltr'><strong>allicit</strong></span> <span class='ocrx_word' id='word_1_503' title='bbox 3034 3253 3161 3306; x_wconf 85' lang='lat' dir='ltr'><strong>etin</strong></span> <span class='ocrx_word' id='word_1_504' title='bbox 3199 3252 3307 3306; x_wconf 86' lang='lat' dir='ltr'><strong>Deo</strong></span> <span class='ocrx_word' id='word_1_505' title='bbox 3343 3256 3408 3308; x_wconf 90' lang='lat' dir='ltr'><strong>ris</strong></span> <span class='ocrx_word' id='word_1_506' title='bbox 3460 3272 3581 3319; x_wconf 72' lang='lat' dir='ltr'><strong>qua:</strong></span> 
     </span>
    </p>
   </div>
   <div class='ocr_carea' id='block_1_72' title="bbox 2003 3340 3574 3400">
    <p class='ocr_par' dir='ltr' id='par_1_72' title="bbox 2003 3340 3574 3400">
     <span class='ocr_line' id='line_1_72' title="bbox 2003 3340 3574 3400; baseline 0.006 -8"><span class='ocrx_word' id='word_1_507' title='bbox 2003 3356 2110 3392; x_wconf 90' lang='lat' dir='ltr'><strong>non</strong></span> <span class='ocrx_word' id='word_1_508' title='bbox 2143 3340 2409 3394; x_wconf 86' lang='lat' dir='ltr'><strong>docentur</strong></span> <span class='ocrx_word' id='word_1_509' title='bbox 2469 3341 2911 3396; x_wconf 89' lang='lat' dir='ltr'><strong>institutionibus</strong></span> <span class='ocrx_word' id='word_1_510' title='bbox 2959 3345 3160 3398; x_wconf 85' lang='lat' dir='ltr'><strong>lirmat.</strong></span> <span class='ocrx_word' id='word_1_511' title='bbox 3216 3344 3330 3397; x_wconf 89' lang='lat' dir='ltr'><strong>lloe</strong></span> <span class='ocrx_word' id='word_1_512' title='bbox 3369 3347 3574 3400; x_wconf 85' lang='lat' dir='ltr'><strong>dictum</strong></span> 
     </span>
    </p>
   </div>
   <div class='ocr_carea' id='block_1_73' title="bbox 2003 3432 3576 3502">
    <p class='ocr_par' dir='ltr' id='par_1_73' title="bbox 2003 3432 3576 3502">
     <span class='ocr_line' id='line_1_73' title="bbox 2003 3432 3576 3502; baseline 0.005 -18"><span class='ocrx_word' id='word_1_513' title='bbox 2003 3443 2227 3486; x_wconf 87' lang='lat' dir='ltr'><strong>sanctus</strong></span> <span class='ocrx_word' id='word_1_514' title='bbox 2264 3432 2535 3486; x_wconf 79' lang='lat' dir='ltr'><strong>Maximus</strong></span> <span class='ocrx_word' id='word_1_515' title='bbox 2569 3442 2624 3487; x_wconf 91' lang='lat' dir='ltr'><strong>et</strong></span> <span class='ocrx_word' id='word_1_516' title='bbox 2650 3433 2936 3502; x_wconf 83' lang='lat' dir='ltr'><strong>Dionysius</strong></span> <span class='ocrx_word' id='word_1_517' title='bbox 2971 3434 3376 3491; x_wconf 76' lang='lat' dir='ltr'><strong>Alexandrinus</strong></span> <span class='ocrx_word' id='word_1_518' title='bbox 3406 3440 3576 3493; x_wconf 89' lang='lat' dir='ltr'><strong>adno-</strong></span> 
     </span>
    </p>
   </div>
   <div class='ocr_carea' id='block_1_74' title="bbox 2004 3523 3583 3597">
    <p class='ocr_par' dir='ltr' id='par_1_74' title="bbox 2004 3523 3583 3597">
     <span class='ocr_line' id='line_1_74' title="bbox 2004 3523 3583 3597; baseline 0.004 -24"><span class='ocrx_word' id='word_1_519' title='bbox 2004 3532 2190 3575; x_wconf 87' lang='lat' dir='ltr'><strong>tarunt</strong></span> <span class='ocrx_word' id='word_1_520' title='bbox 2232 3542 2244 3577; x_wconf 90' lang='lat'><strong>:</strong></span> <span class='ocrx_word' id='word_1_521' title='bbox 2278 3523 2542 3576; x_wconf 80' lang='lat' dir='ltr'><strong>Maximus</strong></span> <span class='ocrx_word' id='word_1_522' title='bbox 2573 3523 2927 3593; x_wconf 86' lang='lat' dir='ltr'><strong>symbolicam</strong></span> <span class='ocrx_word' id='word_1_523' title='bbox 2965 3534 3018 3577; x_wconf 88' lang='lat' dir='ltr'><strong>et</strong></span> <span class='ocrx_word' id='word_1_524' title='bbox 3051 3524 3116 3578; x_wconf 87' lang='lat' dir='ltr'><strong>ad</strong></span> <span class='ocrx_word' id='word_1_525' title='bbox 3148 3527 3399 3594; x_wconf 86' lang='lat' dir='ltr'><strong>mysteria</strong></span> <span class='ocrx_word' id='word_1_526' title='bbox 3459 3544 3583 3597; x_wconf 87' lang='lat' dir='ltr'><strong>per-</strong></span> 
     </span>
    </p>
   </div>
   <div class='ocr_carea' id='block_1_75' title="bbox 2000 3612 3582 3686">
    <p class='ocr_par' dir='ltr' id='par_1_75' title="bbox 2000 3612 3582 3686">
     <span class='ocr_line' id='line_1_75' title="bbox 2000 3612 3582 3686; baseline 0.005 -22"><span class='ocrx_word' id='word_1_527' title='bbox 2000 3612 2259 3666; x_wconf 72' lang='lat' dir='ltr'><strong>tinentem</strong></span> <span class='ocrx_word' id='word_1_528' title='bbox 2285 3613 2612 3682; x_wconf 65' lang='lat' dir='ltr'><strong>theologiam</strong></span> <span class='ocrx_word' id='word_1_529' title='bbox 2647 3614 2792 3666; x_wconf 91' lang='lat' dir='ltr'><strong>illam</strong></span> <span class='ocrx_word' id='word_1_530' title='bbox 2826 3613 2976 3670; x_wconf 88' lang='lat' dir='ltr'><strong>dicit.</strong></span> <span class='ocrx_word' id='word_1_531' title='bbox 3045 3630 3166 3681; x_wconf 69' lang='lat' dir='ltr'><strong>quae</strong></span> <span class='ocrx_word' id='word_1_532' title='bbox 3196 3632 3258 3668; x_wconf 78' lang='lat' dir='ltr'><strong>ex</strong></span> <span class='ocrx_word' id='word_1_533' title='bbox 3318 3619 3582 3686; x_wconf 80' lang='lat' dir='ltr'><strong>symbolis</strong></span> 
     </span>
    </p>
   </div>
   <div class='ocr_carea' id='block_1_76' title="bbox 2011 3705 3575 3774">
    <p class='ocr_par' dir='ltr' id='par_1_76' title="bbox 2011 3705 3575 3774">
     <span class='ocr_line' id='line_1_76' title="bbox 2011 3705 3575 3774; baseline 0.005 -16"><span class='ocrx_word' id='word_1_534' title='bbox 2011 3705 2316 3766; x_wconf 81' lang='lat' dir='ltr'><strong>coniicitur,</strong></span> <span class='ocrx_word' id='word_1_535' title='bbox 2341 3705 2650 3772; x_wconf 76' lang='lat' dir='ltr'><strong>cuiusmodi</strong></span> <span class='ocrx_word' id='word_1_536' title='bbox 2692 3716 2819 3760; x_wconf 92' lang='lat' dir='ltr'><strong>sunt</strong></span> <span class='ocrx_word' id='word_1_537' title='bbox 2857 3712 3108 3774; x_wconf 80' lang='lat' dir='ltr'><strong>mysteria</strong></span> <span class='ocrx_word' id='word_1_538' title='bbox 3149 3710 3328 3764; x_wconf 85' lang='lat' dir='ltr'><strong>cultus</strong></span> <span class='ocrx_word' id='word_1_539' title='bbox 3376 3711 3575 3766; x_wconf 84' lang='lat' dir='ltr'><strong>Mosai-</strong></span> 
     </span>
    </p>
   </div>
   <div class='ocr_carea' id='block_1_77' title="bbox 2013 3797 3577 3866">
    <p class='ocr_par' dir='ltr' id='par_1_77' title="bbox 2013 3797 3577 3866">
     <span class='ocr_line' id='line_1_77' title="bbox 2013 3797 3577 3866; baseline 0.005 -16"><span class='ocrx_word' id='word_1_540' title='bbox 2013 3797 2082 3858; x_wconf 91' lang='lat' dir='ltr'><strong>ei,</strong></span> <span class='ocrx_word' id='word_1_541' title='bbox 2119 3807 2171 3850; x_wconf 89' lang='lat' dir='ltr'><strong>et</strong></span> <span class='ocrx_word' id='word_1_542' title='bbox 2206 3797 2457 3866; x_wconf 83' lang='lat' dir='ltr'><strong>mysteria</strong></span> <span class='ocrx_word' id='word_1_543' title='bbox 2495 3798 2664 3850; x_wconf 87' lang='lat' dir='ltr'><strong>nostri</strong></span> <span class='ocrx_word' id='word_1_544' title='bbox 2693 3800 2834 3852; x_wconf 86' lang='lat' dir='ltr'><strong>sacri</strong></span> <span class='ocrx_word' id='word_1_545' title='bbox 2890 3799 3106 3864; x_wconf 90' lang='lat' dir='ltr'><strong>cultus;</strong></span> <span class='ocrx_word' id='word_1_546' title='bbox 3141 3803 3355 3854; x_wconf 86' lang='lat' dir='ltr'><strong>tametsi</strong></span> <span class='ocrx_word' id='word_1_547' title='bbox 3382 3803 3577 3858; x_wconf 84' lang='lat' dir='ltr'><strong>altiora</strong></span> 
     </span>
    </p>
   </div>
   <div class='ocr_carea' id='block_1_78' title="bbox 2013 3889 3574 3962">
    <p class='ocr_par' dir='ltr' id='par_1_78' title="bbox 2013 3889 3574 3962">
     <span class='ocr_line' id='line_1_78' title="bbox 2013 3889 3574 3962; baseline 0.005 -22"><span class='ocrx_word' id='word_1_548' title='bbox 2013 3896 2142 3940; x_wconf 87' lang='lat' dir='ltr'><strong>sunt</strong></span> <span class='ocrx_word' id='word_1_549' title='bbox 2181 3897 2234 3940; x_wconf 91' lang='lat' dir='ltr'><strong>et</strong></span> <span class='ocrx_word' id='word_1_550' title='bbox 2299 3889 2472 3954; x_wconf 77' lang='lat' dir='ltr'><strong>magis</strong></span> <span class='ocrx_word' id='word_1_551' title='bbox 2520 3889 2788 3956; x_wconf 88' lang='lat' dir='ltr'><strong>spiritalia</strong></span> <span class='ocrx_word' id='word_1_552' title='bbox 2846 3900 3028 3942; x_wconf 89' lang='lat' dir='ltr'><strong>nostra</strong></span> <span class='ocrx_word' id='word_1_553' title='bbox 3057 3907 3072 3954; x_wconf 90' lang='lat'><strong>;</strong></span> <span class='ocrx_word' id='word_1_554' title='bbox 3101 3890 3574 3962; x_wconf 75' lang='lat' dir='ltr'><strong>.philosopbieam</strong></span> 
     </span>
    </p>
   </div>
   <div class='ocr_carea' id='block_1_79' title="bbox 2009 3977 3574 4052">
    <p class='ocr_par' dir='ltr' id='par_1_79' title="bbox 2009 3977 3574 4052">
     <span class='ocr_line' id='line_1_79' title="bbox 2009 3977 3574 4052; baseline 0.005 -23"><span class='ocrx_word' id='word_1_555' title='bbox 2009 3991 2140 4031; x_wconf 84' lang='lat' dir='ltr'><strong>vero</strong></span> <span class='ocrx_word' id='word_1_556' title='bbox 2164 3987 2216 4030; x_wconf 85' lang='lat' dir='ltr'><strong>et</strong></span> <span class='ocrx_word' id='word_1_557' title='bbox 2247 3977 2706 4031; x_wconf 86' lang='lat' dir='ltr'><strong>dernoustranlem</strong></span> <span class='ocrx_word' id='word_1_558' title='bbox 2736 3979 3062 4046; x_wconf 82' lang='lat' dir='ltr'><strong>theologiam</strong></span> <span class='ocrx_word' id='word_1_559' title='bbox 3100 3979 3245 4034; x_wconf 88' lang='lat' dir='ltr'><strong>illam</strong></span> <span class='ocrx_word' id='word_1_560' title='bbox 3275 3984 3427 4046; x_wconf 76' lang='lat' dir='ltr'><strong>dicit,</strong></span> <span class='ocrx_word' id='word_1_561' title='bbox 3453 4001 3574 4052; x_wconf 75' lang='lat' dir='ltr'><strong>qua:</strong></span> 
     </span>
    </p>
   </div>
   <div class='ocr_carea' id='block_1_80' title="bbox 2010 4068 3578 4145">
    <p class='ocr_par' dir='ltr' id='par_1_80' title="bbox 2010 4068 3578 4145">
     <span class='ocr_line' id='line_1_80' title="bbox 2010 4068 3578 4145; baseline 0.004 -22"><span class='ocrx_word' id='word_1_562' title='bbox 2010 4068 2311 4136; x_wconf 79' lang='lat' dir='ltr'><strong>exsistitex</strong></span> <span class='ocrx_word' id='word_1_563' title='bbox 2357 4069 2737 4137; x_wconf 85' lang='lat' dir='ltr'><strong>perspicientia</strong></span> <span class='ocrx_word' id='word_1_564' title='bbox 2797 4079 3196 4131; x_wconf 73' lang='lat' dir='ltr'><strong>creaturarum.</strong></span> <span class='ocrx_word' id='word_1_565' title='bbox 3273 4075 3578 4145; x_wconf 59' lang='lat' dir='ltr'><strong>divinaeque</strong></span> 
     </span>
    </p>
   </div>
   <div class='ocr_carea' id='block_1_81' title="bbox 2010 4160 3578 4234">
    <p class='ocr_par' dir='ltr' id='par_1_81' title="bbox 2010 4160 3578 4234">
     <span class='ocr_line' id='line_1_81' title="bbox 2010 4160 3578 4234; baseline 0.006 -22"><span class='ocrx_word' id='word_1_566' title='bbox 2010 4161 2062 4212; x_wconf 92' lang='lat' dir='ltr'><strong>in</strong></span> <span class='ocrx_word' id='word_1_567' title='bbox 2084 4160 2410 4228; x_wconf 89' lang='lat' dir='ltr'><strong>quibusdam</strong></span> <span class='ocrx_word' id='word_1_568' title='bbox 2470 4162 2632 4216; x_wconf 87' lang='lat' dir='ltr'><strong>rebus</strong></span> <span class='ocrx_word' id='word_1_569' title='bbox 2683 4163 3055 4228; x_wconf 71' lang='grc' dir='ltr'><strong>υνονὶιιοηιίιιι,</strong></span> <span class='ocrx_word' id='word_1_570' title='bbox 3115 4173 3166 4215; x_wconf 89' lang='lat' dir='ltr'><strong>et</strong></span> <span class='ocrx_word' id='word_1_571' title='bbox 3231 4168 3578 4234; x_wconf 78' lang='lat' dir='ltr'><strong>expositione</strong></span> 
     </span>
    </p>
   </div>
   <div class='ocr_carea' id='block_1_82' title="bbox 2010 4235 3578 4324">
    <p class='ocr_par' dir='ltr' id='par_1_82' title="bbox 2010 4235 3578 4324">
     <span class='ocr_line' id='line_1_82' title="bbox 2010 4235 3578 4324; baseline 0.006 -21"><span class='ocrx_word' id='word_1_572' title='bbox 2010 4251 2365 4319; x_wconf 84' lang='lat' dir='ltr'><strong>speculatrice</strong></span> <span class='ocrx_word' id='word_1_573' title='bbox 2394 4267 2581 4306; x_wconf 88' lang='lat' dir='ltr'><strong>eorum</strong></span> <span class='ocrx_word' id='word_1_574' title='bbox 2629 4269 2748 4321; x_wconf 70' lang='lat' dir='ltr'><strong>qua:</strong></span> <span class='ocrx_word' id='word_1_575' title='bbox 2787 4235 2991 4306; x_wconf 23' lang='lat' dir='ltr'><strong>dc&#39;Deo</strong></span> <span class='ocrx_word' id='word_1_576' title='bbox 3045 4254 3096 4306; x_wconf 87' lang='lat' dir='ltr'><strong>in</strong></span> <span class='ocrx_word' id='word_1_577' title='bbox 3155 4253 3448 4324; x_wconf 80' lang='lat' dir='ltr'><strong>Seripturis</strong></span> <span class='ocrx_word' id='word_1_578' title='bbox 3500 4259 3578 4312; x_wconf 84' lang='lat' dir='ltr'><strong>di-</strong></span> 
     </span>
    </p>
   </div>
   <div class='ocr_carea' id='block_1_83' title="bbox 1836 4343 2104 4407">
    <p class='ocr_par' dir='ltr' id='par_1_83' title="bbox 1836 4343 2104 4407">
     <span class='ocr_line' id='line_1_83' title="bbox 1836 4343 2104 4407; baseline 0.004 -3"><span class='ocrx_word' id='word_1_579' title='bbox 1836 4343 2104 4407; x_wconf 76' lang='lat' dir='ltr'><strong>SchOHa.</strong></span> 
     </span>
    </p>
   </div>
   <div class='ocr_carea' id='block_1_84' title="bbox 424 4443 3574 4526">
    <p class='ocr_par' dir='ltr' id='par_1_84' title="bbox 424 4443 3574 4526">
     <span class='ocr_line' id='line_1_84' title="bbox 424 4443 3574 4526; baseline 0.004 -32"><span class='ocrx_word' id='word_1_580' title='bbox 424 4455 497 4526; x_wconf 70' lang='grc' dir='ltr'><strong>(ι)</strong></span> <span class='ocrx_word' id='word_1_581' title='bbox 541 4452 970 4526; x_wconf 43' lang='grc' dir='ltr'><strong>Ὑποδιοιίρεςςςιῖτ,Δ</strong></span> <span class='ocrx_word' id='word_1_582' title='bbox 1011 4450 1079 4526; x_wconf 31' lang='lat' dir='ltr'><strong>id.</strong></span> <span class='ocrx_word' id='word_1_583' title='bbox 1105 4456 1209 4511; x_wconf 83' lang='lat' dir='ltr'><strong>est,</strong></span> <span class='ocrx_word' id='word_1_584' title='bbox 1253 4445 1554 4526; x_wconf 47' lang='grc' dir='ltr'><strong>ειιὲιὰἰνὶῥὶο</strong></span> <span class='ocrx_word' id='word_1_585' title='bbox 1613 4444 1921 4511; x_wconf 76' lang='lat' dir='ltr'><strong>Theologiae</strong></span> <span class='ocrx_word' id='word_1_586' title='bbox 1955 4447 1998 4501; x_wconf 90' lang='lat' dir='ltr'><strong>D</strong></span> <span class='ocrx_word' id='word_1_587' title='bbox 2029 4459 2250 4526; x_wconf 83' lang='lat' dir='ltr'><strong>sensum</strong></span> <span class='ocrx_word' id='word_1_588' title='bbox 2284 4443 2610 4524; x_wconf 79' lang='lat' dir='ltr'><strong>incidensin</strong></span> <span class='ocrx_word' id='word_1_589' title='bbox 2647 4446 3055 4524; x_wconf 75' lang='lat' dir='ltr'><strong>translationem</strong></span> <span class='ocrx_word' id='word_1_590' title='bbox 3079 4451 3223 4503; x_wconf 82' lang='lat' dir='ltr'><strong>verbi</strong></span> <span class='ocrx_word' id='word_1_591' title='bbox 3276 4451 3574 4506; x_wconf 88' lang='lat' dir='ltr'><strong>secundum</strong></span> 
     </span>
    </p>
   </div>
   <div class='ocr_carea' id='block_1_85' title="bbox 351 4515 1912 4585">
    <p class='ocr_par' dir='ltr' id='par_1_85' title="bbox 351 4515 1912 4585">
     <span class='ocr_line' id='line_1_85' title="bbox 351 4515 1912 4585; baseline -0.01 -5"><span class='ocrx_word' id='word_1_592' title='bbox 351 4515 658 4582; x_wconf 68' lang='lat' dir='ltr'><strong>svmboliea:</strong></span> <span class='ocrx_word' id='word_1_593' title='bbox 690 4524 741 4574; x_wconf 86' lang='lat' dir='ltr'><strong>in</strong></span> <span class='ocrx_word' id='word_1_594' title='bbox 766 4515 1134 4581; x_wconf 75' lang='lat' dir='ltr'><strong>coincidentia,</strong></span> <span class='ocrx_word' id='word_1_595' title='bbox 1166 4533 1282 4585; x_wconf 75' lang='lat' dir='ltr'><strong>qua:</strong></span> <span class='ocrx_word' id='word_1_596' title='bbox 1304 4515 1473 4568; x_wconf 60' lang='lat' dir='ltr'><strong>Grarei</strong></span> <span class='ocrx_word' id='word_1_597' title='bbox 1527 4523 1732 4585; x_wconf 80' lang='lat' dir='ltr'><strong>vocant</strong></span> <span class='ocrx_word' id='word_1_598' title='bbox 1776 4532 1912 4581; x_wconf 86' lang='grc' dir='ltr'><strong>συμ-</strong></span> 
     </span>
    </p>
   </div>
   <div class='ocr_carea' id='block_1_86' title="bbox 353 4582 1907 4654">
    <p class='ocr_par' dir='ltr' id='par_1_86' title="bbox 353 4582 1907 4654">
     <span class='ocr_line' id='line_1_86' title="bbox 353 4582 1907 4654; baseline -0.01 -6"><span class='ocrx_word' id='word_1_599' title='bbox 353 4588 641 4653; x_wconf 69' lang='grc' dir='ltr'><strong>ςξίπτονται,</strong></span> <span class='ocrx_word' id='word_1_600' title='bbox 673 4600 754 4643; x_wconf 82' lang='lat' dir='ltr'><strong>est</strong></span> <span class='ocrx_word' id='word_1_601' title='bbox 778 4591 975 4644; x_wconf 84' lang='lat' dir='ltr'><strong>divisio</strong></span> <span class='ocrx_word' id='word_1_602' title='bbox 1007 4589 1058 4641; x_wconf 91' lang='lat' dir='ltr'><strong>in</strong></span> <span class='ocrx_word' id='word_1_603' title='bbox 1081 4604 1142 4640; x_wconf 90' lang='lat' dir='ltr'><strong>ea</strong></span> <span class='ocrx_word' id='word_1_604' title='bbox 1174 4582 1293 4654; x_wconf 76' lang='lat' dir='ltr'><strong>qua.-</strong></span> <span class='ocrx_word' id='word_1_605' title='bbox 1328 4585 1640 4653; x_wconf 77' lang='lat' dir='ltr'><strong>promiscue</strong></span> <span class='ocrx_word' id='word_1_606' title='bbox 1670 4582 1735 4636; x_wconf 84' lang='lat' dir='ltr'><strong>ad</strong></span> <span class='ocrx_word' id='word_1_607' title='bbox 1764 4596 1907 4636; x_wconf 82' lang='lat' dir='ltr'><strong>tran-</strong></span> 
     </span>
    </p>
   </div>
   <div class='ocr_carea' id='block_1_87' title="bbox 351 4654 1914 4721">
    <p class='ocr_par' dir='ltr' id='par_1_87' title="bbox 351 4654 1914 4721">
     <span class='ocr_line' id='line_1_87' title="bbox 351 4654 1914 4721; baseline -0.009 -3"><span class='ocrx_word' id='word_1_608' title='bbox 351 4667 634 4718; x_wconf 84' lang='lat' dir='ltr'><strong>slationem</strong></span> <span class='ocrx_word' id='word_1_609' title='bbox 667 4660 812 4712; x_wconf 84' lang='lat' dir='ltr'><strong>verbi</strong></span> <span class='ocrx_word' id='word_1_610' title='bbox 848 4656 1212 4713; x_wconf 73' lang='lat' dir='ltr'><strong>intellectilem</strong></span> <span class='ocrx_word' id='word_1_611' title='bbox 1257 4654 1548 4721; x_wconf 81' lang='lat' dir='ltr'><strong>pertinent,</strong></span> <span class='ocrx_word' id='word_1_612' title='bbox 1581 4668 1634 4705; x_wconf 87' lang='lat' dir='ltr'><strong>et</strong></span> <span class='ocrx_word' id='word_1_613' title='bbox 1665 4655 1729 4705; x_wconf 86' lang='lat' dir='ltr'><strong>a:l</strong></span> <span class='ocrx_word' id='word_1_614' title='bbox 1780 4656 1914 4717; x_wconf 68' lang='lat' dir='ltr'><strong>ligu-</strong></span> 
     </span>
    </p>
   </div>
   <div class='ocr_carea' id='block_1_88' title="bbox 352 4724 1914 4787">
    <p class='ocr_par' dir='ltr' id='par_1_88' title="bbox 352 4724 1914 4787">
     <span class='ocr_line' id='line_1_88' title="bbox 352 4724 1914 4787; baseline -0.009 0"><span class='ocrx_word' id='word_1_615' title='bbox 352 4735 624 4787; x_wconf 85' lang='lat' dir='ltr'><strong>rationem</strong></span> <span class='ocrx_word' id='word_1_616' title='bbox 655 4731 909 4784; x_wconf 83' lang='lat' dir='ltr'><strong>sensilem</strong></span> <span class='ocrx_word' id='word_1_617' title='bbox 953 4745 968 4781; x_wconf 87' lang='lat'><strong>:</strong></span> <span class='ocrx_word' id='word_1_618' title='bbox 1006 4735 1063 4779; x_wconf 87' lang='grc' dir='ltr'><strong>ιιι</strong></span> <span class='ocrx_word' id='word_1_619' title='bbox 1095 4726 1276 4778; x_wconf 87' lang='lat' dir='ltr'><strong>dicere</strong></span> <span class='ocrx_word' id='word_1_620' title='bbox 1318 4725 1369 4774; x_wconf 91' lang='lat' dir='ltr'><strong>in</strong></span> <span class='ocrx_word' id='word_1_621' title='bbox 1406 4724 1537 4787; x_wconf 76' lang='lat' dir='ltr'><strong>Deo,</strong></span> <span class='ocrx_word' id='word_1_622' title='bbox 1569 4737 1650 4784; x_wconf 84' lang='lat' dir='ltr'><strong>os,</strong></span> <span class='ocrx_word' id='word_1_623' title='bbox 1705 4724 1914 4783; x_wconf 82' lang='lat' dir='ltr'><strong>oculos,</strong></span> 
     </span>
    </p>
   </div>
   <div class='ocr_carea' id='block_1_89' title="bbox 355 4792 1918 4863">
    <p class='ocr_par' dir='ltr' id='par_1_89' title="bbox 355 4792 1918 4863">
     <span class='ocr_line' id='line_1_89' title="bbox 355 4792 1918 4863; baseline -0.01 -7"><span class='ocrx_word' id='word_1_624' title='bbox 355 4805 813 4863; x_wconf 80' lang='lat' dir='ltr'><strong>laciem,manus,</strong></span> <span class='ocrx_word' id='word_1_625' title='bbox 848 4801 1031 4863; x_wconf 82' lang='lat' dir='ltr'><strong>pedes,</strong></span> <span class='ocrx_word' id='word_1_626' title='bbox 1065 4803 1118 4846; x_wconf 88' lang='lat' dir='ltr'><strong>et.</strong></span> <span class='ocrx_word' id='word_1_627' title='bbox 1163 4794 1412 4844; x_wconf 80' lang='lat' dir='ltr'><strong>similiter</strong></span> <span class='ocrx_word' id='word_1_628' title='bbox 1473 4792 1524 4843; x_wconf 92' lang='lat' dir='ltr'><strong>in</strong></span> <span class='ocrx_word' id='word_1_629' title='bbox 1587 4793 1705 4843; x_wconf 86' lang='lat' dir='ltr'><strong>aliis</strong></span> <span class='ocrx_word' id='word_1_630' title='bbox 1756 4794 1918 4863; x_wconf 74' lang='lat' dir='ltr'><strong>parti-</strong></span> 
     </span>
    </p>
   </div>
   <div class='ocr_carea' id='block_1_90' title="bbox 353 4862 1911 4936">
    <p class='ocr_par' dir='ltr' id='par_1_90' title="bbox 353 4862 1911 4936">
     <span class='ocr_line' id='line_1_90' title="bbox 353 4862 1911 4936; baseline -0.01 -11"><span class='ocrx_word' id='word_1_631' title='bbox 353 4874 456 4925; x_wconf 89' lang='lat' dir='ltr'><strong>bus</strong></span> <span class='ocrx_word' id='word_1_632' title='bbox 496 4862 764 4936; x_wconf 82' lang='lat' dir='ltr'><strong>corporis,</strong></span> <span class='ocrx_word' id='word_1_633' title='bbox 795 4862 915 4936; x_wconf 79' lang='lat' dir='ltr'><strong>qua:</strong></span> <span class='ocrx_word' id='word_1_634' title='bbox 973 4863 1265 4931; x_wconf 81' lang='lat' dir='ltr'><strong>etligurar-i</strong></span> <span class='ocrx_word' id='word_1_635' title='bbox 1323 4870 1568 4936; x_wconf 63' lang='lat' dir='ltr'><strong>possunt</strong></span> <span class='ocrx_word' id='word_1_636' title='bbox 1614 4862 1911 4936; x_wconf 52' lang='lat' dir='ltr'><strong>secundum</strong></span> 
     </span>
    </p>
   </div>
   <div class='ocr_carea' id='block_1_91' title="bbox 352 4929 1911 5004">
    <p class='ocr_par' dir='ltr' id='par_1_91' title="bbox 352 4929 1911 5004">
     <span class='ocr_line' id='line_1_91' title="bbox 352 4929 1911 5004; baseline -0.012 -8"><span class='ocrx_word' id='word_1_637' title='bbox 352 4929 678 5002; x_wconf 56' lang='lat' dir='ltr'><strong>St‘llSllll’l,-el</strong></span> <span class='ocrx_word' id='word_1_638' title='bbox 713 4929 839 5004; x_wconf 52' lang='lat' dir='ltr'><strong>idic&#39;i</strong></span> <span class='ocrx_word' id='word_1_639' title='bbox 904 4929 1168 5004; x_wconf 78' lang='lat' dir='ltr'><strong>translate</strong></span> <span class='ocrx_word' id='word_1_640' title='bbox 1218 4929 1911 5004; x_wconf 67' lang='lat' dir='ltr'><strong>secundumintellectum,</strong></span> 
     </span>
    </p>
   </div>
   <div class='ocr_carea' id='block_1_92' title="bbox 353 5000 1914 5068">
    <p class='ocr_par' dir='ltr' id='par_1_92' title="bbox 353 5000 1914 5068">
     <span class='ocr_line' id='line_1_92' title="bbox 353 5000 1914 5068; baseline -0.009 -7"><span class='ocrx_word' id='word_1_641' title='bbox 353 5019 410 5061; x_wconf 89' lang='lat' dir='ltr'><strong>ut</strong></span> <span class='ocrx_word' id='word_1_642' title='bbox 443 5013 486 5062; x_wconf 85' lang='lat' dir='ltr'><strong>si</strong></span> <span class='ocrx_word' id='word_1_643' title='bbox 511 5000 685 5060; x_wconf 76' lang='lat' dir='ltr'><strong>diviso</strong></span> <span class='ocrx_word' id='word_1_644' title='bbox 710 5000 932 5060; x_wconf 76' lang='lat' dir='ltr'><strong>animali</strong></span> <span class='ocrx_word' id='word_1_645' title='bbox 967 5007 1017 5056; x_wconf 91' lang='lat' dir='ltr'><strong>in</strong></span> <span class='ocrx_word' id='word_1_646' title='bbox 1056 5001 1320 5054; x_wconf 84' lang='lat' dir='ltr'><strong>rationale</strong></span> <span class='ocrx_word' id='word_1_647' title='bbox 1357 5000 1662 5068; x_wconf 81' lang='lat' dir='ltr'><strong>oppositum</strong></span> <span class='ocrx_word' id='word_1_648' title='bbox 1700 5000 1914 5051; x_wconf 86' lang='lat' dir='ltr'><strong>irratio-</strong></span> 
     </span>
    </p>
   </div>
   <div class='ocr_carea' id='block_1_93' title="bbox 354 5069 1914 5142">
    <p class='ocr_par' dir='ltr' id='par_1_93' title="bbox 354 5069 1914 5142">
     <span class='ocr_line' id='line_1_93' title="bbox 354 5069 1914 5142; baseline -0.008 -9"><span class='ocrx_word' id='word_1_649' title='bbox 354 5081 482 5142; x_wconf 87' lang='lat' dir='ltr'><strong>ttali,</strong></span> <span class='ocrx_word' id='word_1_650' title='bbox 520 5086 574 5129; x_wconf 89' lang='lat' dir='ltr'><strong>et</strong></span> <span class='ocrx_word' id='word_1_651' title='bbox 606 5077 657 5127; x_wconf 93' lang='lat' dir='ltr'><strong>in</strong></span> <span class='ocrx_word' id='word_1_652' title='bbox 701 5076 1014 5128; x_wconf 84' lang='lat' dir='ltr'><strong>irrationale</strong></span> <span class='ocrx_word' id='word_1_653' title='bbox 1047 5071 1351 5142; x_wconf 81' lang='lat' dir='ltr'><strong>oppositum</strong></span> <span class='ocrx_word' id='word_1_654' title='bbox 1383 5069 1657 5129; x_wconf 84' lang='lat' dir='ltr'><strong>rationali,</strong></span> <span class='ocrx_word' id='word_1_655' title='bbox 1722 5082 1914 5142; x_wconf 77' lang='lat' dir='ltr'><strong>rursus</strong></span> 
     </span>
    </p>
   </div>
   <div class='ocr_carea' id='block_1_94' title="bbox 357 5139 1913 5201">
    <p class='ocr_par' dir='ltr' id='par_1_94' title="bbox 357 5139 1913 5201">
     <span class='ocr_line' id='line_1_94' title="bbox 357 5139 1913 5201; baseline -0.008 -1"><span class='ocrx_word' id='word_1_656' title='bbox 357 5139 775 5201; x_wconf 80' lang='lat' dir='ltr'><strong>Iiatsubdivisio</strong></span> <span class='ocrx_word' id='word_1_657' title='bbox 821 5141 1068 5196; x_wconf 84' lang='lat' dir='ltr'><strong>animalis</strong></span> <span class='ocrx_word' id='word_1_658' title='bbox 1102 5143 1152 5192; x_wconf 90' lang='lat' dir='ltr'><strong>in</strong></span> <span class='ocrx_word' id='word_1_659' title='bbox 1187 5139 1633 5196; x_wconf 69' lang='lat' dir='ltr'><strong>herbivorurn,et</strong></span> <span class='ocrx_word' id='word_1_660' title='bbox 1660 5139 1913 5189; x_wconf 73' lang='lat' dir='ltr'><strong>caruitc-</strong></span> 
     </span>
    </p>
   </div>
   <div class='ocr_carea' id='block_1_95' title="bbox 358 5206 1910 5283">
    <p class='ocr_par' dir='ltr' id='par_1_95' title="bbox 358 5206 1910 5283">
     <span class='ocr_line' id='line_1_95' title="bbox 358 5206 1910 5283; baseline -0.008 -13"><span class='ocrx_word' id='word_1_661' title='bbox 358 5233 499 5277; x_wconf 87' lang='lat' dir='ltr'><strong>rum,</strong></span> <span class='ocrx_word' id='word_1_662' title='bbox 528 5232 648 5283; x_wconf 68' lang='lat' dir='ltr'><strong>quae</strong></span> <span class='ocrx_word' id='word_1_663' title='bbox 682 5231 786 5267; x_wconf 89' lang='lat' dir='ltr'><strong>non</strong></span> <span class='ocrx_word' id='word_1_664' title='bbox 816 5225 938 5267; x_wconf 85' lang='lat' dir='ltr'><strong>Slllll</strong></span> <span class='ocrx_word' id='word_1_665' title='bbox 985 5210 1250 5283; x_wconf 78' lang='lat' dir='ltr'><strong>opposita,</strong></span> <span class='ocrx_word' id='word_1_666' title='bbox 1283 5209 1374 5283; x_wconf 81' lang='lat' dir='ltr'><strong>sed</strong></span> <span class='ocrx_word' id='word_1_667' title='bbox 1398 5206 1714 5283; x_wconf 71' lang='lat' dir='ltr'><strong>(:0ittt&#39;idUttt</strong></span> <span class='ocrx_word' id='word_1_668' title='bbox 1743 5212 1910 5283; x_wconf 69' lang='lat' dir='ltr'><strong>inge-</strong></span> 
     </span>
    </p>
   </div>
   <div class='ocr_carea' id='block_1_96' title="bbox 356 5277 1908 5342">
    <p class='ocr_par' dir='ltr' id='par_1_96' title="bbox 356 5277 1908 5342">
     <span class='ocr_line' id='line_1_96' title="bbox 356 5277 1908 5342; baseline -0.007 -3"><span class='ocrx_word' id='word_1_669' title='bbox 356 5302 487 5340; x_wconf 85' lang='lat' dir='ltr'><strong>nere</strong></span> <span class='ocrx_word' id='word_1_670' title='bbox 511 5277 766 5337; x_wconf 75' lang='lat' dir='ltr'><strong>animalis</strong></span> <span class='ocrx_word' id='word_1_671' title='bbox 821 5277 1099 5334; x_wconf 83' lang='lat' dir='ltr'><strong>rationalis</strong></span> <span class='ocrx_word' id='word_1_672' title='bbox 1121 5288 1174 5331; x_wconf 86' lang='lat' dir='ltr'><strong>et</strong></span> <span class='ocrx_word' id='word_1_673' title='bbox 1224 5277 1553 5330; x_wconf 88' lang='lat' dir='ltr'><strong>irrationalis</strong></span> <span class='ocrx_word' id='word_1_674' title='bbox 1587 5294 1600 5327; x_wconf 87' lang='lat'><strong>:</strong></span> <span class='ocrx_word' id='word_1_675' title='bbox 1641 5277 1908 5342; x_wconf 83' lang='lat' dir='ltr'><strong>siquidem</strong></span> 
     </span>
    </p>
   </div>
   <div class='ocr_carea' id='block_1_97' title="bbox 356 5346 1915 5422">
    <p class='ocr_par' dir='ltr' id='par_1_97' title="bbox 356 5346 1915 5422">
     <span class='ocr_line' id='line_1_97' title="bbox 356 5346 1915 5422; baseline -0.006 -16"><span class='ocrx_word' id='word_1_676' title='bbox 356 5358 708 5422; x_wconf 85' lang='lat' dir='ltr'><strong>reperiuntur</strong></span> <span class='ocrx_word' id='word_1_677' title='bbox 732 5353 939 5404; x_wconf 86' lang='lat' dir='ltr'><strong>ratione</strong></span> <span class='ocrx_word' id='word_1_678' title='bbox 972 5360 1184 5402; x_wconf 84' lang='lat' dir='ltr'><strong>utentes</strong></span> <span class='ocrx_word' id='word_1_679' title='bbox 1233 5347 1594 5422; x_wconf 68' lang='lat' dir='ltr'><strong>Irer&#39;lrivot&#39;i,et</strong></span> <span class='ocrx_word' id='word_1_680' title='bbox 1656 5346 1757 5422; x_wconf 83' lang='lat' dir='ltr'><strong>alii</strong></span> <span class='ocrx_word' id='word_1_681' title='bbox 1797 5361 1915 5422; x_wconf 69' lang='lat' dir='ltr'><strong>car-</strong></span> 
     </span>
    </p>
   </div>
   <div class='ocr_carea' id='block_1_98' title="bbox 357 5415 1912 5483">
    <p class='ocr_par' dir='ltr' id='par_1_98' title="bbox 357 5415 1912 5483">
     <span class='ocr_line' id='line_1_98' title="bbox 357 5415 1912 5483; baseline -0.008 -6"><span class='ocrx_word' id='word_1_682' title='bbox 357 5415 555 5483; x_wconf 71' lang='lat' dir='ltr'><strong>nivori,</strong></span> <span class='ocrx_word' id='word_1_683' title='bbox 596 5423 976 5475; x_wconf 79' lang='lat' dir='ltr'><strong>ctanimantes</strong></span> <span class='ocrx_word' id='word_1_684' title='bbox 1002 5423 1130 5472; x_wconf 88' lang='lat' dir='ltr'><strong>item</strong></span> <span class='ocrx_word' id='word_1_685' title='bbox 1190 5419 1396 5468; x_wconf 79' lang='lat' dir='ltr'><strong>ratione</strong></span> <span class='ocrx_word' id='word_1_686' title='bbox 1427 5427 1674 5468; x_wconf 85' lang='lat' dir='ltr'><strong>carentes</strong></span> <span class='ocrx_word' id='word_1_687' title='bbox 1717 5415 1912 5468; x_wconf 89' lang='lat' dir='ltr'><strong>simili-</strong></span> 
     </span>
    </p>
   </div>
   <div class='ocr_carea' id='block_1_99' title="bbox 356 5483 1915 5554">
    <p class='ocr_par' dir='ltr' id='par_1_99' title="bbox 356 5483 1915 5554">
     <span class='ocr_line' id='line_1_99' title="bbox 356 5483 1915 5554; baseline -0.006 -9"><span class='ocrx_word' id='word_1_688' title='bbox 356 5503 438 5545; x_wconf 75' lang='lat' dir='ltr'><strong>ter</strong></span> <span class='ocrx_word' id='word_1_689' title='bbox 470 5493 790 5554; x_wconf 65' lang='lat' dir='ltr'><strong>berbivoraz,</strong></span> <span class='ocrx_word' id='word_1_690' title='bbox 821 5498 872 5542; x_wconf 90' lang='lat' dir='ltr'><strong>et</strong></span> <span class='ocrx_word' id='word_1_691' title='bbox 903 5491 1022 5542; x_wconf 70' lang='lat' dir='ltr'><strong>alia:</strong></span> <span class='ocrx_word' id='word_1_692' title='bbox 1044 5487 1360 5542; x_wconf 69' lang='lat' dir='ltr'><strong>carnivorae.</strong></span> <span class='ocrx_word' id='word_1_693' title='bbox 1388 5483 1658 5537; x_wconf 77' lang='lat' dir='ltr'><strong>Sicdivrsa</strong></span> <span class='ocrx_word' id='word_1_694' title='bbox 1707 5484 1915 5536; x_wconf 86' lang='lat' dir='ltr'><strong>theolo—</strong></span> 
     </span>
    </p>
   </div>
   <div class='ocr_carea' id='block_1_100' title="bbox 357 5556 1916 5631">
    <p class='ocr_par' dir='ltr' id='par_1_100' title="bbox 357 5556 1916 5631">
     <span class='ocr_line' id='line_1_100' title="bbox 357 5556 1916 5631; baseline -0.004 -19"><span class='ocrx_word' id='word_1_695' title='bbox 357 5564 440 5631; x_wconf 79' lang='lat' dir='ltr'><strong>gia</strong></span> <span class='ocrx_word' id='word_1_696' title='bbox 473 5561 766 5630; x_wconf 66' lang='lat' dir='ltr'><strong>symbolica</strong></span> <span class='ocrx_word' id='word_1_697' title='bbox 813 5563 864 5631; x_wconf 83' lang='lat' dir='ltr'><strong>in</strong></span> <span class='ocrx_word' id='word_1_698' title='bbox 918 5561 1288 5631; x_wconf 74' lang='lat' dir='ltr'><strong>ﬁgurationem</strong></span> <span class='ocrx_word' id='word_1_699' title='bbox 1349 5556 1644 5631; x_wconf 68' lang='lat' dir='ltr'><strong>secundum</strong></span> <span class='ocrx_word' id='word_1_700' title='bbox 1699 5568 1916 5631; x_wconf 68' lang='lat' dir='ltr'><strong>sensum</strong></span> 
     </span>
    </p>
   </div>
   <div class='ocr_carea' id='block_1_101' title="bbox 357 5624 1913 5698">
    <p class='ocr_par' dir='ltr' id='par_1_101' title="bbox 357 5624 1913 5698">
     <span class='ocr_line' id='line_1_101' title="bbox 357 5624 1913 5698; baseline -0.004 -17"><span class='ocrx_word' id='word_1_701' title='bbox 357 5624 666 5698; x_wconf 62' lang='lat' dir='ltr'><strong>oppositam</strong></span> <span class='ocrx_word' id='word_1_702' title='bbox 700 5624 1036 5681; x_wconf 79' lang='lat' dir='ltr'><strong>translationi</strong></span> <span class='ocrx_word' id='word_1_703' title='bbox 1063 5627 1215 5679; x_wconf 86' lang='lat' dir='ltr'><strong>verbi</strong></span> <span class='ocrx_word' id='word_1_704' title='bbox 1241 5624 1539 5698; x_wconf 71' lang='lat' dir='ltr'><strong>secundum</strong></span> <span class='ocrx_word' id='word_1_705' title='bbox 1585 5624 1913 5698; x_wconf 70' lang='lat' dir='ltr'><strong>intellectum</strong></span> 
     </span>
    </p>
   </div>
   <div class='ocr_carea' id='block_1_102' title="bbox 361 5692 1911 5769">
    <p class='ocr_par' dir='ltr' id='par_1_102' title="bbox 361 5692 1911 5769">
     <span class='ocr_line' id='line_1_102' title="bbox 361 5692 1911 5769; baseline -0.005 -18"><span class='ocrx_word' id='word_1_706' title='bbox 361 5692 635 5769; x_wconf 71' lang='lat' dir='ltr'><strong>reperitur</strong></span> <span class='ocrx_word' id='word_1_707' title='bbox 666 5713 854 5748; x_wconf 85' lang='lat' dir='ltr'><strong>rursus</strong></span> <span class='ocrx_word' id='word_1_708' title='bbox 890 5704 940 5748; x_wconf 91' lang='lat' dir='ltr'><strong>in</strong></span> <span class='ocrx_word' id='word_1_709' title='bbox 978 5700 1298 5766; x_wconf 81' lang='lat' dir='ltr'><strong>quibusdam</strong></span> <span class='ocrx_word' id='word_1_710' title='bbox 1331 5694 1579 5763; x_wconf 54' lang='lat' dir='ltr'><strong>ﬁgurati&quot;</strong></span> <span class='ocrx_word' id='word_1_711' title='bbox 1613 5692 1911 5747; x_wconf 76' lang='lat' dir='ltr'><strong>seiuudutn</strong></span> 
     </span>
    </p>
   </div>
   <div class='ocr_carea' id='block_1_103' title="bbox 685 5792 1304 5854">
    <p class='ocr_par' dir='ltr' id='par_1_103' title="bbox 685 5792 1304 5854">
     <span class='ocr_line' id='line_1_103' title="bbox 685 5792 1304 5854; baseline 0.01 -7"><span class='ocrx_word' id='word_1_712' title='bbox 685 5792 946 5850; x_wconf 74' lang='lat' dir='ltr'><strong>PATROL.</strong></span> <span class='ocrx_word' id='word_1_713' title='bbox 983 5795 1095 5853; x_wconf 72' lang='lat' dir='ltr'><strong>(in.</strong></span> <span class='ocrx_word' id='word_1_714' title='bbox 1131 5793 1304 5854; x_wconf 76' lang='lat' dir='ltr'><strong>CLII.</strong></span> 
     </span>
    </p>
   </div>
   <div class='ocr_carea' id='block_1_104' title="bbox 2013 4514 3574 4583">
    <p class='ocr_par' dir='ltr' id='par_1_104' title="bbox 2013 4514 3574 4583">
     <span class='ocr_line' id='line_1_104' title="bbox 2013 4514 3574 4583; baseline 0.005 -17"><span class='ocrx_word' id='word_1_715' title='bbox 2013 4515 2388 4583; x_wconf 22' lang='lat' dir='ltr'><strong>liotel&#39;eetum,</strong></span> <span class='ocrx_word' id='word_1_716' title='bbox 2421 4523 2475 4564; x_wconf 90' lang='lat' dir='ltr'><strong>et</strong></span> <span class='ocrx_word' id='word_1_717' title='bbox 2509 4514 2748 4567; x_wconf 83' lang='lat' dir='ltr'><strong>vicissim</strong></span> <span class='ocrx_word' id='word_1_718' title='bbox 2778 4519 3062 4571; x_wconf 78' lang='lat' dir='ltr'><strong>translatio</strong></span> <span class='ocrx_word' id='word_1_719' title='bbox 3095 4523 3239 4572; x_wconf 80' lang='lat' dir='ltr'><strong>verbi</strong></span> <span class='ocrx_word' id='word_1_720' title='bbox 3275 4525 3574 4574; x_wconf 86' lang='lat' dir='ltr'><strong>secumlnm</strong></span> 
     </span>
    </p>
   </div>
   <div class='ocr_carea' id='block_1_105' title="bbox 2021 4583 3573 4653">
    <p class='ocr_par' dir='ltr' id='par_1_105' title="bbox 2021 4583 3573 4653">
     <span class='ocr_line' id='line_1_105' title="bbox 2021 4583 3573 4653; baseline 0.004 -15"><span class='ocrx_word' id='word_1_721' title='bbox 2021 4583 2350 4638; x_wconf 87' lang='lat' dir='ltr'><strong>intellectum</strong></span> <span class='ocrx_word' id='word_1_722' title='bbox 2385 4583 2656 4653; x_wconf 77' lang='lat' dir='ltr'><strong>incidens</strong></span> <span class='ocrx_word' id='word_1_723' title='bbox 2723 4586 2774 4636; x_wconf 89' lang='lat' dir='ltr'><strong>in</strong></span> <span class='ocrx_word' id='word_1_724' title='bbox 2829 4587 3201 4653; x_wconf 68' lang='lat' dir='ltr'><strong>ﬁgurationem</strong></span> <span class='ocrx_word' id='word_1_725' title='bbox 3275 4592 3573 4644; x_wconf 62' lang='lat' dir='ltr'><strong>secundum</strong></span> 
     </span>
    </p>
   </div>
   <div class='ocr_carea' id='block_1_106' title="bbox 2021 4652 3427 4720">
    <p class='ocr_par' dir='ltr' id='par_1_106' title="bbox 2021 4652 3427 4720">
     <span class='ocr_line' id='line_1_106' title="bbox 2021 4652 3427 4720; baseline 0.005 -16"><span class='ocrx_word' id='word_1_726' title='bbox 2021 4667 2261 4709; x_wconf 84' lang='lat' dir='ltr'><strong>sensum.</strong></span> <span class='ocrx_word' id='word_1_727' title='bbox 2294 4659 2346 4702; x_wconf 91' lang='grc' dir='ltr'><strong>ιιι</strong></span> <span class='ocrx_word' id='word_1_728' title='bbox 2383 4652 2434 4703; x_wconf 93' lang='lat' dir='ltr'><strong>in</strong></span> <span class='ocrx_word' id='word_1_729' title='bbox 2465 4654 2729 4720; x_wconf 69' lang='lat' dir='ltr'><strong>exemplis</strong></span> <span class='ocrx_word' id='word_1_730' title='bbox 2749 4656 3094 4720; x_wconf 80' lang='lat' dir='ltr'><strong>Superiorum</strong></span> <span class='ocrx_word' id='word_1_731' title='bbox 3127 4661 3427 4711; x_wconf 87' lang='lat' dir='ltr'><strong>nominum.</strong></span> 
     </span>
    </p>
   </div>
   <div class='ocr_carea' id='block_1_107' title="bbox 2089 4720 3582 4789">
    <p class='ocr_par' dir='ltr' id='par_1_107' title="bbox 2089 4720 3582 4789">
     <span class='ocr_line' id='line_1_107' title="bbox 2089 4720 3582 4789; baseline 0.005 -16"><span class='ocrx_word' id='word_1_732' title='bbox 2089 4722 2167 4781; x_wconf 63' lang='lat'><strong>(“2)</strong></span> <span class='ocrx_word' id='word_1_733' title='bbox 2204 4720 2486 4787; x_wconf 78' lang='lat' dir='ltr'><strong>Mysticum</strong></span> <span class='ocrx_word' id='word_1_734' title='bbox 2513 4737 2628 4772; x_wconf 86' lang='lat' dir='ltr'><strong>cum</strong></span> <span class='ocrx_word' id='word_1_735' title='bbox 2663 4724 2919 4789; x_wconf 79' lang='lat' dir='ltr'><strong>symbolo.</strong></span> <span class='ocrx_word' id='word_1_736' title='bbox 2964 4726 3053 4777; x_wconf 59' lang='lat' dir='ltr'><strong>list</strong></span> <span class='ocrx_word' id='word_1_737' title='bbox 3085 4728 3254 4786; x_wconf 84' lang='lat' dir='ltr'><strong>enim,</strong></span> <span class='ocrx_word' id='word_1_738' title='bbox 3313 4731 3387 4780; x_wconf 83' lang='lat' dir='ltr'><strong>ait</strong></span> <span class='ocrx_word' id='word_1_739' title='bbox 3450 4745 3582 4782; x_wconf 81' lang='lat' dir='ltr'><strong>san-</strong></span> 
     </span>
    </p>
   </div>
   <div class='ocr_carea' id='block_1_108' title="bbox 2019 4790 3576 4867">
    <p class='ocr_par' dir='ltr' id='par_1_108' title="bbox 2019 4790 3576 4867">
     <span class='ocr_line' id='line_1_108' title="bbox 2019 4790 3576 4867; baseline 0.004 -21"><span class='ocrx_word' id='word_1_740' title='bbox 2019 4803 2136 4867; x_wconf 77' lang='lat' dir='ltr'><strong>ctus</strong></span> <span class='ocrx_word' id='word_1_741' title='bbox 2169 4790 2456 4867; x_wconf 77' lang='lat' dir='ltr'><strong>Maximus,</strong></span> <span class='ocrx_word' id='word_1_742' title='bbox 2493 4792 2542 4840; x_wconf 91' lang='lat' dir='ltr'><strong>in</strong></span> <span class='ocrx_word' id='word_1_743' title='bbox 2577 4790 2852 4867; x_wconf 29' lang='lat' dir='ltr'><strong>Syrribolo‘</strong></span> <span class='ocrx_word' id='word_1_744' title='bbox 2891 4804 3147 4862; x_wconf 85' lang='lat' dir='ltr'><strong>tanquam</strong></span> <span class='ocrx_word' id='word_1_745' title='bbox 3181 4797 3372 4849; x_wconf 89' lang='lat' dir='ltr'><strong>umbra</strong></span> <span class='ocrx_word' id='word_1_746' title='bbox 3438 4811 3576 4853; x_wconf 79' lang='lat' dir='ltr'><strong>tet-ta</strong></span> 
     </span>
    </p>
   </div>
   <div class='ocr_carea' id='block_1_109' title="bbox 2019 4861 3579 4931">
    <p class='ocr_par' dir='ltr' id='par_1_109' title="bbox 2019 4861 3579 4931">
     <span class='ocr_line' id='line_1_109' title="bbox 2019 4861 3579 4931; baseline 0.005 -19"><span class='ocrx_word' id='word_1_747' title='bbox 2019 4862 2242 4919; x_wconf 85' lang='lat' dir='ltr'><strong>veritas,</strong></span> <span class='ocrx_word' id='word_1_748' title='bbox 2274 4869 2330 4910; x_wconf 93' lang='lat' dir='ltr'><strong>ut</strong></span> <span class='ocrx_word' id='word_1_749' title='bbox 2371 4861 2423 4908; x_wconf 87' lang='lat' dir='ltr'><strong>in</strong></span> <span class='ocrx_word' id='word_1_750' title='bbox 2455 4863 2653 4931; x_wconf 75' lang='lat' dir='ltr'><strong>pascha</strong></span> <span class='ocrx_word' id='word_1_751' title='bbox 2689 4861 2926 4914; x_wconf 70' lang='lat' dir='ltr'><strong>Mosaico</strong></span> <span class='ocrx_word' id='word_1_752' title='bbox 2960 4861 3147 4916; x_wconf 83' lang='lat' dir='ltr'><strong>verum</strong></span> <span class='ocrx_word' id='word_1_753' title='bbox 3182 4868 3402 4931; x_wconf 78' lang='lat' dir='ltr'><strong>pascha,</strong></span> <span class='ocrx_word' id='word_1_754' title='bbox 3435 4869 3579 4922; x_wconf 71' lang='lat' dir='ltr'><strong>sicut</strong></span> 
     </span>
    </p>
   </div>
   <div class='ocr_carea' id='block_1_110' title="bbox 2017 4927 3575 4996">
    <p class='ocr_par' dir='ltr' id='par_1_110' title="bbox 2017 4927 3575 4996">
     <span class='ocr_line' id='line_1_110' title="bbox 2017 4927 3575 4996; baseline 0.002 -12"><span class='ocrx_word' id='word_1_755' title='bbox 2017 4931 2276 4996; x_wconf 79' lang='lat' dir='ltr'><strong>scripturn</strong></span> <span class='ocrx_word' id='word_1_756' title='bbox 2309 4936 2388 4979; x_wconf 82' lang='lat' dir='ltr'><strong>est</strong></span> <span class='ocrx_word' id='word_1_757' title='bbox 2420 4943 2432 4978; x_wconf 90' lang='lat'>:</span> <span class='ocrx_word' id='word_1_758' title='bbox 2476 4927 2679 4979; x_wconf 74' lang='lat' dir='ltr'><strong>Pascha</strong></span> <span class='ocrx_word' id='word_1_759' title='bbox 2708 4941 2944 4982; x_wconf 81' lang='lat' dir='ltr'><strong>nostrum</strong></span> <span class='ocrx_word' id='word_1_760' title='bbox 2979 4927 3282 4986; x_wconf 62' lang='lat' dir='ltr'><strong>immolatus</strong></span> <span class='ocrx_word' id='word_1_761' title='bbox 3315 4947 3390 4989; x_wconf 77' lang='lat' dir='ltr'><strong>est</strong></span> <span class='ocrx_word' id='word_1_762' title='bbox 3419 4938 3575 4990; x_wconf 78' lang='lat' dir='ltr'><strong>Chri-</strong></span> 
     </span>
    </p>
   </div>
   <div class='ocr_carea' id='block_1_111' title="bbox 2017 4994 3574 5067">
    <p class='ocr_par' dir='ltr' id='par_1_111' title="bbox 2017 4994 3574 5067">
     <span class='ocr_line' id='line_1_111' title="bbox 2017 4994 3574 5067; baseline 0.004 -16"><span class='ocrx_word' id='word_1_763' title='bbox 2017 4994 2147 5051; x_wconf 52' lang='lat' dir='ltr'><strong>stus;</strong></span> <span class='ocrx_word' id='word_1_764' title='bbox 2175 4995 2215 5066; x_wconf 89' lang='grc' dir='ltr'><strong>(Ι</strong></span> <span class='ocrx_word' id='word_1_765' title='bbox 2243 4994 2370 5048; x_wconf 88' lang='lat' dir='ltr'><strong>Cor.</strong></span> <span class='ocrx_word' id='word_1_766' title='bbox 2405 4998 2559 5067; x_wconf 86' lang='lat' dir='ltr'><strong>v,_7.)</strong></span> <span class='ocrx_word' id='word_1_767' title='bbox 2598 4996 2712 5050; x_wconf 88' lang='lat' dir='ltr'><strong>lluc</strong></span> <span class='ocrx_word' id='word_1_768' title='bbox 2734 5004 2967 5066; x_wconf 78' lang='lat' dir='ltr'><strong>pertinet</strong></span> <span class='ocrx_word' id='word_1_769' title='bbox 3028 5004 3153 5055; x_wconf 89' lang='lat' dir='ltr'><strong>illud</strong></span> <span class='ocrx_word' id='word_1_770' title='bbox 3188 5007 3440 5059; x_wconf 64' lang='lat' dir='ltr'><strong>adlialat.</strong></span> <span class='ocrx_word' id='word_1_771' title='bbox 3501 5024 3574 5067; x_wconf 80' lang='lat' dir='ltr'><strong>tv,</strong></span> 
     </span>
    </p>
   </div>
   <div class='ocr_carea' id='block_1_112' title="bbox 2015 5065 3579 5135">
    <p class='ocr_par' dir='ltr' id='par_1_112' title="bbox 2015 5065 3579 5135">
     <span class='ocr_line' id='line_1_112' title="bbox 2015 5065 3579 5135; baseline 0.005 -13"><span class='ocrx_word' id='word_1_772' title='bbox 2015 5069 2087 5122; x_wconf 62' lang='grc' dir='ltr'><strong>Ἡ</strong></span> <span class='ocrx_word' id='word_1_773' title='bbox 2109 5085 2122 5120; x_wconf 90' lang='lat'>:</span> <span class='ocrx_word' id='word_1_774' title='bbox 2147 5065 2411 5120; x_wconf 82' lang='lat' dir='ltr'><strong>Abraham</strong></span> <span class='ocrx_word' id='word_1_775' title='bbox 2437 5065 2567 5118; x_wconf 76' lang='lat' dir='ltr'><strong>duos</strong></span> <span class='ocrx_word' id='word_1_776' title='bbox 2597 5065 2747 5135; x_wconf 75' lang='lat' dir='ltr'><strong>[illos</strong></span> <span class='ocrx_word' id='word_1_777' title='bbox 2771 5071 2972 5132; x_wconf 83' lang='lat' dir='ltr'><strong>habuit,</strong></span> <span class='ocrx_word' id='word_1_778' title='bbox 3000 5084 3100 5126; x_wconf 86' lang='lat' dir='ltr'><strong>etc.</strong></span> <span class='ocrx_word' id='word_1_779' title='bbox 3133 5075 3242 5127; x_wconf 70' lang='lat' dir='ltr'><strong>bare</strong></span> <span class='ocrx_word' id='word_1_780' title='bbox 3265 5076 3405 5127; x_wconf 79' lang='lat' dir='ltr'><strong>enim</strong></span> <span class='ocrx_word' id='word_1_781' title='bbox 3451 5065 3579 5130; x_wconf 57' lang='lat' dir='ltr'><strong>sunt</strong></span> 
     </span>
    </p>
   </div>
   <div class='ocr_carea' id='block_1_113' title="bbox 2017 5138 3574 5203">
    <p class='ocr_par' dir='ltr' id='par_1_113' title="bbox 2017 5138 3574 5203">
     <span class='ocr_line' id='line_1_113' title="bbox 2017 5138 3574 5203; baseline 0.004 -12"><span class='ocrx_word' id='word_1_782' title='bbox 2017 5140 2125 5191; x_wconf 85' lang='lat' dir='ltr'><strong>duo</strong></span> <span class='ocrx_word' id='word_1_783' title='bbox 2150 5143 2467 5188; x_wconf 79' lang='lat' dir='ltr'><strong>testatltenta</strong></span> <span class='ocrx_word' id='word_1_784' title='bbox 2493 5153 2507 5199; x_wconf 88' lang='lat'><strong>;</strong></span> <span class='ocrx_word' id='word_1_785' title='bbox 2529 5145 2578 5188; x_wconf 84' lang='lat' dir='ltr'><strong>el</strong></span> <span class='ocrx_word' id='word_1_786' title='bbox 2602 5138 2728 5190; x_wconf 65' lang='lat' dir='ltr'><strong>illu.t</strong></span> <span class='ocrx_word' id='word_1_787' title='bbox 2753 5140 2770 5191; x_wconf 86' lang='grc' dir='ltr'><strong>Ι</strong></span> <span class='ocrx_word' id='word_1_788' title='bbox 2798 5143 2922 5193; x_wconf 69' lang='lat' dir='ltr'><strong>(lor.</strong></span> <span class='ocrx_word' id='word_1_789' title='bbox 2947 5156 3000 5203; x_wconf 78' lang='lat' dir='ltr'><strong>x,</strong></span> <span class='ocrx_word' id='word_1_790' title='bbox 3019 5144 3049 5194; x_wconf 70' lang='grc'><strong>4</strong></span> <span class='ocrx_word' id='word_1_791' title='bbox 3083 5161 3094 5196; x_wconf 90' lang='lat'>:</span> <span class='ocrx_word' id='word_1_792' title='bbox 3130 5143 3377 5196; x_wconf 74' lang='lat' dir='ltr'><strong>Bibcbant</strong></span> <span class='ocrx_word' id='word_1_793' title='bbox 3402 5161 3574 5197; x_wconf 76' lang='lat' dir='ltr'><strong>omnes</strong></span> 
     </span>
    </p>
   </div>
   <div class='ocr_carea' id='block_1_114' title="bbox 2020 5209 3579 5283">
    <p class='ocr_par' dir='ltr' id='par_1_114' title="bbox 2020 5209 3579 5283">
     <span class='ocr_line' id='line_1_114' title="bbox 2020 5209 3579 5283; baseline 0 -24"><span class='ocrx_word' id='word_1_794' title='bbox 2020 5209 2083 5259; x_wconf 88' lang='lat' dir='ltr'><strong>de</strong></span> <span class='ocrx_word' id='word_1_795' title='bbox 2110 5213 2449 5283; x_wconf 60' lang='lat' dir='ltr'><strong>consequente</strong></span> <span class='ocrx_word' id='word_1_796' title='bbox 2481 5222 2564 5283; x_wconf 66' lang='lat' dir='ltr'><strong>eos</strong></span> <span class='ocrx_word' id='word_1_797' title='bbox 2598 5222 2767 5274; x_wconf 83' lang='lat' dir='ltr'><strong>petra,</strong></span> <span class='ocrx_word' id='word_1_798' title='bbox 2801 5223 2948 5283; x_wconf 75' lang='lat' dir='ltr'><strong>petra</strong></span> <span class='ocrx_word' id='word_1_799' title='bbox 2984 5226 3160 5265; x_wconf 71' lang='lat' dir='ltr'><strong>(“item</strong></span> <span class='ocrx_word' id='word_1_800' title='bbox 3193 5223 3303 5269; x_wconf 69' lang='lat' dir='ltr'><strong>erat</strong></span> <span class='ocrx_word' id='word_1_801' title='bbox 3336 5214 3579 5266; x_wconf 53' lang='lat' dir='ltr'><strong>(Im-iam;</strong></span> 
     </span>
    </p>
   </div>
   <div class='ocr_carea' id='block_1_115' title="bbox 2017 5275 3579 5355">
    <p class='ocr_par' dir='ltr' id='par_1_115' title="bbox 2017 5275 3579 5355">
     <span class='ocr_line' id='line_1_115' title="bbox 2017 5275 3579 5355; baseline 0 -26"><span class='ocrx_word' id='word_1_802' title='bbox 2017 5286 2069 5329; x_wconf 88' lang='lat' dir='ltr'><strong>et</strong></span> <span class='ocrx_word' id='word_1_803' title='bbox 2100 5275 2514 5355; x_wconf 33' lang='lat' dir='ltr'><strong>osimiliaLQunil</strong></span> <span class='ocrx_word' id='word_1_804' title='bbox 2538 5287 2747 5355; x_wconf 57' lang='lat' dir='ltr'><strong>autem</strong></span> <span class='ocrx_word' id='word_1_805' title='bbox 2779 5275 3086 5348; x_wconf 76' lang='lat' dir='ltr'><strong>Symbolum</strong></span> <span class='ocrx_word' id='word_1_806' title='bbox 3113 5283 3270 5343; x_wconf 88' lang='lat' dir='ltr'><strong>verti,</strong></span> <span class='ocrx_word' id='word_1_807' title='bbox 3311 5284 3404 5333; x_wconf 65' lang='lat' dir='ltr'><strong>inti</strong></span> <span class='ocrx_word' id='word_1_808' title='bbox 3427 5299 3579 5347; x_wconf 75' lang='lat' dir='ltr'><strong>rpre-</strong></span> 
     </span>
    </p>
   </div>
   <div class='ocr_carea' id='block_1_116' title="bbox 2018 5343 3575 5422">
    <p class='ocr_par' dir='ltr' id='par_1_116' title="bbox 2018 5343 3575 5422">
     <span class='ocr_line' id='line_1_116' title="bbox 2018 5343 3575 5422; baseline 0.001 -23"><span class='ocrx_word' id='word_1_809' title='bbox 2018 5346 2277 5422; x_wconf 81' lang='lat' dir='ltr'><strong>tationem</strong></span> <span class='ocrx_word' id='word_1_810' title='bbox 2317 5343 2498 5422; x_wconf 59' lang='lat' dir='ltr'><strong>Sancti</strong></span> <span class='ocrx_word' id='word_1_811' title='bbox 2534 5345 2750 5400; x_wconf 74' lang='lat' dir='ltr'><strong>Maximi</strong></span> <span class='ocrx_word' id='word_1_812' title='bbox 2781 5343 3022 5414; x_wconf 70' lang='lat' dir='ltr'><strong>set-ntus,</strong></span> <span class='ocrx_word' id='word_1_813' title='bbox 3061 5351 3351 5418; x_wconf 75' lang='lat' dir='ltr'><strong>Dionysius</strong></span> <span class='ocrx_word' id='word_1_814' title='bbox 3398 5343 3575 5410; x_wconf 67' lang='lat' dir='ltr'><strong>vocat,</strong></span> 
     </span>
    </p>
   </div>
   <div class='ocr_carea' id='block_1_117' title="bbox 2019 5416 3578 5490">
    <p class='ocr_par' dir='ltr' id='par_1_117' title="bbox 2019 5416 3578 5490">
     <span class='ocr_line' id='line_1_117' title="bbox 2019 5416 3578 5490; baseline 0.003 -24"><span class='ocrx_word' id='word_1_815' title='bbox 2019 5419 2078 5490; x_wconf 53' lang='grc' dir='ltr'><strong>τὸ</strong></span> <span class='ocrx_word' id='word_1_816' title='bbox 2121 5416 2304 5490; x_wconf 42' lang='grc' dir='ltr'><strong>ρη-τὸν,</strong></span> <span class='ocrx_word' id='word_1_817' title='bbox 2330 5416 2378 5465; x_wconf 89' lang='lat' dir='ltr'><strong>id</strong></span> <span class='ocrx_word' id='word_1_818' title='bbox 2399 5430 2514 5490; x_wconf 77' lang='lat' dir='ltr'><strong>_es_&#39;,</strong></span> <span class='ocrx_word' id='word_1_819' title='bbox 2544 5432 2647 5468; x_wconf 84' lang='lat' dir='ltr'><strong>uoti</strong></span> <span class='ocrx_word' id='word_1_820' title='bbox 2675 5424 2918 5484; x_wconf 85' lang='lat' dir='ltr'><strong>tacitum,</strong></span> <span class='ocrx_word' id='word_1_821' title='bbox 2988 5422 3114 5490; x_wconf 87' lang='lat' dir='ltr'><strong>qttia</strong></span> <span class='ocrx_word' id='word_1_822' title='bbox 3157 5416 3298 5486; x_wconf 84' lang='lat' dir='ltr'><strong>quod</strong></span> <span class='ocrx_word' id='word_1_823' title='bbox 3353 5421 3578 5483; x_wconf 60' lang='lat' dir='ltr'><strong>mystice</strong></span> 
     </span>
    </p>
   </div>
   <div class='ocr_carea' id='block_1_118' title="bbox 2026 5484 3576 5559">
    <p class='ocr_par' dir='ltr' id='par_1_118' title="bbox 2026 5484 3576 5559">
     <span class='ocr_line' id='line_1_118' title="bbox 2026 5484 3576 5559; baseline 0.003 -23"><span class='ocrx_word' id='word_1_824' title='bbox 2026 5485 2158 5537; x_wconf 85' lang='lat' dir='ltr'><strong>latet</strong></span> <span class='ocrx_word' id='word_1_825' title='bbox 2177 5486 2237 5559; x_wconf 81' lang='lat' dir='ltr'><strong>j_u</strong></span> <span class='ocrx_word' id='word_1_826' title='bbox 2275 5484 2543 5559; x_wconf 78' lang='lat' dir='ltr'><strong>symbolo,</strong></span> <span class='ocrx_word' id='word_1_827' title='bbox 2571 5497 2649 5538; x_wconf 85' lang='lat' dir='ltr'><strong>est</strong></span> <span class='ocrx_word' id='word_1_828' title='bbox 2693 5484 3021 5559; x_wconf 65' lang='lat' dir='ltr'><strong>dndppqeov;</strong></span> <span class='ocrx_word' id='word_1_829' title='bbox 3055 5492 3104 5542; x_wconf 84' lang='lat' dir='ltr'><strong>id</strong></span> <span class='ocrx_word' id='word_1_830' title='bbox 3131 5484 3234 5548; x_wconf 71' lang='lat' dir='ltr'><strong>est,</strong></span> <span class='ocrx_word' id='word_1_831' title='bbox 3291 5502 3576 5552; x_wconf 77' lang='lat' dir='ltr'><strong>arcanum,</strong></span> 
     </span>
    </p>
   </div>
   <div class='ocr_carea' id='block_1_119' title="bbox 2021 5556 3578 5624">
    <p class='ocr_par' dir='ltr' id='par_1_119' title="bbox 2021 5556 3578 5624">
     <span class='ocr_line' id='line_1_119' title="bbox 2021 5556 3578 5624; baseline 0.002 -19"><span class='ocrx_word' id='word_1_832' title='bbox 2021 5564 2076 5608; x_wconf 90' lang='lat' dir='ltr'><strong>et</strong></span> <span class='ocrx_word' id='word_1_833' title='bbox 2108 5556 2354 5624; x_wconf 83' lang='lat' dir='ltr'><strong>tacitum,</strong></span> <span class='ocrx_word' id='word_1_834' title='bbox 2400 5556 2580 5620; x_wconf 86' lang='lat' dir='ltr'><strong>itaque</strong></span> <span class='ocrx_word' id='word_1_835' title='bbox 2616 5556 3037 5623; x_wconf 62' lang='lat' dir='ltr'><strong>mysteria,qua‘</strong></span> <span class='ocrx_word' id='word_1_836' title='bbox 3075 5562 3126 5610; x_wconf 92' lang='lat' dir='ltr'><strong>in</strong></span> <span class='ocrx_word' id='word_1_837' title='bbox 3190 5559 3448 5624; x_wconf 68' lang='lat' dir='ltr'><strong>symbolis</strong></span> <span class='ocrx_word' id='word_1_838' title='bbox 3500 5562 3578 5611; x_wconf 89' lang='lat' dir='ltr'><strong>si-</strong></span> 
     </span>
    </p>
   </div>
   <div class='ocr_carea' id='block_1_120' title="bbox 2023 5623 3578 5694">
    <p class='ocr_par' dir='ltr' id='par_1_120' title="bbox 2023 5623 3578 5694">
     <span class='ocr_line' id='line_1_120' title="bbox 2023 5623 3578 5694; baseline 0.006 -20"><span class='ocrx_word' id='word_1_839' title='bbox 2023 5623 2374 5690; x_wconf 83' lang='lat' dir='ltr'><strong>gniﬁcantur,</strong></span> <span class='ocrx_word' id='word_1_840' title='bbox 2411 5633 2536 5694; x_wconf 82' lang='lat' dir='ltr'><strong>sunt</strong></span> <span class='ocrx_word' id='word_1_841' title='bbox 2569 5626 2854 5694; x_wconf 46' lang='grc' dir='ltr'><strong>ἀπόρρτστα</strong></span> <span class='ocrx_word' id='word_1_842' title='bbox 2894 5630 2950 5679; x_wconf 79' lang='grc' dir='ltr'><strong>ὲν</strong></span> <span class='ocrx_word' id='word_1_843' title='bbox 2991 5629 3169 5694; x_wconf 73' lang='grc' dir='ltr'><strong>ῥητοῖς</strong></span> <span class='ocrx_word' id='word_1_844' title='bbox 3196 5623 3484 5694; x_wconf 52' lang='lat' dir='ltr'><strong>remitti-sva,</strong></span> <span class='ocrx_word' id='word_1_845' title='bbox 3526 5627 3578 5684; x_wconf 88' lang='lat' dir='ltr'><strong>id</strong></span> 
     </span>
    </p>
   </div>
   <div class='ocr_carea' id='block_1_121' title="bbox 2017 5692 3073 5767">
    <p class='ocr_par' dir='ltr' id='par_1_121' title="bbox 2017 5692 3073 5767">
     <span class='ocr_line' id='line_1_121' title="bbox 2017 5692 3073 5767; baseline 0.001 -21"><span class='ocrx_word' id='word_1_846' title='bbox 2017 5703 2120 5756; x_wconf 85' lang='lat' dir='ltr'><strong>est,</strong></span> <span class='ocrx_word' id='word_1_847' title='bbox 2148 5694 2359 5747; x_wconf 85' lang='lat' dir='ltr'><strong>occulta</strong></span> <span class='ocrx_word' id='word_1_848' title='bbox 2394 5692 2660 5747; x_wconf 77' lang='lat' dir='ltr'><strong>intellecta</strong></span> <span class='ocrx_word' id='word_1_849' title='bbox 2681 5692 2749 5748; x_wconf 80' lang='lat' dir='ltr'><strong>iit</strong></span> <span class='ocrx_word' id='word_1_850' title='bbox 2777 5692 3073 5767; x_wconf 73' lang='lat' dir='ltr'><strong>Symbulis.</strong></span> 
     </span>
    </p>
   </div>
   <div class='ocr_carea' id='block_1_122' title="bbox 3070 5789 3146 5846">
    <p class='ocr_par' dir='ltr' id='par_1_122' title="bbox 3070 5789 3146 5846">
     <span class='ocr_line' id='line_1_122' title="bbox 3070 5789 3146 5846; baseline 0.026 -2"><span class='ocrx_word' id='word_1_851' title='bbox 3070 5789 3146 5846; x_wconf 46' lang='lat' dir='ltr'><strong>21&#39;s</strong></span> 
     </span>
    </p>
   </div>
  </div>
