4058 6306
363 430 393 486 Ἷ
405 431 470 487 bii

1212 436 1446 496 DECAS
1483 439 1527 496 Ῑ.
1573 462 1639 472 -
1684 437 1777 496 DE
1811 434 2250 496 THEOLOGIA
2292 436 2738 498 SYMBOLICA'.

3484 432 3592 498 754

362 539 428 591 ad
467 539 595 608 quid
625 555 792 593 unum
827 551 878 592 el
911 544 1144 612 simplex
1183 547 1256 615 (Ι)
1316 563 1410 613 per
1443 563 1536 601 eas
1566 547 1766 600 formas
1814 562 1930 612 quae
1961 547 2002 601 Α
2038 528 2213 600 solum
2255 549 2306 600 in
2341 558 2530 603 natura
2568 549 2683 611 Dei,
2717 551 2807 619 qui
2842 568 3003 621 supra
3040 561 3288 608 naturam
3317 558 3429 615 est,
3452 549 3594 605 divi-

362 631 712 701 effinguntur,
773 649 1033 690 revocare
1069 653 1166 690 nos
1202 649 1470 702 opm-teat,
1503 657 1568 692 ue
1627 641 1726 706 ipsi
1758 641 1922 693 etiam

367 737 516 775 tuere
545 724 686 792 vulgi
709 726 932 792 profane
961 729 1357 791 existimemus,
1391 731 1643 784 coeli-stes
1687 740 1740 783 et
1781 733 1928 784 divi-

366 829 466 868 nas
499 827 710 870 mentes
741 819 940 873 multus
970 821 1134 888 pedes
1170 832 1223 874 et
1258 823 1454 874 multas
1491 822 1655 875 facies
1706 823 1924 888 habere,

366 915 529 973 atque
557 911 622 990 ad
655 909 1062 990 similitudinem
1097 914 1281 975 boum,
1314 929 1408 967 aut
1441 918 1504 967 ad
1552 914 1779 967 formant
1818 917 1926 968 leo-

371 1013 497 1049 nutn
525 1014 812 1065 expressas
833 985 971 1066 esse,
993 1014 1043 1058 et
1065 1008 1130 1057 ad
1155 1009 1390 1075 speciem
1420 1007 1724 1076 aquilarum
1754 1008 1926 1061 adun-

367 1091 446 1143 cis
501 1094 692 1147 rostris
745 1093 1026 1160 formatas,
1080 1109 1171 1153 aut
1209 1103 1272 1153 ad
1312 1102 1726 1159 similitudinem
1775 1106 1926 1159 volu-

368 1197 516 1235 crum
552 1184 751 1238 habere
782 1203 988 1255 pennas
1042 1192 1213 1245 instar
1255 1194 1569 1260 capillorum
1601 1236 1615 1258 ,
1647 1207 1697 1249 et
1731 1213 1796 1250 ne
1832 1213 1928 1250 co-

368 1273 602 1336 gitemus
650 1288 795 1332 rotas
831 1281 1092 1348 quasdam
1145 1284 1333 1350 igneas
1383 1301 1545 1354 super
1597 1289 1818 1351 C(Blllm,
1876 1298 1930 1341 et

368 1379 407 1414 ετ
431 1364 528 1417 llas
564 1371 875 1422 materiatas
910 1373 1015 1423 Deo
1049 1374 1110 1424 ad
1147 1375 1444 1428 sedendum
1465 1381 1926 1444 accommodatas,

372 1467 435 1501 ac
464 1456 723 1519 quosdam
767 1473 936 1527 equos
969 1463 1131 1516 variis
1171 1465 1470 1528 coloribus,
1515 1469 1797 1532 satellites,
1831 1471 1932 1523 du-

370 1555 462 1590 ces
525 1546 813 1606 exercitus,
871 1557 923 1600 et
976 1562 1168 1604 cetera
1226 1555 1408 1607 omnia
1465 1571 1584 1622 qua:
1639 1556 1932 1625 Scriptura:

371 1640 572 1685 sancta:
618 1637 781 1690 variis
828 1640 1287 1700 svtnbolisdivine
1343 1644 1620 1710 eﬂiuguut.
1675 1648 1816 1702 Idem
1877 1651 1929 1704 in

371 1731 561 1784 eodem
611 1737 822 1804 rapite:
876 1737 1028 1803 Quod
1081 1757 1206 1795 vero
1262 1743 1482 1797 absona:
1540 1745 1932 1803 similitudines

375 1825 545 1891 magis
576 1838 806 1887 tuentem
841 1842 1082 1884 nostram
1116 1834 1352 1902 erigunt,
1382 1853 1562 1901 nemo,
1612 1848 1666 1890 ιιι
1713 1839 1927 1906 opinor,
1967 1865 2008 1919 Β

372 1919 628 1973 cordatus
672 1924 1032 1989 contradicet,
1073 1927 1124 1978 in
1173 1929 1533 1982 nobilioribus
1562 1931 1704 1983 enim
1743 1930 1934 1986 formis

373 2009 689 2077 ellingendis
720 2015 977 2069 credibile
1016 2025 1098 2071 est
1125 2034 1306 2072 errare
1347 2021 1583 2086 aliquos,
1649 2023 1740 2090 qui
1791 2025 1938 2077 exis-

377 2097 568 2150 timent
599 2115 717 2154 esse
743 2111 966 2158 naturas
997 2107 1244 2160 caelestes
1274 2111 1456 2177 specie
1481 2111 1717 2180 quadam
1746 2129 1934 2180 aurea,

381 2192 526 2239 viros
559 2193 820 2258 quosdam
853 2195 1141 2261 micantes,
1186 2198 1393 2267 fulgore
1446 2203 1700 2267 decoros,
1737 2207 1935 2258 vestitu

378 2282 680 2347 Splendido,
738 2296 788 2339 et
839 2288 1052 2356 igneum
1110 2293 1386 2348 vibrantes
1437 2311 1543 2348 non
1598 2296 1844 2351 laedendo
1889 2309 1941 2352 ct

379 2389 718 2442 cuiuscunque
742 2378 858 2431 alirc
887 2381 1154 2448 ejusmodi
1184 2383 1369 2438 fornuc
1398 2397 1545 2449 sunt,
1570 2387 1772 2455 quibus
1792 2389 1943 2441 theo-

379 2463 519 2530 logia
559 2467 854 2532 Scripturae
889 2481 1090 2528 sancta:
1126 2477 1376 2531 cmlestes
1413 2487 1619 2530 mentes
1665 2479 1938 2548 Iigurav't,

379 2549 522 2613 quod
550 2556 766 2619 quidem
800 2573 863 2609 ne
903 2559 970 2612 iis
1003 2563 1236 2626 eveniat,
1277 2565 1372 2632 qui
1400 2566 1530 2619 nihil
1560 2554 1742 2627 altius,
1778 2585 1939 2629 quam

386 2641 473 2692 illa
505 2645 730 2710 pulchra
758 2657 805 2697 et
839 2653 1082 2712 spcciosa
1119 2670 1238 2720 qua:
1269 2667 1551 2723 apparent.
1585 2669 1763 2711 tuente
1791 2675 1944 2711 cotu-

385 2729 526 2794 plexi
560 2743 708 2793 sunt,
758 2735 1053 2804 Su-riptnraa
1095 2752 1295 2795 sanctae
1329 2747 1617 2812 sapientia,
1670 2763 1791 2814 qu-c
1826 2764 1947 2800 sur-

384 2835 502 2871 sum
534 2823 758 2877 dueendi
796 2831 899 2879 vim
950 2832 1130 2896 habet,
1165 2834 1230 2888 ad
1269 2835 1744 2892 dissimilitudines
1788 2840 1951 2892 abso-

387 2927 484 2962 uas
530 2925 714 2967 sancte
751 2932 808 2969 se
844 2918 1054 2998 dejicit.
1109 2939 1216 2976 nou
1272 2912 1592 2991 permittens
1647 2937 1704 2982 ut
1750 2945 1948 2984 sensus

391 3005 559 3055 nostri
597 3011 846 3074 corporis
881 3011 933 3063 iu
987 3012 1094 3066 illis
1150 3014 1422 3072 indecoris
1476 3019 1805 3086 imaginibus
1841 3022 1948 3075 Inc-

2031 645 2118 698 nis
2151 645 2285 724 visis
2314 687 2328 706 ,
2363 647 2455 698 sed
2504 647 2666 700 etiam
2701 646 2754 700 in
2809 649 3038 714 angelis,
3081 650 3174 715 qui
3230 647 3452 718 ﬁgurari
3483 662 3598 701 non.
3665 677 3682 698 Ι

2032 744 2284 802 possunt,
2318 735 2510 790 formis
2539 736 2713 790 sacris
2748 737 2940 790 efiictis
2974 753 3069 790 usa
3098 748 3180 790 est
3209 754 3223 790 :
3252 747 3311 792 ut
3344 738 3471 792 hinc
3503 746 3600 790 n’a-

2033 835 2209 878 turam
2253 828 2623 894 symbolarum
2669 829 2981 897 perspicere
3011 829 3191 882 liceat.

2594 961 2822 1017 CAPUT
2881 961 2970 1016 Π.

2033 1100 2169 1165 Quot
2211 1099 2382 1151 modia
2413 1098 2644 1165 signetur
2667 1097 2956 1165 symbolice
3002 1097 3270 1162 theologia
3324 1095 3433 1148 sive
3497 1092 3591 1146 sub

2241 1179 2502 1233 aspectant
2525 1168 2634 1220 sive
2647 1167 2740 1219 sub
2757 1184 2961 1221 sensum
2989 1168 3196 1220 aurium
3215 1165 3389 1218 cadat.

2101 1282 2393 1349 Gregorius
2425 1279 2731 1350 Tlteologus
2754 1280 2991 1334 secundo
3031 1281 3109 1335 De
3160 1279 3416 1347 theologia
3459 1279 3602 1332 libro
3659 1327 3669 1335 ,

2033 1379 2140 1431 ait:
2173 1376 2314 1444 Quid
2341 1380 2407 1432 de
2437 1375 2576 1432 Isaia
2613 1386 2666 1427 et
2726 1373 3032 1438 Ezechiele,
3091 1373 3187 1442 qui
3235 1372 3600 1425 maximorum

2035 1472 2415 1539 mysteriorum
2447 1475 2719 1537 spectator
2758 1463 2879 1528 fuit,
2906 1480 2971 1518 ac
3006 1465 3071 1517 de
3101 1463 3329 1532 reliquis
3364 1463 3601 1528 pr0phe-

2034 1560 2102 1612 tis
2127 1560 2311 1613 dicere
2343 1558 2566 1625 poteris,
2600 1572 2663 1610 ex
2699 1555 2900 1624 quibus
2954 1551 3040 1606 ille
3061 1554 3286 1622 quidem
3313 1549 3603 1603 Dominqu

2037 1650 2276 1704 Sabaoth
2302 1651 2580 1705 sedentem
2607 1649 2660 1702 in
2685 1650 2884 1701 throno
2924 1647 3110 1713 gloriae
3169 1645 3325 1710 vidit,
3362 1654 3416 1699 et
3457 1645 3605 1698 hunc

2035 1758 2064 1796 a
2115 1741 2432 1809 Scrapliiuis
2505 1739 2822 1808 sexaligeris
2867 1740 3146 1807 stipatum,
3204 1736 3505 1799 laudatum,
3554 1743 3610 1788 ct

2037 1834 2339 1894 obtectum,
2377 1846 2544 1899 seque
2583 1830 2818 1884 carbone
2873 1830 3013 1898 ignis
3067 1838 3374 1898 purgatum,
3437 1835 3489 1881 et
3540 1827 3607 1881 ad

2042 1923 2382 1992 prophetiam
2424 1922 2794 1983 instructum;
2830 1921 2917 1975 hic
2980 1935 3109 1975 vero
3169 1919 3482 1974 vehiculum
3542 1935 3609 1972 ex

2039 2014 2362 2084 Cltcrultinis
2431 2013 2706 2074 describit,
2772 2022 2822 2065 et
2853 2027 3016 2077 super
3079 2026 3176 2078 eos
3230 2011 3510 2072 thronum,
3546 2018 3602 2062 ct

2041 2120 2200 2174 super
2255 2106 2510 2157 thronum
2567 2103 2992 2166 firmamentum,
3033 2110 3232 2156 etcum
3260 2100 3355 2170 qui
3407 2100 3461 2153 in
3520 2100 3609 2152 fir-

2043 2201 2316 2250 mamento
2333 2192 2648 2260 apparebat,
2671 2199 2724 2244 et
2746 2206 2904 2244 voces
2928 2191 3217 2259 quasdam,
3261 2198 3315 2244 et
3349 2189 3608 2258 impetus,

2041 2294 2094 2338 et
2133 2284 2399 2344 actiones.
2433 2293 2595 2348 atque
2654 2281 2754 2334 hoc
2812 2281 3030 2349 quidem
3107 2280 3224 2335 sive
3261 2288 3377 2334 erat
3433 2280 3607 2333 visum

2043 2374 2298 2427 diurnum
2335 2373 2467 2426 solis
2492 2371 2696 2425 sanctis
2741 2369 3112 2439 aspectabile;
3160 2367 3275 2422 sive
3343 2379 3609 2422 nocturna

2043 2477 2096 2521 et
2128 2482 2252 2520 vera
2284 2465 2453 2529 visio;
2487 2464 2599 2518 sive
2635 2461 2944 2516 informatio
3011 2461 3611 2528 futurorum‘tanquam

2047 2557 2389 2626 praesentium
2420 2558 2471 2608 in
2506 2563 2685 2608 mente
2714 2555 2810 2623 (2),
2850 2554 2961 2607 sive
2994 2554 3097 2606 alia
3148 2551 3359 2620 species
3414 2566 3614 2604 arcana

2049 2647 2363 2714 prOphetite,
2407 2661 2514 2697 non
2558 2660 2776 2710 possunt
2838 2643 3106 2696 affirmare
3140 2658 3153 2707 ;
3182 2645 3320 2695 Deus
3384 2643 3616 2708 prophe-

2051 2747 2226 2790 tarum
2266 2736 2433 2796 novit,
2466 2747 2516 2788 et
2551 2735 2750 2802 quibus
2779 2735 2900 2788 talia
2933 2735 3301 2801 contigerunt.
3353 2735 3415 2786 Et
3480 2733 3616 2811 divi-

2050 2845 2154 2882 nus
2187 2827 2609 2894 Chrysostomus
2642 2828 2692 2878 in
2732 2825 2952 2878 hotnilia
2985 2826 3050 2878 de
3086 2825 3367 2892 Eutropio.
3399 2824 3625 2892 quando.

2053 2919 2302 2971 iuventus
2333 2924 2485 2970 extra
2518 2913 2840 2978 Ecclesiam,
2892 2915 3198 2969 abstractus
3251 2922 3304 2967 et
3360 2913 3618 2980 abreptus

2052 3009 2184 3063 fuit:
2217 3007 2385 3062 Nemo
2413 3008 2579 3066 enim,
2607 3007 2802 3072 inquit,
2836 3005 2965 3058 vidit
2996 3005 3044 3059 id
3077 3003 3222 3073 quod
3293 3003 3434 3058 Deus
3490 3012 3616 3067 est;

387 3104 566 3149 rentes
599 3100 989 3166 acquiescant;
1022 3106 1150 3173 quin
1184 3107 1370 3176 potius
1405 3124 1524 3163 eam
1573 3122 1780 3178 partem
1823 3116 1943 3168 ani—
1973 3118 2013 3172 C
2051 3115 2158 3154 non
2190 3101 2350 3166 igitur
2378 3113 2498 3150 cum
2541 3095 2681 3148 Deus
2742 3095 2976 3158 videtur,
3035 3104 3260 3163 apparet
3315 3095 3458 3162 quod
3513 3107 3620 3156 est,

387 3201 506 3284 tuae,
539 3203 656 3255 qua:
702 3193 768 3243 ad
806 3191 911 3245 alta
955 3195 1147 3260 tetulit,
1187 3200 1298 3266 ipsa
1336 3198 1682 3256 dt-formilate
1741 3203 1940 3272 figura-

385 3295 502 3333 ruut
533 3283 731 3336 excitat
759 3293 809 3338 et
840 3287 1101 3362 stimulat.
1140 3303 1302 3358 tanqu
1325 3309 1409 3346 am
1447 3311 1552 3348 non
1581 3297 1836 3351 videatur
1862 3299 1946 3355 fas

384 3384 503 3421 esse
531 3380 583 3424 et
615 3387 828 3436 verum,
869 3392 934 3429 ne
965 3377 1028 3430 iis
1065 3379 1280 3446 quidem
1311 3383 1402 3448 qtti
1435 3395 1560 3437 sunt
1594 3389 1829 3443 terrenis
1863 3404 1946 3442 re-

390 3461 489 3511 bus
526 3462 680 3515 valde
714 3466 878 3531 affixi,
915 3479 1022 3520 tam
1061 3471 1314 3524 absurdis
1354 3472 1540 3528 formis
1570 3475 1768 3529 similia
1800 3493 1951 3531 reve-

387 3569 442 3605 ra
477 3569 596 3608 esse
624 3555 712 3609 illa
747 3561 1155 3626 supracmlestia
1192 3571 1246 3616 et
1286 3564 1467 3617 divina
1501 3581 1619 3632 qua:
1650 3584 1700 3622 tn
1732 3570 1951 3637 symbo-

387 3645 451 3699 lis
485 3662 608 3700 cum
645 3650 1007 3704 admiratione
1035 3665 1372 3720 Spectantur.
1416 3657 1550 3710 llinc
1589 3657 1752 3724 igitur
1788 3675 1950 3728 appa-

389 3744 490 3800 ret,
542 3739 682 3806 quod
743 3741 926 3795 ditina
960 3744 1256 3812 Scriptum
1319 3757 1520 3803 sancta:
1573 3750 1801 3804 scicntia
1839 3768 1945 3804 ttun

2050 3195 2142 3250 sed
2173 3192 2313 3260 quod
2355 3201 2529 3259 potest
2558 3191 2738 3244 videre
2794 3191 2838 3242 is
2870 3192 2956 3242 cui
2992 3197 3238 3256 apparet,
3274 3202 3380 3240 non
3407 3197 3622 3241 tuutaus

2051 3286 2407 3341 substantiam
2446 3301 2622 3342 suam.
2655 3283 2746 3338 sed
2797 3292 3073 3351 aspectum
3101 3281 3268 3350 figura
3321 3279 3623 3332 informatts

2053 3395 2150 3449 pro
2179 3379 2438 3432 varietate
2485 3393 2664 3430 rerum
2720 3376 3109 3442 subjectarum.
3153 3373 3386 3425 Sanetus
3420 3371 3623 3441 Grego-

2055 3475 2170 3526 rius
2214 3475 2489 3540 Nyssetius
2523 3471 2574 3520 in
2606 3485 2668 3520 eo
2707 3469 2846 3521 libro
2869 3467 3066 3520 Contra
3103 3465 3443 3524 Eunomi'tm,
3469 3465 3624 3533 cujus

2057 3563 2381 3632 principium
2420 3570 2522 3620 cst.
2558 3559 2738 3612 Prima
2772 3559 2999 3626 quidem,
3033 3557 3112 3610 sic
3140 3556 3218 3608 ait
3247 3575 3260 3610 :
3327 3555 3534 3608 Etenim
3571 3557 3623 3607 in

2054 3653 2287 3708 Iordane
2315 3663 2432 3718 post
2470 3651 2723 3702 virtutem
2782 3647 3016 3714 Spiritus
3077 3649 3276 3710 sancti,
3334 3658 3388 3701 ct
3437 3662 3625 3702 rursus

2056 3743 2400 3801 audientibus
2435 3740 2654 3802 Judaeis,
2682 3749 2732 3792 et
2760 3738 2808 3790 in
2836 3739 3326 3806 trattsligutatione.
3382 3753 3481 3792 vox
3531 3753 3631 3793 su-

1653 3927 1899 3992 Scholia
1932 3932 1991 3992 S.
2039 3929 2328 3990 Maximi.

468 4078 541 4141 (li
576 4079 653 4129 At!
683 4078 828 4145 quid,
858 4095 1016 4132 unum
1057 4079 1376 4144 et_simp!ex.
1417 4079 1508 4134 Sic
1530 4089 1685 4132 vocat
1717 4097 1946 4133 vacuum

396 4167 423 4203 a
461 4149 797 4214 materiaaut
827 4165 947 4201 eum
983 4149 1258 4217 Scriptura
1289 4149 1476 4203 tribuit
1505 4150 1693 4216 angelo
1719 4149 1948 4203 fortnam

397 4219 623 4274 eflirtam
665 4219 880 4284 aquila},
931 4219 1079 4272 verbi
1144 4220 1336 4284 gratia.
1398 4228 1608 4285 oportet
1675 4222 1814 4272 scire
1861 4236 1954 4286 per

399 4290 538 4344 hanc
593 4286 968 4358 formationem
1031 4290 1247 4356 aquila},
1333 4303 1452 4358 qua:
1500 4304 1605 4340 non
1690 4289 1955 4354 simplicis

401 4369 624 4415 naturm,
666 4356 766 4409 sed
811 4358 1245 4426 compositteeSI,
1302 4356 1365 4410 ad
1398 4358 1654 4426 quidnam
1722 4359 1952 4426 simplex

404 4429 455 4481 in
492 4427 681 4495 angelo
713 4426 1119 4494 intelligendum
1156 4443 1495 4490 revocamur,
1527 4427 1737 4480 scilicet
1797 4443 1952 4481 revo-

402 4513 589 4554 catuttr
627 4496 691 4548 ad
755 4496 1160 4565 intelligendum
1229 4511 1346 4552 esse
1405 4498 1456 4549 itt
1515 4496 1720 4565 angelis
1787 4498 1952 4550 aciem

2061 4091 2231 4140 scuto,
2266 4091 2317 4133 et
2356 4081 2583 4136 vocibus
2610 4079 2710 4133 sul)
2738 4096 2954 4133 sensum
2989 4079 3306 4134 radentibus
3363 4097 3467 4134 non
3521 4083 3630 4138 fur.

2062 4153 2219 4202 matis
2252 4152 2407 4216 puktt
2441 4151 2600 4210 aeris,
2654 4165 2771 4202 eam
2837 4159 3041 4216 partem
3084 4165 3185 4215 qua
3240 4151 3624 4216 imaginamur.

2062 4222 2314 4286 operari;
2348 4221 2500 4273 itaut
2530 4234 2651 4272 vere
2719 4221 2905 4272 audiat
2950 4229 3001 4271 et
3051 4221 3250 4282 videat,
3307 4222 3401 4289 qui
3445 4222 3626 4277 div-ina

2061 4289 2306 4352 docetur,
2340 4305 2442 4344 nec
2471 4290 2614 4343 enim
2651 4291 2891 4341 creditur
2920 4289 3163 4341 divinum
3223 4305 3367 4348 esse.
3429 4291 3481 4343 in
3515 4291 3624 4353 quo

2065 4359 2192 4410 nihil
2226 4361 2461 4428 amplius
2491 4370 2593 4419 est.
2643 4373 2804 4426 quam
2871 4358 3013 4425 quod
3076 4358 3127 4410 in
3185 4366 3394 4412 natura:
3437 4362 3634 4416 ordine

2063 4429 2322 4484 cernitur.
2367 4431 2458 4484 Sic
2484 4430 2628 4482 enim
2680 4444 2802 4488 nos,
2837 4442 2961 4480 cum
3007 4435 3166 4481 nocte
3229 4444 3322 4494 per
3372 4443 3624 4486 somnum

2067 4498 2450 4561 imaginamur,
2515 4514 2658 4565 schc
2728 4499 2974 4550 videmus
3044 4505 3095 4548 ct
3163 4498 3436 4558 audimus.
3500 4515 3623 4555 cum

403 4565 690 4636 quamdam
726 4545 1097 4620 acutissimam
1133 4565 1392 4634 spiritalis
1433 4576 1486 4619 et
1540 4545 1787 4620 Stiltlimis
1839 4582 1956 4634 pcr-
1989 4545 2039 4604 D
2071 4545 2224 4618 ιιριιῖο
2249 4578 2332 4621 est
2365 4545 2457 4636 qui
2499 4545 2750 4636 loqiiatnr
2805 4575 2908 4636 aut
2951 4565 3237 4630 videatur;
3288 4545 3459 4620 multo
3503 4545 3630 4624 ἶιῖἕζ

403 4635 699 4701 spicieutia:
737 4651 750 4698 ;
785 4644 945 4702 atque
1010 4636 1060 4689 id
1123 4637 1336 4703 quidem
1384 4650 1605 4689 necesse
1667 4646 1749 4689 est
1807 4637 1966 4696 seire,

407 4723 471 4758 ne
505 4705 658 4758 nobis
697 4705 1094 4770 eveniat,quod
1131 4707 1311 4771 vulgo,
1349 4707 1806 4759 utexistimemus
1833 4705 1971 4758 forte

404 4777 603 4828 habere
633 4773 852 4836 angelos
886 4776 1068 4839 pedes,
1106 4773 1294 4839 facies,
1353 4774 1467 4827 alas
1529 4786 1583 4829 et
1633 4776 1883 4829 similiter
1916 4776 1969 4828 in

405 4846 526 4898 aliis
580 4841 766 4894 formis
787 4842 994 4896 effictis.

476 4912 550 4982 (“2)
578 4912 744 4978 Atque
766 4915 860 4963 hoc
890 4911 1094 4979 quidem
1111 4913 1213 4965 sire
1245 4923 1356 4964 erat
1389 4914 1550 4965 visum
1571 4913 1820 4966 diurnum
1843 4911 1967 4965 solis

405 4984 601 5038 sanctis
634 4982 951 5047 aspectabile
981 5022 998 5044 ,
1052 4983 1154 5034 sive
1211 4992 1464 5034 nocturna
1509 4993 1554 5034 et
1606 4999 1725 5036 vera
1791 4984 1966 5034 visio:

405 5056 510 5107 sive
539 5052 846 5120 informatio
875 5054 1178 5115 futurorum
1211 5064 1462 5120 tanquam
1514 5053 1850 5119 praesentium
1910 5053 1966 5102 in

405 5132 592 5175 mente.
628 5120 683 5190 S_.
736 5120 1347 5190 Maximusiexplanans
1398 5121 1542 5174 hunc
1593 5121 1837 5190 Gregorii
1888 5120 1969 5171 lo-

406 5207 528 5246 cun
567 5209 580 5245 :
633 5188 967 5253 Nuuieravit,
1014 5189 1203 5257 inquit,
1261 5192 1358 5243 hoc
1406 5191 1525 5242 loco
1565 5188 1723 5243 nobis
1773 5189 1966 5243 beatus

409 5262 702 5328 Gregorius
733 5261 941 5327 species
974 5258 1283 5326 prophetiae,
1313 5275 1413 5328 ego
1444 5274 1567 5312 vero
1587 5261 1718 5313 nihil
1749 5259 1962 5310 interim

407 5327 708 5388 afﬁrmans.
752 5332 1064 5397 conjectura
1119 5329 1287 5381 ducor
1339 5327 1592 5381 diurnum
1645 5330 1820 5382 visum
1871 5342 1965 5379 vo-

409 5416 563 5452 casse
597 5401 852 5453 visionem
877 5409 927 5450 et
952 5397 1282 5452 auditionem
1318 5411 1498 5450 rerum
1531 5407 1579 5449 et
1628 5412 1962 5462 sermonum,

411 5484 442 5533 q
469 5485 530 5519 ae
567 5469 740 5522 sancti
773 5469 1045 5520 neminem
1079 5467 1330 5528 thendo,
1360 5475 1414 5519 et
1483 5469 1749 5519 neminem
1806 5467 1966 5518 audi-

409 5537 855 5605 culo,tauquam
917 5552 1010 5607 per
1053 5551 1078 5590 s
1114 5551 1272 5588 nsum
1342 5537 1535 5607 spiritu
1604 5537 1857 5588 videbant
1913 5545 1966 5588 et

410 5607 738 5670 audiebant;
781 5623 885 5660 non
920 5605 1061 5659 enim
1097 5607 1177 5660 fas
1209 5613 1293 5657 est
1319 5605 1518 5670 dicere,
1550 5614 1798 5674 Opo‘rtere
1845 5621 1963 5657 om-

415 5676 614 5726 ntuoiu
663 5679 860 5729 divinis
926 5679 991 5729 ad
1048 5674 1486 5729 informationem
1561 5674 1962 5736 itnagittatiottis

417 5759 650 5813 praesens
705 5760 826 5799 esse
877 5746 928 5799 id
980 5747 1034 5798 itt
1092 5745 1238 5814 quod
1287 5743 1433 5796 cadit
1488 5745 1820 5812 itnagiuatio,
1867 5745 1958 5795 sed

417 5814 826 5881 admirabiliter,
870 5824 924 5869 ct
961 5830 1122 5884 supra
1153 5825 1422 5877 naturam,
1482 5829 1544 5868 ac
1607 5814 1752 5867 nullo
1825 5829 1961 5882 prar

2073 4637 2154 4703 gis
2205 4637 2304 4690 hoc
2356 4635 2945 4704 sanctis’experrectis
3008 4637 3455 4704 etrvigilantibus
3502 4655 3628 4692 vero

2071 4706 2302 4770 eveniet,
2329 4707 2436 4760 Deo
2460 4703 2716 4768 operante
2739 4705 2789 4757 ιιι
2820 4705 2952 4772 ipsis
2974 4703 3315 4770 vigilantibus
3329 4709 3645 4761 secundum

2071 4775 2297 4837 gratiam
2333 4775 2726 4836 admirabilem,
2769 4774 2911 4842 quod
2946 4777 2997 4827 in
3035 4773 3192 4826 nobis
3250 4775 3365 4840 lege
3424 4786 3628 4831 natura:

2073 4845 2187 4896 fieri
2260 4846 2558 4897 consuevit.
2621 4844 2956 4896 Nocturnatu
3004 4854 3056 4895 et
3114 4858 3298 4894 veram
3363 4843 3627 4898 visionem

2069 4913 2322 4965 existimo
2347 4931 2469 4967 eum
2507 4928 2701 4967 vocare
2738 4921 2829 4965 attt
2877 4913 3279 4981 intelligenttatu
3333 4914 3627 4979 perlectam

2070 4997 2246 5034 rerum
2283 4982 2612 5040 futurarum.
2645 4999 2765 5050 quzc
2801 4983 2851 5032 itt
2889 4983 3066 5034 anima
3103 4998 3194 5049 per
3251 4996 3499 5036 somnum
3551 4987 3626 5049 fit,

2070 5060 2129 5103 ut
2153 5053 2202 5103 in
2226 5050 2422 5120 Joscph
2456 5064 2508 5106 et
2541 5052 2792 5115 Daniele;
2825 5062 2918 5104 aut
2946 5055 3208 5105 visionem
3265 5067 3442 5106 rerum
3493 5055 3630 5105 divi-

2070 5133 2261 5173 ttarum
2296 5123 2573 5176 cadentem
2617 5123 2718 5175 sub
2755 5127 3032 5188 aspectum
3081 5123 3365 5175 oculorum
3411 5134 3628 5189 propter

2069 5203 2336 5244 summam
2377 5194 2643 5258 passionis
2673 5201 2993 5244 vacuitatem
3040 5207 3104 5245 ex
3163 5194 3327 5244 multa
3396 5197 3628 5256 puritate

2069 5261 2525 5326 proficiscentem.
2584 5261 3023 5314 Infortnationetn
3101 5277 3227 5314 vero
3317 5261 3622 5312 futurorum

2069 5339 2324 5397 tauquam
2360 5332 2703 5396 pratsentium
2740 5333 2790 5382 ιιι
2848 5340 3027 5383 mente
3055 5334 3288 5383 arbitror
3341 5344 3462 5380 eum
3506 5327 3626 5377 κατ’

2069 5399 2307 5465 ἔμφασιν
2337 5401 2513 5452 dicere
2546 5403 2745 5468 figuras
2775 5399 3076 5452 fututorum
3117 5399 3318 5452 sanctis
3379 5406 3626 5468 ostensus

2068 5470 2298 5536 simplici
2383 5471 2542 5522 modo
2589 5466 2858 5536 tanquam
2917 5469 2968 5520 itt
3049 5470 3282 5530 imagine
3329 5466 3627 5536 sec-nudum

2068 5530 2368 5606 simplicem
2394 5549 2445 5592 et
2489 5553 2594 5591 non
2625 5530 3214 5608 dividimurnotionem
3251 5533 3466 5608 mentis.
3504 5530 3629 5583 llatc

2066 5605 2350 5673 egiiausus
2380 5624 2524 5670 sum,
2555 5609 2626 5659 ait
2651 5620 2868 5660 sanctus
2901 5605 3183 5664 Maxumus,
3205 5616 3284 5673 ex
3312 5605 3626 5673 conjectura

2067 5669 2246 5748 dicere
2276 5678 2476 5730 nullam
2513 5669 2764 5742 gratiam
2833 5673 3143 5748 estperiendi
3201 5671 3322 5748 luce
3375 5669 3628 5736 adeptus,

2067 5747 2133 5798 ob
2160 5762 2277 5801 eam
2313 5756 2522 5800 tantum
2542 5741 2798 5809 causam,
2835 5741 2976 5811 quod
3017 5750 3068 5792 tu
3116 5741 3348 5808 iussisti.
