4058 6306
453 340 561 401 7ῗῦ

1607 341 1933 403 JOANNIS
1957 343 2524 410 CYPAIilSSiOT/E

3544 376 3547 379 λ
3583 356 3693 420 756

453 472 619 561 per“
672 457 815 513 edi”
866 467 1111 561 θδξοίνπθ
1159 459 1407 515 homines
1453 457 1734 561 idoccrcl’.
1768 473 1833 518 ne
1886 459 2016 561 iul"!
2048 464 2089 520 Α
2123 484 2440 556 Huiusmodi
2479 500 2560 543 ρει
2593 489 2663 555 in,
2681 488 2787 546 Deo
2817 490 3143 546 vocabulum
3200 493 3568 560 processionis
3588 495 3688 561 (α).

451 549 628 602 solum
696 567 817 605 esse
868 552 1262 616 existimarent,
1319 550 1466 619 quod
1516 550 1853 618 apparebat;
1920 552 2013 605 sed

448 644 734 697 crederent
765 658 884 698 esse
915 644 1076 697 etiam
1101 660 1287 699 verum
1343 645 1533 698 Filium
1580 642 1683 701 Dei
1735 645 2015 702 dilectum.

451 734 599 789 Talis
629 750 757 796 τοι.
788 747 843 788 ιιι
874 736 1157 792 audientes
1184 739 1547 807 perciperent,
1596 740 1826 794 formata
1876 747 1956 794 est
1984 753 2013 791 a

456 825 565 878 Deo
587 825 639 879 in
672 840 900 893 θοι-[ιονιξ
927 841 1107 893 aereo,
1142 838 1201 883 ut
1242 829 1422 884 facere
1462 840 1863 886 consueverunt
1919 830 2013 900 qui

453 917 790 984 loquuntur;
821 919 899 972 sic
924 919 1063 974 Dens
1099 921 1189 990 qui
1216 936 1389 976 omnes
1418 924 1651 977 homines
1690 923 1798 977 vult
1830 922 2006 976 salvos

450 1009 586 1077 ﬁeri,
613 1019 661 1062 et
689 1010 758 1062 ad
784 1012 1102 1080 agnitionem
1127 1013 1364 1066 veritatis
1398 1014 1573 1068 venire
1604 1015 1644 1078 ³,
1672 1015 1735 1068 ad
1783 1012 2013 1068 saiuiem

451 1116 640 1153 eortnn
674 1101 766 1169 qui
814 1104 1122 1165 audierunt,
1180 1118 1485 1157 sermonem
1538 1104 1591 1156 in
1649 1119 1774 1157 aere
1813 1104 2017 1158 articu-

450 1192 558 1245 late
589 1192 880 1261 impressit,
924 1194 1065 1248 sicut
1092 1192 1354 1248 Dominus
1382 1195 1515 1248 dixit
1545 1192 1773 1259 Iudaeis,
1802 1196 1894 1263 qui
1920 1211 2018 1261 pu-

453 1285 641 1338 tabant
672 1284 970 1338 tonitruum
994 1300 1114 1339 esse
1138 1283 1513 1354 laetum.quia
1565 1300 1734 1341 sonus
1786 1285 1839 1339 in
1890 1298 2017 1338 aere

452 1371 733 1426 confectus
758 1373 971 1428 fuerat:
1009 1374 1126 1427 Non
1169 1384 1380 1444 prapter
1407 1393 1485 1429 me
1533 1381 1641 1429 haec
1697 1390 1796 1428 vos:
1852 1376 2015 1438 venit,

451 1464 545 1519 sed
572 1474 784 1533 propter
820 1481 907 1519 vos
935 1464 978 1520 ⁸.
1013 1467 1084 1519 Ex
1120 1466 1203 1520 his
1243 1476 1409 1535 patet,
1443 1476 1574 1535 quot
1611 1467 1783 1522 modis
1813 1467 1866 1520 in
1898 1481 2015 1536 pro-

449 1555 628 1624 phetis
657 1566 708 1609 et
729 1557 847 1611 aliis
872 1558 1043 1611 beatis
1074 1559 1343 1628 theologia
1373 1560 1670 1630 symbolica
1702 1560 2014 1613 declaratur

450 1650 768 1702 nominatim
796 1648 1012 1719 quidem
1037 1652 1319 1719 triplicitcr
1345 1652 1447 1722 (i),
1473 1666 1671 1705 arcane
1702 1664 1829 1705 vero
1847 1658 1901 1704 et
1927 1665 2018 1705 oc-

2678 602 2904 658 CAPUT
2945 603 3079 658 VIII.

2119 715 2276 788 Quod
2305 714 2386 767 lue
2423 715 2640 768 visiones
2671 724 2719 788 et
2773 716 3143 783 Theophanice,
3180 721 3233 773 id
3263 730 3361 784 est,
3394 719 3488 774 Dei
3522 736 3688 788 appa-

2188 785 2421 857 riliones,
2452 799 2564 857 non
2621 787 2778 839 aliter
2836 803 2995 857 quam
3075 791 3415 843 intermedias
3473 785 3685 844 virtutes

2186 853 2420 907 caelestes
2444 855 2748 920 informata:
2768 853 2911 911 sunt.

2191 945 2417 1017 Magnus
2453 946 2747 1018 Dionysius
2795 957 2992 1017 quarto
3052 949 3229 1019 capite
3285 949 3523 1005 Caelestis
3574 951 3685 1004 hie-

2116 1036 2344 1090 rarchia:
2374 1053 2392 1090 :
2423 1035 2486 1090 iii
2526 1038 2707 1108 igitur,
2732 1038 2928 1107 inquit,
2962 1048 3091 1093 sunt
3138 1040 3232 1108 qui
3275 1041 3327 1094 in
3386 1040 3577 1109 primis
3629 1049 3685 1093 et

2120 1128 2490 1192 multipliciter
2507 1129 2783 1183 occultum
2815 1129 2905 1183 Dei
2937 1126 3038 1198 (l‘)
3069 1128 3443 1195 manifestam,
3480 1147 3681 1195 quam-

2119 1222 2306 1275 obrem
2341 1233 2536 1274 caetera
2573 1221 2761 1274 omnia
2793 1222 3057 1275 vocabulo
3096 1223 3409 1290 angelorum
3472 1223 3685 1291 Pgrttgie

2118 1312 2312 1379 signati
2346 1320 2490 1376 sunt,
2520 1312 2645 1377 quia
2676 1311 2778 1379 ipsi
2836 1312 3071 1380 primum
3119 1328 3150 1366 a
3210 1313 3315 1366 Deo
3373 1313 3688 1366 illuminan-

2120 1410 2229 1462 tur,
2271 1411 2321 1454 et
2372 1416 2466 1467 per
2495 1400 2645 1468 ipsos
2678 1400 2838 1456 nobis
2886 1411 3086 1456 nostra:
3122 1404 3481 1457 revelationes
3507 1412 3686 1456 trans-

2119 1494 2432 1555 mittuntur,
2468 1492 2548 1546 sic
2609 1493 2774 1561 igitur
2830 1493 2912 1546 lex
2966 1492 3071 1561 (2),
3128 1504 3185 1547 ut
3236 1494 3459 1549 divinus
3500 1510 3685 1548 sermo

2120 1589 2367 1641 testatur.
2392 1596 2484 1649 per
2536 1583 2756 1650 angelos
2784 1582 2941 1637 nobis
2964 1583 3088 1637 data
3113 1595 3194 1638 est
3218 1601 3233 1637 :
3278 1592 3332 1638 et
3390 1585 3512 1639 illos
3540 1587 3685 1638 cele-

2119 1674 2243 1727 bres
2275 1682 2399 1725 ante
2425 1673 2592 1741 legem
2620 1674 2693 1742 (5)
2728 1681 2781 1725 et
2807 1683 2926 1741 post
2963 1673 3128 1741 legem
3159 1672 3237 1743 (4)
3265 1683 3442 1742 patres
3470 1688 3687 1730 nostros

451 1741 1251 1851 “meum”“mehei”???
1270 1743 2013 1851 ς’τίξβῖιθίπυηιδοίτοῐνοῑαείυ
2047 1791 2093 1851 Β
2123 1765 2295 1833 angeli
2335 1764 2400 1817 ad
2432 1763 2598 1817 Deum
2632 1741 3026 1828 adducebant,
3077 1741 3177 1818 aut
3220 1741 3369 1835 quod
3418 1768 3685 1834 agendum

1014 1833 1244 1890 CAPUT
1274 1833 1383 1889 VII.

454 1941 606 2009 Quoa
659 1948 795 1997 hanc
856 1944 1196 2013 symbolicam
1250 1945 1585 2013 theologiam.
1658 1944 1698 1995 ii
1763 1943 1815 1997 in
1890 1960 2017 2015 quos

592 2015 799 2076 cecidit,
831 2016 998 2067 visum
1028 2025 1075 2069 et
1111 2015 1358 2068 visionem
1392 2015 1806 2082 appellaverunt.

525 2104 751 2175 Magnus
780 2106 867 2161 ille
919 2114 1192 2174 spectator
1242 2104 1335 2159 Dei
1398 2104 1658 2175 Moyses:
1709 2101 2016 2169 Transiens,

452 2202 648 2270 inquit,
676 2201 853 2255 videbo
875 2203 1038 2255 visum
1061 2201 1156 2253 hoc
1200 2201 1401 2268 ingens,
1433 2214 1596 2269 quare
1623 2197 1786 2252 rubus
1848 2197 2018 2263 ardet,

452 2300 503 2342 et
537 2306 639 2343 non
669 2289 994 2343 comburitur
1024 2290 1044 2320 ⁸
1080 2298 1168 2350 ;et
1216 2286 1348 2343 visio
1404 2302 1568 2355 quam
1630 2287 1764 2341 vidit
1802 2286 1971 2341 Isaias
2003 2307 2018 2345 :

455 2377 528 2431 Et
569 2395 659 2448 ego
687 2378 907 2432 visiones
947 2379 1312 2446 multiplicavi.
1343 2388 1390 2431 et
1416 2395 1469 2431 tn
1495 2378 1739 2432 menibus
1796 2377 2021 2448 prophe-

454 2479 628 2523 tarum
656 2471 982 2525 assimilatas
1016 2486 1132 2525 sum
1156 2472 1212 2536 ας
1246 2481 1325 2538 e',
1355 2471 1578 2529 Iuvenes
1614 2471 1772 2526 vestri
1804 2470 2020 2525 visiones

454 2563 699 2617 videbunt
734 2563 874 2616 ’τοι
925 2563 1132 2617 inlinita
1201 2564 1304 2617 alia
1355 2564 1664 2631 hujusmodi
1720 2565 1773 2617 in
1840 2572 2023 2618 vetere

456 2655 861 2725 Scriptura._ln
880 2655 1071 2725 primis
1111 2670 1239 2709 vero
1276 2655 1527 2709 Salvator
1577 2665 1764 2710 noster
1827 2655 1893 2709 de
1920 2670 2019 2710 sua

457 2746 512 2801 in
538 2724 721 2802 monte
745 2724 964 2801 'l‘hiibor
998 2747 1348 2814 theophania,
1377 2747 1429 2802 id
1481 2756 1582 2811 est,
1621 2747 1713 2802 Dei
1755 2748 2019 2817 appariti-

457 2855 594 2895 one:
631 2838 867 2904 Nemini,
913 2841 1109 2908 inquit,
1166 2840 1405 2894 dixeritis
1434 2839 1683 2893 nisionern
1725 2840 1859 2893 hanc
1880 2840 1924 2905 ⁸,
1968 2849 2024 2895 et

456 2934 673 2988 divinus
706 2932 1018 3003 Dionysius,
1048 2947 1166 3000 cap.
1208 2933 1293 2996 l3,
1357 2931 1592 2987 Ca’leslis
1626 2932 1887 2986 hierarclt.
1945 2932 2022 2987 ait

372 3031 382 3042 ‘
454 3024 717 3079 visionem
753 3024 897 3077 illam
923 3033 1197 3078 ostensam
1232 3038 1350 3077 esse
1408 3021 1561 3077 Laia:
1623 3024 1873 3092 thenlogo
1924 3037 2021 3092 per

2119 1866 2237 1910 erat
2260 1854 2337 1925 (5)
2370 1866 2724 1923 exponentes,
2759 1865 2813 1910 et
2846 1855 2915 1910 ab
2940 1872 3124 1911 errore
3150 1856 3226 1927 (6)
3285 1866 3338 1912 et
3390 1859 3497 1913 vita
3562 1876 3691 1927 pro-

2121 1949 2244 2001 fana
2278 1949 2342 2001 ad
2380 1956 2580 2001 rectam
2653 1947 2796 2000 viam
2857 1948 3103 2002 veritatis
3155 1950 3536 2021 traducentes;
3595 1960 3690 2004 aut

2119 2038 2535 2093 manifestantes
2566 2054 2751 2092 sacros
2795 2039 3013 2093 ordines
3043 2039 3142 2109 (7),
3174 2050 3269 2093 aut
3305 2042 3686 2111 mysteriorum

2119 2144 2237 2197 qua:
2263 2143 2427 2198 supra
2467 2128 2730 2182 mumlum
2768 2138 2913 2190 sunt.
2937 2128 3012 2198 (8)
3037 2130 3249 2183 abditas
3283 2131 3544 2195 visiones,
3590 2142 3688 2186 aut

2120 2217 2334 2273 divinas
2361 2217 2622 2287 quasdam
2667 2219 3041 2287 prtedictiones
3074 2219 3151 2289 (9)
3209 2229 3462 2291 tanquam
3509 2223 3684 2276 nuntii

2119 2319 2174 2365 et
2206 2311 2443 2366 ministri
2474 2311 2845 2380 explanantes.
2882 2310 2937 2364 Si
2961 2312 3083 2380 quis
3117 2326 3242 2366 vero
3270 2314 3431 2376 dicat,
3461 2314 3686 2382 quibus-

2122 2406 2243 2457 dam
2279 2403 2505 2464 sanctis,
2544 2402 2695 2456 nullo
2730 2402 3013 2472 interjceto
3049 2405 3224 2456 medio
3280 2403 3445 2459 Deum
3505 2423 3569 2462 ex
3625 2422 3686 2461 se

2121 2495 2457 2563 apparuisse,
2494 2492 2668 2547 discat
2700 2494 2861 2545 etiam
2906 2493 3007 2547 hoc
3078 2509 3144 2548 ex
3186 2494 3449 2561 sapientia
3501 2513 3689 2552 saera-

2125 2602 2241 2639 rum
2280 2585 2690 2653 Scripturarnm
2719 2585 2892 2651 ipsum
2928 2585 3080 2650 illud,
3107 2588 3249 2656 quod
3279 2585 3372 2641 Dei
3396 2590 3683 2644 estoccul-

2124 2668 2236 2730 tuui
2274 2676 2406 2745 (l0),
2440 2675 2708 2729 nemiuem
2745 2676 2970 2742 vidisse,
3009 2693 3187 2742 neque
3232 2678 3476 2734 visurum
3517 2695 3682 2746 esse;

2121 2769 2211 2824 sed
2239 2768 2557 2837 apparuisse
2583 2768 2788 2822 sanctis
2843 2768 3007 2823 Deum
3056 2771 3430 2825 ostendentem
3490 2787 3568 2831 se.
3628 2782 3690 2826 ut

2121 2876 2243 2916 eum
2273 2860 2522 2942 decebat.
2565 2874 2659 2927 per
2690 2859 2802 2912 \isa
2834 2861 3079 2928 quaedam
3115 2877 3290 2928 sacra,
3322 2873 3375 2918 et
3398 2866 3463 2921 iis
3504 2865 3590 2933 qui
3620 2880 3683 2919 ea

2123 2951 2398 3012 videbant,
2442 2951 2818 3020 congruentia.
2846 2950 3038 3007 Sermo
3078 2964 3259 3008 autem
3289 2954 3504 3010 divinus
3532 2956 3681 3010 omni

2123 3043 2387 3111 sapientia
2418 3042 2606 3111 plenus
2629 3040 2800 3096 visum
2835 3042 2986 3110 illud,
3033 3044 3179 3113 quod
3229 3044 3460 3098 divinam
3524 3046 3682 3099 simi-

455 3131 625 3169 unum
663 3115 827 3169 exiis
859 3115 1063 3182 angelis
1112 3115 1341 3178 sanetis,
1389 3115 1481 3183 qui
1547 3115 1704 3169 nobis
1757 3123 2015 3196 praesunt.

2123 3134 2408 3188 litudinem
2443 3133 2496 3187 in
2534 3134 2622 3186 illo
2651 3132 2768 3203 ipso
2812 3133 2929 3188 viso
2990 3134 3271 3206 ﬁguratam
3333 3133 3713 3199 ostendeliat,_

457 3206 533 3261 Ex
561 3206 759 3277 quibus
791 3206 849 3260 lit
891 3203 1263 3265 manifestum.
1293 3205 1435 3275 quod
1478 3204 1815 3275 quaecunque
1862 3222 2016 3263 sacra

453 3304 572 3358 visa
594 3299 793 3355 divinis
815 3298 1075 3365 symbolis
1108 3297 1334 3351 formata
1367 3298 1641 3366 prophetae
1671 3312 1834 3353 sensu
1870 3300 2017 3355 visus

455 3398 833 3464 perceperunt,
863 3391 1029 3446 verbo
1060 3391 1162 3449 sibi
1194 3398 1426 3457 cognato
1470 3390 1706 3445 vi~iones
1761 3391 2015 3445 nomina-

454 3495 671 3553 verunt,
706 3482 969 3539 vocabulo
1003 3483 1229 3538 visionis
1257 3481 1455 3548 alioqui
1506 3481 1789 3536 communi
1854 3482 2018 3537 rebus

454 3578 587 3649 ipsis
610 3593 746 3649 quas
800 3574 1074 3640 videbant,
1137 3583 1394 3643 tanquam
1444 3573 1684 3643 proprio
1736 3571 2012 3640 imposito.

2126 3238 2187 3279 ut
2214 3226 2495 3293 ﬁguratur.
2530 3225 2672 3295 quod
2706 3224 2923 3294 ﬁgurari
2957 3240 3059 3279 non
3101 3212 3296 3294 potest,
3353 3225 3481 3293 quia
3509 3226 3687 3282 addu-

2124 3319 2198 3373 cit
2233 3332 2327 3372 eos
2348 3317 2439 3386 qui
2461 3316 2664 3381 vident,
2696 3319 2761 3371 ad
2801 3317 2986 3381 Deum,
3033 3316 3224 3371 merito
3247 3316 3374 3372 inde
3400 3316 3681 3389 Theopha-

2127 3409 2364 3475 uiam,id
2394 3418 2498 3474 est,
2530 3409 2925 3479 apparitionem
2945 3408 3035 3463 Dei
3094 3417 3278 3473 vocat,
3328 3419 3516 3480 utpote
3567 3424 3681 3478 qua:

2124 3503 2361 3557 divinam
2421 3501 2875 3557 illuminationem
2954 3501 3264 3558 videntibus
3321 3503 3598 3567 immittat,
3631 3514 3687 3557 et

2125 3589 2325 3662 aliquid
2357 3582 2422 3645 de
2474 3593 2673 3647 divinis
2711 3605 3011 3675 eostaere
3045 3591 3256 3646 doceat.
3340 3590 3436 3651 llis
3482 3593 3679 3649 divinis

524 3721 549 3752 ³
576 3720 594 3775 l
621 3717 764 3786 Tim,
793 3732 858 3782 tt,
881 3714 917 3770 ι
988 3716 1012 3749 ⁸
1040 3714 1197 3772 Joan.
1227 3732 1327 3784 xu,
1363 3715 1453 3772 50.
1527 3715 1549 3748 ⁸
1575 3714 1747 3772 Exod.
1770 3732 1833 3781 ιι,
1863 3716 1916 3771 5.
1992 3718 2014 3750 ⁸

2122 3732 2185 3774 ee
2237 3732 2336 3785 ιιι,
2373 3682 2458 3774 lli.
2534 3718 2555 3749 '
2581 3716 2720 3773 Joel.
2756 3734 2814 3785 tt,
2843 3718 2934 3774 28.
3012 3719 3034 3752 ⁸
3060 3719 3255 3774 Matth.
3290 3733 3418 3781 xm,
3441 3718 3494 3772 9.

1924 3834 2194 3898 Scholia.

524 3943 971 4019 (l)_Tripliciter._
995 3940 1212 3997 Scilicet
1242 3951 1334 4019 aut
1367 3939 1687 3995 formatione
1704 3940 1782 4019 rei
1806 3940 2012 3994 caden—

453 4012 648 4074 tis'sub
678 4012 895 4069 sensum
922 4013 1092 4070 visus.
1127 4022 1217 4064 aut
1243 4013 1343 4065 sub
1368 4026 1587 4064 sensum
1649 4012 1887 4070 aurium,
1920 4019 2014 4063 aut

449 4085 813 4143 translatione
852 4081 1002 4135 verbi
1070 4081 1434 4146 siguilleantis
1498 4080 1698 4149 aliquid
1740 4081 2007 4151 spiritale,

451 4168 513 4213 ut
536 4154 770 4211 ebrietas
802 4151 918 4211 Dei,
949 4158 1002 4204 et
1051 4165 1305 4211 somnus,
1336 4163 1441 4203 etc.
1739 4148 1769 4177 ⁸

521 4229 617 4296 (ι’)
653 4222 923 4296 Οεειιιι-ιιιιι
990 4217 1100 4273 Dei.
1132 4223 1409 4296 Qua-lenus
1434 4219 1821 4296 hoccognosci
1846 4227 2019 4287 potest

451 4289 548 4368 per
579 4312 641 4368 ea
669 4306 789 4360 qua:
825 4289 962 4343 faeta
991 4299 1140 4368 sunt,
1167 4289 1292 4356 quia
1325 4289 1498 4368 angeli
1553 4292 1604 4368 in
1645 4289 1856 4368 primis
1904 4305 2015 4368 prae

453 4357 915 4422 cieteris'naturm
990 4358 1157 4412 Deum
1254 4357 1599 4427 participant,
1654 4357 1781 4427 quia
1824 4369 1883 4413 ut
1939 4359 2016 4413 ait

452 4444 678 4493 sanctus
707 4429 993 4491 Maximus,
1025 4443 1211 4481 eorum
1246 4426 1559 4481 substantiae
1587 4426 1715 4482 sunt
1761 4428 1884 4489 νοῦς
1906 4427 2015 4491 ζῶν

453 4508 505 4562 id
541 4515 644 4566 est,
673 4516 826 4554 nacus
857 4499 1067 4559 vivens,
1091 4497 1293 4552 idcirco
1322 4495 1392 4566 _iu
1424 4499 1610 4563 primis
1645 4515 1739 4565 per
1762 4513 1821 4551 se
1862 4498 2012 4566 ipsos

2192 3942 2268 4012 ('7)
2288 3939 2478 3997 Sncros
2511 3944 2741 3999 ordines.
2781 3941 2848 3996 Ut
2880 3939 3064 3995 Daniel
3097 3955 3272 4012 _c.rvn
3329 3939 3507 4012 decies
3552 3954 3686 3994 ceu-

2117 4009 2258 4064 ten‘a'
2293 4012 2459 4065 millia
2505 4023 2628 4067 ante
2681 4022 3029 4081 conspectum
3096 4009 3200 4081 Dei
3245 4011 3475 4065 astantia
3501 4012 3679 4076 vidit;

2126 4080 2371 4136 Eiechiel
2420 4081 2780 4144 Cherubinos,
2818 4078 2945 4151 cap.
3008 4094 3075 4143 x;
3105 4078 3270 4134 Isaias
3328 4081 3681 4148 Seraphinos,

2124 4165 2244 4219 cap.
2280 4163 2450 4223 vtaut
2499 4153 2901 4223 mysteriorum.
2969 4180 2999 4197 ,ρ

2196 4216 2273 4293 (8)
2299 4216 2570 4276 Visiones:
2596 4220 2663 4293 Ut
2706 4224 2758 4275 in
2805 4221 2983 4290 Moyse
3038 4231 3092 4293 et
3144 4219 3320 4293 rubo,-
3350 4226 3403 4271 et
3438 4219 3511 4293 _iu
3540 4216 3684 4293 Pau-

2127 4292 2180 4344 lo
2206 4287 2361 4361 rapto
2402 4307 2573 4361 usque
2604 4292 2670 4345 ad
2706 4287 2921 4345 tertium
2948 4291 3170 4353 callum,
3201 4299 3255 4343 et
3308 4287 3363 4341 in
3423 4289 3685 4359 Apocaly-

2124 4360 2499 4439 psijoanuis.
2530 4430 2542 4439 _
2719 4428 2760 4439 ﬂ
2818 4430 2830 4439 .
2864 4420 2871 4439 J

2194 4431 2269 4495 (9)
2300 4428 2687 4485 Pra'dicliones.
2719 4428 2786 4484 Ut
2818 4428 2871 4483 in'
2929 4430 3139 4493 Manoe,
3170 4436 3225 4482 et
3249 4429 3393 4482 aliis.

2192 4502 2305 4572 (10)
2331 4499 2602 4572 pecu/(nm
2648 4510 2723 4554 est
2760 4500 2873 4572 Dei.
2906 4499 3048 4572 Vide_
3092 4498 3387 4572 quomodo
3425 4501 3690 4566 interpre-

453 4594 481 4632 a
513 4562 640 4629 Dco'
681 4581 889 4625 creatos
959 4569 1230 4639 occultum
1319 4562 1429 4618 Dei
1457 4562 1825 4639 manifestam,
1878 4562 2018 4639 quoi
2057 4569 2094 4623 D
2124 4562 2297 4626 tat‘ur'
2329 4569 2645 4639 Dionysius
2688 4571 2831 4636 quod
2898 4571 2974 4622 ait
3022 4562 3295 4639 Joannes:
3361 4568 3527 4623 lleum
3571 4562 3689 4620 'ne-

453 4644 662 4703 scilicet
704 4650 787 4695 est
831 4655 949 4694 eus.
982 4639 1127 4707 quod
1182 4635 1313 4696 vita,
1354 4637 1498 4707 quod
1560 4652 1739 4700 mens,
1798 4637 2015 4689 tametsi

453 4729 618 4784 supra
651 4715 763 4768 lucc
806 4719 889 4765 est
943 4704 1072 4784 illud
1127 4709 1398 4784 occultum
1469 4704 1586 4768 Dei,
1635 4722 1802 4775 supra
1841 4707 2005 4759 etiam

452 4779 613 4857 quam
642 4793 708 4857 _ut
733 4779 1246 4857 compararipossit.

525 4855 602 4922 (ἱ)
634 4852 757 4907 Lex.
784 4846 962 4928 ςῖιιιιιιἶ
992 4846 1090 4902 Ili:
1148 4848 1254 4928 Lex
1288 4849 1534 4928 ordinata
1567 4863 1664 4928 per
1704 4846 2014 4928 angelos_in

455 4917 621 4979 manu
678 4922 992 4974 mediatoris
1025 4935 1040 4983 ;
1086 4929 1139 4972 et
1182 4918 1305 4973 Aet.
1335 4933 1444 4973 vn:
1477 4917 1579 4985 Qui
1614 4917 1900 4988 accepistis
1940 4917 2017 4970 le—

453 5011 572 5066 gem
600 4993 662 5066 in_
714 4988 1085 5066 dispositione.
1125 4990 1439 5066 angelorum
1474 5028 1490 5043 .

522 5066 600 5134 (:3)
629 5061 761 5114 Ante
806 5057 983 5127 legem.
1046 5056 1114 5112 Ut
1154 5060 1450 5122 Abraham,
1480 5069 1536 5113 et
1566 5057 1775 5120 Manoe,
1805 5065 1857 5111 ct
1891 5057 2020 5111 reli-

495 5151 614 5190 nos.

454 5152 747 5275 φῖῗῖροει
775 5202 958 5275 legem.
995 5201 1059 5258 Ut
1092 5200 1657 5275 Josepli._elgPt-trum
1681 5198 1896 5275 etalios
1928 5197 2023 5250 de-

456 5269 639 5342 inceps
671 5278 735 5328 ad
781 5269 1134 5334 voluntatem,
1191 5269 1280 5327 Dei
1323 5272 1620 5325 laciemlam
1679 5269 2024 5322 adduxerunt

454 5349 657 5402 anzeli.
689 5343 882 5398 Matth.
910 5358 970 5402 ιι.
998 5342 1120 5396 Aet.
1148 5358 1207 5394 ιι.

561 5362 657 5402 ΘΗ.
692 5362 882 5398 mauu.
910 5362 970 5402 11.
998 5362 1120 5396 Λρι.
1148 5362 1207 5394 ll.

527 5362 605 5486 is)
630 5416 781 5484 Quod
809 5413 1067 5483 agendum
1101 5419 1233 5466 erat.
1268 5409 1340 5466 Ut
1366 5411 1419 5464 in
1457 5409 1580 5463 Jesu
1609 5405 1778 5468 Nave,
1841 5417 1895 5464 et
1924 5408 2028 5463 Ge-

455 5483 709 5558 deinde;
756 5486 896 5538 aliis.
1003 5553 1060 5558 __
1254 5556 1257 5558 ί
1318 5549 1359 5558 η
1416 5549 1427 5558 _
1506 5549 1542 5558 η
1683 5549 1714 5558 η
1994 5484 2001 5487 Α

528 5557 605 5626 (6)
646 5557 722 5612 Ab
748 5571 926 5611 errore
957 5553 1289 5608 abducentes.
1318 5549 1382 5606 Ut
1416 5549 1469 5604 in
1502 5549 1775 5617 Cornelio,
1811 5549 1929 5601 A'et.
1960 5563 2020 5613 ιι,

2122 4658 2212 4697 mo
2244 4640 2375 4695 vidit
2406 4638 2668 4705 unquam.
2702 4640 2837 4706 Quia
2881 4641 3025 4693 enim
3090 4638 3295 4691 sciebat
3341 4640 3517 4691 visum
3570 4651 3690 4688 esse

2125 4710 2436 4770 hominibus
2494 4709 2546 4762 in
2611 4708 2934 4777 Scriptura,
2986 4718 3043 4761 ut
3101 4710 3225 4759 Adae
3291 4709 3345 4760 in
3416 4706 3687 4777 paradiso,

2122 4781 2352 4835 Ahraltrc
2416 4779 2480 4837 ad
2535 4776 2795 4847 quercum
2868 4778 3142 4843 Mambre,
3197 4785 3278 4847 _et_
3325 4776 3687 4845 proﬁciscenti

2119 4854 2436 4908 Sodomam,
2499 4845 2565 4901 et
2607 4847 2795 4916 Moysi,
2857 4857 2913 4901 et
2966 4847 3126 4904 aliis.
3178 4845 3305 4898 dicit
3356 4861 3497 4898 nunc
3524 4858 3690 4898 occu-

2119 4924 2250 4975 ltum
2305 4917 2395 4972 Dei
2460 4917 2730 4970 neminem
2779 4918 2998 4981 vidisse,
3057 4931 3234 4983 neque
3277 4916 3520 4968 visurum
3547 4928 3687 4976 esse,
3760 4934 3771 4937 ι

2121 4994 2171 5044 Id
2199 4999 2300 5053 est,
2334 4988 2385 5040 id
2418 4987 2562 5055 quod
2590 4994 2671 5040 cst
2710 4986 3012 5039 substantia
3043 4991 3178 5052 ejus,
3216 4985 3291 5037 vel
3318 4986 3504 5055 altius,
3554 4984 3685 5051 qui!

2122 5061 2192 5116 sit
2228 5060 2391 5122 Dens,
2429 5053 2591 5109 nemo
2644 5056 3109 5126 rctnprehcndcre
3166 5053 3548 5126 intelligentia,
3588 5066 3687 5104 nec

2120 5128 2727 5198 exprimereuuquam
2771 5124 2994 5198 potuit,
3052 5139 3233 5198 neque
3285 5124 3506 5198 poterit,
3566 5136 3685 5198 cum

2131 5190 2315 5253 autem
2360 5190 2651 5251 diciturit'n
2680 5190 2977 5263 'Seriptura
3010 5190 3354 5262 apparuiSSC.
3387 5194 3504 5245 sive
3538 5190 3688 5263 visus

2130 5286 2270 5327 esse.
2332 5270 2411 5321 sic
2466 5261 2874 5334 intelligendum
2958 5261 3691 5334 est.’quoduuuusquisquc

2132 5341 2345 5394 illorum
2372 5328 2722 5406 proportione
2754 5334 2873 5388 lidei
2909 5328 3209 5406 habebatur
3255 5332 3451 5399 dignus
3483 5328 3691 5397 visione

2130 5404 2540 5480 quadanﬁqua:
2591 5404 2667 5480 illi
2727 5406 2893 5480 Deum
2962 5404 3315 5480 Ostendebat;
3373 5410 3689 5480 pernquam

2136 5469 2398 5533 visionem
2438 5469 2933 5527 'illumiuationem
3007 5473 3256 5540 capiebat
3323 5469 3689 5540 cognitionum

2131 5550 2461 5609 divinarum,
2484 5559 2606 5612 qua:
2640 5544 2740 5614 ipsi
2785 5542 3167 5597 adveniebant.

524 5756 601 5819 la)
650 5756 978 5813 Vocabulum
1030 5754 1395 5825 DFOCtISviOIIIS
1450 5752 1651 5823 alioqui
1710 5761 2017 5819 commune,
2062 5749 2261 5807 iactum
2288 5758 2466 5803 tamen
2500 5754 2579 5801 est
2610 5743 2886 5815 proprium
2919 5743 3150 5813 Spiritus
3210 5739 3407 5797 sancti.
