4078 6274
482 380 617 438 759’

1629 377 1950 436 JOANNIS
1990 376 2567 436 CYPAl’lSSlOT/E

479 490 851 558 integumenta
871 506 992 544 esse
1014 492 1258 559 scientiae
1304 504 1536 553 arcame,
1576 500 1632 542 et
1671 490 1831 558 vulgo
1863 489 2038 542 homi«
2068 491 2113 548 Α
2143 491 2236 544 sed
2258 492 2440 558 potius
2480 492 2627 544 omni
2656 491 2834 546 studio
2864 493 2931 544 ad
2960 450 3310 545 sulilim‘tores
3354 490 3720 559 cogitationes

478 595 619 636 nunr
643 582 890 643 occultae,
912 591 973 634 ut
1002 597 1063 634 ea
1089 597 1209 650 qua:
1234 580 1580 635 sanctissima
1613 591 1761 643 sunt,
1795 592 1899 637 non
1932 581 2042 635 sint

479 673 723 741 profanis
751 673 930 729 facilia
965 673 1032 728 ad
1061 674 1474 741 intelligendum
1498 710 1515 737 ,
1548 674 1638 727 sed
1666 683 1876 727 tantum
1911 687 2040 726 vere

478 766 737 821 studiosis
767 765 1072 821 sanctitatis
1096 766 1430 833 aperiantur,
1468 774 1654 835 utpote
1689 764 1954 855 expeditis
1974 765 2043 819 ab

481 860 627 912 onmi
662 858 852 926 puerili
888 856 1213 926 cogitatione
1242 858 1293 910 in
1330 859 1503 912 sacris
1556 857 1840 927 symbolis,
1865 857 2037 925 etqui

479 950 596 1004 acie
622 958 837 1010 mentis,
870 958 926 1002 et
949 949 1145 1018 ingenii
1196 948 1452 1004 facultate
1472 951 1536 1004 ad
1559 951 2041 1017 contemplandum

480 1038 693 1100 idonea,
728 1039 1005 1091 veritatem
1026 1039 1327 1107 simplicem
1351 1050 1401 1092 et
1432 1054 1593 1107 supra
1622 1051 1870 1093 naturam
1899 1056 2044 1111 sym-

479 1131 725 1184 bolorum
749 1131 1071 1184 collocatam
1095 1133 1312 1200 assequi
1356 1134 1582 1201 possint.
1611 1132 1675 1185 Et
1696 1148 1882 1187 rursus
1904 1133 2044 1186 idem

478 1237 600 1288 cap.
633 1222 669 1274 2
726 1222 797 1274 De
849 1222 1043 1276 caelesti
1091 1224 1424 1277 hieran/tia:
1457 1223 1568 1284 Sic,
1625 1225 1820 1293 inquit,
1858 1238 2046 1276 omnes

480 1313 662 1366 divina
691 1314 956 1380 sapientia
975 1314 1197 1378 eruditi,
1216 1325 1271 1367 et
1297 1315 1460 1368 divini
1486 1316 1700 1369 alllatus
1731 1315 1962 1368 ministri
1997 1322 2051 1367 et

481 1405 808 1472 interpretes
859 1406 1056 1459 Sancta
1107 1414 1421 1461 sanctorum
1476 1422 1505 1460 a
1540 1407 1786 1475 profanis
1812 1407 1958 1460 etab
1985 1406 2051 1460 iis

481 1494 575 1564 qui
610 1497 807 1549 initiati
838 1513 943 1549 nou
981 1506 1129 1561 sunt,
1156 1512 1293 1565 pure
1328 1507 1603 1566 separant,
1631 1508 1684 1550 et
1712 1497 1913 1551 formas
1940 1496 2023 1549 effi

481 1599 596 1640 etas
626 1586 917 1642 dissimiles
948 1588 1249 1652 celebrant,
1289 1598 1348 1642 ut
1383 1604 1558 1657 neque
1592 1587 1773 1642 divina
1806 1604 1835 1641 a
1865 1587 2050 1654 profa-

482 1677 570 1730 nis
600 1677 756 1731 facile
804 1680 1011 1749 percipi
1067 1689 1303 1751 queant;
1352 1696 1527 1750 neqne
1579 1680 1670 1746 qui
1720 1679 1903 1733 studio
1930 1695 2054 1745 spe-

484 1769 670 1821 ctandi
719 1785 905 1824 sacras
935 1772 1063 1825 istas
1105 1771 1369 1839 imagines
1401 1771 1647 1825 inclusas
1685 1782 1961 1837 tenentur,
1998 1772 2051 1824 in

2149 594 2451 633 recurrere.
2484 580 2553 636 Ut
2587 580 2752 650 igitur
2774 578 3005 650 simplici
3038 591 3091 634 et
3114 574 3723 655 distinctarepetit'ioue

2146 686 2413 739 exponam
2443 673 2620 740 capita
2647 689 2766 741 qua:
2786 674 3036 735 tractavi,
3057 680 3339 726 ostensum
3361 679 3442 724 est
3471 672 3523 723 in
3550 672 3726 737 primo

2147 763 2342 832 capite,
2402 774 2658 831 tanquam
2727 765 2779 818 in
2844 780 3041 833 genere
3079 764 3343 833 quodam,
3405 763 3745 832 simpliciter

2147 854 2476 923 theologiam
2504 855 2556 907 in
2611 856 2748 909 duas
2800 856 3013 922 species
3072 854 3424 909 distributam
3484 868 3629 914 esse,
3668 853 3724 905 in

2152 960 2382 1014 quarum
2413 945 2609 1008 altera,
2644 962 2765 1014 quae
2791 953 2877 999 est
2908 945 3196 1015 theOIOgiae
3239 944 3572 1014 symbolicm,
3600 958 3730 1013 pro-

2153 1039 2296 1093 xime
2326 1038 2657 1109 explicatum
2728 1039 3039 1107 necessario
3064 1048 3170 1101 est,
3198 1053 3321 1106 quae
3362 1046 3417 1091 et
3443 1047 3576 1105 quot
3615 1037 3731 1089 sint

2151 1143 2272 1197 quae
2303 1131 2357 1181 in
2385 1145 2450 1184 ea
2477 1130 2803 1199 aperiuntur
2830 1140 2885 1183 et
2907 1130 3280 1189 declarantur.
3316 1129 3513 1184 deinde
3531 1143 3730 1195 seque-

2151 1220 2312 1287 batur
2350 1220 2554 1285 statim,
2608 1229 2663 1272 ut
2692 1220 2876 1289 qualia
2934 1220 3038 1275 ista
3079 1228 3288 1286 essent,
3348 1219 3728 1289 expediretur,

2152 1325 2349 1380 nempe
2404 1326 2665 1380 corporea
2695 1319 2750 1364 et
2801 1311 2904 1365 sub
2937 1326 3160 1365 sensum
3189 1311 3463 1378 cadentia,
3516 1321 3728 1380 postea,

2152 1401 2279 1470 quid
2309 1402 2502 1479 [rerum
2530 1404 2809 1470 proprium
2838 1408 2930 1465 stt,
2967 1401 3222 1467 deinceps
3248 1417 3356 1455 non
3390 1402 3571 1458 solum
3602 1417 3728 1472 quae

2154 1494 2219 1546 de
2251 1492 2357 1547 Deo
2390 1501 2544 1555 sunt,
2590 1492 2897 1547 istiusmodi
2951 1492 3142 1547 formis
3171 1503 3227 1548 et
3258 1490 3593 1563 imaginibus
3641 1494 3732 1547 in-

2151 1593 2353 1638 structa
2387 1598 2529 1648 esse,
2574 1583 2666 1638 sed
2701 1584 2862 1639 etiam
2890 1600 3014 1654 quae
3034 1586 3100 1639 de
3132 1585 3381 1654 angelis:
3417 1586 3729 1653 proximum

2154 1683 2293 1734 erat;
2336 1682 2468 1741 quot
2518 1673 2691 1728 modis
2749 1675 2849 1728 ista
2911 1675 3213 1746 symbolice
3269 1676 3645 1744 percipiuntur
3677 1687 3735 1735 et

2158 1773 2450 1833 apparent,
2474 1764 2693 1830 deinde,
2725 1760 2835 1832 quo
2883 1765 3150 1819 vocabulo
3193 1766 3293 1818 ista
3313 1774 3441 1819 sunt
3489 1775 3651 1831 tecta,
3679 1776 3737 1821 et

484 1857 596 1914 illis
631 1861 976 1915 extrinsecus
1007 1861 1195 1929 figuris
1219 1835 1281 1916 et
1314 1863 1485 1929 signis
1514 1872 1774 1929 tanquam
1822 1861 1877 1915 in
1909 1835 2053 1917 veris
2087 1835 2125 1888 Β
2157 1858 2400 1912 involuto
2431 1859 2718 1925 appellata,
2750 1840 2816 1912 ad
2857 1858 2991 1924 haec,
3026 1859 3224 1927 quibus
3254 1859 3600 1914 iutermediis
3624 1861 3759 1914 ista'

484 1948 747 2003 ha-reuut.
784 1948 898 2003 lmo
929 1960 982 2004 et
1014 1963 1253 2019 magnus
1294 1951 1556 2007 Basilius:
1599 1951 1728 2016 Qui.
1760 1951 1954 2020 inquit,
1984 1952 2051 2006 ad

484 2039 742 2094 celsiores
794 2042 1045 2098 notiones
1078 2058 1143 2097 ex
1183 2042 1364 2097 verbis
1396 2058 1504 2097 non
1556 2043 1827 2101 ascendit.
1862 2043 1955 2097 sed
1997 2046 2049 2096 iu

484 2131 620 2198 ipsis
653 2131 1113 2207 delineationibus
1139 2148 1428 2201 corporum
1459 2133 1750 2186 verborum
1778 2134 2052 2202 composi-

485 2219 825 2275 tioue’factis
868 2222 1093 2283 residet,
1127 2222 1311 2277 audiet
1345 2238 1409 2277 ex
1447 2222 1657 2291 Moyse,
1700 2223 1870 2275 Deum
1927 2236 2051 2277 esse

485 2311 705 2380 ignem;
757 2322 809 2366 et
840 2330 869 2367 a
909 2313 1125 2368 Datticle
1176 2313 1423 2383 sapiente
1475 2316 1541 2367 ad
1584 2314 1719 2367 alias
1762 2314 2052 2383 opiniones

485 2404 927 2473 detorquebitur;
965 2407 1038 2460 ita
1078 2407 1165 2460 fiet
1189 2415 1246 2458 ut
1272 2420 1379 2459 non
1410 2407 1584 2460 solum
1648 2405 1815 2479 falsas
1844 2407 2051 2476 COgita-

487 2497 687 2559 tiones,
744 2498 835 2550 sed
869 2497 1013 2551 inter
1066 2512 1124 2551 se
1192 2506 1495 2566 pugnantes
1567 2512 1636 2550 ex
1690 2498 1825 2565 ipsis
1891 2500 2054 2561 rebus

488 2585 724 2653 colligat.
759 2584 831 2638 Ex
862 2586 946 2640 bis
980 2596 1122 2654 patet
1157 2600 1263 2639 non
1308 2595 1560 2654 oportere
1594 2587 1803 2639 haerere
1832 2587 1884 2640 in
1914 2602 2060 2656 synn-

487 2676 660 2730 bolice
689 2676 878 2731 ellintis
906 2677 1115 2740 formis,
1143 2678 1638 2744 quomodocunque
1693 2676 2048 2743 eftiugantur,

487 2767 603 2819 sive
634 2767 685 2819 in
713 2768 897 2834 specie
936 2769 1037 2821 sub
1069 2782 1286 2821 sensum
1319 2767 1567 2828 cadente,
1592 2766 1711 2837 sive
1735 2767 1787 2820 in
1819 2769 2055 2822 vocabu-

489 2856 554 2910 lis
575 2870 696 2925 quae
728 2857 980 2913 videntur
1012 2857 1211 2912 habere
1242 2858 1468 2912 multum
1494 2856 1686 2913 absoni
1720 2866 1775 2912 et
1810 2856 2056 2929 absurdi;

2156 1960 2441 2016 geruntur,
2481 1948 2679 2004 deinde
2719 1959 3002 2027 ostensum
3035 1959 3119 2004 est
3147 1966 3253 2003 oon
3280 1965 3444 2019 posse
3481 1950 3594 2005 liter.
3623 1951 3733 2004 ali-

2156 2050 2240 2095 ter
2261 2041 2372 2095 ftcri
2413 2041 2515 2116 nisi
2551 2056 2645 2109 per
2686 2043 3062 2106 intermedios,
3095 2057 3190 2111 per
3224 2044 3446 2111 angelos
3493 2044 3733 2108 scilidet,

2155 2140 2435 2201 postremo
2476 2148 2584 2186 non
2614 2147 2737 2186 esse
2765 2134 3078 2188 haerendum
3113 2134 3166 2186 in
3200 2133 3515 2202 huiusmodi
3561 2133 3729 2202 typis,

2156 2223 2273 2277 sive
2307 2223 2361 2276 in
2410 2224 2542 2279 solis
2615 2225 2798 2279 verbis
2832 2225 3154 2288 sintefficti,
3186 2227 3302 2295 sive
3344 2223 3397 2278 iu
3452 2223 3640 2283 formis
3673 2234 3735 2277 et

2156 2316 2507 2383 imaginibus.
2559 2316 2694 2369 nihil
2732 2317 3014 2385 igiturhic
3054 2317 3229 2379 deest,
3276 2316 3407 2385 quin
3440 2315 3552 2369 sint
3608 2315 3727 2367 haec

2162 2406 2424 2459 absoluta.
2483 2406 2856 2462 Cousentance
2912 2422 3042 2462 vero
3088 2407 3403 2476 hujusmodi
3463 2405 3734 2473 theologia

2162 2510 2364 2549 arcana
2397 2496 2554 2550 nobis
2585 2508 2638 2551 et
2663 2498 2889 2568 mystica
2917 2499 3139 2561 dicitur,
3171 2498 3299 2566 qitia
3328 2512 3434 2550 non
3468 2496 3599 2550 sinit
3627 2511 3733 2551 nos

2166 2588 2217 2640 in
2254 2585 2384 2639 visis
2424 2587 2640 2652 sistere,
2672 2588 2764 2641 sed
2791 2588 3019 2642 ulterius
3054 2588 3299 2658 progredi
3338 2588 3484 2654 cogit
3509 2601 3604 2640 eos
3627 2585 3727 2654 qui

2159 2691 2389 2746 pennas,
2417 2678 2618 2747 quibus
2646 2678 2698 2732 iu
2728 2680 2962 2735 sublime
2987 2679 3269 2745 ferantur,
3300 2695 3328 2734 a
3356 2665 3550 2734 natura
3576 2692 3741 2734 ποθ·-

2163 2781 2383 2839 perunt.

1006 3133 1353 3193 SECUNDA
1406 3132 1769 3195 DECAS.-—
1812 3135 1927 3194 DE
1977 3138 2459 3207 THEOLOGIA
2511 3148 3264 3213 DEMONSTRATIVA.

1134 3279 1363 3336 CAPUT
1397 3281 1439 3336 Ι.

671 3372 823 3439 Quod
855 3371 1049 3441 duplex
1071 3373 1140 3427 sit
1174 3373 1429 3445 theologia
1451 3372 1891 3432 demonstrativa.

569 3485 792 3568 Magnus
810 3486 1098 3557 Dionysius
1119 3488 1357 3543 secundo
1380 3489 1556 3558 capite
1581 3490 1822 3545 Caelestis
1860 3494 2065 3547 hiet-ar-

497 3581 627 3631 chiw
647 3577 828 3642 :.Duo,
847 3578 1020 3646 inquit
1038 3580 1140 3650 (l),
1169 3580 1312 3634 modi
1340 3592 1467 3637 sunt
1490 3598 1660 3638 sacrae
1678 3578 2068 3640 nominationis

503 3670 592 3722 Dei
620 3685 634 3721 :
674 3669 812 3721 alter
851 3670 1091 3737 quidem,
1125 3681 1182 3722 ut
1214 3683 1648 3727 consentaneum
1693 3686 1938 3744 apparet,
1968 3693 2065 3746 per

500 3760 700 3814 similes
727 3761 988 3828 imagines
1014 3776 1075 3814 ac
1093 3761 1243 3830 signa
1270 3777 1424 3816 sacra
1493 3765 1722 3820 tendens
1745 3783 1758 3830 ς
1780 3766 1915 3820 alter
1944 3784 2069 3823 vero

498 3868 593 3920 per
634 3853 927 3906 dissimiles
979 3850 1183 3905 formas
1213 3853 1264 3906 in
1306 3855 1539 3922 speciem
1574 3856 1838 3912 absonam
1869 3860 2069 3915 etdis-

499 3953 813 3997 seutaneam
842 3942 1077 4007 effictus,
1103 3959 1166 3997 ac
1196 3945 1520 4000 traditiones
1569 3948 1787 4017 quidem
1818 3951 2068 4017 mysticae

503 4037 903 4105 Scripturarum
926 4038 1092 4089 Deum
1116 4039 1540 4103 enuntiautinm,
1559 4041 1919 4094 venerandam
1946 4043 2067 4107 eius

498 4129 592 4192 qui
646 4143 810 4194 supra
846 4126 1208 4181 substantiam
1239 4136 1346 4189 est,
1381 4138 1437 4182 et
1470 4128 1703 4198 θεαρχια
1737 4130 1840 4204 (2),
1875 4131 1926 4184 id
1959 4142 2064 4194 est,

501 4220 644 4274 Deus
698 4219 947 4280 deorum,
1026 4217 1415 4274 beatitudinem
1461 4220 1746 4275 interdum
1801 4230 2062 4291 tanquam
2094 4230 2109 4239 ‘

503 4323 738 4368 mentem
760 4324 813 4367 et
834 4308 1068 4366 Verbum
1098 4319 1153 4368 et
1175 4311 1534 4366 substantiam
1560 4312 1637 4382 (5)
1667 4312 1915 4379 laudant,
1939 4330 2063 4369 cum

2100 3297 2146 3356 C
2177 3299 2646 3355 ratiocinationem
2676 3301 2751 3372 (ι)
2784 3318 2904 3371 quae
2929 3301 3094 3357 Deum
3118 3302 3293 3364 decet,
3326 3309 3381 3354 et
3401 3296 3726 3368 sapientiam

2101 3409 2104 3411 λ
2173 3393 2291 3459 ejus
2329 3390 2626 3453 declarant,
2683 3402 2737 3447 et
2774 3393 2937 3448 talem
2962 3408 3027 3447 ac
3054 3402 3262 3446 tantum
3324 3406 3469 3452 esse,
3529 3388 3622 3459 qui
3659 3388 3734 3442 sit

2173 3498 2302 3537 vera
2340 3497 2502 3536 causa
2551 3483 2871 3538 substantiae
2917 3499 3144 3547 rerum;
3177 3492 3232 3536 et
3261 3492 3521 3545 tanquam
3548 3480 3735 3533 lumen

2172 3589 2292 3630 eam
2321 3573 2612 3642 effingunt,
2642 3589 2707 3628 ac
2727 3575 2888 3628 vitam
2918 3582 3135 3637 vocant,
3167 3589 3291 3628 cum
3317 3572 3520 3641 alioqui
3548 3571 3741 3637 hujus-

2174 3665 2322 3718 modi
2385 3663 2571 3717 formae
2607 3666 2658 3717 in
2708 3662 2989 3731 Scriptura
3039 3678 3192 3717 sacra
3240 3662 3456 3724 emotae,
3498 3661 3744 3716 honesta

2115 3761 2121 3771 ‘
2172 3757 2390 3827 quidem
2428 3764 2483 3811 et
2504 3770 2694 3825 graves
2726 3757 2858 3820 sint,
2884 3767 2938 3808 et
2973 3770 3094 3822 quae
3134 3754 3336 3809 fortt'as
3367 3765 3613 3807 terrenas
3644 3765 3744 3804 ex-

2170 3848 2368 3902 cellere
2405 3847 2815 3915 quodammodo
2851 3846 3177 3910 videantur;
3220 3844 3330 3897 sint
3358 3852 3538 3897 tamen
3584 3840 3724 3894 infra

2174 3937 2584 3992 similitudinem
2606 3938 2697 3992 Dei
2722 3952 2843 3991 cum
2871 3938 2984 4008 ipsa
3010 3940 3235 3990 veritate
3258 3947 3376 4002 ;est
3404 3936 3547 3990 enim
3572 3948 3753 4005 supra

2169 4045 2389 4084 omnem
2441 4045 2684 4089 causam,
2720 4038 2769 4083 et
2806 4029 3011 4093 vitam;
3060 4044 3182 4082 cum
3240 4028 3452 4081 nullum
3513 4025 3734 4095 quidem

2175 4122 2371 4181 lumen
2384 4121 2555 4191 possit
2577 4120 2738 4174 Deum
2764 4118 3102 4189 exprimere;
3128 4134 3288 4171 omne
3309 4127 3490 4171 autem
3513 4114 3739 4169 verbum

2173 4225 2228 4270 et
2263 4229 2414 4268 mens
2446 4214 2511 4265 ab
2542 4213 2656 4281 ipsa
2690 4210 2780 4264 Dei
2807 4209 3169 4265 similitudine
3202 4209 3417 4262 infinito
3458 4205 3743 4260 intervallo

2177 4306 2384 4361 distent
2412 4320 2428 4368 ;
2463 4302 2794 4372 quandoque
2842 4313 2974 4354 vero
2999 4299 3361 4357 dissimilibus
3392 4297 3467 4367 (5)
3497 4297 3745 4352 declara-

1656 4552 1663 4558 .
1759 4471 2008 4536 Scholia
2153 4464 2439 4531 Maximi.

504 4605 748 4675 apparet,
780 4608 886 4649 non
917 4595 1062 4648 enim
1099 4594 1178 4649 sic
1205 4595 1518 4675 accipienda
1556 4604 1712 4675 sunt,
1733 4596 1841 4675 _se_d
1878 4597 2061 4675 potius
2094 4599 2139 4656 ι)
2168 4591 2324 4675 quasi
2352 4586 2501 4675 ρῆῶγ.
2543 4584 2813 4675 domum;
2869 4583 3112 4675 dicamus
3145 4595 3243 4635 nos
3279 4580 3446 4634 Deum
3484 4579 3740 4642 deorum,

506 4665 801 4737 sectandum
849 4678 1064 4734 sensus,
1086 4680 1224 4736 quos
1265 4667 1512 4737 symbola
1556 4667 1706 4723 intus
1733 4666 1938 4722 habent
1962 4670 2067 4721 alte

506 4735 834 4792 reconditos.

581 4808 657 4873 (l)
703 4804 837 4864 Duo.
863 4805 1060 4871 inquit,
1100 4804 1268 4860 modi.
1311 4805 1464 4869 Quod
1501 4806 1716 4862 duobus
1753 4806 1929 4861 modis
1956 4804 2073 4859 latt-

508 4878 671 4931 datur
706 4874 866 4937 Deus,
899 4883 994 4930 aut
1025 4885 1281 4940 tauquam
1318 4876 1511 4930 similis
1549 4878 1804 4931 omnibus
1864 4875 2070 4937 (omnia

508 4948 652 5001 etiim
688 4945 739 4998 in
777 4949 903 5015 ipso
959 4945 1285 5011 consistunt)
1326 4957 1422 4999 aut
1466 4955 1720 5015 tanquam
1785 4944 2070 5015 dissimilis

511 5015 667 5083 (nihil
696 5024 779 5075 est
819 5013 963 5068 enim
1004 5029 1192 5068 eorum
1243 5030 1364 5082 quas
1412 5013 1588 5083 sunt),
1622 5017 1846 5081 exponit
1877 5013 2072 5067 deinde

513 5083 822 5153 Dionysius,
847 5084 1117 5149 quomodo
1144 5083 1447 5138 formantur
1476 5085 1564 5138 isti
1592 5084 1734 5139 modi
1757 5083 2072 5137 nominandi

515 5158 555 5227 ῃ
591 5170 683 5227 uin
720 5168 818 5221 per
846 5152 1066 5227 similia,
1101 5154 1517 5227 utcumdicitnr
1542 5154 1680 5207 Deus
1706 5155 1773 5227 in_
1792 5153 2069 5220 Scriptura

512 5224 775 5290 Verbum,
798 5229 852 5276 et
885 5222 1076 5284 mens;
1106 5232 1165 5275 ut
1194 5222 1354 5277 illud:
1391 5222 1524 5288 Quis
1551 5224 1802 5289 cognovit
1829 5228 2071 5282 sensum,

512 5300 625 5349 sive
641 5290 1115 5363 meuteui‘Domini
1139 5291 1162 5344 'I
1183 5291 1353 5360 (Rom.
1382 5296 1535 5363 it),ct
1559 5293 1698 5363 istud
1728 5293 1779 5363 iu
1801 5291 2076 5363 prophetis

510 5365 771 5434 frequens
803 5377 818 5414 :
855 5360 918 5434 Et
972 5360 1317 5434 fa_ctum__cst
1345 5360 1568 5434 verbum
1602 5361 1814 5413 Domini
1855 5360 1929 5434 ad_
1964 5374 2069 5413 me.

586 5429 663 5504 (Ξ)
692 5433 955 5504 θεαρχία.
985 5432 1121 5504 Qum
1172 5430 1462 5504 Dionysius
1502 5430 1666 5504 Deum
1705 5436 1863 5504 vocat
1909 5429 2072 5504 Ωεᾳρ-

514 5500 658 5574 χίπίνζ
691 5503 759 5574 ab
794 5517 859 5557 eo
887 5500 1133 5574 nominat
1166 5501 1307 5566 quod
1342 5511 1427 5574 est
1452 5500 1809 5574 potissimum
1851 5500 1942 5574 Dei
1971 5500 2072 5574 do-

516 5568 668 5633 num,
707 5571 888 5623 facere
954 5570 1163 5623 scilicet
1200 5569 1420 5635 angelos
1449 5568 1500 5621 et
1521 5577 1741 5622 sanctos
1800 5568 2072 5629 homines,

515 5643 692 5708 quoad
744 5639 857 5692 fieri
891 5646 1087 5708 potest,
1128 5639 1259 5708 deos
1293 5639 1577 5708 quosdam,
1630 5638 2074 5708 sit'utrscriptuat

440 5725 445 5732 ‘
517 5705 632 5764 ett:
669 5709 931 5776 Egodixi,
956 5705 1376 5776 Diiestiswsal.
1410 5708 1641 5772 LXXXI,l,
1694 5716 1713 5759 t
1752 5707 1918 5761 illud:
1946 5705 2085 5759 llus

520 5774 743 5833 deorum
777 5780 827 5830 in
856 5778 985 5830 Sion
1005 5774 1176 5837 (ι’δαι.
1206 5779 1702 5840 ιχχδιι)ηθεαργίαν
1730 5780 1907 5832 itaoue
1934 5776 2083 5838 dicit,

2174 4655 2230 4716 tit
2257 4658 2420 4713 David
2450 4655 2601 4709 dicit.

2242 4732 2317 4799 ('5)
2352 4725 2725 4799 Sutismntiam
2752 4721 2992 4799 laudant.
3037 4719 3106 4775 Ut
3135 4735 3258 4799 cum
3286 4720 3430 4799 dicit,
3451 4718 3741 4799 Scnriptura

2171 4801 2224 4856 in
2249 4788 2444 4851 ‘E'xodo
2472 4798 2614 4864 (cap.
2647 4791 2910 4864 ittlaEgo
2932 4805 3050 4864 su_m
3075 4792 3166 4858 qui
3199 4806 3318 4864 su_m
3345 4807 3360 4854 ;
3385 4796 3470 4842 et:
3503 4788 3611 4864 Qui
3639 4799 3745 4864 est,

2171 4870 2322 4924 misit
2360 4857 2486 4929 me;
2519 4857 2577 4917 et
2620 4863 2748 4915 illud
2792 4857 3021 4929 in_'Psal.
3060 4874 3192 4915 cut:
3238 4859 3316 4912 Tu
3352 4870 3531 4929 autem
3576 4857 3742 4929 idem

2168 4940 2285 5009 ipse
2323 4952 2403 4997 es,
2430 4927 2535 4987 ἀπὸ
2558 4936 2676 5009 γὰρ⁸
2698 4930 2790 5009 τρῦ
2822 4927 2959 5009 εἵνξιι
3002 4934 3091 5009 ita}
3120 4930 3383 5009 τοῇδντος
3411 4930 3442 4995 ἠ
3465 4927 3622 4978 οὐσία
3654 4928 3743 4977 καὶ

2171 4999 2233 5062 θ’ἑὸ
2273 5006 2601 5071 παράγωγον
2626 4999 2810 5062 obsint;
2841 5003 2870 5065 ὴ
2903 4999 3153 5071 ὖπαρξςς,
3179 4999 3429 5071 dicamus
3467 5011 3568 5071 nos
3595 5010 3744 5048 more

2175 5066 2385 5138 nostro,
2417 5066 2621 5127 abesse
2656 5071 2803 5124 enim
2837 5080 2891 5123 et
2921 5066 3045 5138 ente
3076 5070 3295 5122 ducitur
3319 5066 3581 5138 essentia,
3616 5081 3735 5138 qtne

2175 5157 2262 5202 est
2291 5135 2637 5204 exsisteutia,
2666 5142 2768 5193 huc
2794 5150 2906 5213 est,
2934 5137 3203 5213 e_xsiste_ns
3249 5135 3744 5213 substantia_,_acci-

2173 5218 2305 5271 deus
2337 5214 2481 5268 enim
2534 5227 2639 5263 non
2676 5220 2759 5263 est
2792 5207 3022 5275 ὓπαρξις
3056 5207 3148 5261 sed
3185 5204 3513 5273 ὲνύτταρξις;
3546 5204 3597 5258 id
3632 5216 3737 5268 est,

2174 5302 2282 5341 non
2321 5294 2402 5337 est
2428 5280 2767 5341 exsistentia,
2803 5280 2897 5332 sed
2929 5280 2977 5329 in
3002 5278 3339 5330 exsistentia.

2244 5358 2316 5424 (4)
2353 5351 2849 5424 Rntiocinationem.
2916 5347 3030 5424 Non
3064 5348 3179 5424 _sic
3221 5349 3374 5407 dicit,
3431 5346 3574 5410 quod
3611 5343 3740 5424 velit

2174 5413 2486 5494 significare
2508 5436 2626 5474 esse
2652 5421 2815 5494 Deum
2850 5417 3189 5494 rationalem,
3226 5425 3483 5482 tanquam
3510 5413 3735 5494 partici-
3810 5472 3813 5487 _

2175 5485 2296 5563 (ie-Vm
2348 5495 2596 5555 rationis,
2630 5489 2722 5556 qui
2755 5499 2837 5541 est
2868 5493 3032 5555 .totns
3066 5487 3182 5553 ipsa
3215 5501 3308 5550 per
3335 5497 3393 5538 se
3436 5485 3743 5539 subsistens

2178 5575 2338 5619 P3110.

2257 5635 2332 5703 (Pi)
2354 5632 2676 5699 Quandoque
2700 5641 2820 5703 vero
2843 5624 3209 5703 dissimilibus.
3242 5622 3534 5677 Dissimilia
3567 5630 3743 5703 vocat,

2187 5692 2328 5773 quia,
2353 5692 2474 5772 quae
2504 5692 2765 5773 negauler
2791 5699 2858 5773 de
2896 5696 3002 5747 Deo
3044 5695 3324 5760 dicuntur,
3359 5709 3464 5746 non
3495 5692 3625 5761 quid
3652 5692 3742 5755 sit,

2189 5768 2284 5831 std
2306 5768 2446 5837 ‘oti‘td
2470 5788 2577 5826 nou
2611 5772 2702 5834 sit,
2736 5768 3037 5822 declarant.

3613 372 3749 438 ’163¹
3844 434 3853 448 ,
