4058 6306
297 388 394 450 761

1052 389 1286 448 DEC.\S
1321 391 1398 448 1ῐ.
1459 416 1522 425 -
1561 393 1659 451 DE
1681 391 1780 448 Tll
1798 389 2118 451 EOLOGIA
2159 391 2827 452 DEMOXSTRATH’A.

3431 393 3540 454 752

298 500 538 553 tionibus
575 498 640 551 ab
681 499 812 567 ipsis
842 499 947 552 illis
975 498 1275 566 Scripturis
1305 501 1510 553 sanctis
1536 501 1717 553 dixiue
1749 503 1862 553 lau-
1895 512 1939 563 Α
1970 501 2154 568 nysius
2177 501 2256 566 (ιι)
2288 501 2399 582 [ιρινο
2425 500 2729 554 edisseri-ns
2759 501 2850 564 ait,
2877 515 2970 553 eos
3006 517 3096 569 qtn
3125 510 3363 568 apertam
3388 502 3545 553 theo-

294 593 479 646 datur.
513 604 633 642 eum
694 591 1139 658 inaspectabilem
1177 607 1298 642 cum
1345 602 1565 655 vocant,
1589 602 1641 645 et
1681 593 1862 644 inﬁni-

297 692 436 749 ιιιιιι,
460 691 513 735 et
549 681 638 748 qui
695 682 812 748 capi
860 698 962 735 non
997 685 1202 751 possit;
1251 695 1304 737 et
1336 684 1588 738 similiter
1617 689 1669 735 in
1719 685 1860 745 aliis.

301 775 448 826 unde
481 789 589 826 non
623 774 752 839 quid
782 783 885 838 est,
916 776 1006 826 sed
1062 776 1190 840 quid
1223 792 1331 828 non
1370 786 1472 838 est,
1501 775 1863 844 signiﬁcatur.

294 865 377 918 Ex
416 867 500 918 his
535 865 768 919 efﬁcitur
815 867 1087 932 duplicem
1135 883 1257 922 esse
1283 868 1605 934 theologiam
1634 871 1866 922 demon-

303 959 610 1020 strativam,
649 976 812 1012 unam
849 976 967 1028 quae
1002 961 1340 1016 afﬁrmanter
1369 974 1422 1016 et
1456 980 1520 1016 ex
1551 964 1756 1017 effectis
1782 966 1866 1016 in-

301 1052 557 1114 ducitnr;
583 1051 803 1103 alteram
832 1068 951 1120 qua:
980 1055 1242 1120 neganter
1273 1063 1326 1108 et
1365 1056 1626 1122 privative
1655 1075 1667 1108 :
1700 1068 1753 1109 et
1777 1057 1866 1110 illa

301 1141 518 1208 quidem
552 1158 615 1195 ex
653 1143 922 1198 similibus
965 1144 1159 1200 formis
1193 1147 1414 1208 efﬁctis,
1451 1149 1564 1200 haec
1609 1163 1672 1202 ex
1705 1148 1874 1201 dissi-

303 1234 556 1298 milibus;
595 1237 695 1288 hoc
719 1245 898 1289 tamen
934 1236 1332 1291 inalfirmativa
1364 1240 1634 1306 theologia
1671 1241 1862 1292 cerni-

300 1331 413 1380 tur.
453 1323 624 1390 ipsam
655 1326 814 1376 etiam
848 1340 940 1392 per
959 1324 1163 1379 formas
1213 1326 1364 1380 fictas
1397 1327 1446 1379 in
1471 1327 1753 1395 Scriptura
1789 1342 1877 1382 sa-

297 1428 392 1465 cra
422 1415 694 1482 progredi.
752 1417 1036 1471 honestius
1091 1427 1272 1471 tamen
1305 1433 1473 1486 quam
1530 1433 1626 1486 per
1657 1433 1718 1471 ea
1747 1434 1873 1486 qua:

303 1505 606 1572 symbolice
648 1507 791 1560 dicta
835 1519 958 1560 sunt
993 1508 1044 1559 in
1078 1517 1304 1577 utroque
1335 1523 1536 1578 genere
1568 1510 1642 1576 (l)
1678 1510 1876 1562 forma-

303 1599 544 1660 tionutn,
575 1613 713 1666 quas
774 1608 954 1667 patres
1003 1601 1725 1668 vocaverttnt-nposvj).ou;,
1783 1616 1884 1655 nos

297 1706 309 1732 ι
342 1685 552 1742 icatnus
574 1697 834 1749 terrenas.
853 1700 1113 1759 quatenus
1128 1692 1227 1744 etsi
1247 1690 1413 1743 altera
1440 1707 1562 1758 pars
1583 1691 1883 1759 theologire.

305 1778 522 1831 scilicet
542 1780 872 1848 symbolicm,
899 1781 952 1834 in
972 1782 1150 1836 verbis
1172 1782 1452 1836 translatis
1471 1791 1522 1834 et
1550 1798 1578 1834 a
1603 1783 1887 1836 lumbratis

1974 591 2192 657 logiam,
2218 599 2272 643 et
2307 591 2438 645 velis
2482 592 2680 644 nit-lam
2712 592 3023 655 audierunt,
3057 601 3210 661 typos
3245 593 3548 660 (5)c0gita-

1974 684 2174 736 talione
2198 698 2294 736 sua
2324 682 2580 745 formare.
2613 683 2703 750 qui
2735 684 2799 735 ad
2830 683 3236 750 intelligentiam
3264 685 3543 735 auditores

1975 775 2253 843 adjuvent.
2300 773 2373 827 Ex
2411 776 2492 827 his
2541 774 3084 841 igitur-manifestmn
3125 775 3356 827 efficitur
3400 774 3544 842 quod

1973 877 2130 920 antea
2156 867 2358 918 dictum
2374 874 2644 934 est.typos
2671 881 2791 920 esse
2810 876 2861 918 et
2887 867 3147 933 imagines
3165 881 3226 916 ea
3247 866 3406 917 etiam
3431 881 3549 931 qum

1974 966 2154 1025 aperte
2177 956 2331 1009 nobis
2351 965 2402 1007 et
2434 957 2550 1010 sine
2575 959 2705 1011 velis
2733 958 2968 1010 obtentis
2992 957 3043 1008 in
3062 956 3339 1021 Scriptura
3365 966 3549 1007 sancta

1982 1049 2020 1110 D
2045 1064 2090 1100 -ο
2121 1050 2398 1112 dicuntur,
2430 1051 2683 1117 quamvis
2712 1049 3143 1102 detnonstrative
3178 1047 3428 1100 dicantur
3461 1049 3545 1100 af-

1981 1140 2268 1192 ﬁrmando.

2015 1279 2037 1298 ,
2609 1229 2954 1285 αιρυτιη.

1986 1343 2136 1408 Quod
2167 1357 2256 1409 prr
2283 1359 2484 1396 omnem
2526 1344 2834 1406 theologiam
2849 1345 2983 1396 ratio
3011 1343 3206 1409 speculi
3235 1353 3282 1396 et
3306 1343 3556 1412 (enigma-

2549 1415 2614 1466 tis
2649 1417 2998 1481 progreditur.

2057 1503 2427 1559 A-lmirandus
2457 1517 2508 1560 et
2545 1522 2773 1572 magnus
2827 1508 3120 1574 Apostolus
3147 1507 3221 1560 ait
3252 1505 3327 1575 (l)
3359 1525 3372 1561 :
3401 1507 3556 1558 Vide-

1989 1613 2113 1650 mus
2134 1613 2279 1651 nunc
2299 1615 2393 1666 per
2419 1601 2700 1667 speculum
2733 1601 2785 1653 in
2810 1601 3115 1668 aenigmate.
3138 1600 3198 1651 Et
3226 1602 3445 1653 rnrsns’:
3481 1598 3557 1654 Ex

1991 1698 2143 1757 parte
2176 1692 2584 1757 cognoscimus.
2612 1703 2662 1745 et
2685 1708 2749 1745 ex
2785 1701 2938 1761 parte
2981 1693 3370 1762 prophetamus
3391 1732 3406 1755 ,
3433 1707 3557 1746 cum

1992 1790 2172 1832 autem
2201 1780 2404 1833 venerit
2425 1782 2568 1848 quod
2596 1783 2887 1851 perfectum
2909 1792 3010 1846 est,
3032 1783 3388 1837 evamtabitur
3413 1783 3556 1851 quod

301 1888 312 1933 ι
339 1868 516 1938 ergit,,
541 1871 765 1924 multum
795 1881 974 1926 tamen
1030 1874 1220 1928 absoni
1258 1883 1309 1927 et
1331 1874 1669 1928 dissentanei
1713 1875 1764 1926 in
1796 1875 1876 1927 eis
1914 1875 1952 1928 Β
1983 1887 2043 1925 ex
2083 1881 2234 1940 patte
2258 1881 2362 1926 est.
2399 1871 2458 1926 Et
2489 1874 2715 1928 iterum:
2755 1874 2857 1928 Per
2889 1876 3046 1928 fidem
3102 1877 3472 1936 ambulamus.
3500 1885 3556 1928 et

297 1972 550 2028 apparet.
581 1962 867 2028 Quomodo
899 1967 1042 2018 enim
1082 1967 1363 2033 cogitabit,
1398 1967 1487 2033 qui
1536 1968 1590 2021 in
1624 1966 1729 2020 Deo
1757 1982 1880 2021 cra-

305 2054 493 2119 pulam
532 2056 739 2114 audiat.
761 2073 813 2109 et
841 2058 1664 2128 paenitentiam,etjuramenta,
1697 2068 1751 2114 et
1781 2059 1883 2113 im-

307 2146 676 2213 precationes,
704 2157 756 2202 et
793 2149 902 2204 alia
938 2150 1254 2218 ejusmodi?

874 2259 884 2266 ’
933 2261 1164 2315 CAPUT
1199 2262 1264 2316 ll.

309 2349 472 2426 Quod
504 2353 761 2415 tlteoloq'a
787 2356 1218 2413 demonstration,
1254 2373 1371 2426 qam
1398 2358 1602 2412 videtur
1626 2376 1738 2412 esse
1772 2362 1884 2415 sine

382 2425 756 2490 integrmtento.
816 2441 906 2490 per
943 2436 1084 2494 typos
1119 2425 1273 2480 nobis
1303 2428 1511 2494 efﬁctos
1552 2433 1808 2490 procedit.

387 2510 612 2577 Magnus
653 2510 966 2579 Diony~itts.
1006 2515 1056 2582 in
1097 2514 1269 2581 Epist.
1317 2515 1381 2566 ad
1425 2515 1636 2568 Titum:
1703 2517 1882 2581 Quod,

310 2604 521 2669 inquit,
590 2605 904 2672 ltujustuodi
965 2607 1334 2671 integumenta
1389 2619 1614 2672 cognata
1683 2622 1888 2663 natura:

314 2705 521 2747 nostrae
553 2706 697 2759 sunt,
726 2697 1177 2751 declarantetiatn
1200 2703 1286 2767 qui
1313 2706 1494 2755 audita
1519 2713 1700 2765 aperta
1733 2704 1887 2754 theo-

319 2787 463 2852 logia
507 2788 582 2856 (2)
642 2790 760 2842 sine
822 2791 1140 2849 involucris.
1203 2794 1466 2860 effingunt
1518 2795 1651 2845 inse
1704 2805 1887 2862 typum

321 2877 637 2942 quemdam,
664 2879 754 2946 qui
778 2895 870 2932 eos
901 2882 964 2933 ad
999 2882 1410 2947 intelligentiam
1441 2883 1558 2948 ejtis
1607 2884 1890 2950 theologiae

318 2981 486 3032 quam
512 2969 644 3030 dixi,
667 2970 925 3023 adducat:
950 2979 1003 3023 et
1036 2971 1205 3036 ipsius
1237 2987 1454 3039 quoque
1476 2973 1661 3024 mundi
1691 2973 1768 3040 (5)
1798 2973 1888 3039 qui

315 3061 565 3112 cernitur
601 3061 802 3114 fabrica
834 3061 1195 3126 invisibilibus
1233 3062 1321 3115 Dei
1349 3064 1584 3117 obducta
1617 3067 1718 3124 est,
1749 3066 1893 3117 sicut

316 3149 542 3215 Paulus,
577 3161 629 3206 et
657 3153 769 3221 ipsa
799 3151 1006 3208 Veritas
1028 3156 1103 3222 (4)
1141 3162 1393 3210 testatur.
1427 3155 1577 3208 Alter
1607 3171 1737 3210 vero
1771 3154 1892 3208 Dio-

1994 1978 2100 2016 non
2153 1979 2259 2030 per=
2280 1965 2540 2031 speciem.
2581 1963 2696 2019 Hoc
2741 1968 3032 2034 praeclarus
3085 1978 3280 2021 auctor
3331 1967 3560 2022 Basilius

1989 2071 2111 2109 cum
2150 2065 2494 2124 perspectum
2529 2057 2782 2112 haberet:
2805 2057 2961 2122 Illud,
2996 2059 3171 2126 inquit
3205 2057 3300 2126 (ὁ),
3329 2058 3462 2110 fat-ie.
3493 2060 3560 2112 ad

1991 2147 2207 2218 facient.
2249 2158 2300 2200 et
2326 2148 2562 2214 perfecte
2611 2164 2940 2219 cognoscere
2961 2151 3012 2204 in
3040 2150 3226 2204 futuro
3249 2151 3447 2205 saeculo
3479 2152 3563 2204 di-

1991 2241 2110 2308 gnis
2154 2241 2482 2294 reddendum
2515 2257 2637 2296 esse
2690 2242 3020 2310 promissum
3071 2253 3182 2308 est;
3237 2258 3381 2298 nunc
3410 2258 3559 2307 vero.

1991 2336 2060 2386 sit
2085 2334 2207 2386 licet
2238 2334 2453 2392 Paulus.
2474 2335 2598 2386 licet
2625 2334 2830 2397 Petrus,
2862 2333 3006 2388 videt
3027 2334 3241 2402 quidem
3279 2350 3403 2387 vere.
3439 2350 3564 2401 qua!

1993 2425 2159 2489 videt,
2199 2433 2252 2476 et
2289 2441 2396 2478 non
2462 2424 2698 2488 fallitur,
2730 2441 2827 2493 per
2869 2426 3152 2494 speculum
3198 2434 3379 2479 tamen
3419 2425 3564 2478 vilet

1993 2529 2045 2572 et
2075 2519 2124 2568 in
2152 2523 2450 2581 mtiigmate.
2482 2518 2610 2567 illud
2645 2530 2821 2568 autem
2857 2517 3001 2583 quod
3027 2533 3088 2569 ex
3122 2527 3271 2585 parte
3293 2525 3395 2574 est.
3416 2531 3565 2570 nunc

1994 2619 2147 2673 grato
2165 2607 2366 2669 animo,
2386 2607 2674 2673 accipiens,
2695 2606 2837 2674 quod
2873 2605 3168 2674 perfectum
3187 2621 3288 2667 est.
3311 2608 3362 2659 in
3387 2597 3567 2660 futuro

1999 2699 2277 2766 perspicue.
2307 2707 2606 2764 exspectat.
2635 2699 2768 2750 Item
2801 2713 2922 2750 cuin
2955 2713 3020 2751 eo
3061 2699 3355 2769 Gregorius
3386 2698 3568 2752 Theo-

2000 2792 2152 2852 lugus
2212 2791 2310 2855 (c):
2349 2789 2640 2852 Quocirca.
2695 2790 2891 2855 inquit.
2931 2804 3144 2842 omnem
3201 2790 3564 2847 munitionem

2003 2880 2204 2933 l‘aulus
2234 2896 2350 2945 quae
2388 2881 2439 2931 in
2481 2889 2621 2932 terra
2657 2880 2724 2932 de
2763 2881 2869 2931 Deo
2901 2881 3153 2945 habetur,
3212 2881 3348 2933 nihil
3407 2897 3570 2949 Supra

1999 2988 2160 3041 quam
2194 2972 2412 3038 specula
2437 2981 2486 3024 et
2512 2972 2794 3036 aenigmata
2821 2988 2941 3025 esse
2962 2975 3132 3040 ponit.
3163 2982 3353 3039 utpote
3382 2974 3435 3024 in
3472 2973 3571 3024 mi-

1999 3061 2148 3114 tttttis
2174 3061 2500 3129 imaginibus
2526 3063 2768 3114 veritatis
2798 3063 3054 3116 lacalam.
3095 3063 3153 3116 Et
3192 3065 3389 3116 iterum
3425 3062 3569 3116 idem

2001 3155 2056 3208 in
2090 3156 2343 3210 oratione
2373 3160 2434 3210 de
2475 3134 2871 3211 consumendis
2902 3158 3205 3226 episc0pis:
3239 3157 3434 3223 Ecquis
3463 3165 3568 3214 est.

1783 3288 2056 3351 Scholia.

386 3396 466 3462 Η)
500 3392 563 3448 1η
586 3403 800 3463 utroque
818 3409 1013 3461 genere.
1045 3391 1098 3447 Id
1129 3403 1229 3455 est,
1271 3393 1324 3448 in
1371 3393 1692 3458 formatione
1741 3396 1874 3460 ligu-

310 3469 547 3522 rationis
599 3471 700 3517 sub
752 3479 969 3517 sensum
1024 3464 1286 3521 cadentis.
1348 3466 1482 3517 etin
1547 3465 1875 3519 formatione

312 3534 696 3595 translationis
730 3534 973 3585 cadentis
998 3534 1098 3586 sub
1124 3534 1557 3595 intelligentiam.

388 3609 468 3678 (ἓξ
499 3603 820 3678 Quiandita
865 3613 1048 3678 aperti}
1097 3603 1376 3670 theologia.
1434 3602 1752 3678 Exemplum
1811 3604 1882 3656 sit

315 3670 466 3742 quod
511 3672 774 3736 scriptum
821 3681 902 3725 est
939 3670 1219 3742 indere-ii.
1273 3687 1322 3724 c.
1361 3688 1504 3742 xui.
1541 3675 1607 3726 de
1663 3675 1730 3724 iis
1763 3689 1883 3740 qua:

315 3740 509 3809 aperte
530 3742 663 3794 dixit
691 3740 1087 3811 Dominussine
1106 3741 1213 3792 ullo
1233 3753 1354 3809 typo
1383 3749 1475 3792 ant
1496 3741 1885 3811 integumento,

315 3811 598 3888 quomodo
626 3811 884 3878 populum
939 3809 1248 3888 [St'aelgsibi
1277 3809 1632 3888 adiunxisset,
1660 3821 1715 3888 et
1751 3809 1886 3888 quo;

320 3880 488 3942 .',,odo
512 3890 729 3952 propter
755 3889 967 3944 peccata
988 3886 1133 3931 esset
1160 3880 1488 3952 puniendus,
1511 3890 1562 3932 et
1588 3883 1651 3952 de
1679 3881 1886 3952 lumba-

317 3962 385 4021 ri,
415 3960 467 4010 in
497 3946 603 4020 quo
627 3965 884 4021 tanquam
910 3952 960 4001 in
981 3959 1104 4017 typo
1139 3950 1310 4002 ellieto
1335 3949 1519 4021 voluit,
1541 3959 1595 4002 ιιι
1619 3946 1882 4006 Jeremias

319 4017 467 4098 (cap.
516 4017 630 4091 xttt)
663 4019 982 4098 supplicium
1016 4022 1080 4098 de
1123 4021 1320 4098 populo
1344 4017 1498 4098 Israel
1527 4020 1875 4098 sumendum.

316 4114 370 4152 rt
402 4089 560 4152 suam
591 4089 713 4148 cum
767 4090 860 4143 illo
885 4089 1081 4157 populo
1131 4089 1564 4153 conjunctionem
1598 4093 1765 4154 magis
1785 4092 1877 4140 ad-

321 4174 430 4224 huc
466 4165 806 4234 intelligeret.
835 4159 1132 4234 meliusque
1156 4159 1274 4234 aliis
1305 4169 1617 4234 exponeret.
1653 4161 1715 4212 Et
1740 4159 1877 4213 dixit

323 4239 590 4290 l)o;niuus
625 4228 688 4287 av-l
718 4231 836 4283 me:
873 4229 1060 4294 Surge,
1094 4238 1145 4280 ι·ι
1178 4228 1308 4279 vade
1339 4230 1402 4279 ad
1459 4229 1784 4294 Euphraten.
1825 4239 1879 4282 et

323 4308 452 4361 tolle
476 4306 602 4357 inde
626 4302 882 4361 lumbare,
910 4297 1048 4364 quod
1079 4297 1302 4363 praecepi
1327 4297 1421 4350 tibi
1448 4299 1882 4352 ntabsconderes

321 4377 453 4430 illud
479 4375 577 4427 ibi.
609 4373 672 4427 Et
701 4370 806 4422 abii
834 4368 897 4420 ad
930 4368 1262 4433 Euphraten,
1295 4379 1347 4418 et
1378 4367 1506 4426 fodi.
1537 4376 1587 4418 et
1615 4369 1709 4420 tuli
1743 4369 1882 4420 lum-

322 4448 454 4500 bare
483 4446 552 4496 de
591 4444 709 4496 loco
740 4440 828 4492 ubi
872 4438 1258 4490 absconderant
1297 4436 1455 4501 illud;
1485 4447 1538 4490 et
1585 4453 1712 4492 ecce
1741 4452 1890 4490 rom-

325 4521 615 4568 outruerat
657 4510 920 4568 lumbare,
958 4506 1029 4558 ita
1083 4515 1139 4558 ut
1172 4507 1302 4558 nulli
1348 4508 1470 4560 usui
1498 4518 1682 4576 aptum
1733 4517 1892 4561 esset.

326 4587 394 4638 Et
422 4584 626 4637 factum
675 4590 756 4633 est
814 4577 1035 4628 verbu.n
1081 4576 1290 4629 Domini
1347 4578 1412 4629 ad
1477 4593 1580 4640 me,
1645 4577 1831 4630 dicens
1883 4593 1897 4629 ε

329 4657 456 4706 llzec
487 4652 623 4705 dicit
657 4649 949 4700 Dominus:
985 4644 1074 4697 Sic
1108 4655 1420 4712 putrescere
1475 4645 1668 4699 faciam
1707 4661 1897 4711 snper-

327 4725 470 4776 hiam
532 4719 693 4780 Juda,
725 4727 780 4770 et
814 4713 1125 4782 superbiam
1181 4712 1486 4768 Jerusalem
1551 4717 1794 4767 multant.
1828 4715 1896 4767 Et

325 4795 491 4858 paulo
521 4799 676 4858 post:
736 4789 797 4839 Et
825 4789 1157 4858 eruntsicut
1215 4785 1463 4858 lumbare
1528 4785 1689 4858 istud,
1751 4787 1892 4858 quod

326 4853 460 4912 nulli
500 4853 622 4912 usui
657 4867 838 4924 aptum
868 4864 968 4908 est.
998 4853 1149 4924 Sient
1198 4856 1343 4924 enim
1373 4856 1614 4924 adhaeret
1649 4856 1894 4906 lumbare

324 4932 392 4983 ad
423 4929 637 4981 lumbos
663 4923 788 4986 viri,
809 4926 884 4979 sic
915 4923 1240 4990 agglutinavi
1271 4923 1400 4976 mihi
1427 4940 1640 4976 omnem
1673 4925 1891 4975 domum

334 5000 528 5061 lsrael,
576 5008 626 5049 et
653 5011 869 5048 omnem
906 4996 1120 5046 domum
1167 4990 1328 5053 Juda,
1359 4993 1489 5045 dicit
1521 4993 1798 5056 Dominus,
1835 5002 1895 5044 ut

327 5081 509 5122 essent
546 5067 676 5118 mihi
711 5071 762 5117 in
794 5064 1068 5132 populum,
1095 5070 1148 5114 et
1176 5063 1227 5112 in
1267 5077 1482 5125 nomen,
1515 5062 1644 5115 etin
1673 5064 1886 5114 laudent

329 5150 381 5188 ct
412 5141 465 5190 in
496 5139 744 5205 gloriam,
776 5145 828 5186 et
855 5149 960 5186 non
996 5132 1302 5205 audierunt,
1334 5144 1386 5183 et
1413 5149 1532 5205 qua;
1563 5142 1888 5205 sequuntur.

335 5200 662 5274 qudentia
714 5215 841 5257 sunt
875 5201 1178 5274 huiusmodi
1240 5203 1486 5274 exempla
1523 5203 1574 5252 itt
1616 5200 1893 5274 prophetis

334 5292 400 5327 ne
424 5270 608 5344 aperta
665 5277 956 5339 theologia,
985 5282 1037 5324 et
1083 5272 1149 5323 de
1185 5272 1324 5340 typis
1362 5272 1478 5323 sive
1539 5270 1800 5339 symbolis
1829 5270 1895 5322 ad

334 5360 452 5396 eam
479 5347 753 5401 adhibitis.
784 5347 943 5408 ipsius

408 5414 484 5480 t5)
515 5415 697 5466 Mundi
728 5419 817 5482 qui
865 5414 1116 5466 cemitur.
1159 5412 1385 5465 Fabrica
1421 5408 1602 5482 mundi
1629 5409 1896 5475 quodam-

341 5490 500 5601 ἲίοιερ
533 5489 699 5538 vicem
726 5479 1092 5554 SylllbUIUl'UIll
1132 5491 1314 5546 tenet,
1345 5495 1402 5533 ut
1426 5479 1632 5532 notavit
1674 5490 1898 5534 Sanctus

370 5567 627 5601 'axttnzzs.
956 5565 959 5570 '

370 5552 627 5606 lusimus.
756 5552 766 5554 ⁷
956 5565 959 5570 ’

419 5691 493 5760 (ιι)
549 5691 832 5761 Dionysius
879 5676 1277 5747 Alciandrtnus
1339 5692 1546 5748 scholia
1603 5692 1766 5747 etiam
1839 5691 1893 5745 in

345 5755 658 5829 Dionysium
688 5755 1065 5832 'Areopagitazn
1099 5764 1338 5834 scripsit.

2050 3396 2349 3465 (“Veritas
2376 3405 2618 3452 testatur.
2655 3397 2925 3450 Christum
2955 3397 3106 3459 dicit,
3130 3397 3218 3463 qui
3251 3397 3303 3452 in
3332 3396 3572 3465 Evange-

1979 3467 2052 3520 lio
2086 3468 2276 3526 multa.
2332 3483 2450 3534 quae
2512 3467 2576 3520 ad
2619 3466 2945 3530 theologiam
2999 3475 3239 3534 apertam
3267 3468 3568 3522 etdemon-

1981 3546 2242 3590 strantem
2277 3537 2570 3600 pertinent.
2608 3551 2697 3600 per
2727 3536 2966 3603 symbola
2994 3545 3046 3604 et
3073 3535 3357 3602 parabolas
3387 3537 3573 3604 Inque-

1986 3607 2166 3676 batur.
2206 3608 2352 3658 unde
2388 3606 2682 3657 Nico‘demo
2707 3605 2864 3676 dixit.
2903 3603 3344 3676 utPacbitnerns
3374 3603 3572 3676 Diony-

1987 3675 2051 3727 sii
2088 3677 2482 3742 paraphrasles
2523 3674 2832 3726 observavit
2865 3693 2876 3725 :
2921 3674 2974 3726 Si
3006 3683 3216 3726 terrena
3255 3674 3362 3727 dixi
3395 3674 3572 3742 vobis,

1994 3753 2047 3795 et
2080 3759 2182 3796 non
2221 3743 2465 3800 creditis.
2499 3743 2772 3809 quomodo
2805 3743 2848 3796 si
2883 3743 3072 3795 dixero
3101 3743 3252 3796 vobis
3309 3745 3572 3807 caelestia.

1993 3813 2262 3866 credetis?
2289 3820 2347 3864 tit
2376 3814 2594 3875 perinde
2623 3814 2693 3864 sit
2726 3815 2848 3869 hoc.
2888 3824 2940 3861 ut
2982 3813 3113 3864 mihi
3176 3814 3391 3876 quidem
3430 3815 3582 3866 vide.-

1993 3894 2098 3940 tur.
2136 3898 2199 3935 ac
2251 3881 2295 3935 si
2329 3881 2530 3934 diceret
2569 3897 2584 3934 :
2630 3882 2684 3934 Si
2743 3882 2985 3934 coelestia
3043 3891 3094 3934 et
3115 3881 3292 3934 divina
3341 3884 3450 3935 dixi
3479 3899 3576 3936 vo-

1987 3952 2069 4005 bis
2131 3966 2223 4017 per
2299 3952 2538 4019 symbola
2617 3967 2898 4019 corporea,
2957 3959 3010 4004 et
3087 3962 3296 4005 natura:
3388 3964 3577 4005 vestra:

1987 4033 2214 4087 cognata
2267 4022 2650 4080 etfmniliaria.
2711 4031 2898 4074 etnon
2960 4021 3202 4083 creditis,
3240 4031 3297 4072 ut
3353 4024 3580 4074 creden—

1984 4092 2053 4142 do
2117 4091 2468 4158 intelligatis;
2528 4091 2797 4156 quomodo
2857 4091 2900 4144 si
2927 4089 3116 4144 dixero
3189 4091 3341 4146 vobis
3388 4091 3581 4144 cades.

1988 4161 2058 4213 tia
2113 4161 2318 4226 absque
2373 4161 2488 4212 istis
2520 4160 2845 4227 imaginibus
2901 4159 3050 4212 vobis
3108 4161 3271 4220 notis,
3310 4160 3580 4216 credetis?

1995 4231 2260 4283 Docuerat
2339 4231 2484 4282 enim
2559 4230 2817 4282 Dominus
2899 4229 3251 4282 Nicodemum
3321 4233 3572 4298 exemplo

1990 4301 2132 4353 venti
2172 4300 2238 4352 de
2302 4301 2624 4366 operatione
2655 4300 2870 4352 occulta
2898 4307 2950 4352 et
2977 4299 3243 4367 spirituali
3274 4297 3579 4356 creaturam

1994 4387 2055 4422 ex
2091 4385 2227 4436 aqua
2286 4380 2332 4421 et
2369 4369 2570 4430 Spiritu
2617 4377 2806 4422 Sancto
2859 4382 3237 4436 regenerante,
3272 4368 3360 4420 ubi
3395 4385 3576 4422 vocem

2002 4449 2209 4493 tantum
2240 4441 2524 4492 au'iitnns:
2562 4438 2673 4507 Ego
2706 4450 2755 4490 te
2790 4441 3006 4502 baptizo
3035 4439 3086 4491 iu
3122 4439 3343 4491 nomine
3375 4439 3575 4503 Patris,

2000 4522 2054 4562 et
2089 4508 2233 4568 Filii.
2263 4520 2313 4562 et
2341 4507 2578 4574 Spiritus
2607 4509 2815 4573 sancti;
2843 4511 2934 4562 sed
2994 4507 3269 4577 quomodo
3299 4520 3577 4574 operetur,

2002 4589 2093 4631 aut
2125 4579 2268 4632 unde
2307 4579 2552 4646 incipiat,
2587 4588 2638 4633 et
2675 4578 2762 4630 ubi
2813 4581 3040 4636 desinat,
3085 4579 3392 4640 nescimus;
3424 4585 3483 4630 nt
3517 4579 3568 4629 in

1999 4658 2178 4708 vento,
2228 4651 2318 4714 qui
2352 4660 2452 4704 est.
2487 4658 2536 4698 ut
2585 4649 2658 4700 ait
2699 4649 2838 4700 item
2892 4648 3198 4714 Dionysius,
3263 4646 3313 4696 in
3344 4662 3462 4712 cap.
3496 4647 3563 4698 15

2003 4718 2236 4770 Caelestis
2270 4717 2508 4773 "teratu.
2541 4719 2718 4784 imago
2740 4727 2792 4767 et
2821 4727 2976 4782 typus
3006 4717 3203 4768 divina:
3238 4717 3578 4782 operationis

2000 4798 2217 4856 propter
2254 4793 2611 4855 proprietates
2660 4787 2798 4838 venti
2817 4801 2988 4856 linus
3040 4784 3238 4856 ibidem
3285 4785 3575 4856 Dionysius

2000 4852 2227 4918 notavit,
2255 4852 2369 4909 'ubi
2396 4859 2560 4909 etiam
2599 4857 2775 4909 locum
2814 4853 3089 4926 Evangelii
3120 4855 3281 4907 citat;
3341 4852 3578 4922 Spiritus

2003 4927 2092 4979 ubi
2126 4929 2240 4978 vult
2283 4928 2480 4994 spirat.

2074 4996 2150 5064 t5)
2186 4992 2379 5064 Tgiios.
2434 4992 2502 5049 Ut
2539 4995 2708 5048 Deum
2760 5009 2883 5047 esse
2945 4995 3144 5048 trinum
3180 5002 3232 5047 et
3267 5009 3457 5054 unum.
3510 4993 3578 5047 ad

2000 5081 2252 5130 apertam
2305 5075 2356 5117 et
2409 5069 2882 5118 demonstrantem
2938 5064 3266 5131 theologiam
3323 5065 3577 5131 pertinet,

1999 5151 2162 5203 quam
2189 5147 2367 5187 tamen
2398 5148 2453 5188 ut
2479 5136 2688 5188 laetlins
2707 5135 2979 5188 auditores
3003 5144 3058 5188 et
3083 5138 3312 5188 lectores
3331 5134 3578 5203 credant,

1999 5201 2053 5256 et
2089 5206 2355 5257 credendo
2396 5206 2713 5274 intelligant.
2770 5221 2834 5257 ex
2893 5205 3132 5272 antiquis
3187 5207 3434 5268 patribus
3484 5201 3572 5254 alii

2017 5283 2170 5347 typos
2200 5286 2257 5347 et
2289 5275 2573 5347 imagines
2604 5274 3058 5347 ellingunttrium
3090 5275 3483 5347 lampadarum,
3527 5275 3583 5320 et

2007 5346 2169 5397 unius
2192 5343 2423 5397 ﬂalllttttu
2443 5382 2457 5404 .
2487 5345 2576 5397 alii
2602 5350 2754 5406 solas,
2783 5346 2914 5396 radii
2945 5356 2999 5397 ct
3027 5345 3246 5396 luminis
3269 5381 3280 5399 .
3307 5343 3394 5389 alii
3424 5351 3580 5400 τίνειν,

2004 5411 2174 5476 floris.
2205 5426 2256 5468 et
2288 5416 2471 5468 odoris
2498 5455 2512 5478 ,
2551 5427 2644 5466 aut
2677 5416 2894 5474 radicis.
2929 5418 3083 5472 rami.
3119 5423 3172 5465 et
3201 5411 3430 5471 fructus,
3482 5415 3576 5457 aut

2006 5486 2180 5552 digiti,
2224 5501 2437 5550 manus,
2469 5496 2523 5538 ct
2551 5486 2782 5550 brachii,
2813 5498 2865 5536 et
2897 5484 3184 5536 similium.

2077 5688 2157 5756 (bl
2191 5685 2244 5740 In
2275 5688 2524 5756 oratione
2556 5686 2620 5738 de
2646 5683 2988 5756 confessione
3018 5677 3158 5756 fidei.

2083 5749 2468 5826 (nGregorius
2518 5755 2610 5807 lib.
2645 5755 2700 5817 ‘2.
2739 5758 2803 5807 de
2849 5749 3142 5811 theologia.
