4078 6274
506 376 617 441 763

1636 368 1993 439 ,JOANNIS
2019 367 2588 431 CYPARISSIOTrE

3640 212 3675 234 Ι

3651 369 3765 433 76L

517 496 716 561 inquit,
752 495 845 562 qui
883 493 938 548 in
971 503 1079 548 tam
1104 493 1336 548 sublime
1365 501 1542 558 potest
1577 493 1728 559 ferri,
1754 503 1812 548 ut
1850 495 2077 561 Paulum
2110 495 2157 551 Α
2187 503 2344 546 tanec
2373 491 2538 562 igitur
2568 492 2746 548 omnis
2776 492 3077 564 theolOgica
3101 486 3341 565 cognitio
3372 494 3533 566 huius
3568 498 3777 557 utrius-

523 586 738 657 :rquct?
761 595 816 640 et
839 594 1017 640 tamen
1037 585 1223 639 videre
1247 598 1305 638 se
1338 585 1463 639 dicit
1488 601 1583 654 per
1609 587 1863 651 aenigma,
1894 599 1948 643 et
1972 589 2087 644 fore

524 688 740 748 tempus
771 693 893 732 cum
937 675 1075 729 facie
1109 677 1175 730 ad
1212 675 1402 730 faciem
1443 677 1669 732 videbit.
1703 679 1768 733 Et
1805 695 1997 735 rursus
2030 681 2085 735 in

525 770 709 822 eadem
726 768 1000 821 oratione:
1030 766 1335 831 Quomodo,
1358 768 1555 836 inquit,
1584 783 1781 823 sensus
1802 770 1857 824 in
1885 771 2081 827 eodem

527 866 795 924 manet,et
820 856 870 911 id
896 855 1044 927 quod
1070 856 1203 912 foris
1219 866 1324 924 est,
1352 858 1613 913 attrahit?
1640 860 1918 929 quomodo
1938 876 2093 917 meus
2118 881 2127 895 ν

527 957 582 1008 in
620 963 671 1008 te
700 963 902 1017 manet,
933 960 984 1007 et
1020 952 1073 1005 in
1104 954 1211 1027 alia
1245 965 1425 1010 mente
1456 957 1687 1019 verbum
1707 957 1879 1027 gignit
1906 958 1929 1011 ?
1957 974 2094 1028 quo-

528 1046 691 1100 modo
718 1047 882 1099 verbo
907 1046 1057 1100 notio
1080 1047 1280 1101 datur?
1304 1045 1357 1100 Si
1384 1048 1519 1102 nihil
1558 1049 1754 1103 borum
1787 1049 2094 1118 intelligen-

527 1137 600 1189 tia
632 1137 1083 1205 co-uprehensum
1109 1140 1295 1203 habes,
1325 1142 1503 1203 homo,
1541 1143 1968 1210 comprehcndes
1995 1158 2096 1199 au-

530 1239 636 1283 tem
667 1229 809 1284 forte
836 1231 1160 1301 aliquando,
1192 1246 1314 1287 cum
1347 1232 1577 1301 recipies
1607 1233 1754 1303 quod
1791 1233 2092 1304 perfectum

529 1332 644 1378 est:
674 1323 889 1389 Videbo,
910 1324 1276 1391 inquit,cwlos
1302 1341 1456 1393 opera
1481 1327 1766 1397 digitorum
1786 1336 1997 1381 tuorum
2029 1329 2094 1394 ¹⁶,

532 1424 587 1466 ιιι
615 1417 977 1483 suspicemur,
998 1430 1116 1480 qum
1138 1430 1285 1469 nunc
1321 1415 1601 1480 videntur,
1637 1432 1745 1470 non
1772 1432 1896 1472 esse
1923 1419 2095 1487 ipsam

534 1506 843 1567 veritatem,
924 1506 1019 1560 sed
1105 1506 1395 1561 simulacra
1475 1507 1748 1571 veritatis,
1822 1510 2099 1578 quomodo

539 1599 727 1662 Deum,
764 1597 814 1651 id
853 1598 995 1667 quod
1014 1607 1122 1659 est,
1153 1597 1465 1666 et’quantus
1491 1607 1595 1661 est,
1628 1614 1790 1654 nosse
1819 1611 1868 1653 te
1905 1601 2102 1655 existi-

537 1691 685 1746 mas?
711 1691 788 1745 All
824 1693 956 1757 haec,
1002 1705 1232 1758 magnus
1267 1691 1557 1759 Dionysius
1604 1691 1658 1744 in
1691 1692 1857 1759 Epist,
1906 1693 1970 1745 ad
2003 1691 2096 1745 Ti-

539 1792 651 1835 tum
675 1780 868 1851 :Atqui
890 1797 991 1836 nec
1022 1780 1073 1834 in
1101 1781 1466 1836 sanctissimis
1497 1783 1769 1852 mysteriis
1795 1785 1967 1838 sant-ti
1991 1798 2103 1836 ma-

538 1875 692 1939 gistri
728 1874 1064 1943 Evangelicze
1089 1884 1184 1928 aut
1209 1873 1460 1930 Mosaicae
1491 1875 1795 1943 discipline
1826 1891 1856 1929 a
1886 1876 2106 1945 symbo—

541 1967 630 2027 lis,
664 1967 716 2018 in
738 1967 938 2035 quibus
969 1966 1113 2022 Deus
1150 1968 1663 2036 repraesentabatur,
1694 1968 2105 2035 abstinuerunt,

540 2057 668 2126 quin
692 2058 871 2127 petius
896 2059 1142 2114 videmus
1167 2060 1391 2129 angelos
1420 2063 1567 2115 omni
1594 2062 1885 2116 sanctitate
1906 2062 2109 2130 plenos

540 2166 636 2211 per
660 2153 947 2221 aenigmata
982 2166 1068 2209 res
1094 2152 1313 2206 divinas
1341 2152 1568 2222 mystice
1603 2166 1858 2219 promere
1893 2152 1972 2221 (l)
2006 2195 2021 2227 ,
2052 2162 2108 2207 et

541 2240 728 2295 Jesnm
787 2243 1069 2311 parabolis
1106 2242 1173 2297 de
1204 2242 1405 2297 divinis
1441 2243 1615 2311 loqui,
1656 2256 1721 2297 ac
1755 2243 1947 2297 deilica
1986 2252 2043 2298 et
2077 2259 2109 2299 a

546 2334 656 2387 Deo
682 2316 826 2388 facta
862 2342 1205 2389 sacramenta
1248 2349 1345 2403 per
1379 2343 1536 2404 typos
1571 2330 1728 2404 panis
1766 2344 1820 2389 et
1856 2336 1963 2389 vini
1990 2343 2114 2389 tra-

544 2426 690 2480 dere.
718 2424 825 2478 Par
859 2425 1006 2479 enim
1042 2432 1183 2490 erat,
1217 2436 1277 2478 ut
1314 2440 1421 2479 non
1459 2425 1635 2479 solum
1672 2434 1858 2479 sancta
1896 2436 2116 2487 saneto-

549 2533 669 2571 rum
694 2527 911 2572 servata
943 2524 1153 2582 essent,
1184 2533 1253 2573 ne
1277 2533 1341 2573 ea
1368 2517 1565 2590 vulgus
1597 2517 1878 2571 hominum
1909 2518 2117 2588 pollue-

551 2615 634 2660 ret
659 2625 673 2672 ;
701 2607 795 2661 sed
828 2616 887 2660 ut
917 2607 1037 2675 ipsa
1073 2609 1182 2661 vita
1216 2609 1475 2673 humana,
1527 2623 1651 2678 qua:
1685 2594 2006 2677 incorporea
2039 2608 2120 2663 si-

555 2697 668 2751 mul
719 2706 775 2752 ct
808 2712 1071 2767 corporea
1133 2709 1238 2764 εει,
1290 2700 1471 2754 lumen
1534 2700 1730 2755 divinte
1788 2699 2120 2770 cognitionis

548 2791 937 2845 convenienter
971 2791 1073 2845 sibi
1114 2800 1330 2860 caperet
1362 2810 1376 2853 ;
1429 2803 1483 2846 et
1507 2807 1624 2846 eam
1662 2802 1868 2860 partem
1901 2791 2119 2858 anima',

550 2895 674 2947 qua:
703 2896 731 2935 a
785 2882 1026 2948 patiendi
1059 2883 1405 2937 extrinsecus
1455 2886 1781 2937 necessitate
1831 2883 2000 2937 libera
2040 2883 2119 2953 (2)

552 2983 657 3038 est,
684 2973 734 3026 id
769 2983 855 3028 est
887 2983 1146 3039 mentem,
1181 2973 1619 3042 contemplandis
1673 2973 2031 3042 simplicibus,
2070 2980 2126 3027 et

554 3064 697 3116 intra
727 3063 988 3134 imagines
1018 3064 1189 3118 Deum
1218 3074 1691 3133 repraesentantes,
1724 3067 1924 3122 abditis
1945 3076 1998 3121 et
2023 3067 2129 3122 alte

2190 603 2297 656 que
2321 589 2496 656 partis
2515 601 2623 642 non
2655 590 2853 644 transit
2870 591 3091 659 specula
3113 599 3167 645 et
3196 592 3505 661 aenigmata.
3530 593 3634 648 hoc
3659 609 3765 648 au-

2193 685 2301 732 tem
2327 685 2413 732 est
2436 677 2597 745 hujus
2642 679 2969 748 cegnitibnis
2996 679 3247 750 partibile
3272 689 3325 735 et
3351 682 3730 750 imperfectum
3758 702 3772 747 ;

2194 767 2398 821 idcirco
2456 783 2576 822 cum
2615 768 2820 824 venerit
2867 770 3014 840 quod
3048 769 3348 838 perfectum
3377 779 3483 837 est,
3541 772 3593 825 id
3625 774 3773 840 qimd

2196 857 2325 911 huic
2376 873 2441 911 ex
2475 867 2625 926 parte
2651 869 2754 923 est,
2783 868 2839 913 et
2877 860 3011 914 illud
3038 859 3185 930 quod
3215 862 3370 915 estin
3402 875 3462 914 ea
3493 862 3776 930 partihile.

2197 948 2598 1015 evacuabitur;
2646 950 3065 1017 videbimusque
3120 950 3259 1007 facie
3286 950 3355 1005 ad
3402 950 3595 1006 faciem
3626 953 3690 1016 η,
3725 954 3783 1007 id

2199 1049 2303 1100 est,
2332 1040 2687 1110 impartibilia
2739 1044 3167 1112 impartibiliter,
3198 1053 3253 1100 et
3283 1044 3646 1101 immateriata
3676 1045 3783 1100 im-

2200 1131 2509 1187 materiate.
3075 1128 3106 1149 ⁸

2761 1267 2991 1325 CAPUT
3025 1269 3114 1326 Ν.

2206 1396 2360 1479 Quod
2380 1396 2496 1462 ﬁeri
2514 1413 2616 1450 non
2644 1406 2910 1485 poterunt
2967 1400 3081 1485 qui.
3106 1416 3322 1485 corpore
3382 1404 3593 1485 praediti
3637 1412 3789 1465 sunt,

2308 1468 2419 1519 sine
2435 1470 2695 1534 corporeis
2740 1470 2803 1523 de
2846 1467 2953 1523 Deo
3025 1467 3395 1541 philosophari
3428 1475 3652 1539 possint.

2272 1583 2564 1651 Gregorius
2580 1584 2881 1654 theologus,
2902 1585 2955 1638 in
2976 1585 3217 1641 secundo
3245 1588 3310 1642 de
3328 1589 3586 1659 theologia
3613 1588 3751 1645 libro
3772 1610 3785 1647 :

2208 1672 2279 1729 Ut
2303 1683 2408 1740 est,
2442 1675 2639 1743 inquit.
2672 1677 3008 1745 impossibile
3033 1678 3079 1732 ei
3105 1680 3266 1734 etiam
3317 1683 3408 1751 qui
3454 1685 3602 1738 valde
3632 1686 3791 1738 testi-

2207 1775 2324 1828 nat,
2357 1770 2599 1820 umbram
2627 1782 2777 1821 suam
2810 1769 3043 1823 transire
3078 1772 3311 1839 (tantum
3369 1774 3512 1827 enim
3568 1789 3785 1842 semper

2210 1858 2401 1913 umbra
2435 1859 2719 1935 anticipat,
2748 1869 3012 1928 quantum
3068 1862 3446 1931 antevertitur)
3499 1872 3594 1917 aut
3638 1866 3792 1918 sicut

2213 1949 2328 2003 fieri
2362 1964 2468 2002 nun
2493 1961 2691 2019 potest,
2724 1958 2783 2004 ut
2805 1961 2960 2006 extra
3018 1967 3215 2022 aquam
3278 1953 3444 2022 piscis
3496 1965 3667 2020 natet,
3715 1956 3798 2010 sic

2212 2056 2318 2093 non
2347 2050 2527 2110 potest
2558 2042 2696 2107 ﬁeri,
2728 2050 2786 2095 ut
2817 2044 2909 2112 qui
2943 2043 2994 2097 in
3023 2058 3251 2110 corpore
3268 2052 3417 2108 sunt,
3440 2046 3646 2112 absque
3667 2059 3795 2099 cor-

2212 2132 2560 2200 poreis,cum
2609 2132 2676 2187 iis
2734 2147 2855 2202 quae
2919 2134 3269 2204 intelligentia
3332 2136 3793 2203 complectuntur,

2213 2221 2434 2274 omnino
2460 2222 2568 2274 sint
2594 2241 2607 2276 :
2636 2236 2850 2286 semper
2909 2222 3053 2276 enim
3089 2222 3289 2291 aliquid
3314 2224 3382 2277 de
3411 2223 3612 2277 nostris
3630 2222 3799 2276 rebus

2217 2292 2525 2377 intercidet,
2555 2314 2804 2381 quamvis
2855 2329 2913 2368 se
2933 2329 3085 2370 mens
3111 2315 3179 2369 ab
3207 2315 3272 2370 iis
3299 2329 3419 2383 quae
3476 2325 3799 2377 cernuntur,

2218 2404 2454 2459 maxime
2481 2413 2694 2470 avocet,
2730 2414 2783 2459 et
2812 2407 2924 2461 sola
2940 2422 3137 2462 secum
3192 2407 3440 2471 collecta,
3466 2417 3697 2476 cognata
3746 2419 3802 2462 et

2219 2495 2625 2564 inaspectahilia
2656 2495 3010 2561 intelligentia
3028 2497 3240 2567 assequi
3263 2497 3487 2552 nitatur.
3508 2499 3650 2552 Idem
3700 2498 3800 2552 ad-

2221 2588 2328 2642 huc
2352 2588 2404 2641 in
2431 2588 2614 2641 eadem
2642 2588 2894 2643 oratione
2928 2601 2943 2645 :
2972 2587 3426 2644 Perorabimusne
3475 2591 3583 2657 hic,
3610 2608 3786 2661 usque

2223 2681 2288 2733 ad
2318 2679 2622 2742 materiam,
2655 2689 2709 2733 et
2727 2694 2790 2734 ea
2828 2696 2948 2749 quae
2975 2682 3079 2735 sub
3102 2692 3383 2751 aspectum
3419 2682 3644 2745 cadunt,
3671 2698 3799 2752 prn-

2222 2771 2387 2826 vecti?
2406 2773 2486 2824 An
2506 2787 2632 2826 vero
2646 2773 2774 2842 quia
2793 2772 2896 2828 scit
2911 2772 3194 2842 Scriptura
3208 2773 3377 2831 fuisse
3390 2776 3802 2830 tabernaculum

2225 2862 2426 2932 Moysis
2445 2864 2730 2934 imaginem
2747 2864 2988 2919 universi
3009 2865 3216 2928 mundi,
3231 2867 3323 2936 qui
3339 2880 3403 2921 ex
3419 2866 3616 2936 iisqute
3632 2867 3802 2930 cerni,

2228 2963 2424 3024 etqum
2458 2969 2568 3008 non
2602 2955 2755 3010 cerni
2783 2964 3040 3023 possunt,
3068 2965 3302 3018 constat.
3327 2958 3504 3027 primo
3542 2957 3663 3012 velo
3706 2957 3801 3011 deo

2232 3053 2427 3109 tracto,
2456 3054 2510 3099 et
2529 3059 2750 3101 sensum
2788 3046 3149 3115 praetervecti,
3181 3048 3235 3101 in
3263 3047 3461 3101 Sancta
3487 3056 3808 3102 sanctorum

557 3153 858 3220 reconditis
903 3155 1200 3210 destinare,
1257 3153 1312 3211 ει
1368 3156 1691 3212 amibuerﬂ
1722 3176 1736 3223 ἱ
1797 3158 1945 3212 illam
2005 3172 2133 3213 vero
2160 3153 2202 3210 ρ
2236 3136 2605 3200 introibimus,
2635 3136 2689 3191 id
2715 3147 2818 3201 .est,
2847 3137 2912 3192 ad
2938 3147 3185 3192 naturam
3221 3138 3613 3206 intelligibilem
3632 3147 3688 3192 et
3703 3152 3812 3193 cte-

559 3255 772 3315 partem
800 3246 1018 3310 animat,
1038 3261 1160 3316 qum
1186 3247 1499 3303 necessitati
1531 3248 1770 3317 patiendi
1802 3249 1910 3302 vim
1944 3256 2130 3304 exter-

560 3353 685 3392 nam
717 3337 957 3407 suhjecta
982 3346 1087 3404 est,
1111 3346 1172 3392 ut
1196 3346 1403 3393 naturae
1434 3339 1555 3409 ejus
1588 3340 1845 3394 convenit
1884 3349 2125 3409 aptaret,

564 3437 621 3484 et
647 3430 698 3481 in
732 3429 1108 3485 divinissimas
1134 3444 1222 3485 res
1256 3444 1351 3499 per
1382 3432 1566 3501 typica
1596 3430 1845 3501 symbola
1877 3432 1957 3486 eis
1992 3432 2130 3488 arti-

564 3522 750 3577 ﬁciose
780 3520 1023 3577 obducta
1050 3522 1420 3591 protenderet.
1453 3522 1722 3578 Praeterea
1755 3533 1985 3580 sanctus
2021 3522 2134 3578 Ma-

566 3614 746 3670 ximus
781 3615 833 3668 in
885 3614 1206 3686 theologieis
1241 3616 1352 3685 (a):
1396 3617 1680 3682 Dominus,
1714 3617 1914 3688 inquit,
1955 3632 2133 3687 quan-

562 3708 741 3776 doque
770 3708 1173 3779 peregrinatur,
1196 3708 1525 3779 quandoque
1545 3709 1828 3764 nobiscum
1854 3719 2130 3765 versatur:

568 3799 942 3867 peregrinatur
972 3801 1026 3853 in
1076 3800 1291 3854 ratione
1325 3801 1731 3869 contemplandi
1785 3799 1927 3855 facie
1954 3804 2018 3853 ad
2055 3803 2134 3855 fa-

566 3889 744 3954 ciem;
775 3898 1023 3944 versatur
1073 3889 1361 3943 nobiscum
1386 3889 1441 3943 in
1473 3890 1689 3943 ratione
1727 3888 2135 3957 contemplandi

568 3984 622 4034 in
647 3980 867 4051 speculo
916 3980 1051 4034 etin
1087 3981 1397 4050 :enigmatc.
1450 3981 1527 4035 Ac
1554 3980 1700 4034 idem
1762 3989 2026 4050 praeterea
2083 3981 2135 4034 in

568 4073 814 4129 centuria
866 4072 1026 4126 tertia
1081 4073 1148 4126 de
1185 4072 1498 4126 charitate:
1550 4070 1654 4126 Per
1686 4071 1873 4137 iidem,
1930 4073 2133 4142 inquit,

569 4166 933 4227 ambulamus,
964 4179 1073 4217 non
1111 4178 1206 4231 per
1246 4163 1484 4232 speciem
1522 4181 1537 4227 ;
1569 4171 1626 4216 et
1671 4163 1729 4217 in
1763 4163 2002 4232 speculis
2034 4179 2136 4220 co-

570 4258 870 4327 gnitionem
924 4256 1190 4310 habemus
1251 4262 1416 4324 atque
1471 4254 1526 4308 in
1562 4257 1870 4322 aenigmate,
1919 4256 2136 4312 idcirco

575 4350 748 4404 multo
779 4346 963 4402 studio
1015 4346 1172 4400 nobis
1211 4345 1265 4399 in
1291 4360 1355 4401 ea
1389 4361 1447 4401 re
1478 4360 1616 4415 opus
1642 4357 1747 4410 est,
1798 4346 1856 4400 ut
1879 4345 2136 4402 diuturna

575 4435 970 4494 exercitatione
1018 4445 1073 4488 et
1100 4436 1561 4491 commentatione
1618 4434 1861 4490 habitum
1894 4445 2138 4491 conteru-

577 4529 880 4598 plationum
928 4524 1087 4579 valde
1138 4526 1522 4580 confirmatum
1584 4540 1988 4595 comparemus.
2060 4528 2137 4582 Ex

582 4621 666 4675 his
702 4619 891 4689 liquet,
940 4618 1084 4684 quod
1131 4617 1312 4671 anima
1344 4626 1529 4671 nostra
1584 4617 1651 4673 de
1683 4619 1833 4673 omni
1863 4618 2139 4688 theologia

581 4710 959 4767 convenienter
992 4718 1194 4764 natura:
1219 4724 1331 4764 suae
1354 4717 1574 4776 tractat,
1598 4725 1664 4765 ex
1684 4710 1788 4765 sibi
1817 4712 2061 4781 cognatis
2092 4720 2148 4766 et

585 4804 946 4873 partibilibus,
972 4804 1023 4858 id
1034 4811 1118 4858 est
1136 4803 1429 4872 corporeis,
1446 4815 1599 4875 typos
1612 4812 1665 4859 et
1689 4805 1941 4859 notiones
1962 4804 2147 4873 expri-

585 4909 739 4949 ιιιυιιε
751 4894 864 4949 sive
879 4895 984 4949 ista
1006 4910 1070 4949 ex
1091 4892 1511 4948 formationibus
1528 4894 1831 4949 materiatis
1853 4895 2146 4964 exprimat,

585 4987 699 5039 sive
748 4986 867 5041 sine
900 4987 1274 5074 integumento
1303 5001 1372 5040 ex
1409 4986 1475 5041 iis
1498 4986 1675 5040 solum
1703 5000 1825 5054 qua:
1866 4987 1919 5038 in
1946 4986 2150 5039 mundo

586 5079 689 5133 sita
717 5086 867 5143 sunt,
897 5078 990 5133 ubi
1022 5092 1086 5133 ea
1117 5092 1239 5147 qua:
1270 5076 1495 5147 pulchra
1531 5090 1678 5130 nunc
1723 5076 1992 5137 videmus,
2041 5090 2151 5129 non

589 5182 717 5227 sunt
738 5172 854 5239 ipsa
883 5170 1109 5234 veritas,
1141 5169 1237 5224 sed
1272 5167 1518 5221 veritatis
1550 5165 1873 5220 simulacra.
1902 5164 2152 5219 Consen-

664 5264 709 5296 “
741 5262 887 5319 Psal.
911 5277 1030 5330 vni,
1055 5262 1106 5317 5.
1187 5262 1230 5293 “
1270 5260 1291 5315 l
1318 5259 1449 5314 Cor.
1508 5272 1635 5322 xm,
1669 5257 1761 5312 1.2.

2236 3229 2450 3284 lestcm?
2469 3232 2537 3285 At
2560 3244 2661 3286 nec
2700 3230 2838 3285 hanc
2866 3232 3089 3301 quidem
3130 3234 3457 3299 incorporee
3480 3232 3663 3287 videre
3682 3247 3807 3302 pos-

2235 3335 2450 3381 sumus.
2472 3336 2593 3391 quae
2621 3303 2744 3376 cum
2778 3323 2980 3393 alioqui
3013 3322 3331 3393 incorporea
3363 3325 3452 3388 sit,
3477 3323 3615 3393 ignis
3634 3310 3825 3377 taman

2234 3422 2288 3466 et
2319 3414 2545 3482 spiritus
2571 3423 2818 3468 vocatur.
2853 3414 2920 3469 Et
2945 3416 3106 3484 paulo
3129 3428 3255 3470 ante
3285 3433 3305 3470 :
3328 3413 3520 3470 Nonne
3565 3416 3811 3483 spiritus,

2233 3510 2289 3557 et
2319 3504 2481 3572 ignis,
2510 3514 2566 3557 et
2593 3505 2774 3561 lumen
2807 3508 3028 3561 nomina
3058 3516 3188 3561 sunt
3219 3506 3672 3561 naturaedivinae?
3689 3505 3815 3575 quid

2236 3594 2426 3663 igitur?
2453 3595 2536 3649 An
2571 3595 2822 3664 spiritum
2850 3597 2969 3651 sine
2997 3598 3293 3666 agitatione
3323 3596 3521 3652 etﬂatu
3569 3595 3696 3650 fuso
3731 3597 3832 3667 in-,

2234 3684 2469 3755 telligas?
2497 3700 2564 3739 an
2588 3686 2766 3756 ignem
2794 3696 2947 3741 extra
2970 3687 3279 3753 materiam,
3301 3696 3356 3740 et
3384 3700 3491 3741 non
3543 3686 3673 3741 ferri
3693 3701 3816 3742 sur-

2237 3776 2382 3840 sum,
2411 3794 2588 3847 neque
2619 3780 2903 3849 proprium
2929 3779 3172 3835 colorem
3208 3792 3261 3832 et
3290 3780 3515 3849 ﬁguram
3573 3780 3774 3834 habere
3799 3779 3823 3833 ?

2235 3882 2304 3922 an
2329 3867 2513 3924 lumen
2545 3884 2652 3925 non
2669 3884 2793 3925 cum
2820 3884 2944 3925 aere
2959 3870 3336 3933 commistum,
3368 3880 3423 3923 et
3471 3869 3712 3924 solutum
3756 3871 3822 3924 ab

2234 3962 2570 4030 eoquieum
2602 3961 2767 4016 veluti
2795 3970 3016 4032 generat
3044 3972 3098 4017 et
3158 3960 3451 4016 illuminat?
3507 3960 3571 4015 Et
3633 3977 3824 4016 rursus

2239 4050 2399 4117 paulo
2446 4051 2628 4107 infra:
2659 4051 2765 4115 An,
2824 4052 3018 4120 inquit,
3074 4066 3214 4121 Opus
3250 4061 3356 4113 est,
3399 4062 3456 4105 ut
3480 4066 3577 4105 nos
3613 4046 3825 4106 abistis

2237 4143 2471 4207 avocati,
2506 4144 2678 4212 ipsam
2717 4143 3056 4197 divinitatem
3092 4157 3156 4196 cx
3187 4142 3326 4205 istis,
3366 4141 3545 4211 quoad
3574 4141 3693 4195 ﬁeri
3729 4157 3826 4211 po-

2222 4241 2361 4300 test,
2398 4234 2674 4289 videamus
2694 4236 2897 4301 privata
2914 4233 3145 4301 quadam
3187 4232 3510 4303 cogitatione
3534 4247 3597 4285 ex
3613 4230 3827 4301 conjec-

2239 4326 2376 4381 turis
2406 4325 2660 4380 colleCta?
2697 4323 2931 4379 Sanctus
2953 4324 3224 4378 Maximus
3257 4325 3365 4393 (b):
3393 4322 3603 4383 Omnis,
3633 4322 3826 4393 inquit,

2239 4416 2424 4473 sreculi
2444 4416 2606 4485 huius
2622 4416 2885 4486 cognitio,
2903 4416 3067 4471 etiam
3084 4431 3205 4485 qua:
3225 4414 3380 4469 valde
3392 4414 3498 4467 alta
3510 4425 3560 4468 et
3578 4414 3829 4468 sublimis

2177 4511 2217 4565 ι)
2247 4520 2348 4574 est,
2382 4510 2428 4565 si
2443 4524 2565 4562 cum
2585 4511 2897 4579 cognitione
2917 4508 3087 4570 futuri
3107 4506 3288 4561 saeculi
3314 4504 3651 4587 conferatur,
3666 4503 3817 4559 rudis

2255 4610 2417 4663 est,et
2448 4602 2613 4655 veluti
2640 4600 2826 4669 ﬁgurae
2845 4601 3078 4656 viventis
3100 4601 3299 4667 imago,
3320 4613 3440 4665 qum
3459 4611 3567 4651 non
3589 4597 3693 4650 erit
3712 4610 3833 4663 pns-

2253 4699 2358 4751 tea,
2390 4700 2606 4745 ostensa
2635 4693 2747 4761 jam
2780 4704 2905 4744 vera
2940 4690 3072 4753 vita,
3098 4697 3153 4740 et
3179 4685 3515 4755 cognitione.
3587 4681 3837 4737 Scientia‘.

2252 4782 2417 4847 enim,
2446 4783 2638 4851 inquit,
2671 4785 2984 4844 cessabunt,
3022 4778 3392 4849 etprOphetia:
3407 4776 3833 4830 evacuabuntur.

2256 4869 2419 4926 Recte
2448 4873 2613 4942 igitur
2640 4888 2868 4942 magnus
2899 4869 3147 4947 Basilius)
3161 4869 3227 4922 de
3266 4866 3375 4920 Deo
3424 4865 3841 4936 philosophatus

2252 4971 2356 5017 est;
2420 4964 2476 5019 Si
2539 4966 2666 5033 quid
2699 4979 2888 5020 eorum
2908 4978 3028 5031 qua:
3076 4973 3241 5028 supra
3275 4961 3418 5011 hunc
3442 4951 3841 5022 mundum,qui

2261 5062 2524 5127 cernitur,
2547 5066 2698 5122 sunt,
2730 5053 3089 5124 intelligentia
3141 5046 3647 5127 comprehenderis,
3696 5044 3837 5097 intra

2264 5156 2505 5212 divinum
2602 5149 2853 5218 spiritum
2906 5154 3008 5200 est.
3060 5142 3171 5196 lmo
3226 5151 3473 5195 summus
3529 5135 3872 5204 'l'heologus.

2059 5365 2336 5428 Schoha.

668 5484 743 5553 (ί)
779 5482 848 5539 Ut
878 5482 1245 5553 fuit‘Angelus
1274 5481 1368 5549 qui
1405 5474 1784 5553 {estintiilium
1839 5466 2164 5553 Josletlccd'e
2234 5508 2238 5513 .

596 5538 814 5609 Chi-isto
845 5554 1029 5609 docuit
1053 5538 1122 5606 inv
1141 5538 1446 5619 aenigmate,
1477 5544 1709 5601 Zachar.
1731 5559 1811 5605 Ill,
1840 5551 1893 5596 et
1922 5538 2159 5600 Gabriel,

601 5624 693 5692 qui
714 5623 1015 5689 Danielem,
1057 5638 1106 5678 c.
1140 5638 1213 5676 Ix.

688 5779 762 5849 (α)
799 5780 855 5835 ιιι
886 5784 1126 5835 secunda
1152 5774 1399 5829 centuria
1423 5769 1729 5838 theologica
1762 5780 1879 5835 cap.
1918 5764 2004 5817 57.

2341 5462 2417 5532 (Ξ)
2448 5458 2656 5513 Libera.
2694 5454 2811 5509 Non
2835 5449 3206 5533 o_mni_no,.sed
3234 5457 3517 5533 quatenus
3530 5440 3842 5533 ttpn_liabct

2269 5520 2411 5586 forts,
2439 5532 2519 5585 sic
2552 5540 2750 5581 causas
2775 5523 3209 5597 patiendi,‘sicut
3243 5520 3690 5597 habetorganum
3725 5521 3841 5566 ωτ-

2261 5617 2487 5671 porcum
2518 5615 2625 5666 quo
2646 5611 2755 5651 nou
2776 5592 2938 5648 tuens
2961 5592 3056 5646 sed
3092 5604 3286 5645 sensus
3324 5592 3511 5642 utitur.

2369 5750 2440 5824 (1))
2477 5749 2739 5806 Ccnturia
2766 5747 2821 5815 2,
2858 5760 2910 5801 c.
2941 5743 3031 5799 47.
