4058 6306
219 423 227 432 ‘
287 406 401 465 765

1039 403 1272 463 DECAS
1301 405 1384 464 II.
1412 431 1480 440 -
1525 405 1618 464 DE
1655 405 2098 468 TlIEOLOGiA
2143 410 2552 474 DEMONSTR
2573 416 2803 478 \TIVA.

3433 419 3540 482 7ii6

285 517 580 587 Dionysius
601 517 675 586 (α)
721 535 732 570 :
759 517 896 584 Quia
935 512 1132 588 inquit,
1167 535 1272 572 non
1304 528 1480 587 potest
1498 537 1652 576 mens
1686 529 1870 573 nostra
1906 519 1946 576 Α
1976 524 2056 577 lar
2085 525 2148 587 ’³,
2181 537 2231 580 et
2255 526 2324 596 (ε)
2347 527 2654 584 ﬁrmitatem
2681 530 2732 583 in
2758 529 2887 599 ipsis
2918 531 3097 594 ﬁxam,
3119 531 3272 599 quasi
3295 546 3398 584 non
3419 547 3539 584 cer—

282 627 316 658 a
348 612 358 659 l
391 608 536 660 illam
568 607 939 677 in‘corpoream
969 611 1266 664 caelestium
1302 612 1554 665 ordinum
1595 612 1858 666 imitatio-

286 713 416 749 nem
450 712 514 752 ac
547 701 1057 767 contemplationem
1095 703 1414 773 protendere
1445 706 1618 757 aciem
1678 719 1857 767 suam,

287 789 402 840 nisi
431 804 691 857 corporeo
706 791 1035 844 adminiculo
1071 792 1172 846 sibi
1217 801 1344 860 apto
1367 803 1569 846 utatur.
1591 792 1861 848 Etrursus

288 884 436 936 idem
469 883 620 937 :Non
654 892 846 950 potest.
882 885 1074 954 inquit,
1105 885 1257 940 aliter
1286 887 1420 950 ﬁeri,
1459 897 1517 940 ut
1571 885 1754 941 radius
1774 886 1861 940 di-

284 975 434 1027 γῑηω
456 975 780 1042 cognitionis
801 975 955 1030 nobis
987 975 1222 1038 illuceat,
1256 977 1360 1030 nisi
1393 977 1562 1031 variis
1587 977 1724 1029 velis
1772 992 1861 1030 sa-

285 1069 404 1120 cris
431 1067 721 1136 anagogice
743 1068 1010 1133 obtectus,
1025 1075 1077 1120 et
1095 1070 1486 1123 convenienter
1505 1077 1710 1122 natura:
1730 1084 1860 1123 nos-

291 1167 394 1210 tra:
422 1159 599 1212 divina
631 1159 964 1225 providentia
998 1160 1311 1214 adornatus.
1345 1160 1466 1225 Quo
1497 1163 1552 1214 in
1616 1159 1729 1213 locc
1785 1158 1864 1220 ait

284 1248 513 1301 (latinus
540 1247 806 1303 Maximus
839 1266 854 1303 :
889 1249 1017 1304 Sine
1041 1251 1180 1319 typis
1208 1261 1261 1304 et
1285 1250 1542 1319 symbolis
1583 1265 1688 1304 non
1740 1265 1863 1318 pos-

286 1354 510 1403 sumus,
542 1339 670 1392 dum
704 1341 757 1392 in
785 1355 1011 1409 corpore
1037 1356 1244 1405 sumus,
1268 1342 1515 1409 aspicere
1545 1342 1859 1410 incorporea

280 1439 343 1479 vt
371 1429 608 1482 materiae
636 1431 896 1496 expertia.
920 1429 1051 1482 Hinc
1073 1431 1417 1499 perspicitur,
1435 1432 1478 1483 si
1502 1447 1652 1483 mens
1679 1441 1858 1484 nostra

282 1511 402 1570 noti
436 1526 613 1585 potest
641 1533 737 1587 per
765 1535 822 1573 se
854 1534 920 1573 ne
947 1521 1163 1589 angelos
1186 1523 1401 1589 quidem
1433 1521 1633 1574 imitari
1667 1529 1720 1574 ct
1736 1538 1864 1576 cott-

281 1610 566 1676 templari,
605 1626 700 1664 nec
722 1612 785 1686 ad
822 1610 920 1665 ista
945 1612 1134 1677 adniti,
1172 1614 1273 1666 nisi
1304 1614 1618 1681 adjumen'o
1691 1622 1861 1668 mate-

279 1702 435 1752 riato
464 1709 517 1753 et
540 1701 641 1754 sub
659 1717 880 1756 sensum
903 1703 1126 1766 cadente
1141 1704 1243 1758 sibi
1266 1706 1606 1757 convenienti
1642 1715 1824 1758 utatur
1843 1747 1859 1770 ,

277 1791 437 1842 nulla
462 1792 671 1845 ratione
712 1802 764 1845 et
793 1793 873 1846 ria
901 1794 1010 1847 ﬁeri
1046 1809 1222 1860 posse,
1259 1803 1315 1847 ut
1345 1795 1747 1863 intelligentiam
1768 1796 1857 1848 Dei

1964 631 2059 670 nas
2081 633 2242 680 nunc,
2266 634 2456 674 cernes
2481 630 2660 674 autem
2685 636 2784 675 suo
2831 630 3092 690 tempore.
3121 623 3180 676 Et
3240 623 3536 690 Gregorius

1961 705 2240 776 Nyssenus
2276 726 2290 762 :
2325 709 2630 775 Quomodo,
2666 713 3204 782 inquit.reperiatur,
3256 730 3414 781 quem
3460 715 3540 767 ni-

1963 799 2035 853 hil
2069 815 2256 855 eorum
2305 818 2428 870 qua:
2481 813 2791 865 uotescunt,
2841 805 3130 859 declarat?
3163 820 3269 857 non
3342 804 3537 864 forma,

1963 907 2070 948 non
2131 893 2302 956 color,
2359 909 2467 948 non
2525 895 2977 960 circumscriptio,
3026 911 3135 949 non
3185 896 3376 964 ﬁgura,
3435 909 3540 947 non

1962 985 2264 1052 quantitas.
2305 1001 2411 1037 non
2437 986 2692 1054 qualitas,
2730 1002 2835 1040 non
2868 987 3041 1050 locus,
3074 1003 3178 1041 non
3204 989 3539 1054 conjectura,

1962 1087 2068 1124 non
2082 1073 2397 1133 similitudo,
2421 1091 2524 1128 non
2543 1077 2818 1145 proportio
2843 1096 2854 1141 ;
2876 1079 3005 1146 quin
3026 1079 3204 1144 potius
3223 1091 3438 1143 semper
3459 1086 3545 1129 est

1961 1174 2112 1216 extra
2155 1179 2366 1218 omnem
2403 1165 2541 1218 viam
2583 1167 3099 1234 comprehendendi.
3132 1167 3275 1220 Idem
3321 1168 3539 1219 iterum.

1963 1249 2107 1313 Haec,
2142 1251 2339 1320 inquit,
2368 1261 2452 1307 est
2484 1254 2721 1308 notionis
2751 1255 2868 1323 ejus
2901 1255 3134 1308 maxime
3149 1257 3366 1323 propria
3394 1263 3544 1314 nota.

1966 1350 2212 1396 naturam
2282 1345 2400 1413 ejus
2447 1359 2567 1397 esse
2600 1361 2765 1414 supra
2809 1361 3024 1401 omnem
3069 1357 3250 1400 notam
3305 1347 3546 1400 notioois

1962 1431 2394 1500 designatricem.
2432 1435 2498 1488 Et
2527 1450 2773 1489 summus
2805 1435 3086 1505 theologus
3109 1434 3392 1507 Dionysius
3431 1439 3501 1505 (ς)
3527 1455 3544 1491 :

1963 1522 2110 1575 illam
2165 1524 2332 1593 igitur
2383 1526 2621 1580 divinam
2711 1542 2872 1595 supra
2959 1532 3154 1596 quam'
3186 1529 3545 1583 substantlam

1961 1616 2320 1682 quodcunque
2341 1627 2422 1670 est
2449 1617 2534 1670 illi
2561 1632 2727 1686 supra
2756 1629 2940 1686 quam
2971 1621 3205 1673 essentia
3255 1623 3544 1686 bonitatis,

1961 1721 2082 1774 quze
2109 1722 2269 1779 supra
2309 1707 2602 1762 bonitatem
2634 1719 2736 1771 est,
2801 1724 2976 1779 neque
3033 1720 3300 1778 ,tanjuam
3370 1713 3546 1764 ratio-

1966 1812 2086 1849 nem
2135 1810 2226 1852 aut
2260 1801 2552 1867 potentiam
2591 1817 2786 1870 neque,
2827 1812 3082 1870 tanquam
3134 1812 3391 1864 mentem,
3456 1812 3549 1856 aut

277 1881 414 1934 sine
445 1883 669 1935 materia
700 1892 752 1936 et
781 1899 1010 1953 corpore
1034 1894 1358 1954 assequatur
1388 1903 1402 1948 ;
1431 1885 1635 1939 idcirco
1659 1887 1866 1953 impos-
1896 1873 1935 1926 Β
1971 1890 2352 1953 substantiam,
2375 1901 2466 1944 aut
2487 1893 2650 1946 vitam
2709 1894 2966 1947 laudibus
3031 1894 3303 1948 celebrare
3329 1894 3408 1948 fas
3441 1903 3544 1958 est,
3570 1940 3592 1966 ,

277 1974 453 2027 sibile
479 1985 578 2031 est.
596 1992 689 2030 eos
713 1976 804 2046 qui
838 1979 1004 2030 vitam
1036 1978 1088 2031 in
1109 1992 1339 2047 corpore
1357 1978 1578 2046 degunt,
1603 1979 1722 2031 sine
1740 1994 1864 2032 cor-

275 2068 472 2132 porcis
487 2068 550 2120 ad
569 2071 1073 2139 contemplationem
1095 2070 1185 2124 Dei
1204 2070 1677 2136 ascendere.Q:ro;l
1700 2072 1742 2124 si
1768 2085 1868 2124 nos

278 2174 392 2226 per
419 2159 585 2213 inane
615 2162 678 2213 ad
703 2176 762 2214 ea
791 2178 909 2228 quae
923 2177 1083 2230 supra
1110 2165 1365 2217 saeculum
1391 2173 1864 2232 sunt.evagantes,

279 2263 346 2304 ut
389 2253 614 2318 assolet,
637 2254 764 2322 quid
791 2256 1003 2309 tandem
1028 2258 1188 2309 etiam
1223 2266 1346 2310 ante
1389 2255 1488 2309 ista
1512 2265 1646 2316 erat,
1687 2255 1868 2309 inves-

283 2345 553 2411 tigemus,
587 2360 763 2413 neque
794 2347 872 2401 sic
893 2337 1230 2401 abducentus
1256 2363 1353 2402 nos
1374 2349 1520 2401 abiis
1537 2363 1866 2417 (praecerpu-

279 2454 378 2488 l't‘ll
416 2447 564 2500 sunt,
588 2450 640 2490 et
667 2440 862 2492 anima:
895 2440 1070 2492 vicina
1102 2449 1155 2494 et
1186 2451 1439 2509 cognata.
1465 2456 1584 2508 qu:e
1639 2440 1857 2506 quidem

279 2526 562 2582 immensa
601 2531 808 2584 ratione
844 2531 1103 2586 inferiora
1135 2541 1262 2587 sunt
1292 2548 1453 2602 quam
1487 2532 1713 2601 spiritus
1744 2531 1861 2595 Dei,

277 2622 382 2691 qui
420 2635 582 2690 Supra
608 2633 850 2677 naturam
881 2641 1094 2678 omnem
1144 2631 1246 2682 est.

857 2731 1085 2786 CAPUT
1145 2731 1212 2786 V.

278 2845 454 2908 Quod
491 2861 650 2912 neque
671 2854 831 2897 totam
865 2855 911 2897 et
943 2847 1198 2911 integrant
1225 2847 1285 2899 de
1337 2847 1441 2900 Deo
1488 2851 1857 2910 mutilationem

355 2914 638 2985 haberem
655 2915 749 2985 hoc
783 2915 980 2985 sarculo
1010 2932 1278 2981 possumus
1309 2958 1324 2980 ,
1351 2929 1443 2970 aut
1493 2935 1584 2985 per
1636 2938 1752 2973 eam
1806 2923 1870 2974 de

366 2983 482 3034 Deo
510 2983 661 3058 plene
681 2983 1036 3058 philosophari
1063 3001 1268 3058 ,_neque
1286 3002 1376 3054 per
1397 2983 1563 3041 alium
1582 2990 1867 3058 quamlibet

367 3071 400 3104 a
429 3053 578 3106 nobis
611 3054 957 3121 informatum
979 3056 1276 3111 notionem.

363 3162 666 3232 Gregorius
679 3163 1004 3232 Theologus,
1027 3163 1079 3216 in
1097 3141 1596 3221 secundaioratione
1619 3169 1687 3224 de
1708 3171 1863 3225 theo-
1889 3186 1934 3249 ρ

286 3255 460 3324 {egiaz
486 3254 840 3319 Justiﬁcatus,
878 3256 1071 3325 inquit.
1119 3267 1202 3312 est
1231 3272 1296 3312 ex
1325 3258 1429 3312 ﬁde
1453 3275 1681 3331 magnus
1701 3273 1868 3332 patr:-

287 3348 460 3402 archa
491 3347 759 3402 Abraham
797 3358 887 3414 ;et
921 3349 1191 3405 sacrificat
1220 3351 1544 3406 sacriﬁcium
1586 3370 1783 3408 novum
1813 3366 1868 3411 et

286 3439 626 3504 inauditum,
648 3441 868 3495 acillius
889 3444 1064 3509 magni
1086 3444 1338 3497 sacriﬁcii
1360 3445 1668 3512 imaginem.
1696 3448 1862 3501 Deum

289 3547 426 3585 vero
461 3547 570 3584 non
599 3541 656 3584 ut
678 3534 844 3586 Deum
877 3533 1032 3596 vidit,
1067 3533 1163 3586 sed
1229 3534 1278 3587 ei
1343 3543 1599 3601 tanquam
1659 3539 1866 3592 homini

286 3626 481 3676 cibum
511 3621 761 3690 apposuit
797 3630 893 3685 ;et
929 3623 1177 3675 laudatus
1208 3633 1312 3685 εει,
1346 3626 1488 3692 quod
1525 3634 1736 3678 tantum
1774 3641 1868 3679 ve-

290 3716 603 3770 iterationis
629 3713 901 3778 adhibuit,
927 3724 1186 3782 quantum
1213 3715 1567 3784 intelligentia
1623 3731 1872 3785 compreo

290 3807 510 3872 hendit.
542 3803 738 3858 Ibidem
770 3819 889 3857 cum
919 3802 1165 3859 deJacob
1191 3805 1528 3860 meminisset
1561 3821 1574 3858 :
1607 3805 1670 3858 Et
1691 3806 1866 3861 lucta-

293 3912 385 3953 tur
417 3936 432 3960 ,
459 3896 658 3965 inquit,
695 3911 816 3950 cum
851 3895 958 3950 Deo
980 3905 1236 3965 tanquam
1267 3912 1387 3950 cum
1422 3896 1660 3959 homine,
1722 3915 1871 3968 qua:—

291 3997 517 4060 r'unque
541 3992 641 4045 ista
684 3998 765 4044 est
819 3987 911 4042 Dei
965 4003 1087 4043 cum
1138 3988 1357 4040 homine
1407 3987 1566 4049 lucta,
1620 3987 1869 4044 fortassis

279 4086 558 4144 inuitante
585 4081 797 4135 virtutis
815 4095 934 4132 cum
967 4079 1145 4132 divina
1181 4079 1536 4147 comparatio.
1570 4079 1783 4136 Rursus
1813 4083 1866 4136 in

292 4175 490 4227 mdem
527 4171 644 4224 loco
678 4187 691 4222 :
726 4169 1007 4234 Quomodo
1040 4168 1284 4221 Manoem
1314 4169 1553 4236 judicem
1615 4173 1782 4240 prius,
1815 4182 1869 4226 et

295 4268 518 4320 Petrum
557 4263 881 4330 discipulum
920 4269 1127 4329 postea,
1159 4273 1266 4312 non
1308 4274 1369 4313 es
1421 4262 1693 4316 miratus?
1722 4263 1866 4316 illum

293 4361 544 4429 quidem,
581 4357 708 4425 quia
741 4369 837 4407 nec
867 4360 1144 4422 aspectum
1181 4351 1270 4404 Dei
1322 4361 1447 4422 typo
1513 4362 1566 4406 et
1633 4355 1865 4425 imagine

243 4479 254 4483 νς
294 4446 580 4503 informari
609 4458 801 4513 passus
829 4450 945 4505 est;
984 4447 1124 4494 unde
1147 4441 1274 4494 illud
1305 4457 1320 4494 :
1360 4442 1640 4509 Periimus,
1674 4445 1870 4514 inquit,

1974 1981 2088 2044 ulli,
2118 1982 2209 2049 qui
2233 1984 2500 2043 veritatis.
2533 1999 2655 2052 quae
2681 1999 2844 2051 supra
2900 1999 3114 2038 omnem
3155 1985 3435 2038 veritatem
3462 1994 3548 2038 est

1973 2074 2039 2124 sit
2060 2073 2359 2134 studiosus.
2392 2076 2521 2142 quin
2545 2075 2654 2127 imo
2676 2075 2897 2130 laudare
2920 2091 3037 2130 eam
3057 2085 3265 2145 oportet
3291 2087 3546 2144 tanquam

1973 2165 2040 2216 ab
2073 2167 2218 2218 omni
2251 2166 2459 2229 ltabitu,
2509 2175 2679 2232 motu,
2706 2167 2834 2229 vita,
2865 2167 3182 2233 itu-aginatio
3204 2183 3276 2226 te.
3307 2167 3528 2234 opinio-

1972 2268 2061 2313 ne,
2120 2255 2366 2317 nomiue,
2421 2271 2694 2323 sermone,
2743 2257 3090 2326 cogitatione,
3151 2258 3542 2326 intelligentia,

1971 2344 2295 2407 substantia,
2353 2353 2516 2405 statu.
2577 2344 2914 2406 fuitdntione.
2995 2348 3220 2410 unione,
3285 2349 3545 2410 ﬁne,im-

1972 2439 2278 2500 mensita'e,
2309 2438 2543 2506 denique
2599 2441 2666 2493 ab
2696 2440 2954 2494 omnibus
3009 2455 3349 2509 quaecunque
3394 2448 3544 2502 sunt,

1976 2530 2244 2597 superiale
2331 2531 2681 2586 abstractam.
2776 2531 2914 2585 Hinc
2976 2530 3214 2592 efﬁcitur
3290 2533 3548 2585 manifes-

1972 2630 2108 2684 tum,
2138 2620 2489 2689 quodﬁteque
2515 2623 2735 2676 notione
2780 2623 2920 2691 typis
2969 2633 3024 2676 et
3071 2623 3397 2691 imaginibus
3454 2624 3542 2675 iu-

1973 2707 2220 2770 l‘ormata,
2247 2717 2338 2760 aut
2370 2710 2471 2761 alia
2517 2711 2756 2778 qualibet
2801 2711 3130 2777 cogitatione
3183 2711 3350 2764 Deum
3389 2725 3546 2764 com-

1971 2797 2321 2862 prehendere,
2353 2799 2498 2850 etde
2527 2814 2593 2853 eo
2619 2799 2986 2867 philosophari
3022 2815 3311 2866 possumus
3346 2818 3359 2862 ;
3415 2801 3545 2867 quin

1973 2890 2150 2953 potius
2175 2895 2323 2939 extra
2357 2887 2470 2940 limc
2508 2887 2687 2940 omnia
2725 2895 2807 2939 est
2839 2887 3130 2955 ;qnoniam
3146 2886 3322 2939 omnis
3380 2886 3551 2954 phan-

1933 3029 1946 3038 ,
1972 2980 2130 3040 tasia,
2161 2978 2209 3030 id
2241 2988 2342 3040 est,
2371 2978 2647 3046 cogitatio,
2670 2977 2942 3048 triplicem
2963 3053 2972 3061 _
2995 2993 3153 3032 usum
3207 2977 3368 3030 habet
3402 2977 3484 3046 (τί)
3535 2994 3551 3032 :

1970 3086 2074 3124 una
2101 3071 2293 3135 ﬁgurat
2322 3085 2382 3124 ea
2402 3087 2521 3138 quae
2540 3071 2789 3126 sensibus
2806 3071 3198 3140 percipiuntur,
3238 3069 3554 3138 imprimens

1970 3162 2244 3217 memoria:
2294 3176 2630 3232 quaecunque
2673 3176 2738 3215 ex
2780 3162 3034 3216 sensibus
3083 3170 3359 3227 assumpta
3405 3168 3554 3220 sunt,

1972 3270 2090 3324 qu:e
2116 3255 2353 3324 singulas
2380 3255 2642 3320 imagines
2669 3255 2876 3314 ordine,
2907 3263 2964 3306 ut
2999 3258 3068 3306 ita
3099 3253 3300 3314 dicam.
3362 3263 3415 3305 et
3464 3265 3548 3304 ar-

1979 3349 2191 3402 ticulate
2226 3349 2468 3417 disponit
2493 3356 2546 3401 et
2593 3346 2879 3414 distinguit
2942 3363 2956 3410 ;
3008 3360 3170 3414 quam
3219 3350 3416 3398 vacant
3467 3359 3555 3397 sa-

1977 3455 2096 3491 nam
2139 3439 2502 3506 phantasiam,
2529 3446 2582 3490 et
2609 3452 2816 3505 magna:
2847 3446 3056 3487 natura:
3092 3435 3276 3487 iustum
3305 3451 3318 3484 :
3384 3431 3550 3486 altera

1979 3528 2242 3596 imprimit
2268 3529 2497 3581 obscura
2525 3527 2768 3593 qumdam
2803 3525 3042 3593 vestigia,
3103 3539 3223 3593 quae
3278 3535 3382 3574 non
3427 3524 3558 3576 sinit

1983 3621 2215 3688 Cogitata
2247 3619 2483 3679 illa,ulla
2509 3635 2568 3670 ex
2598 3626 2747 3686 parte
2776 3617 3133 3682 manere;sed
3150 3612 3558 3668 confusasima-

1979 3713 2152 3780 gines,
2185 3719 2239 3764 et
2269 3710 2424 3763 aliter
2451 3710 2558 3761 alio
2593 3716 2833 3775 tempore
2853 3714 3213 3760 commutatas
3244 3703 3552 3772 promiscue

1977 3802 2187 3871 objicit,
2240 3808 2294 3853 et
2341 3799 2496 3868 prius
2550 3798 2662 3852 fere
2707 3811 2869 3866 quam
2922 3796 3253 3864 cogitatione
3283 3795 3402 3847 ﬁcta
3423 3795 3552 3858 sint,

1979 3895 2045 3950 ab
2076 3894 2181 3947 illis
2208 3893 2342 3961 ipsis
2368 3889 2590 3952 excidit,
2621 3897 2674 3942 et
2698 3889 2848 3942 omni
2878 3887 3056 3950 fructu
3090 3897 3141 3940 et
3167 3887 3398 3939 utilitate
3460 3900 3553 3939 ca-

1977 3994 2078 4051 ret,
2101 3985 2276 4054 qualis
2298 3994 2380 4037 est
2404 3981 2648 4036 inanium
2675 3981 3014 4036 somniorum
3051 3981 3102 4032 in
3126 3979 3307 4048 quiete
3352 3979 3562 4047 cogita-

1978 4077 2084 4138 tio,
2150 4085 2204 4128 et
2251 4088 2440 4128 eorum
2515 4087 2638 4140 quae
2697 4080 2902 4125 temere
2959 4080 3010 4123 et
3065 4069 3292 4124 fortuito
3355 4071 3562 4139 cogita-

1979 4169 2127 4222 tione
2159 4165 2475 4234 ﬁngnntur;
2513 4164 2667 4216 tertia
2698 4170 2781 4217 est
2815 4163 2866 4216 in
2894 4163 2958 4215 iis
2991 4177 3110 4230 quae
3134 4161 3340 4230 agenda
3410 4173 3554 4228 sunt,

1978 4245 2095 4314 Sine
2129 4268 2272 4311 recta
2294 4256 2500 4310 ratione
2528 4255 2896 4324 progrediens,
2935 4269 3040 4322 qua
3074 4253 3126 4306 id
3150 4253 3290 4322 quod
3323 4268 3429 4306 non
3452 4262 3555 4317 est,

1980 4362 2241 4420 tanquam
2271 4350 2361 4413 sit,
2392 4349 2663 4417 cegitatur
2697 4385 2712 4410 ,
2732 4361 2856 4415 qute
2899 4347 3109 4434 laetatur
3143 4347 3342 4414 quibus
3361 4344 3557 4429 doleo-1

1976 4443 2105 4498 dum
2140 4449 2275 4504 erat,
2305 4449 2357 4493 et
2383 4439 2528 4493 dolet
2553 4437 2751 4507 quibus
2781 4431 3070 4489 hetanélum
3110 4453 3126 4502 ;
3163 4443 3216 4490 et
3270 4431 3416 4504 quod
3456 4435 3560 4489 sibl

294 4560 323 4592 ο
346 4556 506 4599 uxor.
532 4537 757 4591 vidimus
785 4533 946 4586 Deum
974 4532 1039 4597 ",
1066 4542 1318 4601 tanquam
1337 4549 1443 4588 non
1470 4537 1680 4604 possint
1710 4538 1885 4591 homi-
1917 4534 1960 4590 Ι)
1989 4534 2338 4603 persuaserit,
2373 4547 2478 4585 non
2511 4530 2710 4601 poterit
2735 4530 2781 4584 ei
2815 4529 3118 4584 dissuaderi
3154 4544 3168 4593 ;
3199 4526 3417 4581 adamat
3453 4543 3554 4580 au-

292 4647 390 4686 nes
420 4628 711 4698 imaginem
758 4623 850 4677 Dei
897 4623 949 4677 in
996 4638 1186 4678 sensus
1210 4625 1430 4679 notione
1457 4625 1684 4681 eﬁietam
1707 4637 1760 4682 et
1783 4629 1869 4682 in—

293 4725 588 4776 formatam
617 4732 828 4784 capere.
859 4717 1052 4767 nedum
1092 4729 1335 4768 naturam
1370 4715 1516 4782 ejus;
1551 4717 1694 4772 hunc
1718 4735 1868 4787 vero,

313 4814 440 4882 quia
465 4810 745 4865 Christum
786 4820 944 4874 quem
975 4805 1250 4870 cernebat,
1289 4805 1340 4858 in
1403 4807 1703 4861 naviculam
1765 4825 1872 4862 non

294 4902 616 4974 recipiebat,
649 4899 792 4952 etob
835 4913 951 4950 eam
991 4912 1208 4950 causam
1244 4911 1366 4950 eum
1417 4899 1738 4954 dimittebat.
1789 4900 1856 4954 Et

299 5011 490 5048 rursus
522 4994 575 5044 in
597 4989 783 5043 eadem
815 4990 1093 5040 oratione:
1118 4986 1230 5041 Nec
1259 4988 1324 5040 de
1356 4988 1468 5056 ipsa
1485 5001 1732 5044 creatura
1752 5007 1876 5060 per-

222 5110 240 5126 ο
299 5089 435 5140 tecta
454 5081 832 5156 perspicientia
858 5089 962 5143 cst,
979 5078 1242 5147 siquidem
1261 5079 1587 5133 credendum
1607 5092 1691 5137 est
1714 5083 1874 5149 hujus

299 5180 459 5234 etiam
486 5175 709 5230 umbras
755 5171 928 5226 solum
984 5180 1034 5223 te
1074 5170 1290 5231 habere,
1345 5184 1470 5224 cum
1501 5173 1688 5226 audias
1728 5193 1741 5228 :
1779 5174 1873 5227 Vi-

301 5272 425 5323 debo
452 5265 606 5320 caelos
650 5278 808 5332 opera
847 5261 1130 5328 digitorum
1163 5265 1368 5311 tuorum
1418 5260 1600 5312 (ultam
1646 5271 1693 5316 et
1741 5265 1872 5316 stel-

375 5419 420 5450 ¹²
475 5417 651 5472 Judic.
697 5431 812 5482 xm,
839 5413 929 5468 95.
1010 5411 1051 5443 ⁸³
1085 5412 1228 5466 Psal.
1269 5426 1384 5475 vm,
1424 5412 1479 5465 4.

381 5578 458 5646 (α)
485 5579 542 5629 in
567 5577 810 5632 oratione
837 5577 903 5632 de
941 5576 1289 5632 confessione
1323 5573 1466 5629 ﬁdei.
1502 5575 1695 5643 Cap.l.
1747 5572 1858 5630 Co:-

310 5649 451 5702 lestis
483 5647 809 5700 lucrare/tite.
829 5697 832 5700 .

385 5717 457 5783 (ὁ)
503 5718 872 5784 Itttcrprclnlio
909 5721 1304 5774 estverlxorum
1363 5732 1481 5787 qur
1536 5725 1900 5783 sequuntur:~

311 5787 440 5851 Qua:
473 5795 528 5839 tu
565 5787 824 5840 fundasti.

1981 4635 2084 4680 tem
2112 4624 2526 4692 etamplectitur
2553 4636 2673 4690 qua:
2706 4622 3039 4690 cogitatione
3070 4619 3334 4688 depingit.
3367 4634 3466 4673 ceu
3484 4619 3562 4672 le-

1978 4732 2070 4788 ges
2097 4717 2358 4784 quas-Jan
2389 4715 2648 4768 divinitus
2704 4713 2804 4766 sibi
2851 4711 3191 4773 informatas,
3259 4708 3562 4762 contendit-

1980 4822 2105 4874 quc,
2129 4815 2187 4860 ut
2207 4820 2327 4875 quae
2345 4805 2644 4860 clarissima
2677 4811 2731 4858 et
2754 4811 2878 4856 ante
2917 4800 3106 4855 oculos
3141 4800 3314 4868 posita
3333 4809 3478 4858 sunt.
3513 4799 3560 4853 si

1981 4899 2094 4953 ﬁeri
2129 4899 2315 4966 possit,
2345 4899 2410 4950 ad
2435 4912 2675 4950 errorem
2711 4910 2872 4950 suum
2899 4901 3191 4962 pervertat.
3227 4893 3282 4945 In
3368 4891 3560 4959 hujus-

1983 4988 2126 5042 modi
2152 4988 2527 5057 cogitationem
2553 4989 2647 5055 qui
2699 4987 2963 5049 incidunt,
3023 4985 3350 5040 insanabiles
3387 4984 3550 5049 ﬁunt;
3637 4986 3642 4995 '

1984 5081 2075 5150 qui
2105 5084 2147 5134 si
2184 5091 2428 5150 potentes
2449 5081 2581 5155 sint,
2607 5083 2659 5135 in
2694 5080 2982 5149 perniciem
3019 5080 3298 5155 civitatum
3377 5080 3556 5132 inuni-

1989 5182 2116 5226 nent
2147 5188 2162 5237 ;
2198 5172 2243 5226 si
2275 5172 2496 5234 inﬁrmi,
2525 5151 2578 5226 et
2607 5189 2712 5226 non
2735 5172 2978 5226 valentes
2999 5173 3194 5240 Opibus
3222 5213 3239 5236 ,
3299 5187 3404 5224 non
3455 5171 3526 5224 de

1980 5264 2190 5328 sistent,
2213 5263 2343 5333 quin
2369 5273 2628 5332 quantum
2661 5265 2712 5316 in
2743 5278 2803 5319 se
2839 5265 2962 5330 erit,
2995 5279 3088 5319 eas
3106 5265 3350 5332 perdant.
3375 5261 3449 5315 De
3473 5262 3558 5315 his

2043 5575 2111 5641 (c)
2139 5575 2275 5641 Cap.
2314 5573 2360 5624 l.
2392 5573 2456 5627 de
2472 5574 2639 5628 divin.
2673 5592 2811 5632 nam.

2045 5649 2122 5714 (tt)
2158 5645 2281 5696 Ilaec
2309 5644 2377 5697 de
2405 5645 2602 5714 triplici
2639 5647 2924 5711 phantasia
2955 5660 3018 5697 ex
3060 5645 3186 5698 Sch.
3217 5645 3276 5698 S.
3329 5641 3547 5714 Maximi

1941 5721 1944 5725 ’
1975 5730 2026 5766 tn
2055 5713 2094 5767 7c
2131 5717 2173 5766 Ι.
2207 5713 2442 5781 Dionysii
2496 5716 2562 5765 de
2592 5715 2785 5766 diuini:
2842 5716 3163 5777 nominibus,
3209 5715 3300 5767 sed
3366 5713 3548 5779 copio-

1982 5786 2118 5846 sius,
2153 5793 2204 5837 ct
2234 5784 2576 5851 t'XpiullutitlS
2637 5784 2741 5834 hic.
