4058 6306
510 415 618 480 767

1666 422 1908 484 JOANN
1920 424 1988 483 lS
2028 424 2209 485 CYPA
2221 426 2265 484 Β
2277 425 2294 484 Ι
2308 423 2472 484 SSIO
2488 423 2590 483 [‘18

3652 418 3767 480 763

515 534 727 601 duabus
744 533 1153 604 cogitationibus
1169 537 1234 588 ad
1262 537 1609 606 cogitandum
1641 540 1708 593 de
1730 537 1837 595 Deo
1861 554 1928 593 ne
1975 553 2085 593 me-
2119 544 2160 598 A
2192 541 2304 609 psis
2332 539 2532 592 habent
2556 537 2818 607 principia
2863 536 3176 592 notitiarum
3238 532 3697 587 demonstrabilia
3745 536 3767 573 τ

515 627 742 681 minisse
768 627 983 697 quidem
1018 635 1228 695 oportet
1271 627 1453 692 ;illam
1510 639 1692 703 quiem
1737 631 1969 700 primam
2024 645 2084 683 a-

510 716 675 785 lioqui
706 716 1047 781 laudabilem,
1094 717 1513 772 existimandum
1557 729 1640 773 est
1698 721 1868 788 ipsam
1920 721 2084 775 etiam

513 815 622 860 tam
656 808 811 874 longe
843 810 1037 861 abesse
1065 818 1123 862 ut
1149 824 1247 876 par
1268 808 1340 863 sit
1363 810 1430 863 ad
1449 810 1854 865 informandum
1905 814 2086 866 notio-

511 912 631 952 nem
654 897 765 961 Dei,
788 908 845 952 ut
871 913 1084 970 propter
1100 901 1367 956 inlinitam
1383 903 1694 958 distantiam
1712 906 1944 960 conferri
1963 920 2085 961 cum

514 1004 576 1042 ea
602 1006 706 1045 non
742 994 953 1062 possit.

1080 1154 1309 1210 CAPUT
1366 1154 1458 1212 Vl.

514 1284 837 1361 Q-iodﬂeua
890 1304 1048 1355 neque
1109 1305 1173 1342 ea:
1223 1294 1784 1361 reprtcseiitalioneU)
1851 1301 2087 1360 naturali

583 1357 950 1436 cognoscitur,
995 1375 1087 1412 nec
1112 1362 1497 1436 estquidqurim
1542 1379 1607 1436 ea:
1654 1357 2083 1436 iutelligentibus,

584 1435 674 1548 illul
703 1424 997 1546 iiyellectt's,
1027 1443 1084 1482 tu
1111 1424 1482 1485 exsubstdutia
1504 1435 1616 1503 ejus
1635 1424 1860 1489 liceatd'e
1874 1453 1933 1490 eo
1973 1424 2090 1507 phil

614 1512 738 1548 usoo
757 1511 879 1548 tari.
1117 1537 1138 1546 -

614 1511 879 1564 "sopitum.

590 1633 813 1689 Dii-inus
840 1635 1107 1691 Maximus
1139 1639 1316 1707 primo
1341 1641 1520 1709 capite
1552 1657 1615 1695 ex
1645 1643 1961 1712 theologicis
1981 1645 2083 1717 (ri).

515 1722 694 1788 linus,
727 1725 926 1796 inquit,
942 1727 1101 1795 Deus,
1129 1732 1247 1785 sine
1264 1734 1545 1800 principio,
1573 1734 2089 1805 incomprehensibi-

522 1816 612 1878 lis,
642 1826 812 1872 totam
846 1819 976 1879 vim.
1010 1833 1067 1874 ut
1094 1823 1190 1885 sit,
1215 1823 1421 1878 habens
1450 1841 1544 1892 per
1572 1832 1766 1891 totum,
1803 1828 2080 1897 notionem

521 1908 739 1974 quando
762 1920 811 1964 et
835 1917 1110 1981 quomodo
1139 1914 1229 1980 sit,
1285 1918 1501 1983 penitus
1557 1920 1842 1988 repellens,
1903 1930 2091 1988 utpote

521 2000 656 2054 nulli
684 2016 868 2054 eorum
900 2005 993 2073 qui
1015 2016 1165 2069 sunt,
1204 2023 1271 2061 ex
1332 2014 1809 2077 repraesentatione
1858 2011 2091 2067 naturali

523 2094 795 2160 cognitus.
860 2096 921 2149 Et
947 2113 1139 2152 rursus
1195 2099 1336 2154 idem
1364 2103 1478 2170 (ti):
1515 2102 1724 2161 Omnis.
1752 2105 1947 2172 inquit,
2006 2107 2093 2159 iti—

527 2190 814 2257 telligentia
849 2192 990 2245 sicut
1017 2193 1069 2244 in
1103 2196 1404 2250 substantia
1470 2199 1694 2253 omnino
1751 2200 1991 2267 ponitur,
2037 2210 2096 2256 ut

526 2281 795 2347 qualitas;
823 2282 1076 2358 sicetiam
1101 2284 1243 2338 circa
1263 2287 1623 2342 substantiam
1646 2292 1910 2358 qualitate
1934 2290 2095 2345 :il't‘ec-

530 2384 636 2426 tani
673 2375 833 2426 habet
871 2375 1162 2430 motionem
1202 2392 1346 2431 :non
1376 2379 1520 2433 enim
1553 2381 1752 2451 aliquid
1785 2398 1849 2434 et
1878 2391 1989 2436 toto
2008 2398 2095 2435 so-

530 2460 699 2514 lutum
717 2469 767 2514 et
794 2462 1019 2529 simpl-ir
1041 2478 1135 2533 pe”
1152 2480 1210 2520 se
1229 2468 1495 2522 exsistens
1522 2479 1691 2537 potest
1711 2474 1881 2542 ipsam
1904 2471 2101 2525 intelli-

531 2553 763 2616 gentiam
798 2554 1092 2620 suscipere,
1121 2558 1245 2621 quia
1277 2574 1383 2612 non
1419 2569 1501 2615 est
1533 2563 1705 2616 soluta
1734 2572 1785 2615 et
1808 2564 2036 2629 simplex
2077 2580 2091 2618 :

536 2644 676 2697 Duus
703 2657 881 2698 autem
912 2661 1034 2699 cum
1070 2648 1121 2700 in
1154 2657 1382 2718 utroque
1404 2652 1597 2706 horum
1623 2632 1846 2708 omnino
1869 2656 2100 2723 simplex

532 2737 628 2799 sit,
655 2744 709 2788 et
723 2737 1022 2791 substantia
1038 2741 1241 2795 scilicet
1269 2744 1447 2797 Soluti
1473 2745 1619 2799 abeo
1636 2747 1775 2814 quod
1801 2758 1883 2801 est
1902 2749 1954 2802 in
1972 2749 2105 2801 sub-

532 2829 697 2895 jecto,
722 2831 1137 2900 etintelligeutia
1157 2849 1261 2888 non
1294 2835 1498 2890 habens
1526 2839 1692 2893 ullum
1740 2826 2102 2914 prorsussub-

536 2920 758 2988 initum,
789 2922 1037 2984 0m.lll’lt',
1066 2938 1123 2979 ut
1150 2943 1324 2996 neque
1353 2930 1423 2984 sit
1453 2946 1517 2983 ex
1547 2931 1619 2984 iis
1650 2933 1740 2998 qui
1772 2932 2104 3000 intelligunt,

541 3026 721 3077 neque
749 3029 870 3080 qua?
904 3015 1299 3086 intelliguntur,
1329 3021 1529 3088 quippe
1554 3023 1641 3089 qui
1664 3038 1823 3090 supra
1844 3023 2104 3077 substan-

544 3103 672 3155 tiam
705 3115 754 3157 et
788 3104 1199 3174 intelligentiam
1229 3110 1320 3163 sit.
1353 3111 1543 3165 Adhuc
1591 3113 1731 3166 idem
1761 3129 1878 3182 cap.
1916 3115 1969 3166 ll
2000 3113 2108 3181 p.i-

548 3208 647 3246 nne
674 3196 932 3250 centUria:
966 3214 980 3251 :
1010 3196 1116 3252 Res
1145 3199 1221 3269 (ἓ)
1246 3215 1457 3265 omnes,
1490 3218 1825 3273 qurecunque
1846 3216 1991 3271 sunt,
2026 3207 2109 3259 in—

545 3286 843 3356 telligentia
871 3289 1023 3351 prius
1048 3301 1329 3360 perceptas
1356 3294 1723 3361 nominamus,
1764 3311 1881 3361 quas
1917 3297 1969 3349 iu
1998 3297 2105 3350 sei-

2117 1867 2163 1926 Β

2189 639 2243 684 at
2266 629 2408 683 Deus
2439 644 2544 683 non
2570 628 2822 697 cognitus
2856 629 3186 690 nominatur,
3216 624 3345 694 quin
3396 624 3571 690 potius
3596 638 3664 676 et
3689 622 3770 676 iis

2189 731 2395 776 tantum
2424 736 2543 791 qua:
2575 720 2929 788 intelligentia
2954 717 3345 786 percipiuntur,
3368 715 3609 768 creditur
3666 728 3767 767 es-

2187 830 2245 869 se
2269 832 2282 879 ;
2308 814 2662 883 quamobrem
2678 812 3010 864 nihileorum
3038 824 3156 877 que
3207 808 3598 875 intelliguntur,
3629 820 3769 858 eum

2187 922 2255 962 eo
2286 922 2610 977 quacunque
2632 920 2692 959 es
2722 914 2873 973 parte
2904 903 3213 957 confertur.
3245 900 3389 952 Idem
3420 902 3610 951 iterum
3671 913 3768 950 se-

2188 1000 2362 1058 Cundo
2393 1000 2585 1066 capite,
2612 997 2860 1051 secunda:
2880 995 3134 1051 centuria:
3155 1012 3168 1047 :
3188 992 3376 1047 Omnis
3408 990 3767 1057 intelligrntia

2188 1105 2273 1149 est
2323 1091 2769 1160 intelligentiam,
2822 1097 2875 1142 et
2922 1102 3109 1141 eorum
3160 1101 3279 1153 tltlﬂ‘.
3335 1084 3761 1150 intelliguntur;

2187 1185 2329 1239 Deus
2351 1195 2527 1238 autem
2564 1196 2661 1236 nec
2689 1195 2830 1235 unus
2854 1177 3266 1245 intelligentium
3288 1185 3392 1241 est,
3416 1190 3519 1229 nec
3551 1173 3761 1241 aliquid

2187 1294 2373 1333 eorum
2397 1291 2516 1345 quae
2546 1273 2922 1340 intelliguntur
2955 1288 2968 1334 ;
3002 1276 3083 1321 est
3116 1268 3269 1320 enim
3307 1282 3471 1335 supra
3520 1266 3654 1317 ista:
3682 1265 3763 1317 si-

2188 1371 2403 1441 quidem
2428 1370 2897 1426 circumscribitur
2915 1372 3003 1441 qui
3040 1371 3308 1440 intelligit,
3367 1381 3623 1439 tanquam
3674 1369 3764 1422 in-

2193 1468 2385 1537 digens
2418 1465 2735 1518 habitudine
2767 1464 2844 1517 rei
2880 1479 3044 1531 quam
3079 1464 3323 1531 intelligit
3363 1482 3375 1529 ;
3407 1473 3493 1516 aut
3533 1475 3766 1515 na'ura-

2191 1553 2309 1605 liter
2336 1551 2621 1617 subjicitur
2651 1551 2991 1620 intelligenti,
3020 1553 3111 1621 qui
3144 1563 3362 1622 propter
3391 1552 3764 1604 habitudinem

2190 1645 2528 1712 intelligitur.
2549 1644 2895 1710 Relinquitur
2915 1644 3075 1711 igitur
3096 1653 3148 1698 ut
3176 1643 3567 1701 existimemus.
3592 1641 3765 1696 Deum

2192 1738 2626 1804 necinielligere,
2665 1750 2762 1790 nec
2804 1735 3049 1805 intelligi,
3074 1736 3166 1789 sed
3195 1735 3373 1802 potius
3398 1750 3558 1802 supra
3596 1749 3767 1803 quam

2192 1824 2340 1883 intell
2371 1843 2515 1898 gere,
2568 1838 2623 1883 et
2664 1842 2826 1895 supra
2860 1840 3019 1895 quam
3068 1825 3312 1894 intelligi.
3374 1825 3437 1879 Et
3481 1824 3767 1893 theologia!

2190 1920 2593 1973 scientissimus
2622 1916 2910 1989 Dionysius
2950 1918 3021 1987 (c)
3047 1934 3061 1969 :
3086 1915 3237 1971 Sicut
3264 1918 3408 1971 enim
3432 1916 3530 1988 (3),
3565 1915 3772 1985 inquit,

2194 2031 2255 2069 ca
2281 2030 2399 2084 qua:
2427 2015 2528 2069 sub
2564 2014 2968 2083 intelligentiam
2999 2013 3222 2073 cadunt,
3255 2026 3350 2080 per
3399 2026 3459 2064 ea
3493 2024 3612 2077 qua:
3666 2006 3777 2060 sub

2195 2120 2439 2167 sensum,
2464 2106 2821 2173 intelligentia
2846 2105 3306 2173 comprehendere
3335 2110 3390 2155 et
3414 2098 3777 2167 comtempla—

2199 2199 2242 2252 ri
2280 2215 2385 2252 non
2407 2214 2731 2267 possumus,
2760 2212 2934 2264 neque
2967 2212 3060 2259 per
3088 2211 3151 2249 ea
3181 2210 3302 2262 quie
3327 2193 3469 2262 typis
3490 2198 3543 2243 et
3591 2188 3771 2256 signis

2199 2289 2582 2352 informantur,
2611 2304 2672 2341 ea
2701 2303 2818 2356 qua:
2842 2285 3107 2354 simplicia
3133 2294 3281 2343 sunt,
3311 2292 3363 2336 et
3402 2282 3541 2353 typis
3573 2296 3679 2332 non
3698 2278 3779 2332 si-

2200 2388 2459 2450 gnantur,
2494 2395 2668 2449 neq-te
2695 2395 2788 2447 per
2827 2380 3021 2447 liguras
3044 2390 3356 2444 corporum,
3423 2374 3775 2439 incorporea,

2200 2488 2321 2541 qn.e
2354 2488 2528 2541 neque
2558 2485 2776 2524 sensum
2809 2477 2986 2523 tactus
3016 2468 3218 2527 Subire,
3248 2480 3419 2532 neque
3445 2465 3671 2531 llguram
3719 2467 3783 2513 ct

2204 2562 2433 2616 fortnam
2456 2577 2650 2630 cupere
2690 2569 2917 2630 possunt
2952 2560 3073 2624 ;sic
3098 2557 3285 2612 eadem
3325 2552 3535 2609 ratione
3570 2550 3779 2604 verita-

2206 2655 2274 2708 tis
2305 2669 2466 2723 supra
2504 2653 2836 2706 substantias
2869 2660 2956 2704 est
2989 2650 3078 2703 illa
3112 2663 3273 2715 supra
3305 2643 3665 2700 substantiam
3692 2641 3784 2692 in-

2204 2744 2384 2798 ﬁnitas
2421 2760 2434 2806 ;
2469 2752 2520 2795 et
2549 2756 2712 2807 supra
2740 2748 2945 2793 mentes
2980 2739 3068 2793 illa
3102 2753 3263 2805 supra
3294 2743 3529 2788 mentem
3592 2735 3781 2787 unitas

2206 2847 2260 2892 et
2282 2836 2534 2891 omnibus
2559 2833 3065 2889 ratiocinationibus
3081 2830 3430 2884 inscruiabile
3452 2828 3582 2880 illud
3610 2838 3782 2893 supra

2206 2930 2677 2985 ratiocinationem
2710 2943 2876 2980 unum
2908 2944 2921 2992 ;
2954 2923 3100 2979 omni
3129 2924 3293 2977 verbo
3342 2921 3614 2989 iuell'abile
3641 2916 3784 2971 illud

2208 3035 2370 3089 supra
2401 3020 2647 3084 verbum,
2678 3018 2901 3081 bonum,
2938 3016 3122 3070 unitas
3152 3013 3389 3069 clienti-ix
3420 3013 3497 3079 (Η
3555 3010 3783 3064 univer-

2210 3127 2283 3166 sie
2314 3111 2537 3164 unitatis
2575 3129 2589 3175 ;
2624 3119 2676 3162 et
2707 3107 3009 3163 substantia
3040 3122 3201 3176 supra
3236 3105 3600 3160 substantiam
3641 3143 3656 3167 ,
3685 3116 3784 3156 va-

2214 3217 2343 3257 cans
2364 3202 2572 3255 ratione
2601 3200 2703 3270 (5),
2728 3198 3097 3268 intelligentia,
3119 3199 3338 3252 nomine
3364 3216 3377 3262 ;
3406 3206 3460 3251 et
3489 3210 3637 3249 mens
3673 3209 3785 3250 non

2218 3291 2421 3349 cadens
2451 3291 2553 3347 sub
2582 3290 3013 3360 intelligentiam,
3046 3290 3182 3344 ratio
3208 3304 3314 3343 non
3342 3286 3597 3353 eﬂ'abilis,
3654 3286 3788 3356 quia

2007 3410 2285 3475 Schoﬁa.

623 3517 692 3579 ll)
729 3515 1139 3585 Repra'sentaiio
1169 3523 1505 3578 naturalisin
1527 3534 1703 3579 mente
1729 3522 1841 3576 sive
1866 3524 2113 3578 intellec‘
2145 3518 2185 3575 C
2221 3526 2688 3593 circumscriptus,
2735 3526 2827 3580 sed
2877 3523 3144 3578 inﬁnitate
3177 3537 3274 3593 sua
3310 3522 3379 3574 ab
3417 3520 3672 3593 omnibus
3698 3535 3790 3575 so-

551 3598 608 3644 ῑ¹¹
640 3596 724 3661 "5"
755 3602 1075 3661 quOl'llllll
1106 3601 1159 3646 et
1194 3594 1519 3661 principium
1567 3594 1712 3649 ducit
1737 3611 1801 3647 ex
1857 3597 2117 3661 phantas-

554 3658 789 3732 matibns
816 3660 887 3732 rei
914 3662 1015 3712 sub
1035 3658 1253 3718 scnsuvm
1317 3658 1603 3723 cadentis;
1634 3681 1756 3717 cum
1814 3658 1919 3732 qua
1976 3662 2117 3715 Deus

552 3728 702 3801 nul'o
720 3731 878 3784 modo
893 3742 1067 3796 potest
1080 3747 1268 3801 compa
1279 3737 1406 3800 rari,
1428 3743 1488 3788 ut
1503 3736 1807 3788 intellectus
1825 3728 2119 3787 conversus

555 3801 619 3852 a.l
655 3798 1028 3874 phantasmata
1054 3798 1222 3868 possit
1247 3798 1427 3874 aliquo
1447 3806 1605 3856 modo
1644 3807 1809 3858 Deum
1828 3817 2123 3871 cognosce-

555 3883 633 3930 re,
650 3871 793 3943 sicut
825 3882 997 3939 potest
1024 3875 1158 3929 alias
1181 3871 1515 3929 substantias
1537 3875 1734 3943 alioqui
1754 3877 2118 3942 incerporeas.

618 3940 693 4013 (ἓν)
730 3938 919 3994 Omnia
960 3959 1075 4009 quae
1125 3946 1511 4013 intelliguntur,
1559 3938 1759 3999 habent
1785 3945 1838 3997 in
1886 3938 1945 3995 se
1972 3957 2121 4010 prin-

556 4009 761 4074 cipium
791 4013 1141 4080 cognitionis,
1166 4009 1314 4083 quia'
1343 4014 1426 4069 vel
1483 4014 1688 4068 suntin
1748 4009 2121 4072 sensibilibus,

558 4085 1370 4151 qunramgsuntphantasmata,
1428 4083 1678 4150 aquibus
1734 4083 2127 4139 abstrahuutur

558 4152 781 4221 ,Slltittlesi
802 4149 1185 4219 intelligibilcs,
1212 4154 1411 4221 quibus
1442 4149 1749 4207 intellectus
1798 4152 2126 4206 informatus

558 4219 840 4290 intelligit;
867 4230 1102 4275 autsuut
1125 4219 1465 4290 incorporea,
1494 4236 1615 4289 quae
1641 4223 1691 4273 in
1720 4238 1776 4277 se
1792 4221 1993 4277 habent
2019 4236 2127 4272 un-

560 4287 628 4338 de
650 4300 1028 4350 comparentur
1045 4304 1168 4359 cum
1202 4287 1572 4351 sensibilibus,
1601 4292 1664 4342 ad
1697 4306 1927 4359 quorum
1953 4290 2125 4357 phan-

562 4365 815 4428 lasmata,
847 4373 968 4424 quae
988 4369 1115 4413 sunt
1146 4358 1407 4428 imagines
1431 4369 1484 4411 et
1510 4358 1891 4413 similitudines
1913 4374 2124 4423 eorum,

562 4428 627 4478 al
658 4427 869 4479 animos
898 4429 1294 4493 pervenientes,
1321 4444 1378 4481 se
1405 4429 1673 4482 convertit
1704 4429 2035 4492 intellectus,
2070 4438 2131 4483 ut

564 4494 768 4561 aliquid
800 4494 864 4546 de
891 4497 1224 4563 iucorporeis
1258 4497 1540 4564 intelligat.
1564 4498 1703 4552 Sunt
1732 4508 1909 4551 autem
1936 4498 2131 4552 simili-

518 4596 521 4597 ν
562 4573 620 4617 tn
645 4564 779 4619 lines
809 4567 1067 4635 principia
1098 4567 1363 4624 sentiendi
1386 4568 1458 4623 eti
1482 4568 1813 4634 intelligendi,
1837 4577 1895 4621 ut
1921 4570 2135 4623 aitsan-

564 4648 684 4689 c'us
706 4635 942 4708 Thomas
972 4652 1023 4707 p.
1059 4654 1152 4708 tq.
1186 4638 1281 4702 84,
1304 4647 1406 4692 art.
1430 4640 1485 4693 5.
1504 4640 1646 4692 Deus
1678 4647 1861 4692 autem
1893 4652 1998 4691 non
2041 4653 2137 4707 po-

567 4713 670 4758 test
696 4705 773 4759 sic
801 4724 922 4761 cum
958 4705 1206 4765 creatura
1241 4710 1482 4764 sensibili
1513 4709 1842 4776 comparari,
1864 4710 2006 4761 unde
2029 4705 2133 4762 non

566 4777 645 4830 sic
670 4776 1003 4848 intelligitur,
1037 4781 1129 4834 sed
1156 4789 1413 4848 tanquam
1445 4794 1607 4834 causa
1638 4789 1691 4831 et
1712 4793 1805 4846 per
1831 4792 2112 4833 excessum

567 4858 627 4901 ut
661 4848 733 4900 ait
763 4847 818 4902 S.
855 4847 1052 4902 Thom.
1082 4852 1201 4905 ead.
1236 4847 1291 4914 η.
1320 4848 1411 4912 84,
1451 4859 1555 4903 art.
1595 4850 1645 4902 7.

637 4916 715 4985 (5)
743 4916 895 4971 Sicut
920 4920 1078 4975 enim.
1116 4919 1687 4986 Docet'liicqttomodo
1719 4915 1863 4972 Deus
1889 4931 1993 4970 non
2008 4932 2134 4986 pos-

568 4986 640 5039 sit
667 4988 1014 5051 iutelligentia
1045 4991 1433 5057 comprehendi
1465 5008 1479 5055 ;
1513 4992 1712 5041 etenim
1735 4989 1781 5041 si
1815 5002 1935 5056 qua:
1956 4988 2133 5042 iocor-

572 5058 1092 5129 poreaisubstantiin
1114 5067 1264 5129 sunt,
1293 5069 1347 5114 et
1368 5059 1661 5129 siitiplicus,
1690 5067 1742 5110 et
1791 5058 2132 5129 intellectiles

570 5135 625 5194 et
673 5126 858 5199 unitas,
911 5128 1236 5199 nonlsolum
1289 5145 1395 5182 nou
1459 5126 1829 5199 subjiciuntur
1858 5127 2130 5199 sensibus,

574 5205 633 5249 ut
675 5196 849 5262 angeli
881 5207 933 5248 et
960 5197 1192 5253 animas.
1230 5208 1288 5251 ut
1314 5214 1409 5266 per
1447 5213 1543 5252 eos
1562 5196 1830 5265 cognosci
1874 5197 2125 5263 possint,

571 5266 665 5321 sed
703 5272 878 5333 neque
921 5280 1014 5333 per
1038 5266 1257 5320 sensilia
1284 5265 1406 5334 quae
1441 5267 1715 5321 interioris
1740 5265 1947 5320 ordinis
1977 5275 2128 5329 sunt.

573 5335 882 5401 cognitione
906 5350 1000 5390 eas
1030 5336 1511 5402 comprehendere.
1568 5351 1665 5389 nec
1710 5349 1897 5389 earum
1942 5351 2132 5389 essen-

575 5408 704 5459 tiam
758 5417 1005 5474 spectare
1058 5420 1388 5470 possumus;
1435 5414 1645 5474 quanto
1699 5406 1868 5468 inagis
1918 5407 2134 5459 excellit

576 5475 718 5531 Deus
753 5491 945 5529 sensus
972 5485 1023 5529 et
1052 5475 1295 5539 sensilia,
1323 5475 1417 5543 qui
1440 5491 1546 5529 non
1581 5484 1659 5528 est
1688 5474 2011 5537 substantia,
2044 5475 2136 5529 sed

575 5563 736 5613 supra
763 5548 1144 5607 substantiam;
1184 5560 1355 5611 neque
1376 5546 1624 5612 simplex,
1655 5544 1751 5598 sed
1780 5559 1943 5612 supra
1969 5558 2129 5610 quam

577 5620 839 5683 simplex;
882 5633 1056 5686 neque
1092 5615 1421 5686 intellectus,
1457 5614 1548 5667 sed
1581 5628 1740 5683 supra
1778 5613 2129 5686 intellectum;

579 5700 677 5739 net'
719 5690 920 5749 unitas,
967 5683 1061 5741 sed
1092 5700 1261 5755 supra
1293 5684 1594 5749 unitatem;
1627 5698 1725 5739 nec
1758 5683 1869 5738 ullo
1900 5683 2132 5737 termino

653 5808 729 5867 (α)
759 5805 1011 5856 (lciituria
1044 5818 1058 5856 |
1093 5815 1213 5870 cap.
1243 5800 1295 5853 1.

657 5875 731 5945 (1))
764 5875 1018 5930 Centurio
1049 5875 1102 5939 l,
1132 5889 1247 5940 cap.
1273 5874 1323 5931 3.

636 6115 659 6135 \

2220 3595 2365 3652 Intus
2394 3613 2408 3649 :
2435 3596 2527 3665 qui
2546 3591 2615 3648 ut
2644 3596 2697 3649 in
2729 3611 2788 3649 se
2810 3603 2914 3649 est.
2943 3609 3119 3661 neque
3150 3592 3364 3665 ratione
3389 3591 3665 3665 vestigari,
3691 3606 3792 3665 nec

2221 3659 2467 3734 intelligi,
2500 3680 2677 3732 neque
2707 3665 2977 3734 nominari
3015 3659 3208 3731 potest.
3246 3661 3397 3734 _Cum'
3425 3659 3591 3734 igitur
3633 3662 3793 3734 audis

2221 3735 2274 3790 in
2307 3729 2602 3801 Scriptura
2621 3734 2850 3788 formam
2885 3731 2998 3794 Dei,
3018 3729 3082 3785 et
3113 3731 3346 3801 speciem
3378 3739 3429 3782 et
3463 3729 3679 3792 faciem,
3709 3732 3795 3785 in-

2223 3808 2405 3875 tellige
2434 3800 2533 3879 per
2560 3818 2883 3879 anagogen;
2926 3802 2981 3855 id
3042 3811 3145 3865 est,
3201 3800 3412 3853 clerare
3469 3814 3631 3879 supra
3667 3812 3793 3852 cor-

2224 3892 2378 3946 pora,
2421 3885 2485 3946 ut
2509 3875 2883 3946 Deo_ilignum
2916 3881 3003 3946 est
3028 3888 3040 3923 :
3063 3885 3200 3946 _cutu
3233 3884 3361 3946 vero
3391 3875 3652 3946 uui_‘atei_n
3688 3887 3789 3922 an-

2224 3938 2328 4010 ilis,
2364 3938 2433 4000 ne
2475 3938 2743 4011 intelligas
2774 3944 2928 4012 quasi
2966 3941 3109 4012 varia
3159 3939 3405 4005 quazdain
3436 3938 3501 3989 ad
3537 3940 3788 4012 unionem

2226 4008 2588 4076 concurrant;
2623 4008 2730 4066 non
2769 4008 2911 4065 enim
2958 4010 3025 4063 de
3062 4011 3143 4063 his
3178 4022 3320 4061 nunc
3350 4021 3527 4060 sermo
3561 4008 3617 4059 tit
3644 4048 3657 4067 ,
3693 4010 3789 4063 sed

2228 4089 2295 4143 de
2325 4088 2452 4145 Deo,
2485 4083 2577 4149 qui
2611 4097 2711 4135 nec
2741 4091 2825 4135 est
2855 4082 3179 4150 principium
3212 4091 3584 4150 numerorum.
3614 4092 3791 4150 neque

2227 4144 2585 4225 compoSitus,
2607 4152 2701 4209 sed
2724 4144 2887 4220 supra
2916 4144 3192 4219 simplices
3221 4144 3548 4201 substantias
3573 4144 3786 4209 unitos.

2230 4227 2429 4282 unitas.

2302 4296 2379 4367 (4)
2420 4293 2674 4367 Eﬂ'eciria:
2705 4291 2941 4367 unitatis.
2974 4288 3264 4359 Postquam
3311 4301 3372 4341 ea
3422 4299 3543 4367 quae
3581 4284 3642 4339 de
3677 4284 3789 4367 Deo

2231 4357 2445 4425 suntex
2467 4357 2726 4415 omnibus
2747 4377 2866 4426 quae
2890 4364 2941 4414 in
2970 4357 3148 4413 rerum
3178 4368 3368 4411 natura
3397 4363 3541 4416 sunt,
3567 4357 3788 4420 exciuit,

2231 4436 2486 4505 deinceps
2510 4444 2754 4505 sequens
2777 4432 2973 4492 lingua:
3003 4441 3204 4505 nostra:
3233 4427 3463 4505 modum
3486 4426 3788 4505 (Itllnnettiltl

2234 4518 2397 4572 supra
2424 4494 2759 4573 hunc-“ferri
2813 4501 3125 4573 possumus)
3178 4513 3243 4553 ex
3297 4495 3405 4573 illis
3452 4494 3583 4560 ipsis
3626 4494 3790 4550 Deum

2234 4569 2434 4631 laudat.
2463 4586 2493 4624 e
2523 4571 2723 4637 quibus
2753 4585 2876 4622 eum
2922 4569 3159 4632 exemit;
3205 4574 3259 4620 et
3302 4569 3564 4637 un'tat‘cni
3599 4575 3796 4637 vocat.

2234 4644 2328 4701 sed
2357 4632 2684 4716 etTectricem
2744 4640 3036 4716 imitatum,
3094 4637 3146 4692 id
3173 4645 3275 4716 est,
3306 4632 3636 4716 simplicium
3671 4635 3795 4688 sub-

2234 4711 2563 4770 stantiarum
2593 4751 2607 4772 ,
2644 4718 2703 4763 ut
2735 4712 3043 4777 angelorum
3084 4720 3139 4763 et
3178 4711 3481 4758 animarum
3506 4720 3533 4777 r;‘
3561 4715 3616 4757 et
3650 4721 3797 4758 nien-

2240 4796 2344 4839 tem
2374 4796 2480 4835 non
2515 4772 2902 4844 intellectilem,
2934 4781 2984 4833 id
3036 4785 3142 4841 est,
3176 4790 3315 4841 quae,
3348 4788 3376 4826 a
3425 4772 3568 4823 nulla
3596 4786 3797 4844 mente

2168 4850 2212 4907 D
2243 4848 2583 4918 intelligitur.
2615 4848 2671 4902 Si
2707 4849 2852 4901 enim
2891 4848 3069 4919 simile
3099 4862 3128 4900 a
3161 4844 3320 4919 simili
3352 4843 3717 4907 coenoseitur,
3751 4846 3793 4898 si

2235 4938 2386 4977 mens
2415 4916 2582 4980 esset,
2613 4927 2887 4989 oporteret
2914 4928 2971 4971 ut
2995 4916 3794 4989 a_nieutibus_cog_npsceretur,

2233 5004 2284 5045 at
2316 4992 2442 5061 quis
2473 4981 2729 5054 cognorit
2759 4996 2995 5040 mentem
3037 4982 3291 5038 Domini?
3321 4982 3410 5033 Est
3446 4981 3611 5047 igitur
3644 4997 3796 5061 mens

2234 5050 2396 5130 supra
2448 5050 2705 5130 mentem.
2752 5068 2806 5110 et
2859 5073 3056 5111 nomen
3084 5069 3260 5130 supra
3277 5066 3436 5130 omne
3466 5065 3660 5127 nomen
3693 5069 3704 5103 :
3735 5050 3797 5103 Et

2234 5120 2451 5191 noinen,
2488 5125 2684 5193 inquit,
2730 5141 2909 5180 meum
2942 5141 3047 5178 non
3088 5120 3426 5193 inantfestavi
3455 5120 3561 5181 eis;
3603 5136 3799 5187 quain-

2233 5202 2417 5253 ohreni
2439 5189 2704 5250 omnibus
2730 5204 2812 5250 cst
2843 5196 2961 5250 sine
2993 5196 3231 5254 nomine,
3261 5189 3369 5243 imo
3403 5202 3500 5239 nec
3525 5206 3623 5243 eus
3662 5200 3740 5242 est
3781 5206 3797 5244 :

2233 5272 2432 5323 etenim
2465 5267 2510 5320 si
2541 5281 2605 5319 ea
2629 5279 2747 5333 quae
2777 5278 2921 5328 sunt,
2953 5281 3018 5319 et
3046 5263 3215 5318 nihilo
3245 5266 3417 5317 creat.
3453 5271 3559 5310 non
3587 5269 3677 5333 est
3697 5260 3799 5333 igi-_-

2238 5347 2326 5393 tur
2358 5352 2422 5389 ex
2453 5336 2519 5390 iis
2545 5327 2669 5404 quae
2706 5347 2865 5395 sunt,
2900 5327 2991 5388 Sed
3022 5348 3184 5404 supra
3216 5344 3280 5404 ea
3305 5341 3427 5397 qua:
3456 5336 3621 5404 sunt,
3643 5327 3796 5393 Quod

2240 5409 2282 5463 si
2314 5408 2482 5461 dicit:
2512 5398 2623 5474 Ego
2657 5419 2778 5478 sum
2804 5407 2896 5473 qui
2925 5421 3054 5478 sunt
3084 5398 3278 5478 (Exod.
3308 5402 3413 5478 iii),
3456 5398 3714 5478 intelligo,
3744 5406 3802 5478 ut

2242 5479 2415 5539 decet,
2450 5471 2801 5529 esse'sciticet
2823 5471 2949 5529 stne
2978 5472 3265 5545 principio,
3297 5476 3349 5545 et
3373 5471 3489 5545 sine
3514 5471 3638 5533 line;
3671 5471 3799 5545 quin

2237 5535 2841 5599 etiainiiiscrutabilem
2868 5583 2883 5605 .
2933 5535 2990 5598 et
3024 5535 3278 5596 similiter
3314 5537 3366 5589 in
3393 5535 3514 5594 aliis
3541 5553 3656 5607 qua:
3692 5538 3800 5591 Deo

2239 5625 2431 5669 natura
2458 5623 2808 5667 conveniunt.
3442 5635 3452 5646 -

2312 5683 2386 5755 (5)
2434 5682 2641 5737 Vacuus
2695 5684 2901 5738 ratione
2948 5680 3320 5752 intelligentia.
3369 5684 3520 5747 Sicut
3577 5676 3806 5748 Dionys.

2319 5796 2386 5867 (ε)
2418 5799 2550 5870 (inp.
2586 5798 2690 5853 ide
2713 5797 2909 5853 divitiis
2943 5795 3260 5852 no.itini'b:is.
