4078 6274
284 306 389 367 ’769

1025 303 1260 364 ὉΕΕᾺΞ
1300 303 1380 362 ΙΙ.
1426 323 1486 337 -·
1536 303 1634 362 DE
1673 300 1862 361 TI'IEC

1967 298 2115 358 lGIA
2156 295 2824 360 DEMONSTRATWA.
3424 293 3532 354 ΤΟ

277 417 491 473 nullius
522 419 595 469 rei
629 413 1036 470 similitudinem
1058 415 1238 474 habet,
1267 425 1320 465 et
1351 429 1514 466 causa
1538 425 1616 471 est
1652 430 1683 465 ιι
1731 429 1850 464 om-
1879 419 1923 473 Α
1953 414 2142 465 ordine
2181 426 2277 479 pro
2323 411 2530 466 viribus
2579 412 2931 466 ascendimus
2968 407 3020 461 in
3058 407 3333 463 ablatione
3367 411 3442 478 (2i
3477 417 3535 463 ct

281 510 373 563 nia
409 508 536 564 sint.
571 506 686 574 ipse
723 521 848 556 vero
884 519 990 556 non
1019 513 1122 564 est,
1161 503 1338 570 utqui
1377 503 1449 557 sit
1478 513 1632 556 extra
1661 503 1846 554 omnia

280 617 405 670 qua:
435 610 582 660 sunt,
618 609 670 651 et
693 607 750 650 ut
790 597 904 663 ipse
942 595 1006 647 de
1044 610 1102 648 se
1125 595 1226 648 sibi
1263 595 1481 663 proprie
1507 603 1560 647 et
1613 594 1851 648 scienter

282 695 476 750 efferre
509 699 704 764 potest.
728 689 805 741 Ex
837 689 920 742 bis
942 687 1132 756 liquet,
1155 688 1298 757 quod
1326 686 1467 740 Deus
1493 701 1592 739 nec
1617 686 1849 739 naturali

283 785 768 853 rrprzescmatione
800 778 1055 847 cognosci
1088 780 1155 830 ab
1188 778 1295 829 ullo
1330 792 1570 844 unquam
1616 777 1792 844 possit
1830 792 1844 828 :

286 877 418 946 fugit
453 873 597 928 enim
635 872 891 925 omnibus
930 870 1104 924 modis
1149 870 1542 939 cognitionem,
1599 868 1845 936 quando,

287 975 382 1021 aut
411 965 686 1036 quomodo
716 963 805 1028 sit,
834 978 936 1016 nec
957 972 1038 1016 est
1069 975 1257 1015 eorum
1292 960 1728 1028 quiintelligurt,
1759 962 1854 1010 aut

287 1074 474 1112 eorum
499 1072 620 1123 qua:
646 1054 1022 1122 intelliguntur
1061 1061 1170 1128 ;est
1204 1053 1346 1104 enim
1373 1050 1704 1104 substantia.
1730 1062 1852 1116 quac

291 1151 592 1216 subjectum
635 1164 756 1202 esse
778 1163 883 1201 non
911 1155 1086 1214 potest
1113 1161 1128 1204 ς
1159 1155 1240 1198 est
1265 1145 1414 1196 notio
1443 1159 1562 1210 qua:
1595 1143 1739 1194 nulla
1769 1155 1856 1193 ra-

295 1245 440 1297 tione
459 1241 764 1309 subjectum
789 1241 969 1291 habet.
998 1239 1051 1290 In
1074 1252 1183 1306 quo
1202 1236 1436 1304 igiturid
1464 1235 1745 1288 fundatum
1762 1249 1856 1286 co-

294 1338 541 1401 gnoscet,
575 1331 721 1398 quod
760 1346 864 1382 non
906 1338 1081 1396 potest
1116 1344 1338 1396 prorsus
1379 1328 1617 1394 recipere
1646 1324 1859 1392 subjec—

294 1431 409 1476 tum
438 1423 502 1476 ad
545 1421 844 1476 notionem?
875 1423 1039 1474 Recte
1072 1420 1236 1488 igitur
1257 1429 1338 1474 est
1397 1417 1735 1473 immensitas
1763 1431 1857 1471 stt-

297 1531 393 1585 pra
430 1515 812 1578 substantiam,
873 1523 929 1566 et
958 1529 1108 1566 mens
1141 1513 1396 1566 omnibus
1443 1508 1860 1578 cogitatimtibns

295 1605 661 1674 incogitabilis
694 1624 706 1669 ;
739 1605 866 1673 quin
913 1605 1088 1672 potius
1123 1619 1275 1656 mens
1334 1618 1441 1656 non
1505 1600 1706 1654 cadens
1759 1598 1860 1652 sub

1953 518 2006 570 in
2059 505 2434 572 superlatione
2479 507 2769 565 omnium,
2809 513 2863 556 et
2913 503 2965 555 in
3019 500 3263 556 omnium
3318 505 3529 556 causa?

1952 595 2244 665 Gregorius
2276 595 2584 665 Theologus
2611 595 2665 648 in
2696 593 2938 649 secunda
2972 593 3222 646 oratione
3245 594 3311 647 de
3339 591 3522 661 Theo-

1953 687 2094 759 logia
2143 706 2159 744 :
2207 688 2319 754 Sic,
2377 689 2579 758 inquit,
2616 689 2704 743 illa
2757 704 2786 742 a
2824 687 2932 743 Deo
2981 687 3221 756 perlecta
3268 688 3433 752 ratio,
3473 696 3529 742 et

1922 781 1927 785 ’
1953 782 2206 836 omnibus
2238 782 2443 846 innata,
2470 797 2532 835 ac
2561 783 2732 850 prima
2765 783 2816 835 in
2845 783 3000 836 nobis
3031 784 3140 845 lex,
3172 789 3224 834 et
3255 796 3376 834 cum
3415 796 3530 835 om-

1956 873 2115 926 nibus
2143 872 2414 939 colligata,
2447 888 2549 926 nos
2573 888 2636 925 ex
2669 873 2734 926 iis
2764 889 2883 942 qum
2914 881 3235 936 cernuntur,
3263 873 3328 927 ad
3358 872 3524 926 Deum

1960 963 2206 1015 adduxit.
2243 962 2320 1014 Ac
2365 976 2560 1016 rursus
2610 962 2750 1016 idem
2787 962 2884 1031 (α),
2921 962 3080 1027 Deus,
3112 963 3310 1031 inquit,
3355 973 3530 1018 mente

1957 1060 2168 1105 tantum
2205 1050 2587 1112 adumbratur,
2641 1061 2694 1104 et
2730 1067 2790 1104 ea
2832 1051 3046 1117 quidem
3103 1053 3255 1104 valde
3301 1053 3531 1108 obscure

1955 1154 2009 1197 et
2049 1142 2276 1204 minute,
2309 1157 2416 1194 non
2444 1157 2511 1195 ex
2541 1143 2605 1196 iis
2640 1158 2760 1211 quae
2795 1142 2848 1196 in
2881 1153 3075 1196 natura
3111 1142 3230 1210 ejus
3263 1153 3412 1209 sunt,
3439 1145 3532 1198 sed

1958 1249 2079 1302 qua:
2117 1249 2240 1287 eum
2273 1235 2654 1298 circumstant,
2690 1235 2798 1288 alia
2826 1250 2893 1288 ex
2925 1236 3031 1288 alio
3063 1236 3409 1304 cogitationis
3453 1237 3532 1289 in-

1962 1325 2292 1380 formatione
2346 1326 2567 1378 eollecta
2622 1327 2673 1378 in
2729 1342 2889 1380 unam
2943 1327 3234 1396 quamdam
3287 1329 3532 1382 veritatis

1962 1416 2274 1484 imaginem.
2317 1416 2426 1470 lloc
2473 1425 2650 1468 autem
2700 1418 2788 1470 a'ii
2842 1427 2963 1486 post
2996 1419 3316 1488 Gregorium
3367 1420 3533 1472 inter-

1961 1511 2176 1578 pri-tati,
2211 1509 2372 1573 Deus,
2405 1509 2677 1578 inquiunt,
2712 1525 2819 1564 non
2858 1526 2922 1564 ex
2959 1511 3024 1564 iis
3055 1527 3174 1574 quae
3199 1513 3251 1564 in
3285 1526 3349 1564 eo
3378 1521 3530 1575 sunt,

1963 1601 2015 1654 id
2051 1612 2152 1666 est,
2189 1617 2253 1656 ex
2288 1603 2587 1656 substantia
2620 1604 2773 1672 ejus,
2807 1605 2898 1658 sed
2931 1622 2992 1658 ex
3047 1606 3112 1658 iis
3157 1620 3278 1672 qua!
3325 1607 3528 1658 circusu

297 1700 728 1768 intelligentiam,
754 1709 805 1752 et
830 1700 965 1752 ratio
1031 1697 1316 1751 ineli‘ahi'is
1361 1704 1444 1748 est
1505 1694 1680 1754 nobis,
1741 1692 1860 1747 sine
1893 1707 1931 1758 Β
1963 1694 2138 1762 ipsum
2173 1705 2318 1756 sunt,
2354 1695 2402 1748 id
2436 1707 2539 1754 est.
2570 1712 2634 1748 ex
2664 1698 2929 1750 creaturis
2956 1698 3278 1762 percipitur.
3317 1699 3375 1748 lit
3409 1711 3534 1750 sau-

297 1790 526 1852 ratione,
561 1791 676 1844 sine
713 1789 1084 1854 intelligentia,
1110 1791 1228 1842 sine
1262 1788 1496 1845 nomine.
1519 1785 1679 1852 idque
1698 1798 1861 1852 prop-

296 1890 379 1936 ter
402 1883 816 1951 superlationem
869 1883 1184 1935 substantia-3
1235 1877 1728 1943 etintelligeutite;
1783 1877 1859 1928 si-

295 1985 392 2027 cut
420 1974 598 2026 lumen
634 1973 902 2027 excellens
931 1978 1098 2026 aciem
1151 1973 1434 2026 oculorum
1487 1969 1719 2024 ellieitur
1759 1983 1860 2021 no-

298 2065 384 2119 bis
411 2067 670 2128 tenehrze,
723 2075 775 2119 ct
797 2080 963 2120 sonus
1000 2065 1126 2118 item
1157 2064 1426 2117 excellens
1457 2075 1675 2115 sensum
1708 2058 1863 2113 audt-

306 2165 416 2223 tus,
453 2158 711 2211 surditas.

907 2243 1134 2300 CAPUT
1169 2242 1279 2299 VU.

300 2357 450 2415 Unde
474 2359 706 2423 tandem,
739 2369 786 2411 et
832 2371 896 2410 ea:
939 2356 1126 2425 quibus
1158 2357 1224 2409 sit
1264 2359 1328 2408 de
1357 2354 1458 2407 Dec
1487 2351 1862 2421 philosophan-

1006 2427 1153 2478 dum.

368 2518 596 2589 Magnus
625 2518 914 2588 Dionysius
939 2532 1057 2585 cap.
1093 2519 1146 2580 7,
1179 2516 1252 2567 De
1293 2515 1486 2568 divinis
1517 2512 1811 2567 nominibus
1841 2525 1859 2564 :

298 2607 600 2669 Prmterea,
652 2608 862 2676 inquit,
912 2599 1262 2675 qumreitdutn
1316 2615 1397 2659 est
1446 2607 1721 2674 quomodo
1767 2618 1862 2674 nos

295 2699 468 2754 Deum
520 2701 938 2768 cognoscimus,
974 2699 1062 2767 qui
1109 2713 1288 2765 neque
1334 2712 1498 2750 sensu
1545 2695 1862 2764 percipitur,

296 2808 401 2847 nec
431 2792 802 2860 intelligentia,
829 2801 884 2844 et
917 2799 973 2845 ut
1006 2790 1255 2844 universe
1286 2790 1481 2851 dicam,
1524 2788 1655 2841 nihil
1689 2797 1768 2840 est
1796 2803 1862 2840 ex

297 2885 371 2940 iis
415 2900 534 2954 qua:
581 2893 729 2938 sunt.
779 2888 859 2936 An
911 2900 1016 2937 non
1054 2885 1230 2952 potius
1266 2897 1388 2935 vere
1438 2882 1669 2946 dicatur,
1717 2883 1860 2949 quod

298 2975 470 3030 Deum
505 2992 612 3030 non
655 2977 1037 3043 cognoscimus
1084 2991 1147 3027 ex
1198 2985 1385 3027 natura
1431 2975 1550 3041 ejus
1600 2974 1674 3041 (id
1717 2975 1860 3026 enim

297 3067 443 3133 quod
477 3075 682 3119 natura;
726 3067 845 3133 ejus
894 3075 992 3128 ρει,
1031 3064 1361 3132 incognitum
1398 3075 1500 3127 est,
1551 3071 1603 3115 et
1649 3077 1866 3115 Omnem
1898 3053 1937 3103 (ἶ

299 3159 567 3212 rationem
619 3172 684 3210 ac
725 3165 960 3209 mentem
999 3157 1264 3223 superat),
1298 3154 1390 3209 sed
1427 3170 1488 3207 ex
1519 3155 1708 3207 ordine
1746 3169 1862 3207 om-

300 3250 455 3303 nium
480 3264 656 3302 rerum
689 3257 942 3315 tanquam
965 3247 1032 3301 ab
1061 3248 1174 3314 ipso
1198 3247 1498 3315 proposito,
1522 3255 1573 3298 et
1595 3245 1865 3316 imagines

300 3341 568 3410 quasdam
617 3355 681 3393 ac
728 3339 1113 3393 similitudines
1165 3337 1556 3404 exemplarium
1608 3337 1725 3406 ejus
1787 3335 1861 3404 (1)

300 3431 612 3484 divinorum
651 3431 703 3482 in
755 3445 812 3483 se
865 3431 1091 3482 habente
1138 3426 1202 3480 ad
1253 3428 1695 3495 cognoscentlunt
1728 3426 1859 3479 illud

297 3539 579 3597 summum
617 3522 924 3587 bonum,et
956 3520 1198 3574 omnium
1225 3519 1486 3572 bonorum
1515 3518 1672 3570 linem
1707 3517 1788 3570 via
1818 3527 1872 3572 et

1967 1795 2084 1839 ctus
2117 1784 2384 1839 Maximus
2420 1786 2471 1838 itt
2509 1786 2869 1856 Tlteologicis:
2903 1790 2972 1840 Ex
3011 1789 3176 1853 nulla,
3214 1790 3407 1856 inquit,
3449 1805 3531 1854 re,

1967 1892 2306 1946 (IIIZECllllque
2333 1880 2424 1940 sit,
2453 1880 2654 1947 percipi
2693 1891 2871 1947 potest
2894 1881 2992 1947 t5),
3017 1883 3116 1935 hoc
3149 1897 3257 1933 uno
3285 1893 3532 1949 excepto,

1968 1968 2110 2036 quod
2152 1984 2244 2036 per
2283 1970 2440 2023 (idem
2491 1972 2867 2039 cognoscitur,
2915 1974 3080 2042 idque
3116 1989 3179 2025 ex
3215 1973 3280 2026 iis
3312 1990 3433 2043 qua:
3469 1977 3536 2024 ah

1969 2061 2085 2128 ipso
2132 2060 2322 2114 elTecta
2372 2050 2530 2127 sunt,
2574 2066 2946 2132 cognoscitur,
2983 2068 3231 2134 inquam,
3268 2070 3410 2134 quod
3445 2069 3536 2131 sit,

1968 2166 2075 2203 non
2107 2151 2236 2218 quid
2278 2152 2366 2204 sit.
2400 2156 2476 2204 Ac
2525 2169 2710 2207 rursus
2761 2156 2900 2208 idem
2933 2157 2985 2209 in
3035 2160 3188 2210 tertia
3237 2160 3477 2212 Centuria
3520 2175 3533 2210 :

1968 2241 2123 2307 Quod
2158 2246 2374 2311 preprie
2402 2252 2505 2308 est,
2536 2262 2598 2299 ex
2632 2263 2697 2300 eo
2732 2249 2876 2315 quod
2914 2265 3022 2303 non
3053 2259 3138 2304 est
3171 2253 3406 2319 proprie,
3447 2267 3535 2304 co-

1969 2333 2251 2401 gnoscitur
2287 2351 2442 2400 esse;
2479 2340 2850 2405 cognoscitur,
2883 2339 3098 2406 inquam
3129 2381 3142 2403 ,
3179 2357 3282 2393 non
3320 2342 3532 2394 habitu-

1969 2426 2098 2490 dine
2125 2425 2326 2494 aliqua,
2360 2442 2468 2494 qua
2502 2429 2566 2481 ad
2606 2429 2732 2481 illud
2759 2429 2900 2498 quod
2931 2447 3037 2502 non
3065 2443 3141 2483 ρει
3189 2434 3423 2499 proprie,
3457 2450 3538 2485 re-

1970 2516 2196 2583 feratur,
2245 2527 2339 2572 aut
2375 2534 2499 2572 cum
2535 2535 2600 2572 eo
2637 2530 3005 2589 comparetur.
3053 2522 3342 2584 Quomodo
3393 2525 3536 2576 enim

1970 2609 2112 2677 quod
2146 2610 2362 2677 pr0prie
2391 2622 2494 2671 est,
2519 2620 2571 2664 et
2606 2621 2662 2663 ut
2695 2613 2938 2664 omnium
2963 2627 3126 2665 causa
3163 2628 3325 2678 supra
3355 2615 3538 2669 omnia

1968 2710 2074 2764 est,
2094 2711 2146 2754 et
2175 2717 2280 2754 non
2309 2703 2685 2769 c0gnoscendo
2716 2703 2869 2766 illud,
2898 2703 3038 2755 sicut
3074 2704 3174 2756 alia
3204 2719 3540 2771 cognosmtn-

1971 2800 2078 2854 tur,
2123 2791 2494 2859 cognoscitur,
2547 2807 2670 2844 cum
2710 2793 2776 2846 iis
2805 2807 2924 2860 quae
2975 2808 3078 2845 non
3125 2802 3252 2846 sunt
3300 2798 3538 2860 proprie.

1973 2881 2115 2936 ullus
2150 2898 2382 2948 unquam
2427 2883 2535 2936 ulla
2570 2899 2633 2935 ex
2667 2893 2820 2951 parte
2855 2885 3134 2937 conferet?
3162 2900 3284 2936 cum
3334 2885 3536 2950 alioqui

1971 2989 2076 3026 non
2112 2975 2385 3043 possimus
2413 2990 2514 3028 nos
2547 2974 2598 3028 id
2647 2977 2790 3044 quod
2840 2987 2918 3028 est
2973 2992 3133 3042 supra
3173 2977 3535 3030 substantiam

1973 3065 2126 3117 aliter
2162 3064 2421 3129 indicare,
2456 3081 2617 3134 quam
2653 3066 2697 3118 si
2729 3081 2792 3118 ex
2829 3065 2895 3118 iis
2923 3080 3042 3129 qua-3
3086 3076 3248 3123 sunt.
3289 3067 3387 3120 hor
3415 3077 3537 3120 tau-

1975 3164 2086 3206 tmn
2124 3156 2189 3208 de
2227 3170 2292 3209 eo
2336 3157 2528 3224 exigue
2575 3157 2898 3217 indicemus,
2941 3158 3187 3224 Videlicet
3238 3159 3378 3224 quod
3434 3170 3538 3212 cet.

1975 3246 2036 3297 Et
2069 3248 2242 3298 adhuc
2291 3248 2431 3300 idem
2486 3248 2537 3299 in
2587 3248 2828 3300 secunda
2881 3249 3125 3300 centuria
3163 3250 3227 3301 de
3270 3250 3539 3302 charitate

1972 3338 2144 3405 cap’te
2172 3338 2431 3390 vicesimo
2462 3338 2719 3405 septimo,
2757 3336 2880 3402 Qui,
2914 3337 3104 3404 inquit,
3139 3338 3203 3390 de
3231 3337 3334 3392 Deo
3366 3340 3542 3405 philo.

1977 3429 2307 3494 soiihaturus
2358 3443 2437 3491 es,
2473 3442 2539 3479 ne
2585 3427 2824 3480 rationes
2871 3426 2939 3479 de
2977 3433 3168 3478 natura
3199 3427 3315 3494 ejus
3361 3428 3538 3481 diSsc-

1983 3517 2134 3571 rendi
2169 3531 2410 3585 quaeras;
2457 3532 2566 3572 non
2615 3517 2757 3570 enim
2813 3517 3050 3570 humana
3099 3532 3252 3572 meus
3299 3519 3542 3572 invenire

1766 3657 2036 3724 Schoba.

300 3801 426 3851 cap.
460 3787 512 3846 7,
551 3783 622 3836 De
659 3783 849 3838 divinis
897 3783 1145 3836 nominib.
1197 3781 1424 3844 Paulum
1464 3783 1734 3848 imitatus,
1777 3801 1866 3840 sa-

301 3855 563 3931 pientiam
601 3855 689 3931 Dei
718 3854 1250 3931 rationeraeantem,
1277 3864 1328 3906 et
1362 3863 1628 3931 amentem
1663 3864 1710 3908 et
1732 3857 1868 3931 stan

303 3923 416 3984 iam
448 3925 680 3987 vocavit,
714 3935 772 3978 ut
802 3925 1173 3977 excellentiam
1196 3923 1315 3990 ejus
1340 3925 1686 3991 signiﬁcaret,
1724 3926 1864 3994 quod

304 4002 381 4054 ita
445 3995 733 4049 antecellat
807 3994 1075 4047 rationem
1147 4004 1432 4056 nostram,
1472 4001 1531 4045 ut
1584 4009 1612 4045 a
1655 3998 1865 4050 ratione

305 4066 481 4123 aliena
509 4064 798 4126 habeatur;
834 4066 904 4114 ita
936 4072 1272 4124 mentem,ut
1302 4065 1536 4114 ann-otia
1568 4067 1862 4119 etstnltitta

302 4146 558 4208 putetur;
599 4133 680 4186 sic
715 4133 816 4208 hoc
868 4132 1006 4193 loco,
1064 4133 1187 4199 quia
1231 4131 1469 4208 cognitio
1499 4132 1602 4208 Dei
1650 4133 1864 4189 inlinito

305 4202 593 4262 intertallo
643 4202 906 4255 rationem
943 4213 1240 4264 creatura},
1275 4212 1330 4253 et
1379 4202 1715 4257 intellectum
1743 4241 1758 4259 .
1811 4217 1864 4257 ct

307 4275 526 4330 nomina
559 4287 678 4339 quae
711 4273 776 4322 de
816 4269 922 4323 I)eo
944 4272 1220 4330 dicuntur,
1240 4281 1482 4338 supr-rat,
1510 4288 1632 4324 cum
1658 4276 1859 4342 atioqni

304 4345 452 4398 Deus
481 4359 545 4395 ex
583 4342 838 4412 omnibus
870 4343 1137 4392 creaturis
1169 4355 1260 4407 per
1294 4343 1557 4412 tationem
1607 4346 1859 4412 vestigari

304 4410 851 4484 pogsjttelrinlciilgi
889 4425 950 4462 ac
985 4412 1286 4484 nominari;
1333 4410 1464 4484 dicit
1511 4421 1689 4484 tamen
1744 4410 1864 4466 osse

303 4479 430 4540 cum
463 4483 704 4546 ἀλογίαν,
726 4488 778 4532 et
809 4479 1066 4547 ὰνοησίαν
1098 4491 1148 4532 et
1169 4481 1497 4548 ἁνωνυμίαν,
1533 4481 1582 4532 id
1614 4494 1717 4545 est,
1747 4484 1866 4536 ἄ).οο

308 4572 429 4622 γον,
469 4551 630 4605 ἄνουν
657 4559 710 4602 et
739 4551 1040 4616 ἀνώνυμον,
1074 4550 1171 4601 hoc
1194 4559 1295 4612 est,
1322 4553 1554 4612 ratione,
1586 4565 1781 4619 mente,
1814 4562 1868 4606 et

305 4628 528 4678 nomine
554 4629 858 4674 Vacantetn.

383 4756 460 4826 (1)
498 4749 1046 4826 Imagines‘quasdum
1091 4761 1136 4802 et
1189 4752 1561 4826 similitudines
1609 4757 1873 4822 exernpla-

305 4822 448 4884 riunt
495 4827 548 4877 in
599 4822 650 4876 se
685 4822 921 4873 habente.
956 4823 1304 4889 Qttmeunque
1342 4834 1487 4886 sum,
1527 4825 1575 4874 id
1609 4835 1712 4888 est,
1747 4842 1873 4891 spe-

306 4903 419 4953 cics
440 4905 492 4947 et
512 4897 735 4962 singulm.
763 4906 1047 4952 creatum,
1083 4900 1140 4941 ut
1172 4891 1390 4944 ordines
1427 4893 1780 4959 angelorum,
1818 4903 1872 4945 et

308 4966 493 5022 omnia
544 4965 762 5017 sensilia
787 4999 799 5022 ,
833 4962 1096 5027 imagines
1127 4970 1252 5012 sunt
1287 4969 1338 5012 et
1373 4962 1758 5015 similitudines
1790 4966 1874 5014 ui-

308 5040 558 5092 vittarum
591 5035 851 5093 idcarum,
881 5033 933 5084 id
959 5041 1062 5088 est,
1092 5030 1477 5097 exetnplariutu
1509 5048 1626 5097 quae
1657 5043 1782 5084 sunt
1817 5035 1867 5083 ιιι

309 5108 446 5168 Deo,
479 5120 599 5172 qua,
630 5105 848 5167 quidem
887 5099 1213 5164 ext-inplaria
1265 5110 1477 5172 acterna:
1525 5101 1614 5153 Dei
1669 5103 1867 5153 intelli-

261 5231 282 5242 ,
311 5171 504 5246 gentia:
552 5184 712 5234 sunt,
759 5184 851 5237 per
881 5184 1040 5237 quas,
1089 5179 1142 5221 et
1182 5171 1480 5246 secundum
1498 5185 1648 5246 quas
1685 5186 1866 5223 onmta

311 5238 366 5300 in
401 5250 516 5312 ipso
549 5252 738 5304 erant,
770 5254 889 5306 qua:
921 5254 1025 5312 non
1073 5251 1228 5312 erant
1257 5238 1362 5290 alia
1400 5242 1464 5289 ab
1496 5240 1612 5306 ipso
1630 5256 1652 5312 Δ;
1687 5251 1738 5291 ct
1773 5257 1858 5306 pet

309 5305 436 5378 cas,
469 5324 522 5366 et
572 5305 870 5366 secundum
890 5305 997 5378 _ea's
1043 5309 1225 5360 omnia
1258 5324 1374 5378 qua:
1413 5305 1688 5374 produxit,
1721 5305 1862 5363 laeta

311 5376 462 5445 sunt,
493 5386 633 5436 sicut
662 5385 853 5432 beatus
880 5376 1115 5430 Joannes
1148 5378 1199 5429 in
1238 5376 1558 5444 Apocalypsi
1580 5416 1597 5441 ε
1630 5395 1752 5445 cap.
1793 5395 1861 5442 ιν,

310 5457 388 5507 ait
416 5456 619 5506 dixisse
647 5451 767 5503 illos
794 5451 978 5514 Vtgiutt
1012 5456 1239 5514 quatuor
1269 5449 1514 5499 seniores
1547 5462 1561 5499 :
1593 5452 1784 5500 Omnia
1814 5467 1865 5502 ιιι

313 5527 431 5594 ipso
453 5530 627 5585 erant,
657 5531 711 5574 et
733 5528 913 5573 creata
937 5529 1080 5570 sunt.
1115 5521 1184 5570 De
1210 5516 1344 5569 ideis
1367 5517 1567 5569 dictum
1593 5527 1692 5584 est,
1718 5523 1862 5587 (μιυά

384 5705 462 5778 (τι)
492 5708 550 5760 In
581 5705 826 5762 oratione
855 5703 920 5759 de
944 5699 1231 5759 Natiritatc
1260 5701 1478 5757 Christi.

1975 3794 2151 3848 erant;
2178 3785 2244 3839 de
2271 3784 2596 3854 imaginibus
2623 3794 2802 3839 autem
2830 3795 2886 3839 et
2905 3784 3361 3839 similitudinibus
3388 3784 3537 3839 idea-

1972 3869 2092 3908 rutn
2128 3855 2177 3907 id
2199 3864 2298 3920 est,
2335 3857 2744 3922 exemplarium,
2779 3859 2922 3922 quod
2942 3864 3136 3908 creatae
3169 3864 3317 3908 sunt.

2045 3924 2120 3993 (2)
2165 3923 2230 3977 In
2267 3926 2531 3978 ablatione
2561 3935 2608 3976 et
2637 3925 3015 3990 superlatione,
3051 3935 3098 3976 et
3133 3939 3310 3977 causa.
3345 3923 3540 3980 Tribus

1975 3994 2156 4048 modis
2223 3995 2570 4049 ascendimus
2620 3997 2684 4047 ad
2746 3995 3182 4062 cognoscendum
3253 3995 3420 4047 Deum
3474 4013 3537 4049 ex

1971 4067 2267 4126 Creaturis,
2290 4080 2395 4118 uno
2423 4064 2582 4117 modo
2607 4065 2904 4117 auferendo
2925 4065 2974 4116 ei
2998 4074 3259 4132 neganter
3283 4073 3536 4131 tanquam

1959 4143 2076 4187 ‘non
2108 4136 2353 4188 decentia
2384 4149 2722 4201 quaecunque
2749 4143 2927 4187 creata
2956 4145 3275 4196 cernuntur,
3310 4134 3431 4200 quia
3459 4135 3539 4186 ni-

1971 4205 2044 4256 hil
2075 4219 2260 4256 eornm
2286 4202 2451 4256 Deum
2481 4218 2604 4256 es~e
2633 4204 2886 4264 dicimus,
2921 4204 3010 4256 sed
3036 4218 3216 4256 onnna
3251 4219 3532 4270 negamus,

1970 4274 2176 4327 aientes
2203 4289 2217 4326 :
2246 4271 2362 4325 Non
2398 4284 2476 4324 est
2520 4273 2658 4326 Dens
2692 4275 2914 4341 angelus
2941 4311 2955 4334 ,
2989 4288 3164 4340 neque
3205 4273 3407 4334 anima,
3443 4286 3542 4325 nec

1972 4344 2140 4395 ullum
2183 4344 2406 4405 animal,
2435 4355 2526 4395 aut
2579 4343 2758 4405 istud,
2816 4351 2910 4395 aut
2963 4343 2997 4394 il
3027 4345 3092 4395 ud
3121 4383 3134 4405 ,
3178 4342 3542 4411 quodcunque

1971 4413 2072 4474 sit;
2105 4413 2210 4464 alio
2243 4415 2399 4466 moJo
2432 4413 2790 4480 perfectimtes
2819 4421 3226 4477 creaturarum,
3267 4424 3322 4465 ut
3357 4412 3540 4478 vitam,

1976 4483 2316 4549 sapientiam,
2359 4492 2411 4535 ct
2452 4486 2555 4536 alia
2599 4484 2907 4550 hujnsmotli
2938 4523 2952 4545 ,
2993 4484 3318 4535 remouendo
3349 4498 3377 4533 a
3411 4483 3538 4546 Deo,

1976 4553 2101 4618 quia
2138 4552 2404 4617 sapientia
2438 4553 2527 4602 Dei
2559 4566 2772 4604 omnem
2806 4554 3127 4616 sapientiam
3170 4566 3406 4603 creatam
3450 4566 3543 4603 ex-

1976 4623 2162 4681 cellit,
2207 4630 2262 4672 et
2313 4622 2421 4672 vita
2469 4620 2558 4673 Dei
2611 4636 2824 4673 omnem
2862 4631 3043 4681 Vllalll,
3079 4631 3132 4673 et
3176 4620 3538 4688 perfectio..es

1983 4691 2202 4758 reliquae
2243 4690 2479 4757 reliquas
2521 4705 2710 4742 omnes
2755 4691 3116 4757 perfectiones
3167 4703 3538 4741 rreaturarnm

1979 4769 2272 4824 superant;
2312 4760 2470 4812 tertio
2502 4760 2678 4822 modo,
2711 4770 2979 4826 qUateuus
3011 4759 3190 4810 omnia
3221 4770 3350 4809 sunt
3377 4774 3405 4808 a
3433 4761 3539 4810 Deo

1977 4838 2178 4892 creata,
2215 4844 2551 4896 quaecunque
2581 4832 2632 4879 in
2665 4840 2855 4881 natura
2890 4843 3069 4880 rerum
3104 4838 3156 4880 et
3189 4830 3540 4880 universitate

1977 4899 2160 4949 llttlllzii
2197 4908 2341 4949 sunt.

2047 4968 2122 5034 (5)
2157 4965 2270 5018 Non
2306 4979 2485 5034 negat,
2519 4982 2646 5034 qutn
2680 4967 2850 5034 possit
2876 4966 3238 5020 demonstrart
3273 4980 3337 5018 ex
3388 4980 3535 5019 crea~

1975 5039 2113 5088 toris
2147 5038 2233 5087 Dei
2276 5037 2443 5090 Deum
2477 5052 2618 5100 esse,
2656 5039 2746 5089 sed
2783 5045 2938 5103 negat
2967 5038 3220 5103 cognosci
3261 5051 3421 5102 posse
3452 5052 3540 5089 se-

1972 5107 2208 5158 cundum
2245 5107 2536 5160 essentiam
2593 5120 2658 5159 ex
2698 5105 2922 5167 elici-tis,
2954 5108 3198 5159 meminit
3243 5119 3419 5158 autem
3474 5106 3532 5158 S.

1972 5175 2246 5229 Maximus
2279 5179 2345 5229 de
2380 5177 2688 5245 cognitione
2723 5175 2813 5228 Dei
2863 5190 2929 5228 ex
2979 5178 3103 5237 title,
3133 5183 3277 5243 quod
3321 5178 3390 5227 sit
3419 5215 3433 5240 ,
3483 5184 3536 5226 et

1973 5261 2076 5296 non
2112 5250 2178 5297 de
2207 5248 2514 5314 cognitimte
2544 5247 2772 5298 naturali
2802 5262 2894 5313 per
2923 5247 3440 5299 demonstrationem
3469 5258 3536 5296 ex

1970 5314 2200 5377 eliectis,
2238 5317 2362 5384 quia
2409 5331 2732 5383 cognoscere
2763 5317 2864 5369 hoc
2912 5331 3006 5383 per
3056 5315 3214 5368 fidem
3246 5315 3415 5365 multo
3441 5327 3537 5365 ex-

1964 5386 2256 5438 cellentius
2282 5394 2363 5438 csl
2388 5395 2441 5437 et
2467 5389 2736 5440 valentius
2771 5401 2932 5453 quam
2966 5399 3293 5452 cognoscere
3327 5398 3419 5450 per
3449 5396 3535 5432 ra-

1973 5454 2172 5509 tionem
2225 5457 2523 5508 naturalem
2597 5467 2801 5524 quanto
2847 5457 3196 5524 excellentior
3247 5463 3328 5504 est
3360 5461 3535 5520 gratia

1975 5540 2136 5591 quam
2174 5537 2401 5593 natura;
2441 5528 2571 5581 lides
2601 5523 2831 5580 cuituiex
2864 5537 3035 5595 gratia
3069 5523 3159 5574 νει
3191 5530 3296 5574 est.
