4078 6274
578 305 682 368 ’ΠΙ

1736 305 2069 367 JOANNIS
2119 306 2682 369 CYPARISSIOTJ‘]

3736 309 3850 371 772

580 416 802 487 poterit,
832 417 943 472 imo
971 432 1068 473 nec
1094 417 1201 472 ulla
1233 417 1477 472 cmlcstis
1506 412 1660 473 nte-ns
1693 430 1815 486 pnsl
1849 420 2041 484 Deum,
2067 422 2161 473 sed
2192 428 2231 477 Α
2264 422 2391 474 licet
2428 423 2664 491 Moyses,
2695 431 2748 476 et
2782 421 2918 477 deus
2946 421 3253 477 Pharaonis
3289 422 3364 483 ¹⁷;
3404 422 3524 477 licet
3565 435 3740 491 usque
3774 422 3847 476 ad

577 512 823 566 rationes
848 510 1155 564 disserendi
1189 509 1257 561 de
1285 510 1350 562 iis
1379 524 1502 578 quae
1527 525 1646 564 eam
1683 511 2068 575 circumstant,
2098 523 2155 566 ut

578 603 649 657 de
697 606 1077 672 perpetuitate,
1131 602 1198 656 de
1246 603 1613 658 immensitate
1659 613 1715 657 et
1763 605 2056 670 intinitate,
2089 604 2158 659 de

578 695 846 753 bonitate.
881 693 1151 762 potentia,
1199 695 1465 762 sapientia
1511 695 1755 757 creandi,
1791 694 2110 765 providendi
2139 733 2154 757 ,

573 784 886 855 jndicandi;
945 772 1034 838 hic
1085 785 1229 838 enim
1280 794 1364 840 est
1409 800 1643 855 magnus
1695 787 1836 854 apud
1900 785 2150 839 homines

578 878 863 945 theologus
892 916 907 939 ,
937 879 1031 944 qui
1068 877 1308 932 rationes
1346 878 1413 933 de
1444 879 1529 934 his
1558 879 1765 948 aliquas
1795 878 1901 932 etsi
1932 878 2150 931 exiliter

575 968 909 1023 adimeniat.
938 969 1005 1023 Et
1035 970 1089 1022 in
1141 972 1384 1024 centuria
1423 971 1606 1036 tertia,
1655 971 1832 1040 capite
1869 978 2151 1038 septuage—

575 1061 717 1113 simo
753 1060 932 1122 primo
975 1078 989 1115 :
1034 1059 1109 1114 Ex
1135 1061 1202 1114 iis
1250 1077 1372 1131 qua:
1420 1071 1584 1127 sunt,
1637 1077 1859 1117 causam
1910 1060 2153 1114 omnium

576 1151 998 1222 cognoscimus;
1026 1165 1078 1206 et
1099 1171 1166 1207 ex
1194 1154 1459 1207 varietate
1489 1169 1672 1207 rerum
1703 1152 2025 1222 sapientiam
2056 1166 2155 1220 per

576 1258 636 1298 se
665 1244 1012 1298 exsistentem
1045 1243 1163 1313 ejus
1193 1246 1284 1313 qui
1316 1245 1533 1313 proprie
1558 1255 1661 1307 est,
1690 1244 1974 1307 docemur,
2000 1250 2054 1295 et
2078 1257 2147 1296 ex

575 1336 811 1389 naturali
837 1347 1071 1389 motione
1103 1351 1309 1396 rerum,
1341 1336 1505 1390 vitam
1534 1336 1777 1405 ejusdem
1812 1350 1912 1404 per
1929 1349 1987 1389 se
2007 1333 2154 1389 exsi-

574 1435 805 1480 stentem
844 1426 1137 1491 discimus;
1179 1427 1287 1479 vim
1336 1428 1459 1481 dico
1490 1427 1652 1480 vitam
1686 1427 2017 1480 tribuentem
2067 1439 2155 1478 re-

573 1518 700 1582 bus,
733 1518 956 1573 scilicet
986 1519 1247 1587 Spiritum
1283 1529 1552 1574 sanctum.
1604 1518 1683 1571 Ex
1712 1519 1795 1573 his
1825 1518 2003 1573 evadit
2040 1531 2156 1572 ma-

584 1612 846 1666 nifestum
893 1611 1148 1682 cognosci
1182 1611 1349 1665 Deum
1379 1627 1443 1665 ex
1476 1611 1542 1665 iis
1572 1613 1750 1666 solum
1799 1626 1920 1678 quae
1949 1610 2153 1665 circum

2262 518 2480 568 tertium
2514 516 2713 568 coelum
2738 557 2753 576 ,
2786 524 2845 567 ut
2896 513 3097 579 Paulus
3143 515 3436 583 pervenias
3461 515 3526 578 ⁸⁸,
3557 524 3611 569 et
3647 517 3847 571 audias

2260 619 2459 658 arcana
2491 607 2687 669 verba;
2739 605 2870 657 licet
2899 618 3066 672 supra
3109 604 3235 658 illos
3271 605 3336 657 ad
3372 614 3575 658 statum
3604 615 3658 659 et
3689 607 3848 658 ordi-

2260 709 2383 748 nem
2416 694 2653 763 aliquem
2691 696 3011 764 angelorum
3042 703 3137 748 aut
3165 694 3618 762 archangelorum
3650 711 3849 750 ascen-

2258 794 2377 838 das.
2408 784 2669 850 Quamvis
2695 783 2839 838 enim
2871 799 3034 838 omne
3064 784 3310 841 cmleste.
3339 793 3392 837 et
3428 784 3633 851 aliquid
3675 799 3844 853 supra

2263 892 2428 946 quam
2475 879 2743 940 rmleste,
2797 877 2966 930 nullo
3010 877 3398 945 excellentioge
3434 887 3626 931 natura
3673 890 3843 946 quam

2258 981 2361 1021 nos
2389 967 2462 1020 sit
2484 979 2539 1021 et
2570 966 2679 1020 Deo
2721 966 3113 1036 propinquius;
3158 968 3331 1036 magis
3369 976 3549 1023 tamen
3594 968 3763 1021 distat
3811 983 3846 1020 a

2261 1059 2391 1122 Deo,
2424 1066 2479 1112 et
2508 1072 2539 1111 a
2570 1056 2805 1126 perfecta
2834 1058 2953 1127 ejus
2991 1059 3369 1126 intelligentia,
3399 1073 3562 1126 quam
3592 1066 3847 1113 nostram

2258 1150 2401 1203 hanc
2428 1160 2681 1203 naturam
2709 1151 3071 1216 compositam
3115 1159 3170 1204 et
3203 1151 3461 1205 humilem
3493 1161 3548 1205 et
3584 1153 3847 1205 deorsum

2260 1242 2578 1297 inclinatam
2630 1243 2944 1298 antecellat.
2990 1243 3060 1296 Et
3108 1258 3338 1311 magnus
3377 1243 3711 1297 Athanasius
3763 1244 3847 1311 (ιι)

2260 1338 2409 1392 velut
2440 1338 2847 1408 percunctando
2872 1339 2947 1392 ait
2980 1354 2993 1391 :
3025 1338 3160 1392 Cum
3190 1338 3332 1392 Deus
3361 1340 3432 1392 sit
3459 1338 3844 1407 incorporeus,

2259 1438 2314 1484 et
2349 1414 2518 1498 ﬁgura
2546 1438 2768 1494 careat,
2806 1444 2924 1496 quae
2952 1430 3166 1483 tandem
3202 1428 3509 1497 posteriora
3552 1429 3669 1499 ejus
3706 1428 3792 1479 vid
3825 1435 3849 1481 t

2259 1520 2511 1593 Moyses?
2551 1521 2758 1577 Deinde
2812 1522 3029 1578 solvens
3087 1522 3441 1591 quaestionem
3477 1536 3491 1575 :
3529 1520 3841 1581 Credimus,

2261 1611 2461 1681 inquit,
2505 1622 2629 1667 ante
2676 1613 2875 1668 sa-cula
2906 1623 2962 1668 et
2991 1622 3118 1669 ante
3149 1622 3376 1668 cunctas
3406 1607 3847 1666 creaturas‘esse

574 1703 751 1771 ipsum
804 1713 971 1767 sunt,
1023 1718 1144 1773 qua:
1178 1714 1305 1758 sunt
1337 1713 1620 1767 creaturae,
1670 1712 1724 1756 et
1771 1702 1898 1756 inde
1942 1701 2009 1755 de
2044 1700 2152 1754 Deo
2191 1768 2224 1773 _
2263 1702 2432 1758 Deum
2480 1711 2652 1758 totum
2688 1707 2865 1759 solum
2903 1706 3227 1759 inerea'tum.
3278 1703 3351 1757 Ex
3385 1719 3494 1773 qttu
3539 1704 3616 1768 lit,
3654 1711 3713 1755 ut
3747 1717 3847 1770 pi.—

574 1794 1076 1862 philosophandum
1132 1809 1274 1858 esse,
1326 1810 1394 1848 ex
1449 1793 1781 1865 imaginibus
1838 1791 2052 1847 scilicet
2101 1800 2157 1845 et
2191 1768 2236 1824 Β
2266 1795 2499 1850 steriora
2538 1775 2628 1873 Dei
2665 1796 2776 1849 sint
2803 1805 3089 1858 creaturae,
3118 1804 3171 1849 et
3204 1809 3390 1848 earum
3421 1793 3680 1858 rationes,
3705 1806 3850 1859 qurs

573 1884 1026 1939 similitudinibus
1051 1886 1445 1954 exemplarium
1482 1886 1600 1954 ejus
1636 1884 1946 1939 divinorum
1974 1923 1989 1948 ,
2036 1897 2160 1952 quas

572 1977 826 2044 superius
850 1976 1069 2044 specula
1097 1987 1149 2030 et
1171 1978 1453 2046 aenigmata
1480 1984 1670 2030 vocata
1697 1984 1843 2031 sunt.
1871 1974 1948 2029 Ne
1973 1986 2158 2026 autem

573 2068 697 2135 quis
738 2068 792 2119 in
831 2068 1060 2142 dubium
1084 2070 1298 2129 veniat,
1331 2067 1607 2139 quomodo
1633 2080 1755 2135 quae
1795 2065 2061 2134 imagines
2106 2070 2162 2117 et

571 2157 955 2214 similitudines
988 2169 1139 2224 sunt,
1183 2169 1238 2212 et
1270 2175 1300 2212 a
1329 2158 1558 2214 veritate
1588 2171 1769 2212 rerum
1803 2156 2010 2212 distant
2036 2195 2050 2218 ,
2090 2155 2155 2208 ad

570 2250 1066 2319 philosophandum
1103 2251 1172 2306 de
1202 2249 1312 2304 Deo
1338 2259 1464 2318 apta
1498 2249 1671 2319 magis
1694 2262 1815 2303 esse
1843 2253 2162 2317 possunt,et

573 2342 776 2397 idcirco
803 2343 1065 2411 majorem
1099 2342 1189 2396 Dei
1221 2342 1737 2411 contemplationem
1761 2354 1924 2408 quam
1955 2338 2162 2394 existis

571 2432 1031 2487 similitudinibus
1056 2433 1220 2488 etiam
1250 2433 1302 2486 in
1335 2434 1436 2488 hac
1466 2432 1577 2487 vita
1607 2440 1838 2503 quaerat,
1872 2445 2013 2500 opus
2071 2440 2159 2484 est

570 2525 793 2589 docere,
830 2526 975 2594 quod
1010 2525 1209 2589 summi
1244 2526 1409 2580 etiam
1445 2524 1686 2593 theologi
1735 2525 1875 2578 ultra
1916 2532 2164 2577 contem-

565 2617 871 2687 plationem
903 2633 972 2673 ex
1009 2619 1280 2680 creaturis
1314 2633 1424 2675 non
1461 2617 1908 2688 progrediuntur.

1158 2727 1390 2786 CAPUT
1436 2728 1573 2784 VIII.

572 2844 726 2910 Quod
784 2846 977 2900 summi
1032 2843 1258 2913 theologi
1310 2842 1374 2897 de
1408 2841 1557 2913 gDeo‘
1601 2840 2044 2911 philosophantur
2093 2854 2160 2892 ea:

643 2919 943 2981 creaturis;
981 2924 1030 2969 et
1066 2911 1361 2983 posteriora
1398 2911 1492 2979 Dei
1542 2911 1669 2979 ipsa:
1698 2921 1960 2964 creatura:
1995 2918 2117 2964 sunt
2141 2950 2157 2975 ,

642 2998 692 3038 et
730 3002 788 3038 eu
797 3002 914 3038 rum
947 2996 1195 3038 rationes.

2266 1903 2391 1942 cum
2418 1888 2950 1957 vidisset-exposuit,
2983 1888 3236 1955 inquiens
3269 1890 3283 1939 ἑ
3318 1886 3382 1940 1η
3408 1886 3667 1955 principio
3693 1900 3847 1937 creo-

2263 1978 2338 2030 vit
2373 1977 2517 2031 Deus
2551 1977 2735 2031 caelum
2764 1988 2812 2030 et
2848 1987 3064 2031 terram.
3121 1976 3251 2029 Item
3301 1976 3518 2029 divinus
3544 1972 3846 2040 Gregorius

2263 2066 2545 2138 Nyssenus
2576 2068 2631 2121 in
2682 2064 2822 2122 libro
2854 2067 2931 2122 De
2967 2068 3077 2121 vita
3107 2066 3310 2136 Moysi:
3335 2082 3354 2119 :
3384 2060 3601 2127 Gloria,
3644 2062 3844 2133 inquit,

2265 2160 2533 2223 increata,
2565 2169 2765 2214 natura
2798 2159 3007 2215 scilicet
3043 2158 3227 2212 divina
3270 2156 3493 2211 omnino
3530 2165 3615 2209 est
3642 2169 3847 2209 secun-

2261 2253 2392 2308 dum
2428 2269 2485 2309 se
2511 2254 2822 2319 incﬂ‘abilis,
2851 2264 2903 2307 et
2935 2268 3055 2322 qua:
3088 2251 3475 2320 comprehendi
3504 2266 3610 2305 non
3661 2259 3846 2318 potest

2261 2362 2437 2415 neque
2476 2346 2687 2412 videri;
2722 2346 2860 2400 nihil
2888 2346 3033 2400 enim
3065 2344 3213 2414 quod
3242 2354 3363 2408 est,
3399 2346 3576 2412 ipsum
3610 2344 3717 2397 hoc
3748 2357 3846 2410 per

2268 2456 2329 2495 se
2363 2441 2465 2509 (l),
2499 2440 2705 2493 nudum
2736 2438 2812 2508 (‘2)
2846 2446 3024 2505 potest
3061 2436 3416 2501 intelligentia
3449 2435 3653 2504 liquide
3693 2449 3848 2493 cotu-

2266 2529 2553 2600 preheudi,
2592 2537 2687 2582 aut
2720 2527 2898 2582 oculis
2932 2526 3179 2594 corporis
3214 2527 3321 2580 ullo
3349 2525 3510 2580 modo
3540 2527 3727 2592 cerui;
3763 2528 3850 2581 in-

2263 2632 2507 2677 creatum
2538 2620 2684 2675 enim
2717 2629 2820 2674 est.
2852 2618 3003 2684 Quod
3038 2630 3220 2673 autem
3250 2630 3333 2673 est
3363 2618 3687 2685 increatum,
3723 2621 3845 2673 uul-

2264 2713 2351 2767 lus
2382 2719 2559 2781 potest
2593 2711 2767 2765 oculis
2807 2711 3057 2780 corporis
3079 2726 3323 2774 cernere,
3348 2712 3599 2780 quamvis
3630 2710 3847 2783 Moyses

2262 2807 2357 2881 sit,
2395 2805 2649 2873 quamvis
2686 2803 2912 2867 Paulus,
2947 2803 3040 2872 qui
3077 2803 3130 2856 in
3162 2803 3379 2857 tertium
3415 2804 3612 2858 coelum
3649 2819 3844 2858 ascen-
3880 2816 3887 2819 '

2262 2897 2360 2959 dit,
2392 2895 2643 2966 quamvis
2672 2896 2897 2964 angelus
2925 2898 2995 2949 sit
3021 2895 3111 2964 qui
3135 2893 3303 2948 Deum
3325 2894 3492 2949 videt.
3518 2894 3674 2959 Quod
3696 2895 3841 2950 enim

2262 3004 2388 3044 vere
2417 3000 2523 3057 est,
2560 3001 2685 3043 vera
2717 2989 2821 3042 vita
2851 2997 2963 3051 est,
2989 2989 3090 3042 hoc
3124 2998 3303 3043 autem
3335 2990 3402 3041 al)
3429 2989 3621 3057 angelo
3651 3000 3743 3041 aut
3774 2992 3841 3041 ah

642 3074 940 3143 Gregorius
993 3074 1329 3140 Τιιθοιοὲιιεν
1388 3072 1441 3126 in
1497 3072 1733 3126 Secunda
1785 3071 2035 3127 oraliOHe
2085 3072 2154 3126 de
2180 3102 2223 3158 α
2263 3081 2485 3134 homine
2519 3079 2777 3148 cognosci
2830 3094 2938 3132 non
2975 3088 3172 3148 potest.
3206 3078 3283 3132 Ex
3327 3077 3527 3147 quibus
3561 3078 3707 3132 clare
3743 3093 3840 3131 n0-

574 3168 872 3237 theologia:
896 3168 1195 3222 Currebam
1218 3166 1462 3235 quidem,
1480 3165 1657 3234 inquit
1695 3174 1950 3235 tanquam
1978 3167 2149 3223 Deum

575 3255 889 3331 cognitione
939 3260 1664 3328 comprehensurus;atque
1717 3259 1790 3312 ita
1839 3260 2061 3313 ascendi
2095 3259 2149 3312 in

576 3362 854 3417 montem,
907 3362 963 3406 et
1014 3352 1172 3407 divisi
1219 3351 1419 3406 nubem
1461 3350 1517 3404 in
1566 3365 1685 3405 eam
1739 3351 2040 3421 ingressus.
2092 3349 2156 3403 Et

575 3446 773 3514 paucis
804 3444 1104 3513 interiectis
1134 3459 1149 3497 :
1182 3442 1319 3497 Cum
1349 3442 1592 3511 paulum,
1617 3443 1812 3513 inquit,
1848 3444 2158 3512 prospexis-

575 3552 712 3599 sem,
745 3552 856 3591 non
886 3535 994 3589 vidi
1031 3535 1259 3604 primam
1284 3546 1355 3595 .et
1384 3542 1646 3589 aeternam
1695 3545 1948 3588 naturam
1978 3574 1992 3598 ,
2034 3550 2156 3605 qua!

568 3630 705 3693 sibi,
739 3628 792 3682 id
824 3635 928 3693 est,
960 3627 1214 3681 Trinitati
1246 3616 1374 3681 nota
1411 3638 1514 3691 est,
1547 3638 1601 3682 et
1630 3637 1834 3696 quanta
1869 3628 2011 3682 intra
2043 3631 2156 3697 pri-

577 3735 729 3773 mum
764 3719 940 3772 velum
985 3729 1194 3782 manet,
1229 3729 1286 3773 et
1314 3735 1343 3772 a
1370 3719 1702 3774 Cherubinis
1733 3720 2039 3788 contegitur
2067 3720 2111 3750 ιδ
2139 3737 2154 3785 ;

579 3805 674 3860 sed
705 3805 848 3858 illam
871 3818 992 3875 qua:
1021 3815 1264 3860 extrema
1301 3815 1407 3869 est,
1433 3815 1487 3860 et
1512 3807 1578 3860 ad
1614 3822 1713 3861 nos
1747 3807 2012 3875 pervadit,
2039 3823 2160 3878 qua:

581 3906 668 3951 est
706 3898 993 3967 (quantum
1020 3898 1286 3968 intelligo)
1313 3898 1616 3969 amplitudo
1648 3898 1763 3961 illa,
1795 3898 1962 3955 velut
1988 3901 2157 3955 David

581 3989 661 4043 ait
697 3990 764 4054 ”,
809 3989 1214 4058 magniﬁcentia
1235 4029 1251 4053 ,
1276 4004 1398 4058 qua:
1435 3989 1488 4042 in
1518 3990 1815 4052 creaturis,
1844 4001 1899 4044 et
1943 3991 2012 4045 iis
2039 4008 2162 4061 quae

584 4082 656 4137 ah
686 4081 806 4150 ipso
834 4081 1025 4135 en‘eeta
1059 4090 1189 4134 sunt
1214 4091 1266 4134 et
1299 4082 1695 4149 gubernantur,
1724 4081 1969 4135 cernitur
2000 4099 2013 4135 :
2049 4084 2160 4139 haec

582 4174 728 4227 enim
781 4182 909 4225 sunt
958 4171 1257 4241 posteriora
1292 4169 1386 4225 Dei
1416 4171 1482 4227 ¹⁶.
1528 4186 1646 4239 quae
1690 4182 1817 4243 post
1862 4189 1988 4229 eum
2037 4186 2165 4229 sunt

580 4266 756 4333 ipsius
805 4265 1044 4330 indicia;
1081 4264 1225 4319 sicut
1260 4263 1394 4318 solis
1446 4264 1653 4318 umbrat
1706 4273 1758 4319 et
1809 4265 2069 4336 imagines
2107 4269 2162 4321 iu

581 4358 761 4427 aquis,
805 4371 928 4424 qua:
976 4355 1206 4409 inﬁrmis
1251 4355 1426 4409 oculis
1466 4353 1634 4408 solem
1668 4365 1947 4423 utcunque
1981 4366 2155 4411 ostenv

2256 3172 2456 3235 tescit,
2517 3170 2927 3225 valentissimos
2989 3170 3155 3223 etiam
3211 3169 3496 3239 theologos
3548 3186 3655 3224 non
3704 3170 3840 3224 ultra

2255 3273 2561 3317 creaturam
2598 3262 2849 3332 progredi
2880 3263 2933 3315 in
2966 3262 3030 3315 iis
3061 3263 3261 3330 quibus
3304 3261 3472 3315 Deum
3505 3262 3722 3327 tident;
3750 3264 3839 3315 sed

2255 3357 2440 3423 potius
2475 3352 2651 3422 ipsam
2709 3362 3043 3417 creaturam,
3093 3351 3147 3407 et
3187 3369 3308 3424 quae
3364 3355 3420 3407 in
3470 3365 3667 3427 natura
3706 3346 3839 3421 ejus

2256 3446 2469 3511 insunt,
2497 3446 2870 3500 considerare.
2901 3445 3057 3512 Quod
3091 3447 3135 3501 si
3182 3448 3248 3501 ad
3301 3447 3444 3500 hunc
3474 3449 3696 3500 modum
3727 3485 3742 3511 ,
3790 3456 3844 3499 et

2257 3539 2359 3592 hac
2396 3538 2482 3591 via
2519 3548 2574 3591 et
2608 3537 2823 3593 ratione
2879 3539 2947 3593 de
2993 3539 3103 3594 Deo
3157 3540 3479 3605 diSserunt,
3532 3556 3842 3594 necessar...

2258 3630 2541 3701 sequitur,
2580 3631 2906 3700 theologiam
2955 3648 3076 3700 quae
3130 3634 3181 3685 in
3231 3636 3519 3702 negatione
3570 3642 3839 3687 versatur-

2260 3720 2420 3790 longe
2448 3721 2881 3790 praestantiorem
2914 3736 3060 3785 esse,
3097 3732 3151 3775 et
3199 3723 3267 3776 ad
3318 3725 3833 3794 contemplationem

2261 3812 2438 3882 magis
2468 3813 2714 3867 idoneam
2746 3829 2809 3869 ea
2846 3815 3116 3883 theologia
3146 3853 3161 3878 ,
3214 3832 3337 3887 quis
3384 3819 3437 3871 in
3492 3818 3842 3873 allirmatione

2262 3908 2531 3960 cernitur.

2875 4021 3104 4080 CAPUT
3141 4022 3233 4079 IX.

2266 4134 2418 4201 Quod
2446 4136 2499 4209 iu
2536 4135 2573 4188 Γ
2576 4136 2830 4209 ΙιρξοιοςιίᾳΔ
2859 4137 3273 4191 demonstrativa
3324 4140 3492 4209 magis
3534 4139 3749 4206 propria
3793 4146 3840 4189 rt

2335 4207 2598 4275 prwcipua
2647 4218 2725 4261 est
2772 4206 2873 4276 illo
2897 4223 3014 4276 qua:
3053 4209 3106 4259 in
3153 4206 3513 4275 negatiombus
3565 4223 3841 4271 versatur;

2338 4288 2387 4328 et
2419 4277 2573 4348 quod,
2612 4278 2665 4327 in
2697 4276 2794 4329 hac
2834 4274 3115 4348 Theologiu
3164 4274 3534 4348 afﬁrmatiuues
3576 4296 3681 4332 non
3722 4289 3838 4331 sunt

2339 4346 2623 4399 contraria:
2668 4347 3053 4414 negationibus.

584 4450 765 4502 dunt:
794 4446 1062 4515 siquidem
1100 4445 1443 4515 impossibile
1486 4455 1569 4499 est
1603 4446 1770 4501 solem
1826 4448 2026 4503 intueri
2057 4451 2158 4505 ad-
2193 4444 2236 4498 Β
2341 4456 2603 4510 Summus
2637 4458 2922 4528 theologus
2962 4461 3250 4530 Dionysius
3274 4501 3290 4525 ,
3341 4462 3518 4531 prin-.0
3559 4462 3741 4532 capite
3772 4463 3841 4517 De

582 4552 838 4600 versum,
865 4538 1023 4607 cujus
1060 4536 1234 4592 radiis
1270 4538 1416 4591 acies
1464 4536 1744 4612 oculorum
1794 4539 2048 4595 vincitur.
2084 4543 2163 4597 Ad

572 4631 738 4687 .hunc
779 4631 947 4701 igitur
989 4630 1214 4685 modum
1270 4629 1336 4685 de
1386 4628 1498 4684 Deo
1543 4630 2036 4700 philosophaberis,
2083 4638 2162 4691 sis

636 4790 711 4844 ,ιδ
749 4782 921 4845 Exod.
952 4803 1164 4845 xxxv".
1245 4788 1286 4823 ⁸⁵
1308 4787 1451 4843 Psal.
1474 4804 1595 4851 vm,

1674 4789 1717 4821 “
1771 4788 1942 4843 Exod.
1977 4807 2170 4849 xxxiii.
2249 4796 2289 4827 "
2320 4796 2497 4863 Exod,
2540 4816 2638 4857 \'ll.

2270 4549 2491 4619 mystica
2517 4548 2778 4630 theologia
2807 4566 2826 4605 :
2862 4549 3106 4620 Oportet,
3142 4555 3314 4622 inquit
3345 4554 3446 4625 (ὃ),
3477 4555 3532 4607 in
3558 4570 3621 4610 ea
3647 4570 3841 4626 ponere

2273 4645 2328 4690 et
2379 4634 2651 4693 aﬂirmare
2701 4656 2895 4698 omnes
2926 4644 3175 4699 omnium
3220 4662 3406 4703 rerum
3459 4648 3843 4706 aﬂirmationcs

2715 4800 2759 4832 ¹⁸
2791 4801 2835 4854 ιι
2881 4801 3011 4859 Cur.
3058 4820 3199 4861 uti.

2054 4926 2322 4995 Schohe.

660 5035 738 5105 (l)
772 5034 923 5105 Quod
946 5030 1032 5105 est
1057 5033 1228 5102 ipsum
1258 5034 1354 5085 hoc
1382 5046 1472 5097 per
1498 5045 1569 5083 se.
1597 5026 1773 5105 _Nttlla_
1791 5039 2037 5082 creatura
2070 5041 2156 5105 est

590 5098 687 5174 per
720 5098 862 5159 se’id
891 5103 1037 5170 quod
1066 5098 1169 5175 est,
1205 5104 1299 5157 sed
1348 5117 1439 5175 per
1470 5098 1966 5175 participationem,
2002 5101 2154 5155 solus

590 5167 735 5229 Deus
767 5184 852 5228 est
882 5167 1059 5241 ipsum
1106 5173 1225 5233 hoc,
1259 5167 1404 5241 quod
1444 5167 1530 5223 est
1559 5183 1652 5236 per
1682 5182 1760 5231 se,
1784 5167 1857 5241 _id
1905 5177 2010 5231 est,
2060 5185 2159 5223 sua

586 5243 827 5304 essentia
853 5284 870 5307 ,
899 5235 953 5296 et
983 5259 1140 5297 suum
1169 5235 1292 5297 essé
1311 5282 1328 5306 ,
1366 5249 1422 5294 et
1450 5235 1570 5293 non,
1589 5235 1895 5292 secundum
1933 5241 2161 5304 partici-

590 5325 1013 5454 ρδῖἓςῃὶξῖἇωη.
1042 5382 1097 5436 id
1130 5391 1235 5445 est,
1275 5377 1571 5454 secundum
1604 5376 1966 5454 substantiam
1993 5389 2157 5454 _suam

588 5445 809 5515 tantum
836 5491 853 5516 ,
888 5466 942 5507 et
974 5470 1081 5507 non
1122 5449 1422 5505 secundum
1470 5462 1533 5501 ea
1568 5463 1691 5515 (ιυου
1738 5445 1945 5503 circum
1991 5445 2167 5512 ipsum

585 5535 742 5591 sunt,
774 5525 824 5579 id
851 5535 957 5590 est,
988 5534 1293 5578 creaturas.

664 5685 741 5751 (a)
770 5682 974 5747 Quu'st.
1010 5685 1074 5738 ad
1118 5684 1470 5742 Antiochum.

2337 5037 2414 5117 (ξ)
2439 5037 2653 5117 Oportet
2677 5051 2867 5107 ponere
2896 5050 2946 5117 et
2970 5043 3268 5112 afﬁrmare.
3295 5047 3462 5102 Deum
3483 5053 3666 5107 omnia
3699 5068 3840 5117 esse,

2271 5117 2331 5160 ut
2365 5108 2530 5159 Deum
2571 5109 2750 5184 decet,
2788 5114 2986 5179 positio
3007 5108 3099 5167 'i-st
3125 5133 3140 5180 ;
3169 5128 3224 5169 et
3287 5120 3421 5171 nihil
3466 5136 3657 5174 eorum
3697 5108 3839 5184 esse,

2270 5188 2527 5260 utsupra
2543 5181 2905 5260 substantiam
2938 5194 3041 5260 est.
3074 5186 3290 5260 negatio
3318 5205 3333 5252 ;
3368 5203 3661 5260 utrumque
3718 5181 3840 5260 prin

2272 5248 2388 5323 prie
2426 5248 2698 5323 dicitur-in
2738 5252 2828 5304 Dei
2867 5248 3244 5320 tttltpiiludltte,
3281 5248 3340 5309 ut
3386 5258 3527 5315 Deus
3571 5248 3660 5315 est
3712 5248 3839 5323 vita,

2277 5316 2530 5396 Deusest
2554 5316 3013 5396 bonitas,_pos_itio
3039 5332 3092 5377 et
3121 5316 3416 5381 allirmatio
3438 5340 3543 5395 est,
3572 5330 3712 5385 Deus
3735 5316 3842 5384 non

2273 5392 2514 5472 estvita,
2558 5402 2662 5441 non
2687 5402 2768 5443 est
2796 5392 3287 5472 lwnitas_,_.n_egatiu
3316 5412 3439 5452 vera
3473 5392 3578 5466 est,
3610 5402 3740 5472 quia
3766 5410 3844 5455 cst

2279 5469 2443 5509 sueta
2474 5455 2589 5513 hanc
2611 5473 2731 5527 qua:
2763 5473 2863 5515 nos
2889 5455 3261 5532 intelligimus.
