4058 6306
301 304 405 364 773

1042 303 1278 362 DECAS
1321 305 1400 366 EI.
1449 328 1512 341 -*
1553 304 1652 363 DE
1694 301 2133 362 TllEOLOGlA
2166 301 2834 362 DEMONSTRATIVA.

305 431 560 488 tanquam
600 417 652 470 in
697 418 936 471 omnium
972 433 1174 482 causa;
1223 427 1277 471 et
1325 432 1512 471 omnes
1563 433 1655 472 eas
1705 419 1874 488 magis
1907 424 1948 478 Α
1982 431 2262 485 negantur,
2311 417 2608 470 auferendo
2657 401 3113 484 philosophatur,
3153 416 3384 470 Verbum
3423 417 3552 470 facit

301 512 520 580 proprie
561 525 758 580 negare
789 521 1045 579 tanquam
1072 527 1193 579 qua:
1219 512 1288 563 sit
1321 527 1484 578 Supra
1516 512 1696 562 omnia
1722 527 1736 574 ;
1776 526 1873 564 nec

303 603 728 658 existimandum
758 611 843 656 est
869 604 1176 657 oeuli-arias
1217 618 1340 656 esse
1372 604 1690 672 negationes
1724 601 1872 655 aliir-

306 693 674 759 mationibus;
721 694 848 760 quin
892 696 1072 762 potius
1119 696 1293 748 multo
1340 696 1489 763 prius
1535 709 1657 749 esse
1698 695 1870 763 ipsam

308 787 536 854 primam
570 800 794 839 causam
826 801 988 854 supra
1020 785 1370 850 prirationes,
1421 802 1542 839 cum
1594 786 1664 838 sit
1712 801 1871 852 supra

307 893 522 929 omnem
554 883 607 929 et
638 878 963 930 ablationem
995 876 1072 944 (Ι)
1109 888 1160 932 et
1202 878 1549 946 positionem.
1575 877 1650 930 Ac
1683 882 1876 932 rursus

309 970 452 1021 idem
485 973 658 1037 capite
691 970 930 1024 secundo
968 969 1205 1022 Cwleslt's
1239 971 1548 1023 trierarchitc
1576 987 1593 1023 :
1621 971 1875 1039 Aliquan-

308 1062 402 1123 do,
433 1061 630 1128 inquit,
669 1063 923 1116 laudatur
951 1064 1132 1114 divine
1167 1063 1219 1114 in
1247 1062 1552 1130 Scriplttris
1586 1063 1702 1118 suis
1745 1079 1876 1118 san-

309 1156 411 1207 ctis
461 1153 813 1207 dissimilibus
882 1155 1347 1208 nominationibus
1396 1155 1498 1222 (2),
1580 1169 1704 1208 cum
1748 1170 1873 1208 eum

309 1257 508 1298 vocant
539 1246 1007 1313 inaspectahilem,
1049 1257 1102 1298 et
1134 1245 1434 1307 inﬁnitum,
1463 1255 1515 1298 ct
1542 1261 1648 1298 non
1685 1256 1876 1313 poten-

311 1347 416 1388 tem
452 1336 881 1403 comprehendi,
934 1345 987 1390 et
1036 1335 1290 1388 similiter
1342 1334 1575 1407 inaliis,
1608 1349 1728 1402 qua:
1766 1351 1873 1388 non

304 1429 433 1494 quid
472 1429 578 1488 sit,
610 1431 702 1483 sed
747 1429 874 1496 quid
913 1445 1016 1482 non
1053 1429 1142 1492 sit,
1179 1429 1476 1482 declarant.
1513 1426 1623 1480 Hoc
1655 1437 1832 1481 autem
1858 1467 1874 1492 ,

307 1531 366 1570 ut
398 1519 656 1585 arbitror,
693 1520 865 1589 magis
906 1522 1184 1589 proprium
1222 1527 1303 1573 est
1348 1520 1394 1572 ei
1449 1535 1462 1570 :
1513 1520 1782 1589 siquidem
1815 1531 1877 1575 ut

308 1611 495 1672 tacita,
526 1611 575 1663 id
607 1619 710 1674 est,
742 1615 862 1666 sine
895 1614 1118 1678 scripto,
1153 1612 1508 1666 sacerdotalis
1535 1614 1756 1668 traditio
1783 1613 1872 1682 (5)

301 1705 598 1770 exposuit,
630 1719 758 1758 vere
789 1705 1022 1758 dicimus
1057 1719 1166 1756 non
1217 1717 1340 1759 esse
1381 1705 1682 1759 seettndum
1714 1715 1874 1759 natu-

301 1807 418 1845 ram
453 1794 600 1848 illius
633 1799 710 1849 rei
736 1812 800 1850 ex
836 1797 902 1849 iis
924 1812 1044 1863 qua:
1069 1807 1195 1850 sunt
1228 1813 1242 1850 :
1276 1807 1529 1851 ett-terum
1560 1798 1874 1865 ignoramus

301 1883 438 1935 illud
489 1885 541 1936 in
588 1901 654 1938 eo
702 1900 810 1939 non
863 1886 1181 1950 delinitum,
1233 1889 1361 1956 quid
1405 1889 1473 1942 sit
1511 1888 1652 1956 quod
1707 1902 1873 1956 supra

299 1977 665 2030 substantiam
698 1987 802 2040 est,
845 1980 1100 2048 quodque
1146 1995 1245 2032 nec
1279 1979 1526 2048 intelligi,
1554 1974 1731 2048 neque
1766 1980 1875 2034 dici

299 2076 500 2134 poti-st.
537 2065 591 2119 Si
620 2068 784 2138 igitur
815 2069 1130 2138 negationes
1170 2071 1224 2122 in
1253 2069 1455 2123 divinis
1507 2085 1647 2124 vera:
1699 2079 1829 2124 sunt
1857 2109 1873 2136 ,

299 2158 692 2213 allirmationes
726 2175 858 2213 vero
907 2177 1011 2215 non
1057 2172 1368 2230 congruunt
1397 2161 1475 2232 (4)
1506 2178 1629 2215 eum
1661 2164 1875 2218 occulta

297 2248 590 2301 divinitate
628 2264 816 2303 eorum
855 2265 976 2318 quae
1003 2250 1082 2310 de
1102 2250 1209 2304 Deo
1238 2249 1412 2303 t-ﬂ'erri
1461 2264 1568 2302 non
1604 2262 1872 2318 possunt,

302 2354 654 2407 consequens
677 2351 780 2404 est,
815 2351 871 2394 ut
901 2341 968 2394 iis
995 2358 1115 2409 quae
1149 2355 1258 2394 non
1309 2353 1436 2395 sunt
1483 2345 1833 2411 aspectabilia
1859 2387 1873 2410 ,

302 2432 482 2498 magis
511 2434 724 2500 propria
756 2432 828 2486 sit
863 2433 1168 2486 nominatio
1201 2433 1288 2486 illa
1319 2449 1439 2502 qua:
1471 2449 1568 2504 per
1596 2435 1877 2489 dissimili-

307 2525 530 2577 tudines
563 2522 850 2577 formatur.
891 2525 955 2578 Et
979 2523 1278 2593 Gregorius
1301 2523 1630 2596 Theologus,
1663 2527 1716 2578 in
1752 2543 1877 2581 ora-

307 2617 460 2668 tione
489 2616 726 2669 secunda
751 2617 818 2669 de
851 2616 1118 2683 theologia
1162 2631 1176 2668 :
1211 2615 1398 2680 Multo,
1429 2617 1636 2686 inquit,
1663 2618 1878 2671 facilius

308 2716 366 2759 et
400 2705 618 2770 brevius
639 2713 723 2760 est
749 2705 976 2759 dicendo
993 2707 1135 2774 quod
1165 2715 1266 2768 est,
1294 2707 1570 2760 declarare
1597 2708 1740 2776 quod
1771 2723 1879 2760 non

308 2809 418 2860 est,
452 2813 614 2851 quam
649 2800 894 2865 negando
921 2796 999 2864 (5)
1028 2798 1172 2864 quod
1209 2814 1314 2850 non
1339 2807 1442 2860 est,
1471 2797 1714 2852 indicare
1737 2799 1882 2866 quod

313 2900 420 2942 est.
459 2889 523 2942 Et
560 2905 755 2943 rursus
785 2905 798 2942 :
835 2887 938 2942 Sed
967 2898 1513 2956 oportet,postquam
1543 2889 1751 2945 dictum
1784 2891 1885 2945 erit

317 2995 443 3047 quae
483 2995 591 3032 non
633 2991 751 3046 est,
798 2980 1009 3033 dicatur
1064 2978 1224 3033 etiam
1271 2980 1414 3048 quod
1464 2990 1541 3034 est
1575 2997 1588 3032 :
1620 2989 1782 3051 atque
1822 2998 1887 3037 eo

317 3074 516 3141 magis,
555 3075 697 3140 quod
733 3073 948 3127 facilius
980 3082 1063 3128 est
1105 3088 1272 3126 unum
1319 3073 1521 3141 aliquid
1566 3075 1888 3143 complecti,
1917 3076 1960 3136 C

316 3180 484 3233 quam
505 3167 688 3218 omnia
743 3164 1020 3234 sigillatim
1058 3180 1290 3235 negare;
1323 3171 1462 3218 utex
1493 3166 1775 3232 negatione
1791 3180 1883 3218 eo-

310 3273 434 3309 rum
485 3271 605 3324 qua:
655 3273 762 3311 ιιοιι
799 3268 900 3320 est,
933 3266 985 3310 ct
1023 3257 1385 3312 afﬁrmatione
1430 3257 1549 3324 ejus
1589 3259 1731 3325 quod
1766 3267 1882 3324 est,

214 3361 225 3373 '
311 3351 446 3402 illud
484 3349 833 3417 intelligentia
865 3351 1310 3406 complectamur.
1352 3350 1584 3406 Sanctus
1614 3351 1882 3406 Maximus

313 3443 366 3494 in
402 3441 724 3512 Theologicis
757 3459 774 3495 :
803 3441 903 3507 Qui
935 3443 1372 3512 pnil050phatur,
1405 3443 1582 3513 inquit
1609 3484 1624 3507 ,
1663 3447 1726 3498 de
1765 3444 1874 3498 Deo

311 3534 531 3608 air-udo,
584 3533 818 3588 Verbum
879 3535 1009 3587 facit
1053 3549 1270 3588 carnem
1302 3574 1318 3598 ,
1373 3537 1500 3588 dum
1551 3552 1656 3589 non
1711 3546 1886 3604 potest

312 3629 556 3690 aliunde,
594 3641 756 3690 quam
796 3640 860 3678 ex
915 3626 983 3678 iis
1035 3639 1154 3693 qua:
1187 3625 1460 3678 cernimus
1493 3633 1548 3678 et
1577 3631 1884 3680 contrecta-

314 3734 464 3780 mus,
496 3719 662 3770 Deum
703 3730 1031 3782 cognoscere
1056 3724 1314 3785 tanquam
1339 3709 1596 3778 causam}
1633 3716 1723 3784 qui
1761 3730 1886 3768 vero

1979 511 2255 578 spiritum,
2307 520 2489 578 utpote
2533 510 2677 578 quod
2727 519 2842 562 erat
2891 509 2943 562 in
2997 509 3283 578 principio,
3331 519 3381 563 et
3435 523 3555 562 erat

1979 605 2121 674 apud
2163 604 2330 657 Deum
2355 642 2368 662 ,
2421 618 2542 657 eum
2570 603 2662 671 qui
2694 613 2777 655 est
2812 615 2975 669 supra
3007 617 3174 668 quam
3216 601 3549 670 incognitus,

1979 711 2044 749 ex
2079 696 2227 748 nuila
2263 696 2480 762 penitus
2516 709 2572 747 re
2598 709 2789 747 earum
2823 709 2946 760 qua:
2991 694 3243 759 cognosci
3279 705 3550 762 possunt,

1979 797 2126 841 recte
2147 802 2504 854 cognoscens.
2548 769 2684 839 llinc
2719 787 2776 838 tit
2805 785 3173 852 perspicuum,
3199 785 3343 854 quod
3376 787 3552 853 magis

1978 882 2254 948 proprium
2288 889 2372 932 est
2413 876 2784 945 philosophari
2827 876 2893 929 de
2931 877 3037 929 Deo
3085 891 3179 944 per
3211 878 3553 942 negatiooes,

1977 987 2139 1039 quam
2194 986 2287 1040 per
2335 968 2762 1029 allirmationes,
2813 975 3085 1034 quatenus
3137 966 3368 1019 alterum
3424 967 3554 1021 facit

1987 1064 2224 1119 Verbum
2261 1063 2534 1131 spiritum.
2556 1061 2783 1114 alterum
2816 1056 3189 1112 facitVerbutn
3217 1074 3457 1112 carnem.
3479 1064 3552 1112 Ac

1981 1155 2250 1223 thnologia
2284 1154 2502 1222 quidem
2542 1150 2816 1209 aﬂirmans
2852 1164 2960 1202 vnn
3007 1149 3168 1202 habet
3203 1164 3494 1216 comparati
3521 1151 3552 1203 li

1978 1253 2029 1296 et
2059 1244 2322 1311 figurandi
2354 1257 2417 1296 ac
2441 1241 2823 1310 conjectandi;
2854 1251 2906 1294 et
2940 1242 3041 1294 hoc
3073 1250 3282 1294 tantum
3321 1242 3512 1308 probat
3535 1283 3550 1304 ,

1979 1336 2187 1390 scilicet
2228 1335 2394 1388 Deum
2434 1350 2574 1396 esse,
2610 1349 2673 1386 ex
2711 1333 2775 1386 iis
2809 1348 2931 1402 quae
2971 1333 3038 1387 ab
3073 1333 3190 1401 ipso
3223 1334 3361 1387 laeta
3394 1347 3552 1400 sunt;

1977 1427 2244 1494 theologia
2313 1441 2439 1479 vero
2456 1441 2656 1494 negans
2686 1425 3021 1479 demonstrat
3045 1425 3210 1478 Deum
3241 1439 3360 1480 esse
3390 1442 3554 1494 supra

1986 1519 2214 1582 omnia;
2253 1533 2315 1571 ac
2343 1518 2630 1570 veritatem
2670 1516 2906 1569 maxime
2944 1516 3257 1584 assequitur
3287 1517 3381 1584 qui
3421 1515 3556 1571 dicit

1980 1627 2085 1667 non
2117 1625 2237 1664 esse
2272 1609 2434 1665 Deum
2463 1608 2757 1678 quidquam
2787 1623 2973 1662 eorum
3001 1623 3120 1674 quae
3141 1616 3288 1671 sunt,
3315 1607 3408 1662 sed
3435 1623 3556 1663 esse

1981 1716 2142 1768 supra
2170 1700 2527 1754 substantiam
2559 1741 2573 1763 ,
2615 1710 2669 1753 et
2721 1715 2891 1768 supra
2941 1700 3144 1755 omnia.
3197 1702 3463 1756 Praeterea
3499 1705 3553 1756 in

1982 1792 2092 1846 Deo
2117 1794 2428 1862 negationes
2456 1787 2722 1855 ntimsunt
2749 1793 3546 1861 contrariae,allirmatiouibus:

1978 1902 2078 1940 nec
2107 1888 2250 1940 enim
2284 1887 2428 1955 quod
2460 1887 2746 1940 aliirmatio
2773 1887 3080 1949 allirmavit,
3116 1887 3220 1942 hoc
3245 1888 3419 1956 ipsum
3458 1905 3550 1942 ne-

1980 1981 2125 2046 gatio
2160 1979 2372 2045 negavit
2405 1995 2420 2032 :
2457 1981 2586 2048 quin
2624 1980 2732 2032 imo
2765 1979 2906 2031 sicut
2936 1979 3222 2032 aliirmatio
3255 1995 3361 2033 non
3396 1982 3548 2048 ponit

1979 2071 2106 2140 quid
2135 2071 2203 2122 sit
2227 2069 2389 2136 Dens,
2420 2069 2497 2124 sic
2525 2086 2701 2138 neque
2732 2071 2943 2138 negatio
2969 2070 3104 2123 tollit
3129 2071 3257 2138 quid
3285 2072 3349 2124 sit
3389 2071 3548 2128 Deus:

1978 2160 2122 2232 quod
2163 2163 2307 2215 enim
2362 2178 2470 2214 non
2520 2162 2705 2230 ponit,
2759 2162 3037 2230 quomodo
3089 2162 3280 2216 tollat?
3317 2163 3557 2233 Denique

1979 2267 2133 2320 aequo
2163 2266 2269 2304 non
2299 2252 2610 2317 assequitur
2643 2251 3002 2304 substantiam
3041 2252 3131 2304 Dei
3168 2262 3280 2306 tum
3316 2254 3554 2307 aliirma-

1982 2345 2075 2406 tio,
2121 2355 2236 2396 tum
2273 2343 2530 2412 negatio:
2582 2343 2683 2395 hoc
2715 2343 2891 2395 solum
2929 2341 3220 2406 differunt,
3260 2345 3403 2412 quod
3434 2361 3558 2413 pro-

1979 2436 2106 2505 pius
2141 2435 2352 2488 accedit
2398 2435 2464 2487 ad
2506 2433 2788 2486 veritatem
2825 2433 2917 2502 qui
2955 2432 3110 2498 dicit,
3158 2431 3298 2488 Deus
3331 2449 3437 2487 non
3473 2442 3556 2489 est

1985 2526 2084 2580 hoc
2114 2526 2257 2596 quod
2291 2539 2392 2579 nos
2415 2523 2814 2579 existimamus.

2605 2637 2836 2691 CAPUT
2875 2635 2943 2691 X.

1993 2751 2151 2817 Quod
2186 2751 2329 2804 Deus
2357 2761 2432 2802 est
2465 2767 2623 2812 supra
2649 2765 2853 2821 omnem
2877 2750 3357 2821 (if/irritationem“
3405 2766 3560 2821 nega.

2060 2825 2290 2881 tionem;
2348 2830 2396 2871 et
2433 2822 2573 2888 quod
2602 2819 2772 2871 solum
2830 2819 3103 2870 nesciendo
3138 2829 3189 2870 et
3220 2819 3428 2883 penitus
3455 2819 3558 2874 non
3639 2867 3650 2874 .

2058 2891 2282 2943 videndo
2315 2891 2475 2943 simul
2500 2906 2616 2943 eum
2651 2891 3035 2958 cognoscimus,
3067 2899 3114 2940 et
3140 2888 3203 2942 de
3234 2905 3292 2942 eo
3326 2891 3559 2956 philoso-

2061 2967 2305 3029 phamur.

2066 3073 2294 3144 Magnus
2327 3073 2618 3142 Dionysius
2656 3071 2836 3139 capite
2893 3071 3067 3135 primo
3102 3071 3341 3142 Mystij
3395 3072 3561 3126 Thea-

1990 3167 2142 3236 logitc
2175 3181 2193 3218 :
2223 3165 2333 3219 Mea
2360 3165 2544 3230 igitur,
2578 3163 2775 3230 inquit,
2807 3165 3046 3232 precatio
3067 3165 3177 3218 haec
3209 3165 3296 3227 sit,
3329 3175 3384 3218 tu
3408 3180 3556 3230 vero,

1991 3261 2164 3315 amice
2230 3257 2537 3318 'l'nnothee,
2590 3259 2860 3324 relinque,
2897 3255 3199 3310 vehementi
3263 3257 3446 3309 studio
3509 3268 3563 3312 et

1990 3353 2384 3409 exercitatione
2446 3349 2846 3414 contemplandi
2890 3363 3110 3414 arcana,
3168 3358 3281 3401 tum
3343 3364 3560 3410 sensus,

1993 3458 2102 3499 tum
2141 3445 2337 3498 mentis
2371 3441 2777 3508 intelligentias,
2819 3449 2873 3493 et
2924 3439 3103 3492 omnia
3147 3454 3266 3506 quae
3295 3441 3399 3492 sub
3439 3457 3562 3493 Sett-

1993 3548 2194 3593 sumet
2249 3533 2654 3602 iutelligentiam
2708 3532 2932 3592 cadunt,
2966 3547 3027 3584 ac
3069 3535 3248 3584 omnia
3301 3547 3420 3597 qum
3451 3548 3556 3584 non

1995 3637 2122 3683 sunt
2153 3629 2249 3696 (l),
2285 3638 2337 3680 et
2370 3643 2489 3694 quae
2517 3634 2664 3686 sunt,
2693 3635 2744 3676 et
2767 3632 3037 3692 quantum
3070 3622 3272 3678 vitibus
3302 3627 3559 3691 consequi

1998 3719 2202 3788 poteris
2227 3717 2290 3771 ad
2311 3717 2434 3786 conj
2451 3717 2758 3770 unctionem
2783 3730 2907 3768 cum
2931 3730 2996 3768 eo
3018 3729 3179 3783 supra
3198 3717 3564 3782 omnemsub—

1799 3831 2079 3894 SchoHa.

388 3941 466 4006 (Ι)
497 3937 670 4006 Supra
693 3954 896 3990 onmem
925 3937 1264 3992 oblationem.
1287 3939 1381 3993 Est
1413 3938 1607 4008 positio
1636 3939 1888 4006 simplex,

313 4013 538 4064 utlleus
571 4019 654 4062 est
691 4010 823 4067 vita,
857 4009 1095 4068 bonitas,
1147 4009 1304 4076 lapis,
1339 4020 1424 4062 est
1478 4010 1646 4062 etiam
1689 4011 1889 4077 positio

314 4079 685 4151 hypothetica,
720 4093 852 4151 cum
890 4077 1242 4151 allii-mallem
1283 4079 1630 4146 adiungimus
1671 4095 1890 4147 compa-

312 4147 610 4209 rationem,
637 4157 697 4201 ut
717 4149 886 4215 magis
917 4155 999 4199 est
1020 4147 1158 4200 Deus
1177 4148 1306 4210 vita,
1333 4163 1494 4216 quam
1514 4150 1673 4216 lapis,
1693 4159 1747 4202 et
1773 4165 1887 4201 ma-

314 4223 398 4290 gis
433 4218 669 4290 bonitas.
699 4231 858 4290 quam
887 4216 1047 4284 ignis,
1086 4217 1364 4290 similiter,
1389 4216 1590 4271 ablatio
1631 4219 1884 4284 simplex,

315 4286 430 4342 sive
474 4289 710 4354 negatio,
746 4295 805 4338 ut
829 4286 969 4339 Deus
997 4299 1102 4338 non
1147 4295 1229 4339 est
1262 4289 1423 4355 lapis,
1460 4304 1567 4340 nou
1599 4290 1881 4353 irascitur,

313 4369 364 4410 et
395 4359 594 4410 similia
647 4356 1074 4423 hypotheticam,
1139 4367 1194 4409 ut
1225 4360 1396 4426 magis
1449 4371 1556 4408 non
1605 4367 1687 4410 est
1742 4358 1882 4410 Deus

315 4427 522 4490 ebrius,
576 4440 736 4492 quam
784 4441 888 4478 non
947 4435 1028 4478 est
1088 4423 1340 4480 sermone
1375 4426 1674 4493 explicatus
1716 4441 1878 4494 supra
1916 4423 1959 4476 D

316 4505 612 4562 utrumque
631 4511 799 4564 genus
822 4495 1109 4562 positionis
1130 4495 1499 4564 etablatiottis
1521 4506 1603 4548 est
1635 4495 1798 4556 Deus,
1823 4497 1889 4549 de

315 4566 400 4618 his
430 4562 654 4634 Dionysi
691 4579 811 4631 Cttp.
837 4578 892 4615 ιιι
916 4564 1146 4634 Myrtich
1170 4562 1416 4634 Theolog.
1447 4567 1501 4618 In
1529 4565 1889 4632 positionibus

317 4633 706 4704 bypotheticis,
736 4634 1054 4704 quiamagis
1108 4633 1216 4704 Deo
1267 4633 1622 4693 conveniunt,
1653 4635 1738 4686 illa
1771 4650 1892 4688 sor-

317 4701 525 4756 tiuntur
558 4705 689 4756 illud
726 4701 922 4770 magis,
963 4709 1021 4753 ut
1059 4701 1228 4769 magis
1254 4713 1338 4756 est
1380 4704 1518 4757 Deus
1556 4705 1687 4764 vita,
1724 4719 1887 4770 quam

317 4790 429 4836 aer,
456 4786 650 4826 contra
675 4787 802 4823 vero
825 4778 875 4824 iu
901 4772 1286 4836 ablatiouibus,
1307 4788 1428 4840 quae
1450 4774 1738 4827 remotiora
1759 4784 1890 4826 sunt

317 4858 345 4893 a
375 4843 481 4895 Dco
517 4842 785 4908 recipiunt
814 4843 1006 4905 magis,
1038 4851 1094 4894 ut
1117 4845 1413 4910 magisnon
1449 4844 1700 4896 irascitur
1725 4841 1887 4904 Deus,

319 4928 482 4976 quam
518 4927 628 4980 non
660 4911 996 4978 intelligitur.
1031 4912 1240 4965 Rursus
1264 4926 1383 4979 cap.
1405 4927 1439 4965 tt
1470 4912 1704 4980 Mystica:
1732 4910 1895 4964 Theo-

322 4981 426 5049 log.
463 4999 476 5033 :
514 4979 842 5043 l’ositiones,
878 4981 1076 5048 inquit,
1127 4991 1254 5033 sunt
1287 4979 1627 5049 quzecuuqite
1675 4983 1726 5033 in
1791 4983 1898 5034 Deo

321 5053 596 5112 dicuntur,
625 5059 683 5102 ut
708 5052 755 5102 ei
783 5051 1050 5113 convenit,
1074 5059 1132 5103 ut
1158 5065 1276 5109 ens,
1307 5061 1435 5114 vita,
1455 5053 1637 5105 lumen
1665 5060 1717 5104 et
1738 5051 1842 5102 alia
1881 5066 1894 5101 :

323 5122 624 5173 ablationes
651 5129 833 5172 autem
865 5133 1204 5186 quacunque
1251 5133 1279 5169 a
1323 5120 1429 5173 Deo
1465 5126 1639 5174 aliena
1700 5135 1902 5187 negan-

326 5201 431 5252 tur,
471 5200 525 5242 nt
552 5205 660 5242 non
689 5197 775 5242 est
800 5203 994 5257 corpus
1022 5187 1190 5248 Deus,
1224 5203 1328 5240 non
1359 5192 1561 5252 anima,
1592 5204 1690 5242 nec
1741 5191 1900 5257 qutd-

326 5274 485 5325 quam
518 5275 706 5312 eorum
741 5274 863 5326 qua:
913 5263 964 5310 iu
1005 5258 1370 5325 cognitionem
1401 5261 1620 5313 cadunt.

398 5327 479 5398 (2)
511 5328 869 5382 Dissimilibus
905 5327 1380 5398 nominationibus.
1439 5329 1738 5382 Dissimiles
1792 5343 1897 5381 no-

331 5397 656 5454 minationes
681 5408 839 5454 vocat
895 5412 1015 5465 qua:
1041 5397 1230 5449 dicunt
1264 5399 1330 5451 de
1391 5413 1448 5452 re
1479 5413 1600 5466 quae
1651 5409 1752 5461 est,
1788 5416 1895 5452 nou

340 5467 465 5537 quid
495 5470 585 5537 sit,
621 5471 715 5523 sed
747 5468 874 5537 qttid
907 5469 1143 5537 ιιοιι-δὴ,
1178 5469 1324 5534 quod
1348 5478 1425 5520 est
1467 5469 1753 5522 dissimile.

412 5536 488 5602 (³5)
530 5536 714 5590 Tacita
741 5535 978 5592 traditio.
1015 5535 1261 5591 Traditio
1296 5542 1507 5592 occulta
1545 5537 1899 5594 sacerdotalis

422 5705 494 5772 ia)
527 5703 582 5758 in
613 5709 856 5759 centuria
881 5703 937 5768 ‘2,
972 5719 1088 5773 cap.
1128 5703 1215 5757 59.

2000 3951 2227 3994 vocatur
2250 3941 2472 3992 traditio
2501 3941 2874 4008 apostolorum
2910 3939 3032 3992 sine
3062 3939 3284 4006 scripto.

2071 4013 2148 4079 (ti)
2197 4005 2598 4078 Affirmationrs
2630 4025 2750 4061 rere
2802 4025 2902 4062 non
2923 4005 3245 4079 congruunt.
3282 4005 3561 4076 Tanquam

1997 4078 2165 4138 falsae.
2195 4083 2321 4148 quia
2354 4095 2518 4148 supra
2548 4080 2645 4132 has
2669 4088 2768 4138 est,
2803 4089 2887 4131 est
2918 4078 3078 4140 Deus,
3098 4087 3156 4130 ut
3185 4092 3290 4130 non
3316 4087 3402 4148 est
3432 4088 3563 4131 sua-

1996 4145 2227 4213 stantia,
2259 4152 2348 4202 sed
2385 4145 2544 4217 supra
2581 4148 3112 4218 substantiamrnou
3144 4157 3227 4200 est
3283 4147 3414 4218 vita.
3456 4150 3560 4199 ’δαί

1994 4235 2154 4288 supra
2191 4219 2374 4283 \‘ilatn;
2406 4232 2459 4270 et
2498 4220 2614 4270 ideo
2635 4234 2743 4271 non
2777 4217 2997 4288 deliniri
3025 4224 3223 4281 potest,
3273 4217 3398 4284 quia
3429 4218 3561 4288 tit'ii-

1995 4286 2128 4342 uitio
2158 4300 2371 4342 constat
2397 4304 2458 4341 ex
2492 4289 2866 4350 allirmatione,
2903 4297 2954 4340 et
2988 4286 3100 4352 ipse
3151 4297 3233 4340 cst
3282 4294 3446 4354 supra
3480 4287 3564 4338 al-

1995 4359 2350 4422 lirmatiunes,
2381 4375 2501 4425 rpite
2539 4358 2586 4410 ei
2615 4373 2720 4410 non
2754 4363 3082 4424 congruunt.
3116 4424 3120 4425 ν
3357 4353 3366 4354 ί
3446 4423 3456 4425 ξ
3583 4353 3590 4361 ’

2059 4430 2134 4497 (ὕ)
2181 4429 2353 4493 Quam
2386 4423 2641 4496 negando.
2683 4427 2836 4480 Verbi
2863 4423 3058 4492 gratia,
3082 4424 3125 4477 si
3146 4432 3418 4493 qutnratur
3445 4423 3558 4478 bis-

1994 4514 2232 4567 qutnque
2251 4509 2384 4566 quot
2408 4500 2574 4551 sunt?
2604 4497 2909 4565 expeditius
2942 4504 3026 4548 est
3077 4499 3431 4567 respomt‘ere,
3470 4497 3564 4544 de.

1994 4556 2110 4621 eem
2144 4556 2485 4630 aliirinando,
2539 4556 2700 4633 quam
2736 4570 2914 4618 dicere
2952 4556 3239 4630 negando:
3274 4556 3389 4616 Non
3437 4574 3566 4616 θυι-ι

1998 4638 2119 4707 tria,
2151 4653 2258 4691 non
2312 4648 2568 4707 quatuor,
2621 4650 2728 4690 non
2758 4637 3017 4705 quinque,
3078 4649 3189 4686 non
3251 4633 3462 4703 viginti,
3513 4647 3566 4686 et

1995 4706 2270 4775 deinceps.

2066 4778 2143 4843 (6)
2175 4771 2249 4830 λε
2276 4777 2448 4830 omnia
2479 4791 2595 4844 qute
2624 4792 2727 4828 non
2751 4783 2891 4826 sunt.
2920 4771 3076 4844 Prius
3095 4772 3334 4826 dixerat:
3361 4772 3425 4824 Et
3450 4786 3568 4824 o-m-

2001 4842 2088 4899 nia
2119 4842 2238 4913 qua:
2273 4848 2377 4900 sub
2409 4842 2629 4899 sensum
2691 4853 2742 4896 et
2774 4846 2876 4898 sub
2905 4842 3311 4911 intelligentiam
3341 4844 3563 4913 cadunt;

2004 4912 2144 4968 idem
2176 4931 2323 4970 nunc
2349 4919 2411 4966 ἐκ
2436 4914 2780 4983 παραλλήλου
2825 4913 3082 4972 declarat,
3120 4927 3243 4965 cum
3301 4915 3372 4964 ait
3416 4929 3430 4964 :
3489 4912 3567 4963 Ac

2004 4986 2187 5037 omnia
2212 5000 2335 5052 quas
2369 5000 2476 5036 non
2504 4995 2655 5038 sunt;
2685 4984 2797 5036 haec
2818 4985 2960 5036 enim
2988 4983 3314 5050 respondent
3350 4983 3568 5036 sensili-

2007 5057 2130 5114 bus.
2155 5068 2271 5121 quae
2294 5062 2503 5107 veteres
2528 5054 2781 5107 dicebant
2811 5068 2914 5106 non
2943 5067 3084 5113 esse,
3118 5059 3177 5103 ut
3209 5066 3329 5119 quae
3351 5065 3566 5103 omnem

2009 5131 2364 5178 mutationem
2389 5135 2670 5190 caperent,
2693 5133 2743 5174 ct
2769 5138 2872 5174 non
2898 5136 3110 5190 semper
3134 5123 3186 5174 in
3211 5123 3400 5174 eodem
3425 5128 3566 5190 statu

2009 5201 2212 5245 essent.
2301 5192 2369 5245 Et
2432 5187 2493 5245 ea
2557 5209 2672 5260 qua:
2725 5203 2868 5245 sunt.
2931 5187 3054 5244 Haec
3107 5191 3436 5260 respondent
3500 5187 3563 5236 ml

2014 5262 2102 5314 illa
2127 5263 2231 5317 sub
2287 5263 2695 5330 intelligentiam
2732 5263 3000 5315 cadentia.
3036 5259 3369 5313 lntcllectilia
3423 5270 3566 5308 enim

2005 5333 2169 5384 iidem
2205 5343 2600 5403 _veteresiesse
2627 5332 2924 5403 dicebant,
2975 5332 3175 5399 quippe
3204 5344 3322 5403 qua:
3351 5337 3570 5403 θεωρεῖ

2001 5411 2182 5454 essent
2203 5401 2527 5455 itmnortalia
2556 5402 2828 5455 voluntate
2853 5398 3108 5462 auctoris,
3131 5409 3182 5451 et
3199 5398 3568 5471 substantiam

2003 5486 2110 5523 non
2143 5481 2438 5525 mutarent.
2472 5473 2699 5539 Proprie
2732 5471 2894 5538 igitur
2923 5480 3048 5524 sunt
3085 5462 3438 5520 intellectilia.
3466 5463 3570 5512 bo-

2011 5557 2263 5610 rnonyme
2293 5552 2480 5597 autem
2509 5541 2755 5596 setisilia.
3579 5541 3582 5545 ’

3435 302 3543 365 774
3621 359 3624 363 ,
