4078 6274
512 314 616 376 775

1666 297 1995 361 JOANNIS
2035 257 2604 359 crrimssmra
2766 290 2771 296 ‘
2851 340 2891 358 κ

3633 294 3745 381 ιτβ

509 420 766 476 stantiam
828 423 882 468 et
945 411 1359 488 iijtclligcntiam
1414 418 1514 474 cst,
1571 407 1869 477 ignorando
1915 406 2072 460 adni-
2102 406 2248 466 ΑΕΧ
2269 406 2521 459 omnibus
2561 404 2863 474 igitiirquze
2884 405 3143 459 hactenus
3167 404 3307 459 dicta
3329 406 3751 470 sunt,tirmissi-

511 519 626 561 tere
658 507 735 575 (i)
766 522 779 557 :
816 514 906 557 tua
941 503 1082 556 enim
1124 503 1312 561 libera,
1342 504 1515 576 soluta
1575 508 1625 552 et
1695 513 1829 567 pura
1877 513 2065 551 avoca-

517 600 667 652 tione
696 612 727 649 a
784 609 1013 665 corpore
1041 592 1187 646 etab
1218 591 1471 644 omnibus
1526 592 1687 644 rebus
1725 589 1792 643 ad
1861 590 2072 643 radium

515 684 1096 757 suprasubstantialem
1155 681 1744 737 divinasobseuritatis
1806 678 2074 734 detractis

514 779 767 832 omnibus
804 785 856 827 et
906 774 974 827 al)
1020 773 1275 827 omnibus
1337 772 1620 839 expeditus
1651 771 1961 824 adducet-is.
2000 772 2078 824 Ac

514 884 703 922 rursus
727 868 864 919 idem
896 867 1070 935 capite
1102 864 1343 919 secundo
1373 883 1384 915 :
1419 864 1473 916 In
1530 865 1650 929 hac,
1705 863 1898 933 inquit,
1948 863 2081 916 cali-

513 959 657 1029 gina,
687 973 803 1026 quae
841 957 1018 1009 luiui-n
1072 957 1259 1017 vincit,
1299 964 1356 1008 iit
1404 971 1501 1007 nos
1533 958 1728 1019 simus,
1774 970 2077 1021 precamur,

513 1059 567 1103 ct
625 1060 681 1101 ut
747 1062 851 1100 non
922 1048 1153 1122 videndo
1206 1057 1259 1101 ct
1323 1047 1648 1115 ignorando,
1699 1047 1980 1100 videamus
2028 1055 2082 1100 et

515 1158 936 1216 cognoscamus,
969 1151 1022 1194 et
1046 1157 1169 1194 eum
1198 1142 1287 1209 qui
1319 1152 1401 1194 est
1437 1156 1600 1208 supra
1633 1155 1797 1209 quam
1824 1141 2081 1194 substan-

516 1236 611 1300 tia,
641 1250 804 1303 supra
828 1231 1184 1287 substantiam
1210 1233 1514 1297 laudemus,
1542 1232 1795 1285 omnibus
1823 1232 1983 1286 rebus
2016 1232 2083 1284 ab

519 1343 585 1379 eo
628 1325 921 1394 separatis.
958 1335 1005 1377 et
1041 1325 1183 1377 illam
1221 1314 1505 1389 caliginem
1558 1323 1817 1388 divinam,
1869 1339 1986 1393 qua:
2016 1323 2084 1387 ab

523 1418 670 1468 omni
702 1417 910 1468 lumine
937 1415 1079 1484 quod
1114 1414 1165 1466 in
1208 1414 1368 1466 rebus
1418 1422 1516 1476 ist,
1570 1413 1861 1481 obtegitur,
1891 1428 2084 1466 cerna-

524 1524 666 1561 nius.
693 1507 967 1560 Eiiieruiii
1007 1506 1143 1559 idem
1172 1506 1224 1558 in
1280 1506 1508 1571 epistola
1542 1507 1720 1573 prima
1764 1504 1831 1558 ad
1868 1506 2085 1572 Caium,

523 1600 794 1662 'l'enehra,
830 1600 1028 1669 inquit,
1062 1598 1268 1651 lumine
1300 1597 1550 1650 aufertur
1580 1613 1608 1650 e
1637 1606 1932 1665 conSpectu
1964 1614 2086 1651 oni-

517 1691 693 1753 niuni,
720 1700 774 1742 et
804 1689 1024 1757 copioso
1057 1688 1261 1741 lumine
1291 1688 1461 1755 magis
1511 1686 1745 1739 aufertut
1782 1704 1797 1751 ;
1825 1685 2091 1753 cognitio-

522 1798 617 1836 nes
650 1781 909 1835 anferunt
962 1780 1352 1850 ignorantiam,
1408 1787 1463 1831 et
1518 1778 1707 1830 multa!
1749 1778 2088 1846 cognitiones

520 1876 691 1938 inagis
734 1873 910 1926 adhuc
931 1872 1202 1924 auferunt.
1259 1870 1379 1922 lla-c
1417 1870 1691 1936 snperlate
1744 1869 1843 1935 (2),
1880 1877 1934 1923 et
1980 1885 2088 1923 non

520 1967 799 2036 privanter
851 1963 1179 2032 intelligi-iis,
1230 1963 1525 2030 pronuntia
1596 1962 1897 2025 verissime,
1945 1961 2090 2029 quod

520 2057 611 2127 qui
645 2055 842 2109 habent
873 2056 1015 2123 quod
1057 2064 1137 2106 est
1165 2054 1342 2105 lumen
1375 2050 1475 2125 (5),
1510 2061 1562 2105 ct
1594 2052 1792 2106 habent
1818 2064 2092 2106 creatura-

523 2165 642 2204 rum
673 2148 1062 2218 c0gnitionem,
1098 2147 1226 2198 latet
1248 2160 1341 2197 eos
1374 2144 1642 2212 ignoratio
1666 2144 1760 2197 Dei
1794 2144 1894 2214 (ι),
1926 2156 1977 2199 et
2010 2155 2088 2199 te-

524 2240 691 2294 iicbra
731 2241 851 2307 ejus
914 2235 1286 2304 suiiraposita.
1322 2245 1373 2287 et
1397 2234 1769 2288 omiiiluniiiie
1800 2237 2090 2305 obtegitur,

523 2333 669 2384 omni
705 2329 1015 2397 ceguitione
1048 2326 1370 2381 subducitur
1398 2344 1410 2391 ;
1440 2334 1493 2378 et
1516 2328 1558 2379 si
1584 2328 1709 2394 quis
1740 2325 1907 2380 Deum
1939 2328 2090 2391 viilit,

523 2433 578 2480 et
609 2422 865 2489 cognovit
893 2420 1033 2490 quod
1074 2420 1227 2479 vidit,
1256 2434 1363 2470 non
1397 2419 1534 2472 vidit
1558 2418 1744 2486 Deum,
1765 2422 1859 2476 sed
1887 2422 2091 2492 aliquid

522 2525 895 2577 creaturarum
925 2514 1063 2580 ejus.
1100 2520 1151 2563 et
1178 2526 1363 2564 eorum
1393 2527 1512 2579 qua:
1544 2514 1857 2578 cognitione
1913 2515 2092 2584 perci-

533 2603 757 2664 piuntur
789 2617 803 2654 :
836 2602 951 2669 ipse
978 2608 1154 2652 autem
1184 2612 1346 2665 supra
1389 2610 1619 2651 nieiitein
1647 2609 1698 2650 et
1730 2599 2092 2653 substantiam

527 2701 848 2747 constanter
868 2688 1221 2752 nianeiis,lioc
1238 2688 1352 2755 ipso
1374 2689 1516 2755 quod
1537 2702 1708 2755 neque
1724 2688 2092 2757 cognoscitur,

530 2796 624 2836 nec
650 2791 754 2844 rst,
783 2788 862 2833 est
884 2792 1046 2846 supra
1085 2776 1465 2837 substantiam,
1498 2783 1552 2829 et
1578 2790 1736 2845 supra
1758 2786 1988 2830 mentem
2011 2792 2093 2830 co.

527 2873 829 2944 giioscitur,
849 2880 902 2923 et
920 2870 1007 2922 illa
1027 2868 1274 2921 iiieliorei
1299 2868 1549 2921 universa
1575 2868 1845 2935 ignoratio
1858 2870 2096 2937 cognitio

2176 514 2260 554 ine
2285 499 2851 565 constat,theolopiaiu
2868 498 3228 566 geiiciatiinin
3257 511 3489 565 quatuor
3505 503 3750 568 partibus

2180 592 2390 645 versari
2421 606 2437 644 :
2477 591 2839 661 symbolieam
2884 591 3105 659 quidem
3145 592 3197 644 in
3233 590 3449 645 duabus
3479 591 3746 658 partibus.

2181 680 2512 749 imaginibus
2545 682 2772 744 scilicet,
2826 690 2882 736 et
2921 683 2971 734 in
3009 670 3231 747 verbis,
3272 681 3750 735 demonstrativam

2180 787 2309 825 vero
2364 774 2417 824 in
2451 772 2638 825 alteris
2665 772 2898 836 duabus,
2916 772 3133 826 scilicet
3160 770 3214 825 in
3247 772 3540 836 aientibus,
3573 780 3627 825 et
3656 788 3753 825 ne-

2180 862 2436 933 gantibus
2461 882 2474 916 :
2504 864 2648 931 quod
2682 872 2863 917 autem
2886 869 2970 916 est
3001 862 3140 915 ultra
3165 877 3326 924 quam
3356 863 3488 924 haec,
3516 861 3583 914 ad
3607 863 3751 929 igrio-

2119 1024 2123 1028 }
2181 956 2446 1009 rationem
2476 955 2590 1019 Dei,
2612 956 2702 1023 qui
2733 971 2908 1024 neque
2937 954 3215 1024 cognosci,
3251 971 3424 1023 neque
3450 955 3618 1009 videri
3654 970 3756 1023 po-

2183 1048 2553 1116 testpertinet,
2578 1063 2697 1115 quae
2724 1046 2940 1115 quidem
2972 1062 3075 1098 non
3099 1056 3182 1100 est
3212 1045 3380 1114 posita
3400 1061 3525 1115 pars
3545 1048 3760 1100 theolo-

2184 1141 2302 1208 gim,
2318 1156 2437 1209 qua:
2454 1141 2595 1193 enim
2624 1150 2746 1192 nata
2759 1150 2859 1195 est.
2878 1148 2934 1191 ut
2948 1152 3107 1206 supra
3125 1146 3357 1191 mentem
3377 1151 3426 1191 et
3445 1152 3755 1192 Sermonem

2185 1241 2237 1284 et
2260 1234 2523 1284 rationein
2552 1233 2884 1298 perﬁciatur,
2917 1232 3010 1282 ubi
3042 1244 3160 1283 eam
3191 1230 3539 1283 collocahnnt
3565 1231 3655 1297 qui
3691 1230 3773 1283 i'e'

2200 1325 2302 1378 hac
2337 1338 2394 1375 re
2428 1324 2719 1391 quaerunt?
2770 1325 2869 1375 nisi
2915 1324 3053 1375 hanc
3113 1332 3343 1390 paitem,
3387 1324 3757 1390 cogii‘iiioui-m

2201 1425 2364 1480 Supra
2431 1420 2672 1464 mentem
2712 1425 2908 1465 vocare
2938 1420 3181 1465 Statuant
3219 1420 3422 1464 ouines'
3468 1412 3590 1466 illos
3622 1427 3760 1480 prae-

2190 1503 2368 1557 claros
2396 1514 2448 1556 et
2473 1504 2691 1558 divinos
2714 1504 2877 1567 viros,
2917 1507 3036 1573 qui,
3083 1505 3298 1558 ut'mibi
3330 1508 3561 1570 videtur,
3598 1520 3665 1559 ex
3696 1521 3761 1555 eo

2194 1597 2342 1663 quod
2370 1596 2516 1649 illam
2536 1596 2747 1675 experti
2774 1605 2919 1661 sunt,
2945 1611 3141 1650 nomen
3166 1612 3214 1651 ei
3235 1597 3633 1660 iiididerniit,et
3650 1613 3758 1650 non

2194 1704 2261 1751 es
2308 1688 2781 1742 demonstratione
2803 1690 3078 1757 quapiam.
3105 1688 3432 1756 Conjuiictio
3463 1691 3609 1744 enim
3635 1706 3760 1743 cum

2195 1778 2302 1832 Deo
2322 1795 2484 1847 supra
2519 1792 2776 1843 tuentem,
2814 1780 2863 1832 id
2894 1792 2999 1844 est,
3034 1780 3242 1850 ingredi
3272 1796 3367 1848 per
3402 1780 3758 1850 ignorantiam

2192 1870 2489 1939 perfectam
2530 1871 2584 1923 in
2621 1872 2749 1924 illud
2785 1872 3076 1933 inﬁnitum,
3124 1879 3178 1925 et
3202 1873 3345 1940 quod
3374 1872 3759 1941 comprehendi

2194 1977 2303 2017 non
2358 1974 2551 2030 potest,
2574 1973 2625 2016 et
2666 1964 2717 2015 in
2755 1963 2978 2031 pelagus
3028 1963 3352 2017 immensum
3386 1973 3594 2017 natune
3617 1964 3760 2033 ejus,

2191 2068 2245 2112 et
2277 2058 2366 2112 ubi
2399 2058 2577 2111 omnis
2609 2067 2805 2109 natura
2844 2056 3134 2125 defatigata
3171 2056 3317 2110 sistit
3344 2071 3425 2118 se,
3445 2066 3499 2109 et
3529 2058 3761 2112 ulterius

2193 2147 2443 2218 progredi
2477 2162 2583 2200 non
2615 2145 2800 2207 audet,
2838 2145 2985 2213 quod
3013 2160 3043 2198 a
3089 2146 3275 2199 divino
3307 2146 3539 2214 quodam
3570 2146 3763 2210 odore,

2192 2250 2246 2294 et
2274 2240 2506 2309 quadam
2547 2254 2578 2293 a
2603 2253 2830 2307 corpore
2860 2250 2912 2292 et
2941 2252 2971 2291 a
2998 2238 3264 2292 creaturis
3314 2238 3671 2299 avocatione,
3705 2237 3760 2291 in

2195 2331 2524 2386 laudabilem
2584 2340 2638 2383 et
2664 2330 2883 2383 beatum
2922 2338 3144 2393 statum,
3177 2343 3283 2383 nou
3314 2330 3489 2384 solum
3522 2330 3762 2383 admira-

2194 2422 2357 2476 bilius
2371 2438 2535 2490 quam
2556 2421 2661 2474 dici
2685 2422 2876 2489 possit,
2899 2420 2989 2475 sed
3005 2436 3166 2490 quam
3195 2420 3446 2489 intelligi,
3466 2421 3761 2488 aliquando

2196 2513 2451 2577 restituit,
2485 2513 2823 2580 conjiinctio,
2864 2513 3108 2579 inquam,
3143 2512 3256 2565 haec
3286 2528 3409 2566 cum
3446 2512 3555 2567 Deo
3591 2527 3760 2578 supra

2196 2595 2455 2665 menteiii,
2484 2612 2536 2656 et
2598 2602 2868 2671 ujusniodi
2896 2602 3076 2655 divina
3104 2604 3356 2666 exstasis,
3379 2602 3524 2655 nulla
3555 2602 3763 2670 species

2198 2695 2481 2762 theologia:
2532 2703 2663 2747 tunc
2693 2701 2974 2745 numerata
3004 2702 3107 2746 est.
3142 2691 3335 2746 Omnis
3357 2692 3502 2745 enim
3533 2692 3762 2746 scientia

2198 2790 2253 2837 et
2306 2782 2648 2844 informatio,
2678 2796 2867 2835 eorum
2900 2796 3061 2835 causa
3088 2797 3205 2847 qua:
3236 2783 3486 2835 sciuntur
3509 2793 3560 2835 et
3587 2780 3763 2835 infor-

2199 2889 2437 2938 mantur,
2480 2878 2535 2931 lit
2568 2894 2582 2941 ;
2622 2877 2710 2931 ubi
2738 2887 2916 2930 autem
2943 2876 3075 2955 nihil
3109 2877 3301 2929 borum
3329 2887 3430 2939 est,
3454 2891 3571 2945 qum
3601 2875 3764 2944 hujus

529 2976 605 3017 est
626 2964 747 3030 ejus
781 2961 873 3029 qui
893 2968 976 3034 est
995 2973 1157 3027 supra
1187 2957 1367 3010 on.nia
1404 2973 1523 3025 qum
1549 2959 1599 3010 in
1622 2959 1981 3026 cognitionem
2011 2974 2101 3011 ca-
2130 2974 2172 3033 ρ
2207 2969 2451 3021 sciemus
2481 2983 2572 3020 ars
2604 2967 2967 3021 εεδραίερηάδ
2997 2967 3123 3021 est?
3151 2966 3220 3020 υι
3250 2966 3411 3034 ἰδίων
3456 2967 3596 3021 hanc
3637 2982 3765 3034 par.

529 3053 683 3105 dunt.
707 3051 767 3102 Et
790 3032 1008 3103 sanctus
1026 3048 1288 3099 Maximus
1312 3065 1325 3101 :
1351 3044 1499 3098 Hanc
1513 3047 1705 3111 solam,
1723 3048 1917 3117 inquit,
1938 3049 2102 3103 habet

529 3140 675 3195 hens
699 3156 878 3194 veram
904 3139 1282 3205 cognitionem,
1310 3152 1416 3189 non
1438 3139 1708 3205 cognosci.
1730 3137 1804 3190 Ex
1826 3140 1907 3191 his
1933 3151 2097 3205 patet,

533 3231 708 3285 Deum
765 3244 882 3283 esse
934 3242 1099 3298 supra
1148 3242 1363 3278 omnem
1402 3226 1815 3280 allii-innationem
1853 3238 1905 3281 et
1936 3245 2095 3298 nega-

532 3326 753 3386 tionem,
793 3329 845 3374 et
875 3333 973 3372 nos
1021 3319 1196 3371 solum
1247 3318 1549 3385 ignorando
1585 3319 1841 3386 perfecte.
1893 3332 1947 3374 et
1984 3339 2091 3374 non

529 3413 781 3478 videndo,
804 3424 1135 3479 cognoscere
1166 3417 1394 3473 eum,ct
1448 3409 1517 3464 de
1576 3424 1642 3463 eo
1693 3410 2088 3481 philosophari.

2201 3068 2305 3113 tein
2352 3058 2596 3126 repetitis
2626 3058 3286 3125 capitibusexpediamus,
3332 3059 3761 3112 demonstratum

2197 3160 2281 3203 est
2348 3151 2619 3218 duplicem
2674 3163 2801 3203 esse
2868 3149 3194 3216 theologiam
3256 3150 3760 3212 demonstrativam;

2200 3240 2397 3294 deinde
2428 3241 2573 3308 quod
2612 3255 2710 3294 nec
2744 3241 2858 3294 haec
2900 3240 3018 3293 sine
3046 3248 3173 3309 typo
3212 3250 3267 3291 rt
3309 3240 3594 3308 a-iiiginate
3644 3257 3765 3295 cei--

2210 3333 2393 3395 nitur;
2430 3332 2590 3384 tertio
2647 3330 2962 3384 necessario
3007 3332 3324 3387 conclusum
3354 3340 3458 3392 est,
3503 3332 3557 3384 in
3613 3331 3764 3384 omni

2204 3423 2476 3491 theologia
2512 3424 2720 3477 versari
2747 3421 3012 3497 rationein
3044 3424 3250 3485 speculi
3279 3430 3331 3476 ct
3360 3438 3441 3476 acu
3467 3432 3707 3492 gmatuni
3747 3441 3761 3474 :

2024 3554 2301 3621 Scholia.

602 3680 652 3751 (1
665 3697 697 3751 )_
712 3676 1022 3751 ignorando
1054 3679 1311 3751 adn’i'tei-e.
1356 3677 1633 3747 Nusquam
1660 3681 1847 3751 magis,
1883 3681 2094 3736 aitsan-

531 3748 654 3807 ctus
683 3748 971 3809 Maximus,
994 3748 1233 3803 declarat
1259 3748 1544 3818 Dionysius
1568 3751 1696 3817 quid
1727 3748 1795 3804 sit
1825 3767 1918 3818 per
1943 3752 2096 3818 igno-

534 3830 765 3875 rantiam
812 3834 1148 3886 cognoscere
1199 3818 1387 3889 Deum,
1429 3834 1593 3885 quain
1631 3834 1749 3886 cap.
1788 3836 1823 3873 ii
1858 3819 2099 3889 Mysum:

538 3888 852 3968 Theoloqt'a',
914 3890 1057 3968 et_i_ii
1091 3887 1345 3968 epiSt._§,
1395 3892 1492 3968 ,Μ’
1524 3890 1851 3968 Dorotlieiiin
1890 3887 2096 3968 :Vl‘f'ota,

536 3963 731 4028 inquit,
764 3973 884 4025 cap.
908 3974 944 4010 ii
977 3955 1213 4026 )lystica:
1247 3955 1562 4024 Tlieologi'a',
1615 3959 1716 4028 hoc
1740 3973 1862 4011 esse
1890 3961 1991 4011 sub
2016 3962 2100 4011 di-

537 4026 721 4082 vinam
753 4034 1043 4095 caligine-iu
1081 4028 1310 4095 iiigiedi,
1333 4042 1437 4077 non
1463 4026 1691 4079 videndo
1714 4035 1767 4078 et
1804 4029 2100 4095 igiiuiando

535 4102 717 4153 videre
785 4107 839 4151 et
895 4112 1226 4163 cognoscere
1264 4096 1409 4162 quod
1437 4105 1520 4148 est
1546 4110 1708 4163 supra
1738 4108 2014 4162 aspectum
2046 4108 2102 4150 et

542 4168 937 4236 iognitioucni,
996 4167 1196 4236 videte.
1232 4165 1477 4231 inquam,
1523 4174 1577 4217 et
1631 4166 2104 4236 i-ognoscei'e_boe

540 4234 681 4304 ipgo,
709 4240 849 4303 quod
890 4251 996 4304 non
1031 4234 1275 4285 videmus
1304 4248 1481 4304 neque
1520 4234 1923 4304 cognoscimus.
1953 4234 2018 4291 Et
2050 4237 2102 4289 iii

541 4296 701 4373 epist.
727 4296 758 4357 ὗ
797 4307 861 4356 ad
888 4301 1247 4374 Do_i°_otlieuin,
1302 4296 1448 4353 illam
1493 4296 1899 4374 caligiiieiii,iii
1939 4320 2102 4374 quant

541 4371 817 4452 ingressus
844 4383 932 4452 est
960 4371 1263 4452 Moysesin
1306 4381 1489 4452 monte
1524 4374 1577 4425 in
1604 4372 1787 4452 Modo
1816 4371 2101 4452 (θερίζω),

543 4435 927 4509 ἰιιῖεηιιοειειιυι·
988 4435 1275 4510 Dionysius
1325 4444 1550 4510 niysnce
1577 4458 1697 4495 esse
1744 4435 2101 4510 ignorantiam
2132 4435 2181 4493 D

546 4515 728 4570 istam,
764 4526 868 4578 qua
901 4511 1033 4562 dicit
1055 4509 1223 4562 Dium
1255 4509 1529 4578 cognosci,
1564 4513 1634 4564 ita
1666 4521 1724 4564 ut
1759 4509 1810 4564 iii
1854 4514 1941 4567 illa
1970 4513 2101 4566 eali-

543 4597 667 4646 gine
686 4582 752 4634 sit
771 4584 861 4648 qui
880 4581 1106 4633 habetur
1122 4581 1317 4647 dignus
1336 4594 1394 4632 ut
1411 4598 1533 4635 vere
1555 4587 1725 4634 rideat
1741 4592 1793 4634 et
1812 4594 2106 4648 cognoscat

544 4653 735 4714 Deum,
759 4652 860 4703 hoc
882 4651 998 4719 ipso
1016 4655 1157 4717 quod
1183 4668 1289 4702 non
1321 4652 1464 4703 \‘tdet
1482 4668 1655 4720 neque
1677 4663 1979 4717 Cognoscit,
2007 4654 2108 4707 hoc

551 4737 723 4788 ipsum
756 4737 1111 4787 cognoscens,
1133 4729 1272 4787 quod
1302 4733 1384 4773 est
1416 4737 1576 4786 supra
1607 4725 1786 4775 on.nia
1821 4724 2104 4776 intellecti-

544 4794 635 4853 lia,
673 4801 725 4842 et
753 4793 994 4844 sensilia.
1032 4791 1218 4842 Divina
1249 4794 1426 4857 itaque
1461 4793 1659 4855 caligo,
1685 4795 1758 4843 ait
1786 4791 2100 4861 Dionysius,

541 4871 623 4913 est
655 4861 786 4913 illud
827 4862 1008 4912 lumen
1042 4861 1406 4922 inaccesauin,
1438 4876 1488 4911 iii
1518 4878 1625 4927 quo
1656 4862 1902 4913 habitare
1960 4863 2102 4914 Deus

541 4930 760 4995 dicitur,
802 4930 1075 4983 invisibile
1136 4934 1349 4997 quidem
1403 4942 1617 4998 propter
1683 4945 2101 4997 exsuperantem

540 5001 843 5053 claritatem
872 5011 924 5053 et
988 5004 1291 5054 iiiacessuin
1331 5012 1547 5067 propter
1587 4998 1809 5055 nimiam
1865 5012 1917 5052 et
1940 5015 2104 5067 supra

545 5072 1286 5122 naturainilluiiiiiiatioiieni.
1339 5078 1393 5120 lii
1429 5072 1527 5121 hac
1572 5073 1801 5139 caligine
1856 5071 2104 5138 mystica,

548 5141 599 5193 td
625 5150 729 5203 est,
767 5156 817 5191 in
852 5141 952 5194 hac
987 5140 1385 5193 illuminatione
1421 5140 1831 5206 interpretatur,
1864 5151 1919 5191 ut
1946 5152 2104 5207 paulo

551 5221 677 5261 ante
706 5212 842 5274 disi,
873 5226 994 5263 esse
1029 5226 1153 5263 eum
1194 5226 1286 5277 qui
1322 5225 1425 5277 non
1461 5212 1688 5261 \‘Iticttdu
1720 5221 1769 5259 et
1808 5214 2105 5276 ignorando

549 5290 690 5331 \iitet
755 5296 876 5332 vote
946 5291 1000 5332 et
1055 5276 1334 5348 cognoscit
1400 5276 1590 5329 Deum.
1659 5279 1738 5330 Ad
1797 5278 2103 5347 intelligen-

546 5359 676 5401 dutu
714 5351 856 5418 quod
892 5352 1097 5402 dictum
1133 5359 1236 5413 est,
1289 5350 1340 5401 id
1380 5360 1482 5407 cSI,
1518 5349 1790 5414 quomodo
1817 5350 1990 5415 caligo
2022 5357 2107 5400 est

548 5419 875 5472 illuminatio
910 5431 962 5471 et
998 5422 1303 5487 iguoiantia
1348 5432 1598 5487 cognitio
1639 5432 1651 5467 :
1702 5420 1890 5481 Sume,
1932 5425 2105 5484 inquit

547 5501 770 5543 Sanctus
807 5486 1091 5551 Maximus,
1139 5486 1455 5553 'CXclllplunl
1505 5490 1571 5538 ab
1608 5490 1766 5539 oculo
1817 5502 2101 5552 corporis:

547 5565 688 5626 quod
729 5575 872 5611 enini
904 5559 1064 5611 eilicit
1090 5558 1334 5610 absentia
1366 5556 1608 5616 luminis,
1634 5559 1837 5609 scilicet
1872 5557 2107 5607 vacatio-

462 5642 477 5655 ί
549 5625 668 5679 lieni
694 5644 886 5682 sensus
903 5634 1208 5689 oculorum,
1230 5628 1330 5678 hoc
1350 5625 1513 5677 eﬂieit
1532 5630 1803 5677 intendere
1824 5626 2106 5679 tixeaciein

550 5701 722 5749 oculei
741 5714 825 5749 um
858 5702 1117 5751 adiirsus
1135 5699 1266 5748 solis
1297 5699 1476 5749 radios
1504 5711 1604 5748 inci
1623 5699 1749 5749 iitie.

2274 3686 2349 3758 (2)
2364 3687 2502 3759 Ηατ
2516 3688 2838 3759 superlateet
2861 3703 2962 3742 non
2979 3687 3266 3759 privanter.
3284 3686 3376 3746 Ne.
3399 3687 3593 3755 inquit,
3617 3689 3762 3754 quod

2204 3757 2289 3810 ait
2312 3777 2323 3809 ι
2353 3758 2417 3809 Et
2441 3773 2544 3810 non
2571 3757 2868 3821 Secundum
2894 3758 3274 3825 privationem,
3299 3773 3338 3810 si
3359 3759 3596 3809 cundum
3628 3774 3761 3811 sen-

2206 3843 2326 3881 sum
2349 3840 2691 3881 coniiuunem
2714 3828 3114 3892 intelligendum
3145 3841 3266 3879 esse
3283 3827 3595 3894 suspiceris.
3619 3830 3761 3895 quod

2209 3902 2353 3950 sicut
2410 3898 2643 3949 tenebrae
2693 3898 2898 3949 lumine
2928 3897 3230 3957 solvuntur.
3260 3906 3313 3948 et
3341 3897 3510 3948 multo
3557 3897 3764 3948 lumine

2211 3965 2443 4018 maxime
2472 3967 2775 4029 solvuntur,
2807 3973 2900 4018 aut
2945 3967 3089 4026 sicut
3128 3965 3452 4034 ignorantia,
3504 3980 3625 4033 qua:
3680 3975 3764 4018 est

2210 4040 2445 4088 tenebras
2504 4040 2771 4102 quantam,
2835 4036 3141 4101 cognitione
3194 4037 3421 4094 tollitur,
3487 4048 3539 4087 et
3593 4036 3761 4088 multa

2204 4105 2511 4172 cognitione
2539 4104 2772 4156 maxime
2802 4105 3026 4165 tollitur,
3060 4103 3140 4156 sic
3173 4103 3473 4172 ignorantia
3539 4104 3607 4156 de
3654 4104 3761 4155 Deo

2206 4174 2401 4244 similis
2430 4176 2499 4226 sit
2524 4175 2841 4243 ignorantia:
2862 4189 2955 4241 per
2999 4174 3285 4244 inscitiam,
3325 4174 3432 4225 iiiio
3457 4189 3564 4239 quo
3593 4177 3764 4237 magis

2208 4244 2333 4312 quis
2366 4241 2711 4297 illuiuiiiatur
2749 4245 2803 4297 in
2862 4244 3170 4309 cognitione
3212 4241 3327 4305 Dei,
3367 4255 3421 4312 et
3447 4259 3554 4309 quo
3592 4256 3765 4310 magis

2205 4310 2566 4380 cognitionem
2596 4313 3004 4379 colligiteorum
3037 4326 3157 4378 quae
3185 4321 3329 4371 sunt,
3372 4310 3427 4363 id
3469 4321 3549 4364 est
3602 4312 3763 4363 intel-

2206 4382 2490 4443 lectiliuin,
2530 4392 2581 4434 et
2613 4382 3026 4449 intelligentiam
3070 4383 3407 4448 angelorum,
3455 4380 3676 4447 iiiquaiii
3711 4388 3765 4431 et

2210 4450 2540 4512 animarum.
2573 4465 2634 4504 eo
2669 4452 2839 4519 magis
2861 4451 3158 4503 ascendens
3191 4450 3258 4501 ad
3295 4450 3540 4501 altiorem
3575 4465 3768 4516 cogni-

2207 4521 2406 4573 tionem
2452 4532 2743 4588 cognoscet
2776 4526 2876 4573 hoc
2924 4520 3123 4585 ipsum,
3173 4535 3280 4571 non
3350 4535 3508 4585 posse
3562 4524 3766 4573 scilicet

2206 4591 2615 4657 comprehendi,
2645 4599 2698 4640 et
2729 4589 2991 4657 ignorari,
3021 4590 3197 4657 liiineii
3238 4604 3358 4640 esse
3390 4599 3442 4640 et
3489 4594 3763 4653 cognitio-

2205 4656 2343 4713 nent
2386 4676 2549 4726 supra
2582 4656 2766 4712 omnia
2796 4673 3028 4727 cogniia.
3091 4656 3207 4710 Non
3254 4662 3418 4724 igitur
3464 4668 3764 4711 Secundum

2207 4730 2562 4797 privationem
2614 4732 2815 4781 dicitur
2871 4728 3111 4795 ignorari
3147 4730 3310 4791 Deus,
3343 4729 3434 4778 sed
3465 4738 3763 4780 secundum

2205 4804 2625 4866 superiatioiieni
2683 4799 3028 4866 cognitionis.

2280 4870 2356 4936 (5)
2391 4867 2493 4931 Qui
2527 4868 2716 4919 habent
2745 4868 2882 4937 quod
2906 4877 2980 4919 est
3036 4866 3229 4917 lumen.
3259 4866 3465 4918 Ilabere
3505 4866 3648 4934 quod
3686 4876 3768 4920 est

2206 4935 2389 4988 lumen
2443 4941 2715 5005 signiﬁcat
2758 4935 2965 4989 habere
2999 4949 3360 5004 cognitionem
3405 4938 3646 4990 Vetutatis
3702 4952 3766 4988 ex

2206 5006 2492 5059 creaturis.
3425 5051 3432 5059 .
3752 5014 3775 5042 ’

2277 5077 2352 5145 (Ii)
2388 5075 2539 5127 Latet
2593 5090 2679 5127 eos
2706 5075 2993 5143 ignoratio.
3026 5074 3159 5137 Quia
3209 5090 3381 5142 neque
3429 5078 3608 5127 sciunt
3641 5076 3763 5137 hoc,

2207 5154 2351 5213 quod
2383 5161 2505 5199 eum
2544 5147 2814 5212 ignorent;
2871 5160 2949 5197 sic
2996 5146 3137 5195 enim
3165 5159 3287 5197 cuni
3323 5159 3591 5213 iguOrare,
3624 5147 3765 5212 quod

2134 5266 2143 5285 ,
2207 5230 2443 5269 sciamus
2473 5230 2572 5268 nos
2596 5217 2865 5282 ignorare,
2888 5217 3159 5285 quoddam
3190 5230 3329 5266 scire
3359 5225 3462 5268 est.
3502 5214 3619 5266 Non
3664 5220 3768 5267 ita-

2209 5300 2315 5352 que
2363 5300 2443 5338 διε
2480 5286 2817 5354 ignoramus,
2869 5284 3021 5351 quasi
3050 5283 3187 5336 alius
3219 5284 3418 5351 aliquis
3452 5292 3625 5348 sciat;
3662 5298 3768 5337 non

2206 5355 2350 5406 enim
2385 5356 2493 5407 alio
2523 5357 2729 5407 sciente
2748 5368 2852 5405 nos
2877 5356 3212 5420 ignoramus,
3246 5363 3501 5421 tanquam
3531 5370 3621 5421 qui
3657 5371 3764 5404 non

2207 5425 2561 5477 didicerimus
2583 5428 2727 5490 quod
2769 5434 2915 5475 esset
2939 5428 3187 5488 ignorare
3212 5426 3505 5490 privanler,
3537 5441 3650 5476 sive
3679 5440 3766 5475 se-

2207 5499 2443 5546 cunduni
2477 5495 2858 5561 privationem;
2895 5496 2987 5543 sed
3019 5493 3330 5559 ignoramus
3357 5502 3500 5560 quod
3532 5497 3598 5545 ab
3622 5491 3767 5545 omni

2209 5573 2457 5616 creatura
2502 5566 2805 5631 ignoratur,
2857 5575 2923 5632 et
2944 5576 3091 5613 omni
3124 5572 3384 5614 creaturae
3415 5579 3578 5630 supra
3607 5578 3767 5632 quam

2208 5632 2451 5699 ignotum
2473 5645 2577 5699 est,
2617 5634 2760 5701 quod
2786 5640 2870 5686 est
2917 5631 3165 5699 ignorare
3204 5634 3492 5701 siipeitaie.
