4058 6306
292 315 400 377 ἾἸῚ

1078 318 1311 379 DECAS
1355 317 1468 377 iii.
1506 341 1573 353 —
1611 316 1710 378 DE
1751 315 2052 377 DlViNIS
2100 313 2745 379 EMANATIONIBUS.

3431 314 3608 411 778_

294 439 360 476 ex
397 438 517 495 quo
545 423 895 493 sequebatur,
924 439 1019 479 eos
1037 426 1127 496 qui
1169 426 1350 480 adhuc
1377 426 1429 479 in
1454 440 1679 495 corpore
1702 434 1852 486 sunt,
1882 424 1931 484 Δ
1960 420 2107 476 neno
2142 422 2453 476 continetur
2482 422 2836 489 comparatio,
2872 420 3004 491 quid
3073 419 3305 491 amplius
3360 421 3534 477 valeat

292 529 402 567 non
464 528 621 581 posse
665 515 783 568 sine
835 518 1117 585 corporeis
1169 515 1236 570 de
1302 516 1411 569 Dco
1464 517 1859 586 philosophari;

294 604 487 670 quinto
555 603 693 665 Iuro,
752 619 929 673 neque
975 606 1312 674 phantasiam
1344 604 1461 669 Dei,
1489 606 1541 660 id
1568 615 1651 661 est
1678 608 1863 676 cogni-

290 695 497 746 tionem
526 694 644 760 ejus
682 709 777 762 per
807 704 961 764 typos
992 704 1046 748 ct
1102 697 1364 764 imagines
1409 712 1568 764 posse
1598 691 1697 751 nos
1726 697 1864 750 intc-

298 799 449 851 gram
482 795 532 837 et
566 794 730 837 totam
764 789 1041 855 suscipere
1088 796 1312 856 propter
1345 803 1634 857 corporum
1666 788 1857 842 Ωιιχίοι

288 890 439 937 nem;
467 874 719 943 deinceps
750 887 903 930 sexto
954 877 1149 945 capite,
1194 880 1236 933 si
1282 894 1381 933 nos
1418 881 1487 932 ita
1532 879 1735 933 inlirmi
1771 893 1865 932 su-

289 981 443 1029 mus,
500 982 840 1034 nequaquam
913 970 1279 1037 cognitionem
1340 970 1459 1039 ejus
1512 987 1576 1024 es
1629 971 1863 1025 naturali

285 1057 775 1127 reprmsentatione
817 1067 1104 1126 tentemus,
1151 1070 1246 1116 aut
1301 1076 1424 1116 esse
1463 1062 1639 1132 ipsum
1697 1078 1759 1116 ea
1792 1062 1865 1117 iis

284 1163 411 1217 quae
445 1147 748 1215 intelligunt
804 1156 899 1201 aut
928 1151 1019 1217 qui
1046 1150 1443 1221 intelliguntur,
1467 1150 1863 1218 existimemus;

292 1238 528 1304 septimo
562 1239 737 1306 capite
762 1239 1103 1305 continetur,
1160 1241 1205 1295 si
1278 1255 1455 1311 neque
1503 1255 1613 1303 nos
1642 1226 1866 1310 propter

296 1322 495 1393 corpus
533 1325 708 1399 idonei
755 1340 947 1379 sumus
997 1325 1061 1379 ad
1096 1327 1589 1397 philosophandum
1629 1330 1695 1383 de
1730 1327 1861 1395 Deo,

294 1429 470 1483 neque
512 1415 653 1468 Deus
694 1426 913 1483 propter
945 1418 1735 1488 excellentia:superlationem
1772 1435 1867 1489 po-

289 1515 395 1558 test
446 1510 850 1574 cmnprebenli,
895 1510 1036 1563 uule
1102 1519 1314 1577 Oportet
1352 1527 1572 1568 sumere
1628 1512 1697 1567 ad
1727 1513 1853 1582 piti-

291 1596 684 1664 losophandum
742 1600 808 1651 de
867 1599 973 1653 eo?
1003 1601 1263 1655 concluso
1291 1611 1492 1668 autem,
1540 1602 1862 1659 sumendum

289 1701 411 1741 esse
431 1701 495 1739 ex
531 1688 598 1741 iis
640 1704 761 1756 qua:
792 1700 920 1742 sunt
954 1692 1155 1745 circum
1190 1693 1392 1761 ipsum,
1450 1708 1573 1761 qua:
1639 1693 1858 1761 quidem

286 1789 415 1831 sunt
446 1791 733 1843 creaturae,
760 1781 1103 1848 quaerebatur
1133 1784 1339 1846 deinde,
1375 1797 1444 1837 an
1478 1784 1615 1839 forte
1655 1786 1854 1841 summi

286 1868 520 1939 theologi
556 1871 1028 1939 pratstantioribus
1054 1888 1218 1942 quam
1260 1875 1679 1939 sintereaturae,
1737 1874 1858 1945 phi-

286 1959 646 2028 insoliltantur
680 1978 693 2013 :
734 1971 957 2017 ostenso
992 1972 1173 2017 autem
1214 1966 1336 2029 hoc,
1375 1981 1477 2020 non
1510 1965 1728 2021 aliunde
1755 1966 1857 2022 sci-

284 2053 411 2108 licet
433 2068 595 2122 quam
638 2069 703 2107 ex
754 2056 1018 2110 creaturis
1045 2071 1139 2111 eos
1172 2070 1331 2127 agere
1378 2057 1444 2113 de
1504 2057 1632 2123 Deo,
1685 2059 1860 2129 capite

1967 514 2235 584 theologia
2289 529 2411 585 qua:
2471 525 2650 583 negat,
2703 510 2864 582 quam
2907 528 3029 582 quae
3088 513 3164 568 ait
3208 530 3223 567 :
3269 513 3531 568 concluso

1967 616 2170 670 autem,
2209 607 2380 675 magis
2413 605 2687 675 propriam
2752 604 3078 673 theologiam
3114 619 3237 660 esse
3267 619 3389 674 qua:
3413 619 3535 657 ver-

1962 707 2115 753 satur
2176 696 2229 750 in
2290 696 2651 766 negantibus,-
2676 711 2839 764 quam
2867 711 2988 763 qua:
3024 695 3080 750 in
3134 695 3447 761 aientibus;
3483 703 3538 750 et

1966 791 2112 859 quod
2143 790 2231 844 hic
2266 805 2372 843 non
2406 800 2535 844 sunt
2583 791 2724 844 inter
2768 804 2827 844 se
2844 788 3116 844 contraria
3164 788 3414 857 negantia
3480 797 3535 842 ct

1965 881 2191 944 aientia,
2224 880 2430 934 exstitit
2459 880 2725 933 decimum
2750 891 2906 948 caput
2937 894 3001 931 ex
3038 877 3231 946 positis
3266 893 3278 928 :
3319 876 3364 931 si
3390 877 3535 930 enim

1966 988 2073 1026 non
2112 970 2557 1030 suntcontraria,
2594 970 2921 1037 relinquitur
2951 978 3009 1021 ut
3036 982 3196 1036 aequo
3256 966 3538 1021 intervallo

1964 1065 2135 1116 amitte
2164 1062 2496 1132 theologiam
2532 1062 2639 1115 Deo
2666 1061 2885 1125 absint;
2920 1061 3101 1128 sitque
3135 1061 3350 1113 dentom
3398 1059 3540 1113 Deus

1966 1166 2130 1221 supra
2188 1166 2401 1206 onmem
2438 1149 2781 1220 negationem
2823 1158 2877 1203 et
2929 1148 3366 1213 aﬂirmationem,
3418 1163 3539 1213 quae

1962 1254 2049 1299 est
2075 1244 2312 1315 cognitio
2340 1244 2480 1314 ejus,
2508 1253 2561 1297 et
2584 1242 2886 1310 theologia,
2919 1242 3052 1297 nihil
3089 1241 3343 1297 videlicet
3363 1241 3433 1295 de
3475 1255 3541 1293 eo

1967 1348 2298 1404 cognoscere
2325 1346 2419 1390 aut
2452 1334 2844 1403 philosOphati,
2879 1334 2975 1389 sed
2999 1343 3182 1403 potius
3213 1333 3538 1392 nescientcr.

1972 1434 2028 1479 et
2058 1425 2174 1478 sine
2202 1424 2350 1479 omni
2398 1423 2750 1495 intelligentia
2792 1438 2981 1479 corum
3010 1439 3131 1494 qua:
3185 1423 3541 1493 intelligentia

1966 1514 2363 1585 percipiuntur,
2386 1529 2510 1571 cum
2541 1528 2607 1570 co
2663 1512 2920 1582 conjungi
2952 1522 3005 1568 et
3059 1513 3325 1583 cOpulari.
3367 1514 3545 1569 Aliso-

1968 1606 2080 1660 luta
2112 1607 2272 1673 igitur
2304 1612 2434 1662 sunt
2463 1607 2598 1671 haec,
2617 1606 2691 1659 ita
2723 1614 2781 1660 ut
2809 1604 2942 1658 nihil
2962 1603 3126 1659 desit.
3160 1605 3328 1660 Recte
3353 1614 3536 1661 autem

1972 1696 2233 1766 theologia
2260 1695 2692 1751 demonstrativa
2722 1695 2940 1750 dicatur
2969 1704 3231 1765 tanquam
3280 1709 3348 1751 ex
3395 1695 3537 1750 atlir-

1966 1787 2300 1841 mationibus
2336 1794 2387 1841 et
2416 1784 2794 1854 negationibus
2817 1785 3145 1850 constituta;
3182 1792 3237 1838 et
3260 1785 3418 1860 quia;
3441 1802 3541 1840 su-

1963 1891 2063 1946 pra
2122 1877 2222 1931 has
2277 1874 2346 1929 ad
2387 1875 2533 1929 illam
2591 1872 3021 1943 inexplicabilem
3070 1882 3125 1928 et
3169 1873 3436 1928 occultam
3476 1888 3541 1929 ac

1967 1968 2249 2038 mysticam
2287 1966 2612 2038 theologiam
2644 2003 2660 2032 ,
2693 1979 2831 2038 quae
2862 1965 3383 2022 demonstrationem
3418 1966 3542 2021 viu-

1964 2034 2062 2123 cit,
2085 2060 2346 2116 occurrit.
2476 2034 2494 2038 ⁷
2716 2034 2725 2035 ί
2782 2034 2805 2057 ‘

952 2333 1235 2396 TERTIA
1286 2335 1542 2398 DECAS.
1603 2359 1671 2371 -
1730 2333 1827 2388 DE
1898 2333 2198 2391 DIVINIS
2260 2325 2871 2388 EMANATIONIBUS.

773 2442 1007 2500 CAPUT
1064 2443 1356 2500 PRIMUM.

284 2554 439 2622 Quod
456 2558 655 2625 duplex
679 2564 757 2610 est
785 2557 1074 2626 emunctio,
1104 2573 1207 2610 una
1232 2559 1285 2609 in
1334 2556 1463 2623 Deo,
1486 2559 1657 2613 altera
1676 2569 1849 2626 extra,

673 2627 737 2678 ab
762 2629 871 2693 ipso
898 2625 1006 2678 Deo
1029 2628 1097 2679 ad
1118 2640 1444 2680 creaturam.

362 2715 596 2784 Magnus
649 2717 958 2785 Dionysius,
1008 2719 1190 2786 capite
1255 2718 1496 2772 secundo
1546 2716 1620 2772 De
1658 2719 1857 2776 divinis

290 2808 582 2860 nominibus
615 2822 628 2856 :
660 2804 772 2869 lite,
828 2805 1044 2874 inquit,
1095 2817 1225 2860 sunt
1276 2794 1607 2862 unionesct
1664 2810 1857 2864 distin-

288 2900 496 2949 uiunes
534 2899 588 2948 itt
652 2895 746 2950 illa
788 2896 1046 2949 ittcﬂabili
1107 2898 1310 2950 unione
1347 2906 1404 2951 et
1442 2899 1702 2953 essentia.
1764 2898 1859 2954 Est

291 2998 468 3039 :ttllztn
519 2986 702 3039 divina
765 2986 1045 3041 distinctio
1099 2989 1375 3043 cmanatio
1433 2988 1602 3044 Deum
1658 2992 1856 3048 decens

289 3080 484 3131 dit-ina:
516 3079 757 3143 unionis,
812 3094 935 3147 qua:
996 3094 1161 3149 supra
1208 3096 1367 3149 quam
1416 3082 1583 3146 unite,
1616 3081 1857 3138 bonitate

1952 2449 2021 2503 ad
2054 2464 2112 2503 se
2169 2448 2346 2518 ipsum
2398 2451 2576 2498 motus
2625 2440 2745 2497 sine
2786 2438 3043 2495 distantia
3092 2435 3421 2492 iatcrmodia
3471 2453 3539 2497 ex

1966 2539 2268 2594 αξιοι-κώδια)
2288 2538 2350 2592 in
2384 2545 2637 2589 naturam
2674 2532 2838 2588 trium
2896 2543 3255 2599 peracmrum
3314 2527 3539 2583 desivit.

1960 2628 2088 2684 Haec
2122 2630 2282 2699 igitur
2311 2626 2588 2681 entanatio
2608 2634 2758 2679 mota
2790 2624 2827 2676 a'
2852 2621 3047 2677 dit-ina
3081 2634 3317 2690 persona
3368 2620 3423 2673 in
3454 2620 3540 2673 di-

1960 2722 2121 2774 vinas
2178 2732 2463 2788 personas,
2502 2717 2557 2769 in
2592 2713 2888 2775 Triuitate,
2922 2712 2988 2766 ad
3029 2726 3197 2780 quam
3237 2719 3383 2764 mota
3433 2723 3540 2772 est,

1963 2809 2229 2871 substitit,
2257 2819 2314 2863 et
2341 2808 2640 2861 motionem
2675 2818 2781 2861 non
2821 2814 3062 2857 creatam
3099 2801 3368 2855 exhibuit.
3410 2798 3540 2855 Om-
3586 2792 3597 2807 ‘

1964 2904 2052 2956 nis
2072 2900 2217 2953 enim
2241 2896 2527 2952 emanatio
2582 2895 2645 2948 tlt
2672 2907 2841 2948 causa
2869 2906 3055 2946 eorum
3081 2905 3206 2961 quae
3256 2900 3535 2944 emanant.

1967 2993 2116 3046 'l‘alis
2146 2991 2312 3060 igitur
2341 2996 2426 3044 est
2456 2986 2752 3049 emanatio,
2791 2983 2976 3054 qualia
3006 2992 3136 3039 sunt
3168 2996 3256 3049 ea,
3306 2982 3374 3036 ad
3417 2997 3540 3050 quat

1966 3081 2107 3137 facta
2145 3089 2230 3136 est.
2248 3076 2546 3135 emattatio.
2581 3075 2638 3131 Si
2667 3076 2781 3131 haec
2815 3089 2923 3129 non
2957 3082 3088 3128 sunt
3109 3082 3318 3134 creata.
3344 3080 3399 3126 ct
3453 3071 3535 3124 in-

290 3169 378 3222 Dei
410 3171 822 3237 multiplicatur.
876 3170 1030 3236 Quod
1065 3173 1286 3240 quidem
1327 3174 1640 3230 edisserens
1676 3177 1843 3232 inter-
1879 3186 1921 3245 ο
1956 3172 2307 3243 telligentiatn
2360 3168 2604 3231 vincunt,
2635 3166 2832 3222 similis
2855 3176 2911 3219 ct
2948 3179 3045 3233 par
3081 3171 3164 3217 cst
3204 3162 3286 3218 eis
3317 3176 3539 3217 emana-

283 3277 410 3330 pres
446 3262 571 3315 :1)e
623 3264 1011 3331 inexplicabili,
1074 3265 1273 3334 inquit,
1304 3263 1590 3323 Trinitatis
1628 3282 1853 3323 emana-

279 3359 431 3408 tiune
470 3355 731 3424 usquead
778 3366 887 3410 tres
922 3371 1207 3424 personas,
1238 3356 1654 3427 philosophatur
1687 3374 1853 3426 nunc,

286 3447 430 3511 quod
459 3444 599 3499 Deus
628 3446 853 3500 etPater
879 3448 997 3500 sine
1026 3458 1292 3515 tempore.
1321 3449 1712 3503 convenienter
1746 3449 1856 3505 Deo

284 3548 339 3587 et
377 3545 624 3589 amanter
664 3546 844 3590 motus
878 3538 1145 3604 processit
1181 3539 1247 3591 ad
1283 3538 1691 3594 distinctionem
1729 3555 1856 3609 per-

283 3638 565 3686 sonarum,
619 3626 827 3693 absque
858 3626 1238 3679 inttninutimtc
1277 3639 1333 3681 et
1388 3630 1680 3697 partitione
1714 3632 1766 3683 itt
1798 3647 1857 3687 se

282 3722 405 3767 toto
456 3730 708 3789 manens,
746 3717 962 3783 proprio
994 3717 1111 3785 ejus
1145 3718 1434 3786 splendore
1469 3735 1631 3788 supra
1692 3736 1857 3789 quam

283 3808 456 3869 unite,
482 3817 529 3859 et
563 3823 726 3874 supra
754 3824 915 3875 quam
939 3808 1263 3876 simpliciter
1291 3812 1519 3875 emisso,
1549 3825 1607 3864 ut
1629 3816 1855 3866 exsiste-

282 3906 369 3949 ret
404 3905 661 3964 tanquam
695 3899 873 3965 imago
911 3900 1028 3951 \iva
1058 3916 1073 3963 ;
1112 3910 1165 3952 et
1198 3900 1400 3968 Spiritu
1442 3913 1631 3955 sancto
1659 3916 1722 3955 ex
1758 3902 1859 3956 Pa-

282 3995 365 4038 tre
406 3990 743 4053 \cncrando,
780 3998 834 4040 ct
883 4004 1045 4056 supra
1099 4005 1261 4058 quant
1314 3994 1621 4060 perenniter
1665 4008 1856 4062 proco.

278 4078 464 4136 dente.
518 4079 661 4131 sicut
710 4080 974 4133 Dominus
1008 4081 1165 4133 docet
1194 4080 1283 4133 “z
1337 4079 1431 4133 Dei
1476 4090 1655 4135 autem
1693 4083 1851 4135 boni—

279 4177 389 4219 tate
419 4182 583 4220 causa
619 4170 863 4221 ontniunt
890 4169 938 4218 iu
974 4166 1151 4221 tribus
1187 4170 1434 4235 personis
1457 4170 1656 4223 divinis
1709 4171 1852 4222 mul-

278 4258 522 4325 tiplicata
565 4269 671 4310 est.
730 4260 859 4311 ltcnt
893 4258 1190 4323 Gregorius
1218 4255 1525 4325 TheuIOgns
1562 4258 1851 4326 disputans

276 4361 473 4405 contra
512 4352 834 4422 Eunotniunt
870 4368 885 4403 :
924 4352 1014 4404 Est
1081 4366 1207 4404 vero
1262 4351 1450 4413 etiam,
1511 4350 1703 4419 inquit,
1744 4353 1851 4405 alio

274 4445 438 4496 modo
468 4443 749 4496 distinctio
799 4443 1006 4504 divina,
1060 4440 1331 4494 emanatio
1387 4442 1479 4494 Dei
1521 4444 1591 4497 ob
1623 4443 1846 4497 nimiam

1962 3264 2057 3328 tio,
2093 3278 2213 3333 quae
2240 3263 2303 3316 ad
2337 3276 2401 3317 ea
2435 3261 2552 3331 ipsa
2593 3258 2671 3314 tit.
2707 3258 2774 3311 Et
2820 3266 3077 3328 praeterea
3136 3254 3188 3307 in
3241 3255 3537 3324 suprasub-

1960 3356 2202 3411 stantiali
2236 3353 2503 3408 'l'rinitate
2555 3351 2659 3405 alia
2708 3350 2940 3403 diversa:
2977 3346 3203 3400 rationis
3231 3345 3531 3407 distinctio,

1958 3461 2080 3516 quae
2110 3447 2174 3499 ad
2203 3454 2480 3500 creaturas
2510 3451 2751 3506 emanat;
2773 3451 2827 3494 et
2859 3440 2962 3493 hac
2990 3436 3336 3491 emanatione
3368 3450 3525 3488 erea-

1957 3546 2112 3592 turas
2150 3539 2280 3590 istas
2326 3534 2489 3589 ellicit
2535 3531 2797 3586 Trinitas.
2841 3529 2995 3596 Quod
3054 3528 3100 3582 si
3130 3526 3230 3580 alia
3264 3527 3403 3580 ratio
3441 3540 3527 3580 est

1962 3629 2125 3699 hujus
2148 3625 2537 3688 distinctionis,
2571 3625 2737 3691 liquet
2790 3621 2843 3674 in
2877 3620 2984 3674 illis
3008 3618 3274 3689 ipsiseam
3317 3620 3520 3686 perlici.

1959 3721 2023 3772 ad
2058 3732 2181 3788 quae
2206 3716 2503 3773 emanavit.
2533 3712 2801 3784 Quocirca
2829 3727 2936 3765 non
2971 3719 3053 3764 est
3079 3708 3394 3773 obscurum,
3422 3710 3525 3761 ιω-

1959 3809 2151 3877 plit-em
2171 3821 2292 3862 esse
2331 3804 2760 3867 emanationem,
2792 3816 2958 3854 unam
2988 3799 3202 3867 scilicet
3231 3813 3339 3867 qua
3387 3797 3529 3851 Deus

1957 3911 2010 3953 ct
2040 3898 2196 3952 Pater
2240 3898 2292 3951 itt
2344 3911 2403 3951 se
2436 3896 2668 3950 univoce
2693 3900 2994 3957 metusest;
3024 3891 3275 3953 alteram,
3310 3905 3418 3961 qua
3448 3885 3516 3944 5d

1956 3999 2264 4043 creaturam
2314 3988 2611 4055 aaquivoce,
2648 3985 2698 4038 id
2736 3992 2844 4047 est,
2880 3981 2971 4036 illa
3021 3980 3364 4046 naturaliter,
3420 3982 3520 4034 hac

1953 4079 2273 4131 voluntarie.
2316 4076 2491 4131 Simul
2532 4075 2965 4128 demonstratum
2998 4080 3110 4135 est,
3149 4083 3367 4124 omnem
3412 4072 3524 4125 ilio-

1953 4170 2267 4223 tillCliUllL‘m
2304 4166 2465 4239 hujus
2497 4166 2564 4220 ab
2596 4165 2688 4219 illo
2728 4163 3023 4219 motionem
3072 4158 3363 4230 quamdam
3405 4174 3527 4213 esse

1952 4270 2005 4310 et
2032 4255 2465 4311 disttttctimtcnt.
2526 4290 2529 4291 ν

2565 4366 2794 4423 CAPUT
2834 4366 2899 4421 ιι.

1954 4489 2105 4555 Quod
2141 4492 2312 4543 omnis
2355 4505 2519 4543 causa
2571 4498 2625 4542 et
2676 4498 2852 4542 motus
2902 4496 2952 4541 et
3002 4488 3343 4558 principium,
3390 4488 3528 4555 quod

278 4537 575 4588 bonitatem
618 4537 684 4588 ad
722 4535 1113 4587 tttttililorntcm
1148 4534 1479 4588 creationem
1539 4537 1847 4604 aspectabi-
1875 4546 1927 4607 ι)
1956 4534 2621 4629 ἐ-,ζῆρῑξῖημςρζξῑηξε
2670 4534 3527 4627 λῃξέδῖτ,’⁷9ςτλέῃιλξδξςῖ,τάξις.

269 4625 404 4689 leni,
426 4636 479 4678 et
510 4640 619 4681 noa
655 4626 1061 4692 aspectabilent.
1124 4625 1199 4678 Ex
1237 4626 1322 4679 bis
1351 4638 1533 4679 autem
1570 4627 1629 4679 lit
1661 4629 1835 4682 mani-

268 4717 494 4777 festum,
524 4722 668 4787 quod
698 4720 837 4773 Deus
870 4730 921 4772 et
945 4717 1103 4771 Pater
1122 4719 1187 4771 ad
1220 4734 1316 4772 sua
1352 4718 1621 4771 manando
1642 4717 1840 4771 Filium

270 4810 894 4876 sitprasubstanlialent,
955 4820 1007 4862 et
1071 4810 1334 4878 Spiritum
1394 4822 1668 4876 sanctum,
1731 4813 1842 4866 duo

291 4900 436 4958 trtius
466 4910 517 4952 et
544 4901 781 4966 ejusdem
810 4902 1115 4955 diViJllﬂliS
1143 4902 1345 4955 Iuntina
1384 4903 1612 4957 nnivoce
1642 4915 1834 4973 protu-

337 5028 353 5054 ,
391 4993 538 5043 ttullo
576 4994 736 5045 modo
771 5008 798 5045 a
831 5011 887 5047 se
914 4997 1031 5062 ipso
1057 5003 1170 5047 toto
1199 5009 1471 5059 cgi'eSStts,
1503 4996 1597 5049 sed
1660 4996 1841 5066 potius

340 5158 387 5189 ²⁰
436 5156 590 5211 Juan.
631 5173 717 5211 xv.

2020 4628 2142 4683 cum
2168 4628 2363 4697 effectis
2397 4631 2524 4698 ipsis
2548 4628 2708 4680 sintut
2735 4629 2990 4696 elﬁcilur.

2022 4721 2255 4775 Sanctus
2280 4720 2547 4773 Maximus
2574 4719 2626 4772 in
2654 4720 3104 4788 interpretatione.
3129 4718 3279 4775 illius
3310 4731 3522 4775 sentcn-
3598 4786 3603 4791 ἡ

1954 4811 2040 4871 tia:
2086 4809 2335 4879 Gregorii
2389 4810 2647 4879 'l'heologi
2697 4809 2772 4879 (rt)
2814 4827 2827 4863 :
2865 4808 3092 4878 Propter
3125 4813 3220 4865 hoc
3278 4814 3457 4865 unitas
3496 4832 3524 4859 ιι

1951 4903 2208 4971 principio
2243 4911 2382 4954 motu
2420 4902 2520 4971 (l),
2549 4911 2656 4955 etc.
2692 4917 2707 4954 :
2756 4902 2950 4969 Omne,
2982 4903 3181 4971 inquit,
3224 4904 3353 4957 illttd
3381 4912 3522 4970 qum!

1957 5002 2177 5063 pr0pter
2214 5006 2435 5045 causam
2481 5002 2592 5056 εει,
2626 5000 2681 5047 et
2721 5000 2942 5063 propter
2985 5008 3210 5049 causam
3250 5007 3519 5052 moretur,

1731 5247 2004 5310 Scholia.

336 5378 414 5449 (ι)
460 5378 492 5448 ,Ι
519 5392 691 5447 nptcr
740 5381 832 5429 Iwc
869 5385 1041 5427 mittas
1086 5392 1117 5426 a
1165 5374 1429 5449 principio,
1461 5383 1624 5449 mota.
1654 5373 1830 5449 _ldem

286 5446 465 5500 luitur
491 5446 711 5501 sant-ins
745 5450 857 5497 Max
890 5464 1008 5497 ntus
1047 5461 1379 5512 pt'0~cqatctts
1421 5446 1616 5496 ibidem
1653 5446 1829 5496 locum

286 5535 331 5571 ιι·
363 5531 649 5579 ett-aluus,
683 5534 803 5585 quae
851 5535 877 5568 a
911 5520 1015 5568 lleu
1043 5528 1297 5584 tauquam
1352 5513 1622 5583 principio
1647 5525 1699 5567 et
1731 5514 1835 5567 line

342 5680 415 5739 (rt;
461 5672 511 5723 In
545 5675 710 5740 prima
737 5673 981 5723 oratione
1009 5675 1073 5725 tlc
1103 5671 1257 5734 Filio,
1283 5685 1327 5723 ct
1360 5689 1393 5724 tt
1430 5673 1493 5724 tle
1553 5671 1872 5739 Tltenlogtn.

553 5768 813 5822 I’A‘t‘ttcL.
852 5769 964 5823 (in.
1019 5766 1193 5821 CLII.

1935 5376 2071 5427 liuttt
2101 5385 2153 5437 et
2187 5384 2496 5441 moventur,
2518 5374 3199 5444 sui-jungitconcludendo
3234 5390 3244 5423 :
3276 5372 3388 5424 Una
3418 5372 3517 5444 is:

1946 5454 2035 5496 tur
2060 5453 2142 5497 est
2173 5447 2291 5509 ejus
2322 5440 2597 5513 Quodcst,
2618 5440 3128 5515 'quutttottocunque
3157 5451 3259 5503 est,
3290 5451 3342 5491 ct
3370 5440 3519 5506 quod

1950 5516 2256 5569 secundum
2288 5527 2539 5568 natumut
2578 5526 2845 5577 tnmetut',
2875 5528 3037 5568 causa
3073 5522 3331 5578 tanquam
3367 5523 3515 5576 νηη-

3047 5755 3125 5815 ‘23
