4078 6274
323 307 426 371 ’781

1086 308 1326 378 DECAS
1347 308 1464 369 lii.
1508 310 1695 370 —DE
1751 310 2043 372 DiVlNlS
2077 313 2739 379 EMANATIONIBUS.

3443 316 3555 379 782

325 418 654 482 substantia,
684 429 736 474 et
761 427 886 474 ante
915 435 1130 502 gmnem
1152 431 1459 477 creaturam
1491 438 1554 478 ex
1580 426 1886 478 aeternitate
1917 434 1962 485 Α
1992 436 2124 481 bus:
2158 427 2313 482 Nunc
2345 438 2551 494 autem,
2584 432 2780 500 inquit,
2812 431 3046 486 divinam
3079 431 3446 489 diversitatem
3480 450 3549 488 ne

327 511 594 578 sapientia
625 511 863 571 exsistit,
902 515 1110 566 viarum
1144 513 1261 573 Dei.
1283 530 1404 582 quae
1443 515 1493 568 in
1527 514 1808 571 alliciendo
1836 525 1889 568 et

327 601 658 669 providendo
681 603 1013 668 consistunt,
1045 603 1276 658 eﬂieitur
1299 605 1544 659 cﬂ'cctrix
1571 615 1625 660 et
1653 607 1809 676 origo
1832 615 1886 661 et

325 703 513 751 cauSa,
564 701 789 744 eatenus
839 701 1040 756 tamen,
1084 703 1353 762 quatenus
1400 696 1708 750 creationes
1756 696 1888 751 istas

328 777 517 843 incipit
548 780 753 831 I'nliOIIe
781 795 958 834 causa:
983 790 1035 834 ct
1063 783 1314 853 principii
1346 800 1555 852 earum,
1591 795 1648 838 ut
1677 784 1886 854 princi-

322 869 476 936 pium
508 884 670 939 supra
703 887 866 939 quam
901 875 1244 943 principium.

921 984 1152 1039 CAPUT
1195 987 1292 1063 tu,

331 1069 486 1135 Quod
521 1073 688 1148 omnis
725 1071 994 1148 generatio
1021 1091 1100 1130 est
1129 1080 1406 1148 interjecta
1431 1081 1630 1135 duobus
1652 1122 1668 1145 ,
1703 1091 1750 1136 et
1785 1085 1886 1137 im-

398 1144 639 1205 possibile
672 1157 751 1227 .eal‘
779 1145 911 1227 hunc
941 1148 1188 1227 exsistere
1211 1144 1380 1203 altera
1417 1151 1627 1205 absente
1657 1144 1720 1207 ea:
1758 1154 1916 1227 dum.

404 1217 498 1263 tius
523 1228 638 1279 qua:
665 1213 1026 1268 habitudinem
1057 1218 1282 1282 faciunt.

397 1302 634 1362 Sanctus
682 1308 948 1363 Maximus
997 1312 1052 1364 in
1101 1312 1465 1382 disputatione
1515 1327 1700 1372 cortra
1750 1317 1887 1390 Pyr-

322 1396 504 1458 rlnnn,
557 1398 728 1460 Sicut,
765 1400 961 1468 inquit,
1001 1401 1354 1458 inﬂammatio
1405 1406 1792 1484 inflammatum
1834 1419 1888 1466 α

325 1485 753 1541 inﬂammantem
787 1505 972 1544 sucum
1021 1493 1204 1558 infert,
1258 1505 1310 1549 et
1349 1497 1689 1566 refrigeratio
1722 1502 1886 1554 refri-

323 1588 566 1642 geratum
588 1589 638 1631 et
661 1580 1090 1648 refrigerantem,
1123 1595 1176 1637 et
1209 1587 1346 1641 t-isio
1382 1589 1649 1644 videntem
1687 1601 1740 1645 et
1773 1607 1884 1646 rem

324 1669 518 1729 visam,
557 1678 613 1722 et
656 1669 1011 1738 intelligentia
1063 1674 1455 1746 intelligcnlem
1493 1687 1545 1732 et
1591 1695 1702 1734 rem
1733 1682 1887 1734 intel-

323 1755 514 1808 lectam
536 1761 670 1826 (non
699 1759 843 1812 enim
862 1770 1038 1827 potest
1059 1763 1318 1818 habitudo
1335 1755 1894 1824 sinehabentibusba-
1920 1763 1968 1823 Β

330 1847 627 1900 bitudiucm
647 1849 872 1919 intelligi
891 1860 943 1905 et
960 1853 1311 1922 significari):
1346 1859 1446 1918 sic,
1472 1868 1530 1912 ut
1559 1875 1893 1932 consequens

325 1946 427 1996 est.
460 1939 728 1993 deilicatio
761 1940 1068 1995 deiﬁcatum
1111 1954 1164 1997 et
1210 1945 1547 2000 deitiCantcm
1600 1965 1781 2004 secum
1815 1952 1894 2005 in-

326 2025 500 2080 ducit.
535 2027 821 2084 Et.rursus
851 2030 1016 2090 idem.
1050 2047 1170 2100 cap.
1233 2036 1470 2088 secundo
1496 2039 1668 2093 tertiae
1706 2050 1894 2094 centu-

325 2116 419 2169 rite
449 2134 463 2169 :
499 2117 741 2182 Quorum
787 2136 906 2174 esse
940 2123 990 2175 in
1025 2125 1370 2198 multitudine
1395 2130 1658 2194 Cernitur,
1696 2131 1890 2186 borum

323 2222 446 2261 esse
492 2209 746 2264 tliﬂ'erens
785 2220 838 2264 et
870 2213 1080 2266 varium
1114 2225 1240 2278 est;
1284 2231 1517 2284 quorum
1564 2229 1742 2273 autem
1774 2237 1893 2276 esse

325 2297 585 2352 tiiil‘crens
636 2310 738 2360 cst,
779 2304 971 2354 borum
1018 2303 1279 2358 habitudo
1331 2306 1716 2375 inseparabilis
1764 2321 1890 2377 est;

325 2403 568 2454 quorum.
601 2406 726 2444 vero
767 2393 1026 2452 habitudo
1077 2396 1454 2462 inseparabilis
1477 2408 1582 2461 est,
1611 2403 1888 2470 proprium

324 2488 411 2530 est
441 2481 540 2539 eis,
578 2492 632 2531 ut
663 2496 690 2533 a
726 2497 783 2535 se
818 2485 948 2548 ipsis
987 2495 1176 2539 mutuo
1210 2489 1626 2554 prohibeantur,
1661 2507 1728 2545 tte
1768 2494 1892 2546 infi-

328 2571 440 2623 nita
486 2585 606 2625 esse
639 2576 1016 2629 existimentur
1054 2597 1066 2630 :
1120 2594 1352 2646 quorum
1385 2589 1565 2634 autem
1614 2597 1736 2637 esse
1782 2599 1889 2639 non

324 2672 411 2714 est
451 2664 752 2728 inﬁnitum,
799 2682 984 2721 comm
1029 2669 1256 2733 scilici-t,
1309 2678 1891 2744 quorumlgeneratio-

325 2767 450 2806 nem
497 2759 756 2810 sa-culnm
791 2770 884 2812 aut
929 2771 1138 2830 tempus
1181 2767 1548 2819 antecessisse
1597 2768 1889 2837 cogitatur,

327 2845 496 2912 liquet
527 2861 714 2901 eorum
764 2854 1166 2920 generationem
1201 2869 1322 2907 esse
1370 2871 1434 2909 ex
1481 2871 1546 2909 eo
1593 2859 1736 2924 quod
1783 2875 1888 2913 non

326 2951 465 2991 erat.
498 2939 559 2992 Et
579 2939 817 2996 Joannes
840 2942 1210 2998 Dantascenus
1234 2963 1246 2999 :
1273 2944 1520 3015 Oportet,
1548 2949 1741 3016 inquit.
1770 2965 1890 3016 quas

328 3041 457 3084 sunt
496 3033 561 3084 ad
605 3033 827 3101 aliquid,
877 3036 1284 3104 qualiacunque
1332 3038 1461 3099 sint,
1514 3043 1616 3093 sub
1666 3043 1884 3109 aliquod

327 3121 473 3174 aliud
508 3124 981 3189 praedicamentutn
1012 3131 1290 3190 reducere,
1320 3139 1378 3184 ut
1413 3131 1526 3199 ipsa
1562 3134 1711 3196 prius
1742 3136 1792 3186 in
1824 3149 1883 3188 se

326 3209 785 3274 consulerentur;
829 3221 1035 3280 postea,
1073 3226 1325 3283 tanquam
1371 3219 1748 3274 habitudinem
1783 3222 1882 3275 lia-

326 3299 530 3361 bcutia,
566 3313 704 3368 opus
754 3312 838 3356 est
877 3305 978 3357 sub
1011 3307 1486 3372 praedicatuentum
1523 3325 1714 3364 eorum
1762 3327 1882 3380 qua:

325 3398 454 3442 sunt
480 3391 545 3441 ad
573 3391 799 3459 aliquid,
831 3394 1104 3462 redigere,
1125 3395 1271 3464 Opus
1298 3398 1440 3451 enim
1474 3408 1557 3453 est
1583 3416 1703 3455 esse
1734 3418 1884 3471 qua:-

322 3478 446 3531 daut
480 3482 630 3548 prius
665 3481 856 3544 solute,
893 3491 945 3535 et
979 3494 1163 3552 postea
1197 3486 1528 3544 considerari
1562 3505 1746 3546 eorum
1785 3493 1882 3546 ba-

327 3569 652 3624 bitudincnt.
688 3573 798 3624 lmo
828 3583 882 3627 et
910 3577 1097 3628 beatus
1126 3576 1362 3646 Cyrillus
1389 3597 1402 3632 :
1431 3579 1776 3647 Habiludine,
1802 3584 1883 3637 in-

324 3666 465 3734 quit,
497 3665 559 3714 ad
595 3661 760 3714 Deum
796 3665 1036 3732 adoptati
1068 3667 1186 3732 lilii,
1212 3670 1546 3728 deilicamur.
1572 3671 1649 3726 Ex
1683 3675 1882 3742 quibus

325 3754 579 3815 efficitur,
623 3770 727 3807 non
775 3771 933 3824 posse
971 3758 1110 3821 fieri,
1144 3771 1201 3813 ut
1246 3765 1522 3830 generatio
1571 3767 1878 3834 aliquorum

325 3846 726 3908 consideretur,
764 3847 936 3901 altero
967 3852 1161 3917 quovis
1199 3866 1386 3906 eorum
1417 3869 1538 3922 qua:
1566 3856 1634 3910 ad
1670 3859 1880 3911 habitu-

328 3933 519 3987 dinem-
543 3937 837 4003 pertinent,
866 3942 1101 3995 sublato.
1135 3944 1289 4008 Quod
1325 3945 1537 4012 quidem
1578 3962 1761 4000 verum
1795 3959 1879 4004 est

324 4027 380 4078 iu
437 4028 681 4094 personis
714 4029 938 4094 divinis,
969 4034 1096 4098 quia
1150 4034 1232 4086 lia:
1263 4043 1391 4088 sunt
1445 4047 1676 4102 aeternae,
1714 4040 1876 4093 simul

321 4117 537 4170 scilicet
559 4122 822 4174 exsistere
859 4122 1227 4176 habitudinem
1267 4147 1280 4189 ί
1316 4135 1494 4181 tamen
1525 4129 1576 4181 in
1608 4129 1714 4183 Deo
1745 4145 1794 4186 ct
1822 4135 1874 4186 in

317 4211 585 4263 creaturis
609 4212 721 4280 t'jus
749 4224 928 4278 postea
955 4215 1188 4268 efﬁcitur
1211 4205 1492 4282 ltabittiilo,
1519 4222 1738 4288 quando
1762 4225 1876 4293 ipsa

321 4300 412 4351 illa
443 4317 566 4363 qua:
597 4306 966 4357 balitmliuent
1003 4307 1224 4383 habent,
1249 4308 1542 4375 exsistunt,
1572 4321 1627 4366 ut
1653 4313 1878 4368 deumn-

313 4403 550 4444 staatutn
583 4405 687 4446 «δι.

898 4487 1124 4544 CAPUT
1183 4489 1268 4546 IV.

315 4599 470 4662 Quod
497 4602 744 4653 habitudo
773 4610 820 4653 et
849 4603 1008 4659 motio
1037 4604 1130 4658 Dei
1157 4607 1225 4658 ad
1249 4608 1550 4684 efﬁciendas
1580 4625 1870 4684 creaturas,

383 4680 431 4720 et
447 4674 674 4722 omnium
691 4682 1057 4724 creaturarum
1072 4679 1340 4742 generatio
1358 4689 1404 4731 et
1423 4684 1712 4744 productio.
1735 4674 1875 4738 enm-'-

385 4741 531 4792 nntlo
572 4743 684 4809 ejus
720 4752 768 4794 et
813 4741 1080 4819 operatio,
1145 4759 1377 4807 vocatur,
1424 4741 1488 4800 ἐι
1536 4754 1799 4819 sapientia
1825 4769 1874 4809 et

381 4812 546 4860 virtus
587 4821 634 4888 et
689 4813 1097 4888 magniﬁcentia,
1146 4824 1194 4866 et
1227 4833 1544 4886 quacunque
1585 4812 1651 4871 (id
1683 4827 1881 4888 princi-

379 4880 522 4958 pium
553 4880 753 4930 viarum
781 4882 892 4945 ejus
915 4885 1193 4947 pertinent,
1222 4880 1337 4953 quo:
1381 4880 1708 4944 ex'tttii'nbtt'i
1753 4896 1879 4963 effe-

385 4948 552 5000 ctione
583 4959 824 5001 creatura
839 4967 952 5002 rnm
985 4948 1384 5007 coottoacuntttr.
1557 4969 1562 4974 '

381 5036 608 5105 Magnus
642 5037 927 5107 Dionysius
957 5045 1132 5110 capite
1159 5061 1301 5097 nono
1324 5047 1396 5100 De
1422 5049 1614 5103 divinis
1645 5055 1873 5105 nomini-

1990 519 2334 573 ntulationcm
2382 522 2666 588 quamdam
2721 522 2862 577 illius
2897 523 2986 593 qui
3041 523 3178 577 idem
3220 532 3303 578 est
3349 525 3550 578 immu-

1988 610 2244 675 tabiliter,
2273 625 2391 664 esse
2435 613 2814 682 suspicemur;
2867 615 2959 668 sed
3003 615 3179 684 potius
3217 616 3548 685 multiplica-

1982 700 2190 754 tionem
2236 701 2592 770 singularem,
2640 712 2694 757 et
2728 706 3103 759 cmauationes
3163 708 3436 775 simplices
3480 710 3548 762 ad

1985 788 2190 841 omnia.
2226 787 2452 845 Divinus
2475 790 2760 858 Maximus,
2787 794 2915 846 dum
2949 795 3051 848 hoc
3089 795 3264 863 ipsum
3288 797 3547 864 explicat,

1988 881 2513 952 Multiplicationem,
2547 887 2744 956 inquit,
2769 889 3102 956 singularem
3130 905 3253 942 cum
3284 891 3436 955 dicit,
3464 891 3541 942 in-

1988 973 2231 1040 telligere
2259 984 2470 1044 oportet
2507 976 2672 1030 Deum
2718 977 2770 1031 in
2803 993 2902 1031 sua
2940 980 3289 1047 simplicitate
3327 996 3550 1034 manen-

1986 1073 2092 1117 tem
2109 1064 2428 1134 multiplices
2448 1073 2500 1118 (τι
2513 1067 2686 1121 varias
2697 1068 2904 1137 species
2917 1080 3286 1144 creaturarum
3304 1072 3544 1125 cllict-rc:

1987 1155 2391 1208 emanationem
2417 1157 2560 1208 enim
2588 1165 2746 1210 vocat
2774 1158 2924 1212 illum
2955 1160 3119 1214 veluti
3154 1176 3356 1214 mtuum
3391 1172 3442 1214 ct
3466 1180 3556 1216 ως

1986 1253 2174 1299 natum
2204 1244 2270 1298 ad
2300 1253 2580 1302 creaturas
2611 1247 2978 1304 fabricandas.
3017 1251 3226 1307 Rursus
3257 1254 3398 1307 idem
3432 1255 3556 1307 Dio-

1988 1335 2178 1405 nysius
2209 1337 2385 1405 capite
2413 1337 2608 1405 quinto
2672 1338 2746 1392 De
2769 1341 2961 1394 divinis
2991 1343 3284 1397 nominibus
3311 1362 3327 1400 :
3356 1346 3409 1399 Si
3436 1347 3556 1415 qui-

1989 1429 2131 1490 dem,
2174 1427 2368 1496 inquit,
2404 1445 2566 1483 causa
2597 1433 2838 1484 omnium
2883 1433 2950 1486 ab
2993 1439 3362 1501 emanatioue,
3398 1454 3552 1492 crea-

1994 1527 2237 1571 turarum
2266 1519 2560 1586 effecti-ica,
2593 1531 2647 1575 et
2677 1524 2922 1579 bonitate
2951 1542 3142 1581 exorsa
3173 1567 3187 1592 ,
3223 1541 3269 1582 et
3307 1545 3404 1598 per
3435 1546 3556 1584 om-

1990 1609 2078 1660 nia
2114 1624 2322 1671 means.
2362 1622 2416 1665 et
2446 1624 2642 1667 cuncta
2667 1631 2696 1667 a
2721 1630 2780 1668 se
2805 1616 2918 1685 ipsa
2952 1616 3186 1686 itnplens
3211 1621 3556 1688 exsisteutia,

1993 1710 2044 1751 et
2089 1701 2141 1753 in
2183 1703 2439 1759 omnibus
2473 1708 2744 1760 creaturis
2793 1708 3114 1775 exsultans;
3164 1723 3358 1768 cuncta
3398 1714 3449 1768 in
3498 1733 3557 1771 se

1997 1793 2108 1859 ipsa
2141 1793 2301 1846 habet
2346 1795 2637 1864 anticipata
2667 1797 2780 1866 (l),
2826 1813 2928 1852 una
2975 1801 3243 1868 superlata
3293 1805 3556 1875 simplici-

1996 1890 2102 1934 tate
2124 1897 2340 1937 omnem
2374 1886 2746 1954 duplicitatem
2777 1889 3096 1947 excludente
3129 1909 3144 1957 ς
3187 1907 3376 1950 cuncta
3405 1900 3556 1952 simi-

1994 1973 2118 2026 liter
2147 1976 2390 2031 c0ntinet
2421 1977 2684 2034 infinitate
2732 1995 2832 2034 sua
2866 1997 3028 2050 supra
3060 1999 3222 2053 quam
3273 1987 3508 2056 simplici
3536 2007 3551 2054 ;

1991 2076 2046 2120 et
2092 2067 2161 2120 ab
2211 2070 2481 2125 universis
2535 2073 2691 2127 unice
2736 2073 3114 2144 participatur.
3154 2077 3326 2144 Quem
3375 2082 3550 2136 locum

1993 2174 2184 2214 rursus
2235 2159 2504 2216 adnotans
2557 2164 2696 2218 idem
2743 2167 2835 2235 qui
2886 2169 3076 2237 prius:
3113 2167 3554 2240 Entana'tioueut,

1996 2249 2192 2316 inquit,
2229 2261 2391 2306 vocat
2420 2267 2526 2306 non
2559 2254 2732 2308 solum
2771 2272 2829 2310 se
2873 2261 3252 2329 contemplari,
3285 2267 3379 2315 sed
3431 2263 3554 2316 fnu-

1993 2336 2121 2390 dere
2153 2355 2235 2398 se.
2265 2349 2318 2394 et
2346 2355 2549 2405 meare,
2583 2350 2636 2397 et
2680 2355 2963 2402 creaturas
2995 2349 3222 2404 etlieere.
3255 2353 3319 2405 Et
3358 2352 3551 2406 iterum

1990 2429 2173 2482 adhuc
2201 2431 2340 2486 idem
2380 2433 2667 2505 Dionysius
2690 2439 2868 2507 capite
2897 2441 3139 2496 secundo
3172 2442 3556 2499 Ecclesiastictu

1991 2518 2300 2573 lucrare/tite
2324 2537 2343 2575 ι
2390 2521 2457 2577 Ut
2486 2525 2653 2588 enim,
2689 2525 2883 2597 inquit,
2917 2532 3213 2598 praeclarus
3246 2543 3430 2588 noster
3460 2537 3555 2589 do-

1991 2618 2110 2663 ctor
2137 2611 2297 2676 dixit,
2335 2616 2542 2681 primus
2573 2617 2791 2686 quidem
2824 2634 3002 2676 motus
3034 2626 3230 2679 tuentis
3257 2630 3321 2679 ad
3350 2627 3554 2689 divina,

1989 2708 2074 2754 est
2113 2704 2328 2757 dilectio
2377 2703 2516 2771 Dei;
2570 2722 2738 2762 sacrte
2789 2725 2916 2764 vero
2960 2714 3264 2772 dilectionis
3317 2723 3555 2772 tuana"o

1987 2807 2204 2844 summa
2237 2808 2300 2846 ac
2343 2796 2578 2848 maxime
2609 2798 2861 2867 princeps
2889 2801 2953 2856 ad
3003 2802 3311 2862 faciendum
3368 2823 3555 2865 sancte

1993 2885 2244 2936 mandata
2272 2885 2476 2949 dicina,
2505 2899 2587 2941 est
2623 2892 2903 2958 generatio
2928 2894 3016 2950 illa
3051 2910 3265 2952 summe
3295 2904 3546 2969 mystica.

1995 2989 2102 3040 qua
2134 2975 2360 3036 ellieitur
2388 2985 2445 3030 ut
2467 2978 2639 3032 simus
2669 2981 2869 3038 divine.
2897 2983 3122 3057 Magnus
3154 3005 3282 3043 vero
3321 2990 3554 3048 Basilius

1911 3106 1954 3164 Ω
1991 3066 2044 3118 in
2066 3067 2333 3122 adnotatis
2350 3083 2380 3122 a
2401 3080 2586 3125 sancto
2607 3072 2855 3139 Maximo,
2878 3077 2942 3131 de
2962 3081 3198 3148 energia,
3222 3093 3412 3138 contra
3443 3083 3553 3138 Mu-

1990 3159 2311 3214 notbelitass
2331 3159 2490 3215 Aliud
2523 3165 2716 3232 inquit,
2743 3177 2826 3222 est
2853 3168 2941 3236 qui
2961 3180 3234 3238 operatur,
3262 3174 3404 3228 aliud
3431 3190 3555 3243 np...

1986 3249 2144 3314 ratio,
2167 3249 2310 3303 aliud
2333 3266 2506 3322 opus;
2535 3269 2598 3307 ac
2625 3259 2859 3312 maxime
2885 3260 2987 3312 ista
3016 3263 3153 3315 inter
3179 3278 3237 3315 se
3256 3265 3509 3330 dim-runt
3537 3285 3579 3324 :.

1985 3353 2216 3407 operans
2246 3341 2384 3394 enim
2410 3353 2493 3397 est
2518 3344 2609 3413 qui
2646 3347 2711 3400 ad
2742 3349 3075 3414 operandum
3105 3362 3353 3405 movetur
3383 3373 3396 3420 ;
3425 3371 3553 3422 opt-—

1989 3430 2128 3482 ratio
2154 3440 2236 3484 est
2281 3434 2444 3488 veluti
2475 3433 2654 3490 motus
2684 3440 3049 3507 operator-ius,
3099 3442 3343 3511 ipseque,
3379 3457 3435 3500 ut
3469 3447 3541 3500 ita

1987 3515 2201 3584 loquar,
2234 3530 2464 3576 conatus
2518 3524 2812 3578 voluntatis
2848 3527 2912 3578 ad
2960 3530 3295 3594 operandum
3337 3533 3538 3602 aliquid

1984 3608 2210 3662 tendens
2233 3620 2284 3663 et
2331 3620 2584 3681 spectans
2607 3653 2622 3676 ,
2670 3623 2724 3670 et
2752 3617 2909 3670 simul
2952 3628 3010 3672 ut
3041 3620 3232 3675 electio
3265 3623 3404 3678 facta
3440 3636 3546 3688 e-t,

1981 3700 2266 3768 quiescens
2291 3716 2356 3755 ac
2386 3704 2662 3770 desinens,
2694 3717 2746 3761 ct
2773 3709 2882 3763 cito
2915 3721 3057 3764 mota
3101 3727 3165 3768 ae
3191 3719 3503 3782 pneteriens
3532 3743 3542 3770 ς

1982 3805 2146 3858 opera
2185 3784 2490 3860 vero'suut,
2523 3810 2642 3864 quae
2677 3797 2776 3853 hac
2815 3804 3128 3868 operatione
3165 3807 3541 3875 perﬁciuntur,

1981 3890 2034 3934 et
2069 3881 2189 3934 inde
2212 3882 2504 3962 casistunt.
2536 3887 2603 3941 Et
2633 3887 2773 3942 idem
2807 3907 2995 3947 rursus
3023 3893 3074 3946 in
3109 3898 3377 3962 secundo,
3413 3915 3546 3954 cou-

1983 3984 2065 4026 tra
2102 3957 2428 4030 Eunoinium
2458 3995 2469 4029 :
2497 3976 2800 4034 Potentiam
2832 3985 3000 4050 enim,
3026 3985 3216 4056 inquit,
3249 4000 3302 4044 ct
3331 3994 3546 4060 sapien-

1980 4067 2133 4128 tiam,
2165 4079 2327 4138 atque
2351 4079 2545 4131 artem,
2581 4087 2686 4126 non
2722 4084 2899 4128 autem
2947 4077 3116 4145 ipsam
3155 4079 3247 4134 Dei
3289 4087 3544 4138 subtau-

1983 4159 2109 4212 tiam
2140 4160 2239 4230 (2),
2269 4161 2514 4218 indicant
2537 4175 2823 4231 creatura',
2851 4171 2958 4224 imo
2984 4189 3080 4229 nec
3105 4175 3277 4246 ipsius
3301 4183 3544 4235 anctmis

1981 4257 2148 4302 totam
2199 4252 2493 4317 potentiam
2538 4259 2849 4313 necessario
2900 4265 3230 4332 ostendunt;
3277 4273 3547 4342 contingit

1977 4341 2120 4394 enim
2157 4342 2473 4412 aliquando,
2508 4358 2565 4401 ttt
2604 4351 2798 4404 artifex
2851 4369 2956 4407 non
2992 4371 3181 4413 omnes
3219 4363 3358 4416 vires
3416 4341 3543 4418 suae

1905 4453 1949 4507 ι)
1980 4429 2031 4482 in
2066 4429 2130 4484 iis
2157 4447 2277 4500 qua:
2309 4432 2458 4493 facit,
2489 4438 2744 4503 collocet,
2792 4443 2921 4509 qttin
2953 4447 3137 4512 potius
3174 4459 3546 4518 supenttmcru

1982 4520 2034 4572 in
2067 4523 2477 4591 operationibus
2506 4529 2639 4583 artis
2668 4546 2782 4583 sua),
2815 4535 3060 4589 remissis
3090 4539 3296 4595 viribus
3331 4555 3532 4598 utatur.

1978 4611 2054 4666 Ac
2095 4629 2282 4668 rursus
2333 4615 2515 4672 idem:
2570 4619 3023 4692 Amplitudinem,
3076 4630 3275 4699 inquit,
3327 4636 3440 4702 Dei,
3486 4649 3540 4691 et

1980 4705 2275 4770 potentiam
2308 4723 2370 4762 ac
2403 4711 2750 4778 sapientiam,
2784 4727 2894 4767 tum
2933 4717 3229 4773 bonitatem
3270 4734 3321 4777 et
3355 4729 3536 4792 provi-

1977 4794 2237 4860 dentiam,
2266 4814 2371 4866 qna
2405 4815 2503 4854 nos
2531 4796 2807 4869 procurat,
2835 4816 2881 4858 ct
2907 4805 3173 4874 justitiam
3206 4812 3395 4878 judicii
3420 4819 3543 4885 ejus

1976 4882 2213 4960 dicimur
2244 4901 2592 4955 cognoscere,
2634 4907 2738 4944 non
2771 4897 3134 4965 antctnipsam
3155 4903 3536 4965 substantiam.

1984 4969 2180 5025 lterum
2207 4975 2347 5028 idem
2385 4973 2620 5031 Basilius
2653 4980 2703 5032 in
2734 4985 2984 5038 oratione
3015 4988 3080 5044 de
3110 4975 3374 5062 principio
3404 4996 3535 5051 Pro-

1977 5064 2286 5117 verbiorum
2315 5083 2326 5117 :
2357 5065 2460 5132 Qui
2489 5073 2789 5138 cognoscit,
2821 5076 3015 5144 inquit,
3043 5096 3104 5132 ex
3148 5082 3348 5138 faluica
3381 5087 3539 5142 mun-

1758 5148 1938 5209 Schol
1953 5151 2028 5214 ia.

379 5234 457 5300 (-l)
526 5235 863 5309 Anticiptztu,
927 5237 1060 5291 dicit
1129 5253 1352 5309 propter
1415 5244 1562 5301 ideas
1616 5251 1861 5304 omnium

306 5314 680 5386 CI'CﬂlUrtlt'ttlrt‘t
730 5308 794 5386 it_t_
822 5307 951 5386 lteo,
979 5307 1142 5386 quas
1169 5307 1468 5386 Apostolus
1493 5321 1864 5386 προορισμούς

307 5380 491 5451 vorat,
527 5384 586 5453 ut
615 5374 696 5458 _S.
753 5374 1028 5458 Maximus
1079 5381 1147 5458 in.
1180 5374 1400 5458 scltoliis
1458 5384 1508 5436 in
1538 5374 1864 5458 ὐἰόιιγέίιιιιῖ

309 5447 543 5522 notavit,
576 5443 624 5493 id
661 5457 764 5524 est.
803 5450 1310 5524 przeordinationes,
1343 5452 1458 5506 sive
1491 5443 1869 5524 praedetinitiov

309 5527 430 5580 "(15’
460 5513 572 5580 sive
603 5516 1133 5580 prtedestinationes.
1296 5513 1305 5517 ⁷
1386 5555 1394 5562 ·
1492 5513 1506 5524 ι
1789 5542 1794 5544 ’

375 5579 454 5651 (2)
492 5579 607 5632 Non
647 5594 818 5637 autem
861 5589 1024 5649 ipsum
1063 5587 1160 5640 Dei
1211 5590 1583 5648 substantiam.
1634 5595 1749 5649 Non
1798 5599 1872 5651 si-

310 5650 572 5717 guiticaut
611 5663 895 5717 creatum,
929 5655 1068 5709 sicut
1099 5674 1272 5727 neque
1322 5664 1538 5717 nomina
1576 5667 1653 5720 eis
1705 5650 1874 5738 impo—

1968 5259 2093 5344 sita,
2140 5261 2335 5344 bonus,
2388 5267 2632 5335 sapiens,
2670 5277 2721 5344 et
2765 5271 2986 5337 similia,
3024 5277 3111 5330 Dei
3146 5281 3532 5344 substantiam.

1970 5331 2062 5380 sed
2100 5331 2500 5416 opermioneni,
2545 5331 2764 5416 quando
2795 5331 3531 5416 consideramuscreatura;

1971 5407 2244 5486 q‘uateu'us
2291 5405 2885 5486 baln-nt_perfectiones
2920 5415 3006 5486 Dei
3040 5420 3389 5486 participatas
3422 5405 3475 5475 et
3506 5405 3532 5476 ᾗ

1978 5465 2099 5550 Deo.
2122 5469 2374 5550 clfeetas._
2399 5465 2598 5550 quibus
2647 5465 3016 5544 significandis
3041 5465 3281 5541 rumnitia
3329 5465 3475 5545 sunt"

1978 5538 2132 5617 nobis
2167 5555 2314 5625 prius
2364 5538 2640 5612 imposita.
2679 5538 2923 5625 Quando
2941 5569 3070 5625 vero
3099 5571 3162 5608 ex
3217 5558 3346 5625 ipsis
3385 5538 3538 5614 crea:

1981 5611 2116 5697 tuti-is
2170 5614 2242 5686 atl
2305 5611 2584 5697 auctorem
2657 5611 3129 5697 contortiplamlum
3191 5611 3535 5697 detlucitnur,

1980 5677 2340 5735 substantiam
2407 5687 2526 5755 ejus
2591 5689 2746 5741 nobis
2808 5677 3072 5756 indicant,
