4078 6274
295 357 405 423 785

303 491 367 530 ac
404 481 586 527 motus
619 472 918 526 idcm°sunt
949 491 961 526 :

301 580 359 621 ut
389 566 651 619 habitudo
679 573 733 619 et
765 578 943 619 motus
981 563 1072 618 Dei
1123 566 1188 618 ad
1221 565 1530 619 eﬂicirudas
1559 575 1863 630 creaturas,

299 663 352 709 et
379 671 468 709 ars
497 666 549 708 ct
580 655 845 724 sapientia
879 663 930 708 et
965 655 1201 722 potentia
1232 666 1283 710 et
1315 656 1597 726 generatio
1643 665 1865 710 creatu-

300 762 509 810 rarum,
540 756 592 802 et
624 748 901 801 etnanatio
929 756 982 800 ot
1009 731 1254 813 Operatio
1290 747 1408 814 ejus
1436 745 1575 800 idem
1610 746 1740 800 sint.

913 859 1142 916 CAPUT
1186 857 1252 913 V.

304 973 457 1037 Quod
507 988 828 1041 qurecuuque
885 972 1072 1026 habent
1126 972 1385 1026 rationem
1420 969 1762 1035 Operatiom’s.
1815 980 1864 1041 et

374 1039 544 1096 medio
591 1059 701 1096 esse
755 1043 1082 1108 probamur,
1117 1051 1312 1096 natura
1344 1055 1437 1107 per
1479 1056 1542 1102 se
1577 1056 1678 1092 non
1725 1039 1865 1093 exsi-

370 1123 547 1175 stunt;
577 1124 625 1166 et
654 1122 773 1164 sunt
806 1111 1162 1174 solummodo,
1198 1119 1453 1180 quatenus
1495 1111 1649 1176 ﬁunt.

375 1205 598 1274 Magnus
625 1203 858 1257 Basilius
884 1203 1020 1257 libro
1043 1213 1259 1272 quarto,
1281 1201 1480 1256 Contra
1516 1199 1865 1254 Eunomium:

303 1297 382 1360 Si,
421 1298 616 1366 inqttit,
643 1311 782 1364 opus
805 1305 883 1350 est
912 1294 1099 1360 Filius,
1133 1302 1188 1349 et
1219 1309 1324 1346 non
1355 1309 1599 1366 germen,
1648 1307 1745 1347 nec
1773 1291 1866 1360 qui

299 1399 557 1456 operatus
592 1398 693 1450 est,
728 1404 825 1442 nec
852 1388 1095 1456 operatio
1137 1395 1218 1440 est
1245 1387 1395 1456 ipse;
1428 1385 1570 1440 aliud
1605 1385 1748 1438 enim
1781 1394 1868 1440 est

298 1481 543 1549 operatio
595 1490 787 1549 prattcr
829 1480 965 1546 ista;
1020 1479 1218 1548 alioqui
1277 1493 1380 1550 non
1434 1478 1720 1532 exsisteret
1773 1493 1869 1547 per

299 1589 389 1638 se;
432 1573 575 1626 milia
617 1574 761 1625 enim
797 1573 1044 1642 Operatio
1090 1586 1184 1640 per
1214 1586 1272 1625 se
1319 1569 1556 1624 exsistit.
1611 1570 1707 1623 Sin
1741 1584 1868 1623 vero

297 1675 375 1718 est
426 1680 570 1733 opus.
603 1666 799 1733 ipsum,
846 1664 1090 1732 sequitur
1135 1671 1192 1716 ut
1240 1662 1308 1716 sit
1354 1662 1544 1717 tertius
1577 1679 1638 1715 ex
1682 1661 1868 1723 Patre,

296 1770 352 1811 et
386 1774 494 1811 non
530 1758 647 1811 sine
688 1757 1032 1822 intermedio,
1068 1765 1150 1810 est
1181 1755 1324 1808 enim
1358 1755 1556 1824 primo,
1598 1755 1688 1824 qui
1739 1769 1867 1823 ope-

299 1861 452 1903 ratus
473 1859 572 1914 est,
602 1857 786 1918 postea
811 1848 1077 1916 operatio,
1099 1857 1154 1902 et
1184 1847 1254 1900 ita
1285 1849 1445 1902 tertio
1474 1862 1611 1916 opus
1638 1845 1861 1900 factum.

298 1946 364 1999 Et
395 1946 575 2000 Basilii
608 1947 774 1999 lrater
802 1945 1091 2016 Gregorius
1127 1942 1423 2014 Nyssenns,
1453 1943 1591 1998 libro
1626 1943 1866 1997 secundo

298 2039 739 2108 Coufntationum
791 2053 1026 2105 arguens
1088 2037 1454 2103 Eunomium,
1521 2036 1610 2105 qui
1668 2035 1864 2090 Filium

298 2134 480 2188 aiebat
505 2146 626 2186 esse
659 2131 895 2199 sigillum
935 2126 1270 2199 operationis
1300 2127 1396 2184 Dei
1429 2128 1819 2198 omnipotentis
1848 2146 1862 2183 :

297 2225 564 2291 Tertium,
597 2225 790 2294 inquit,
823 2223 952 2277 furit
991 2233 1115 2291 post
1164 2221 1377 2277 Patrem
1431 2222 1519 2275 illa
1553 2221 1869 2291 operatione

300 2334 407 2372 non
471 2333 565 2385 per
601 2332 661 2372 se
717 2317 1016 2372 exsistente
1069 2316 1440 2370 intermedia:
1490 2315 1601 2370 imo
1654 2315 1870 2368 videtur

300 2409 482 2465 facere
515 2424 639 2463 eum
694 2422 801 2462 non
845 2422 987 2463 esse.
1034 2407 1101 2462 Et
1131 2406 1326 2462 iterum
1362 2408 1413 2461 in
1451 2409 1639 2462 eodem
1677 2408 1816 2460 libro
1849 2424 1864 2461 :

300 2501 405 2566 Qui
459 2499 641 2563 habet,
699 2499 897 2568 inquit,
929 2513 1094 2554 aures
1134 2497 1414 2563 audiendi,
1472 2497 1870 2551 animadvertat

299 2604 356 2646 et
386 2592 695 2646 consideret
724 2590 867 2659 quod
907 2598 995 2646 est
1033 2589 1367 2658 operationis
1395 2589 1652 2658 sigillum.
1677 2588 1868 2644 Omnis

299 2687 446 2740 enim
475 2686 720 2755 operatio
750 2673 990 2739 cernitur
1034 2681 1088 2736 in
1129 2681 1447 2738 elaborante
1476 2682 1704 2750 aliquid,
1749 2696 1870 2751 per-

305 2779 450 2832 tecto
479 2788 660 2832 autem
689 2777 836 2846 quod
889 2775 1293 2838 elaborabatur,
1334 2789 1443 2828 non
1493 2773 1709 2828 exsisdt
1750 2791 1764 2827 :
1815 2783 1872 2827 ut

301 2869 550 2939 operatio
614 2869 883 2932 cursoris,
937 2882 1060 2938 quae
1121 2877 1204 2924 est
1265 2876 1444 2920 motus
1493 2864 1584 2934 qui
1644 2864 1871 2933 pedibus

301 2963 611 3026 coniicitur,
667 2963 979 3030 quiescente
1023 2970 1193 3027 mptu,
1229 2975 1336 3013 non
1380 2959 1616 3026 amplius
1659 2955 1872 3012 exsistit

302 3056 567 3125 operatio.
601 3054 863 3108 Similiter
894 3051 1183 3107 dicendum
1215 3051 1377 3106 estin
1425 3050 1574 3102 omni
1607 3047 1872 3102 exercita-

1075 355 1314 417 DECAS
1355 348 1474 418 Ill.
1512 383 1581 392 -
1622 356 1718 418 DE
1752 355 2054 419 DlVlNIS
2085 356 2741 420 EMANATIONIBUS.

1015 487 1076 526 ac
1113 471 1340 530 proinde
1391 488 1734 544 consequens
1763 481 1867 537 est,
1903 476 1942 532 Α

3428 358 3538 421 786

2570 473 2802 529 CAPUT
2860 473 2942 527 Vl.

1971 585 2121 650 Quod
2148 587 2284 640 sicut
2313 589 2546 655 operatio
2583 597 2660 643 est
2691 605 2869 642 eorum
2911 605 3029 654 qua:
3061 588 3217 655 ﬁunt.
3246 597 3293 642 et
3321 605 3539 641 emana-

2039 656 2320 727 (iocorum
2357 673 2473 726 qum
2511 669 2796 721 emanant;
2831 659 2906 710 sic
2936 668 2984 710 et
3017 657 3259 710 voluntas
3293 669 3342 712 et
3367 675 3539 727 cxpe-

2040 725 2158 777 titt'o
2191 725 2375 779 eorum
2409 743 2525 795 quw
2554 727 2678 780 velte
2710 738 2758 782 rt
2797 729 2969 797 expeti
3010 729 3290 797 cautingit.

2043 838 2268 909 Magnus
2296 840 2628 896 Athanasius
2657 841 2796 895 libro
2837 842 2998 895 tertio
3025 839 3224 895 Contra
3253 842 3482 897 Arianor
3517 858 3540 897 :

1972 928 2145 990 Sicut,
2182 922 2376 1000 inquit,
2402 933 2666 985 voluntati
2702 934 2992 1002 Opponitur
3025 933 3074 987 id
3103 933 3246 1000 quod
3281 934 3363 987 est
3400 949 3540 1000 pm-

1973 1029 2054 1074 ter
2086 1031 2345 1085 mentem,
2396 1024 2473 1078 sic
2523 1034 2744 1093 superat
2799 1033 2853 1078 et
2905 1025 3162 1093 prareedit
3206 1025 3538 1080 voluntatem

1971 1115 2116 1183 qttod
2156 1115 2405 1168 naturale
2435 1126 2537 1170 est.
2569 1115 2796 1169 Domum
2834 1117 2996 1185 igitur
3027 1117 3298 1186 quispiam
3331 1117 3540 1171 delibe-

1971 1205 2144 1259 rando
2201 1206 2473 1269 fabricat;
2531 1209 2698 1261 lilium
2752 1202 2881 1262 vero
2918 1209 3239 1263 naturaliter
3291 1220 3540 1283 generat,

1972 1309 2136 1366 atque
2170 1298 2300 1352 illud
2337 1300 2558 1365 quidem
2593 1301 2736 1368 quod
2772 1300 3048 1353 voluntate
3083 1301 3158 1364 lit,
3190 1301 3355 1368 etepit
3395 1315 3536 1366 esse,

1971 1397 2025 1442 et
2073 1398 2227 1442 extra
2267 1404 2391 1442 eum
2447 1389 2540 1458 qui
2585 1389 2731 1452 fecit,
2767 1398 2883 1454 est;
2937 1389 3077 1444 [ilius
3111 1404 3239 1443 vero
3291 1391 3541 1460 proprius

1975 1480 2116 1534 fetus
2146 1491 2230 1536 est
2263 1481 2585 1535 substantia:
2617 1481 2802 1548 patris,
2833 1489 2887 1534 et
2929 1495 3035 1534 non
3065 1491 3146 1535 est
3181 1491 3329 1534 extra
3369 1497 3490 1534 eum
3525 1499 3538 1544 ;

1971 1573 2323 1641 quamobrem
2361 1589 2464 1626 non
2501 1573 2762 1627 deliberat
2790 1574 2855 1628 de
2885 1588 2970 1638 eo,
3005 1589 3069 1627 ne
3103 1573 3350 1627 videatur
3377 1573 3539 1627 etiam

1971 1664 2040 1718 de
2070 1679 2130 1718 se
2162 1664 2280 1734 ipso
2311 1665 2640 1718 deliberare.
2679 1664 2897 1730 Quanto
2940 1665 3102 1733 igitur
3129 1663 3342 1718 excellit
3374 1664 3539 1726 ﬁlios,

1974 1764 2124 1810 tanto
2149 1756 2292 1825 quod
2321 1765 2516 1810 natura
2547 1757 2626 1820 ﬁt,
2656 1757 2869 1810 excellit
2902 1756 2953 1809 id
2985 1757 3124 1822 quod
3160 1756 3434 1809 voluntate
3463 1759 3541 1810 lit.

1974 1842 2188 1899 Rursus
2215 1845 2356 1900 idem
2405 1845 2456 1898 in
2496 1845 2864 1915 disputatione
2893 1844 3066 1899 Nicen:
3093 1834 3282 1898 contra
3312 1845 3497 1898 Arium
3528 1865 3542 1898 :

1971 1936 2036 1991 Et
2083 1937 2301 2007 quidem
2339 1937 2484 2007 quod
2522 1953 2627 1992 non
2680 1939 2791 1993 sint
2838 1938 2980 1991 idem
3031 1941 3283 1991 voluntas
3313 1945 3367 1990 ct
3411 1939 3544 1992 sub.

1971 2028 2194 2092 stantia,
2238 2027 2352 2083 htec
2401 2036 2486 2082 est
2519 2037 2703 2083 nostra
2741 2029 2900 2093 ratio,
2951 2029 3153 2083 idcirco
3181 2030 3324 2082 enim
3374 2026 3542 2082 lilium

1970 2117 2204 2172 dicimus
2254 2133 2375 2174 esse
2426 2114 2592 2173 fetum
2632 2119 2971 2182 substantite,
3041 2135 3140 2173 nos
3194 2133 3325 2173 vero
3373 2116 3542 2172 fetum

1971 2210 2288 2276 voluntatis,
2338 2219 2399 2264 ut
2430 2221 2612 2264 autem
2656 2220 2709 2263 tu
2747 2211 3023 2274 concedis,
3068 2225 3175 2263 non
3225 2217 3352 2264 sunt
3402 2209 3543 2263 idem

1969 2303 2226 2356 voluntas
2279 2311 2332 2356 et
2389 2301 2749 2368 substantia;
2814 2300 3118 2355 substantia
3180 2315 3309 2355 vero
3363 2315 3545 2368 neque

1970 2396 2155 2463 coepit.
2180 2410 2354 2464 neque
2379 2393 2591 2448 desinet
2623 2412 2636 2458 ;
2669 2409 2772 2446 non
2821 2395 2983 2463 igitur
3016 2394 3194 2462 imago
3223 2394 3405 2462 euenit,
3446 2408 3542 2444 nc-

1970 2500 2079 2554 que
2113 2485 2343 2546 desinet.
2374 2486 2629 2542 voluntas
2658 2501 2784 2539 vero
2808 2495 2861 2539 et
2895 2486 3108 2554 incipit,
3145 2494 3199 2537 et
3230 2483 3450 2538 desiuit.
3479 2484 3544 2535 Et

1971 2575 2271 2646 Gregorius
2320 2578 2653 2648 Thcologus,
2690 2579 2743 2631 in
2803 2579 2942 2630 libro
2979 2577 3050 2630 De
3079 2586 3225 2631 statu
3273 2577 3546 2644 episcopo~

1974 2685 2089 2722 rum
2122 2683 2140 2722 :
2184 2668 2309 2733 Fac,
2357 2669 2554 2736 inquit,
2593 2669 2725 2725 velis
2776 2669 2888 2721 ﬁeri
2923 2669 3113 2734 tilium,
3151 2678 3204 2722 et
3239 2667 3329 2721 liat
3366 2670 3544 2732 lilius;

1973 2758 2058 2812 fac
2089 2759 2336 2812 similiter
2369 2759 2502 2812 velis
2538 2759 2651 2812 lieri
2684 2759 2963 2828 quidpiam
3012 2760 3157 2812 aliud
3201 2775 3388 2813 eorum
3425 2775 3548 2828 qua:

1973 2846 2131 2910 ﬁunt,
2177 2856 2230 2901 et
2286 2850 2542 2916 procedat
2578 2850 2828 2902 voluntas
2885 2849 2936 2902 in
2986 2865 3160 2918 opus;
3206 2859 3260 2902 at
3312 2851 3357 2904 si
3413 2847 3548 2903 nihil

1976 2941 2170 2994 horum
2229 2943 2482 3009 sequitur
2537 2941 2914 3004 voluntatem,
2981 2941 3149 2995 Deum
3203 2956 3330 2995 vero
3389 2941 3547 3006 velle,

1974 3030 2154 3084 facere
2200 3042 2281 3084 est
2307 3074 2322 3097 ,
2367 3031 2524 3093 aliter
2559 3031 2778 3100 quidem
2820 3032 2984 3084 homo
3023 3043 3196 3097 creat,
3231 3033 3389 3087 aliter
3420 3049 3553 3088 vt-ro

303 3123 472 3212 “me,
507 3146 709 3216 parum.
751 3160 874 3200 cum
922 3144 1098 3198 studio
1151 3128 1451 3198 “hamulis
1484 3142 1538 3194 ῖη
1588 3157 1644 3194 re
1690 3140 1872 3206 anqua
1899 3135 1942 3197 ρ
1976 3132 2190 3176 creator
2221 3124 2464 3176 omnittm
2510 3123 2674 3178 Dens.
2723 3123 2788 3177 Et
2825 3132 3052 3178 sant-tus
3093 3123 3342 3180 Justinus
3376 3125 3552 3194 philo-

301 3242 554 3294 desinere
579 3240 973 3310 Operationem,
1007 3253 1126 3291 non
1145 3239 1410 3291 exsistere
1445 3243 1622 3288 autem
1657 3249 1751 3302 per
1790 3247 1869 3296 se,

304 3343 484 3399 neque
535 3345 657 3384 cum
712 3329 836 3397 quis
890 3335 1150 3396 operatur
1203 3325 1348 3394 quod
1387 3323 1493 3378 sibi
1531 3323 1872 3391 prepositqu

304 3434 388 3476 est
417 3419 482 3474 ad
517 3421 867 3474 laborandum
895 3419 948 3472 in
991 3432 1056 3470 eo
1103 3432 1117 3470 :
1155 3430 1332 3485 neque
1363 3429 1485 3468 eum
1514 3412 1872 3467 laboramlum

306 3518 364 3570 in
397 3530 483 3580 eo,
537 3528 711 3582 neque
755 3527 879 3565 cum
935 3509 1182 3563 laborare
1230 3506 1451 3562 desinit.
1509 3505 1650 3571 Quid
1709 3505 1875 3574 igitur

307 3609 513 3678 cogitat
558 3605 934 3676 operationem
962 3617 1084 3658 esse
1118 3618 1210 3670 per
1241 3616 1320 3663 se,
1364 3614 1489 3669 quas
1522 3613 1699 3666 neque
1741 3598 1874 3651 sub-

307 3700 508 3757 stantia
559 3710 663 3762 εει,
698 3711 872 3766 neque
907 3695 1210 3758 character,
1249 3694 1302 3746 id
1335 3701 1436 3755 est,
1481 3691 1742 3759 sigillum,
1775 3703 1875 3742 nec

310 3791 656 3863 hypostasis?
687 3788 830 3843 Dixit
872 3787 1038 3856 igitur
1079 3786 1310 3841 similem
1357 3799 1480 3838 esse
1537 3783 1714 3852 ipsum
1766 3796 1874 3834 non

307 3881 587 3938 exsistrnti
621 3894 714 3950 per
745 3894 822 3943 se,
855 3877 1002 3948 quod
1033 3884 1214 3930 autent
1255 3874 1434 3928 simile
1459 3881 1544 3928 est
1574 3888 1682 3925 non
1725 3871 1874 3926 exsio

308 3975 471 4027 stenti
491 3987 506 4035 ;
530 3969 837 4024 necessario
873 3981 970 4020 nec
998 3966 1172 4033 ipsum
1204 3971 1287 4018 est
1322 3981 1336 4016 :
1365 3964 1470 4016 hoc
1497 3971 1582 4017 est
1607 3975 1875 4015 novorum

310 4064 626 4131 dogmatum
664 4068 992 4121 monstrum,
1032 4056 1255 4110 credere
1289 4054 1497 4108 scilicet
1544 4053 1598 4107 in
1629 4067 1752 4106 eum
1781 4053 1877 4122 qui

311 4169 424 4209 non
456 4159 562 4208 est.
596 4149 752 4218 Quod
783 4148 927 4203 enim
980 4147 1062 4217 (ut
1091 4146 1287 4200 iterum
1335 4143 1535 4212 dicam)
1590 4143 1768 4197 simile
1793 4153 1879 4198 est

312 4243 390 4299 rei
419 4257 539 4314 quas
584 4256 692 4294 non
723 4248 827 4305 est,
862 4253 1098 4307 prorsus
1124 4251 1222 4290 nec
1256 4237 1434 4305 ipsum
1484 4246 1586 4290 est.
1625 4234 1876 4305 Synodus

309 4340 493 4388 autem
527 4345 556 4382 a
589 4328 876 4383 Theodoro
907 4327 1165 4395 episcopo
1189 4325 1456 4380 Carorum
1483 4333 1672 4377 contra
1707 4321 1878 4376 Mani-

311 4426 494 4479 ehazos
525 4400 728 4484 habita,
758 4435 879 4488 qua:
909 4417 1082 4471 fertur
1119 4416 1172 4468 in
1204 4415 1272 4469 iis
1313 4429 1434 4483 quae
1464 4424 1656 4468 contra
1687 4429 1877 4468 omnes

312 4520 549 4570 haereses
569 4512 771 4580 scripta
813 4516 959 4566 sunt.
992 4508 1068 4560 ait
1102 4525 1116 4561 :
1150 4505 1341 4562 Omnis
1374 4507 1617 4574 operatio
1641 4515 1720 4560 est
1752 4524 1876 4561 cum

313 4609 393 4669 lit,
427 4619 545 4674 qua:
569 4616 672 4656 nec
700 4611 828 4654 ante
857 4597 1390 4666 motum-operantis,
1420 4596 1470 4651 id
1500 4606 1605 4661 est,
1645 4598 1882 4653 actionis

309 4707 416 4762 est,
453 4709 628 4763 neque
655 4701 778 4761 post
806 4701 1011 4744 motum
1047 4688 1249 4744 durat:
1284 4705 1442 4758 opus,
1476 4699 1683 4744 tantum
1735 4693 1878 4761 quod

309 4787 563 4844 ellectum
587 4793 691 4846 est,
723 4797 864 4851 stepe
888 4781 954 4834 ad
985 4779 1303 4834 memoriam
1335 4780 1573 4835 actionis
1604 4783 1877 4851 relinquit.

314 4879 376 4934 Si
440 4877 603 4947 igitur
656 4874 888 4941 energiav
923 4881 1079 4925 actus
1119 4879 1223 4935 est,
1274 4871 1456 4927 omnis
1492 4881 1673 4927 autem
1727 4884 1882 4929 actus

305 4968 548 5037 alicujus
583 4964 901 5021 substantia:
939 4973 1092 5017 actus
1131 4972 1236 5025 est,
1285 4963 1452 5034 igitur
1497 4966 1704 5034 absque
1755 4967 1886 5020 sub.

313 5063 513 5118 stantia
545 5075 650 5112 non
686 5066 788 5111 est.
821 5057 899 5110 Ex
936 5055 1025 5110 his
1050 5056 1394 5125 perspicuum
1431 5063 1536 5123 est,
1572 5059 1714 5126 quod
1748 5074 1883 5127 ονε-

315 5154 460 5208 ratio
499 5151 765 5204 rationem
801 5145 962 5199 medii
998 5144 1240 5214 praefert,
1289 5156 1340 5199 et
1387 5148 1457 5199 ob
1497 5161 1616 5200 eam
1661 5163 1882 5202 causam

315 5259 426 5299 non
476 5240 691 5296 exsistit
735 5253 828 5306 per
858 5250 938 5302 se,
987 5234 1439 5303 solummodoque
1493 5244 1576 5290 est
1629 5251 1752 5290 cum
1805 5240 1885 5300 tit,

317 5351 429 5391 non
476 5343 602 5388 ante
649 5339 851 5385 motum
902 5327 1202 5397 operantis,
1245 5327 1297 5380 id
1331 5334 1433 5388 est,
1485 5336 1610 5380 ante
1656 5338 1882 5382 actum:

320 5438 499 5493 neque
555 5429 676 5490 post
745 5426 950 5471 motum
1001 5424 1304 5483 permanet.
1365 5414 1574 5470 Similis
1629 5427 1712 5470 est
1758 5434 1887 5487 ergo

319 5513 628 5584 operationi
692 5509 871 5565 omnis
915 5507 1226 5572 emanatio,
1272 5515 1325 5561 et
1382 5509 1684 5577 generatio,
1742 5509 1889 5576 prin-

309 5591 526 5677 cipiunt
574 5613 629 5660 ct
676 5615 864 5664 causa,
907 5609 966 5651 ut
1015 5613 1079 5651 ex
1133 5599 1509 5668 superioribus
1544 5601 1890 5655 dcutoustra‘

323 5711 433 5756 utr.

1978 3215 2186 3282 sophus
2214 3223 2266 3267 ει
2302 3225 2528 3284 martyr,
2573 3217 2624 3268 in
2673 3216 2809 3270 libro
2855 3215 3057 3270 Contra
3109 3218 3368 3286 gentiles:
3415 3217 3551 3271 Cum

1978 3305 2141 3370 Deus,
2175 3305 2371 3374 inquit,
2407 3307 2603 3360 habent
2635 3308 2998 3361 substantiam
3049 3309 3265 3376 quidem
3315 3319 3374 3362 ιιι
3406 3295 3553 3362 etsi?-

1975 3407 2103 3462 stat,
2135 3398 2471 3451 voluntatem
2510 3413 2638 3452 vero
2689 3409 2746 3452 ut
2794 3408 2964 3462 creet,
3007 3402 3095 3467 qui
3139 3402 3461 3454 substantim
3499 3410 3554 3453 et

1975 3487 2270 3543 voluntatis
2310 3488 2674 3543 ditl‘creutiatn
2709 3489 2918 3559 abjicit,
2963 3491 3337 3545 exsistcntiam
3388 3492 3552 3544 simul

1975 3588 2026 3632 ει
2058 3581 2392 3633 creationem
2458 3581 2596 3633 tollit
2642 3597 2656 3634 :
2710 3582 3086 3646 exsisteptiam
3146 3583 3366 3651 quidem
3432 3583 3552 3646 Dei,

1976 3669 2306 3723 creationem
2341 3685 2466 3724 vero
2497 3685 2685 3724 eorum
2739 3685 2858 3738 qua:
2891 3686 2996 3724 non
3048 3681 3198 3726 sunt.
3257 3675 3321 3728 Et
3390 3677 3550 3742 paulo

1979 3770 2149 3832 post:
2186 3759 2504 3815 Substantia
2557 3762 2727 3826 enim,
2790 3763 2992 3830 inquit,
3039 3777 3146 3817 non
3213 3766 3405 3834 recipit
3442 3783 3549 3820 nou

1977 3867 2123 3915 esse,
2158 3853 2414 3907 voluntas
2446 3867 2575 3907 vero
2615 3853 2800 3922 recipit
2830 3869 2933 3908 non
2973 3869 3136 3920 esse;
3188 3858 3358 3910 voluit
3404 3859 3549 3911 enim

1980 3944 2146 4009 Deus,
2191 3955 2247 4000 et
2297 3943 2472 4000 fartus
2511 3955 2595 4000 est
2627 3947 2731 4010 sol,
2783 3947 2958 4001 uoluit
2994 3957 3053 4002 ut
3091 3949 3242 4002 tierct
3278 3951 3552 4004 secundus

1980 4036 2085 4102 Sol,
2118 4045 2172 4090 et
2222 4049 2328 4089 non
2377 4046 2460 4090 est
2510 4039 2683 4091 lactus
2731 4055 2743 4090 :
2797 4054 2898 4092 nec
2947 4039 3090 4092 enim
3128 4055 3265 4108 opus
3312 4051 3448 4095 erat.
3489 4042 3554 4095 Et

1978 4125 2218 4182 Joannes
2247 4125 2617 4182 Damascenus
2653 4147 2664 4182 :
2709 4128 2881 4198 Opus,
2915 4130 3114 4200 inquit,
3158 4132 3352 4185 divinae
3397 4142 3558 4186 natu-

1982 4235 2056 4274 rae
2107 4220 2436 4288 sempiterna
2489 4221 2770 4289 generatio
2809 4231 2930 4287 est;
2984 4238 3121 4291 Opus
3175 4239 3304 4278 vero
3353 4225 3554 4278 divinte

1981 4305 2550 4366 voluntatisucreatio.
2606 4310 2682 4364 Ex
2742 4311 2828 4367 bis
2861 4313 3055 4381 liquet,
3091 4315 3553 4382 quemadmodum

1984 4403 2235 4456 voluntas
2263 4401 2356 4457 Dei
2405 4403 2470 4456 ad
2507 4404 2806 4457 creandum
2839 4412 3122 4458 creaturas
3172 4407 3447 4475 posterior
3473 4419 3558 4461 est

1983 4503 2038 4547 et
2065 4495 2282 4548 diversa
2313 4509 2343 4548 a
2377 4494 2688 4548 substantia
2731 4493 2849 4548 Dei.
2895 4493 3015 4560 Quo
3053 4496 3196 4549 enim
3250 4499 3556 4551 ministerio

1983 4584 2228 4653 indigere
2258 4593 2440 4653 potest
2471 4585 2569 4654 (ait
2599 4599 2828 4653 magnus
2863 4583 3096 4640 Basilius
3129 4586 3196 4640 de
3240 4587 3558 4658 Unigenito)

1983 4676 2031 4730 is
2059 4676 2151 4746 qui
2186 4677 2349 4731 simul
2379 4684 2438 4728 ut
2469 4676 2663 4739 voluit,
2689 4685 2942 4729 creatura
2969 4677 3182 4730 exsistit
3211 4694 3375 4746 quam
3407 4683 3560 4734 vnit?

1984 4765 2041 4820 Si
2097 4766 2271 4834 igitur.
2304 4765 2486 4819 simul
2521 4780 2647 4819 cum
2684 4765 2963 4820 voluntate
3008 4776 3262 4822 creatura
3317 4771 3557 4835 exsistit.

1983 4861 2128 4916 sicut
2154 4875 2259 4916 non
2288 4871 2370 4916 est
2393 4877 2459 4916 ex
2483 4863 2790 4916 :eternitate
2815 4871 3093 4926 creatura,
3122 4865 3204 4917 sic
3237 4881 3336 4920 nec
3363 4867 3559 4920 volun-

1985 4965 2069 5008 tas
2097 4972 2214 5009 eam
2243 4956 2486 5018 creandi,
2513 4965 2567 5009 et
2599 4971 2760 5022 epus,
2793 4971 2929 5024 opus
2960 4957 3106 5010 enim
3137 4956 3228 5011 Dei
3267 4961 3401 5015 velle
3427 4973 3507 5015 est
3539 4981 3555 5027 ;

1984 5056 2038 5102 et
2075 5048 2214 5101 sicut
2245 5061 2381 5115 Opus
2417 5045 2710 5100 voluntatis
2767 5055 2851 5100 est
2887 5057 3162 5111 creatura,
3213 5058 3267 5102 el
3318 5053 3430 5106 lucc
3465 5068 3552 5106 vo-

1987 5140 2252 5192 luntatem
2289 5137 2558 5207 sequitur,
2580 5138 2658 5192 sic
2697 5139 2880 5192 divina
2913 5141 3196 5210 generatio
3223 5141 3362 5196 Filio
3394 5144 3572 5196 simul-

1987 5230 2656 5306 termiuatur,et'idcireo
2686 5234 2968 5302 generatio
2993 5233 3354 5304 diuumque
3386 5250 3416 5287 a
3448 5234 3572 5286 Deo

1989 5325 2149 5378 l'atre
2180 5324 2232 5377 in
2268 5321 2466 5376 Filium
2520 5324 2768 5390 procedit
2811 5335 2864 5378 et
2896 5333 3102 5390 manat,
3134 5323 3343 5378 eadem»
3376 5333 3456 5377 est
3501 5336 3560 5374 ro

1987 5432 2112 5469 eum
2166 5430 2231 5468 eo
2289 5413 2409 5479 ipso
2463 5412 2658 5478 Patre,
2723 5431 2844 5484 qua:
2899 5416 3080 5470 verbis
3132 5413 3390 5482 explicari
3451 5430 3567 5465 non-

1987 5515 2189 5579 potest.
2229 5505 2323 5561 Ειι
2351 5515 2531 5561 autem
2561 5507 2792 5560 Verbum
2833 5508 2922 5560 Dei
2954 5510 3285 5568 increatum,
3315 5505 3570 5557 increata'

1989 5599 2155 5668 igitur
2181 5607 2266 5651 est
2300 5598 2580 5667 generatio
2631 5597 2752 5665 ejus
2797 5612 2962 5666 supra
2997 5606 3246 5650 naturam
3291 5610 3560 5662 creatam,

1993 5702 2252 5759 tanquam
2282 5689 2547 5746 naturalis
2575 5689 2850 5744 emanatio
2883 5688 3059 5743 Patris
3089 5707 3102 5752 ;
3141 5688 3398 5744 voluntas
3432 5704 3562 5745 vero

1998 5792 2052 5837 et
2099 5790 2262 5836 nutus
2297 5780 2404 5837 Dci.
2442 5783 2508 5836 ad
2559 5781 2939 5848 producendas
2984 5790 3310 5850 creaturas,
3341 5799 3465 5856 quae
3495 5799 3570 5842 ext
