4058 6306
466 364 638 433 ”’787

532 572 922 644 proficiscitur,
970 574 1169 640 differt,
1201 574 1342 630 sicut
1374 576 1516 632 ratio
1544 577 1740 646 poscit,
1770 592 1798 631 a
1833 577 2091 632 substan-

533 666 611 719 tia
664 663 781 730 Dei,
822 666 950 728 quia
999 666 1089 720 illa
1138 665 1371 722 scilicet-
1403 667 1653 723 voluntas
1698 665 1792 722 Dei
1828 668 2013 735 coepit,
2043 674 2097 723 et

533 764 619 811 est
654 765 805 811 extra
848 755 1134 812 facientem
1163 765 1218 812 et
1245 766 1544 822 crcantcm,
1576 759 1691 813 haec
1732 774 1878 822 vero,
1907 760 1957 813 id
1990 766 2094 824 est,

536 845 840 899 substantia
884 844 975 900 Dei
1024 855 1225 902 aztcrna
1267 860 1370 914 cst,
1418 857 1473 903 et
1519 848 1661 903 intra
1699 866 1758 904 se
1789 850 1960 920 ipsam
1994 851 2097 904 ﬁxe

535 945 737 998 manet,
786 934 872 988 illa
923 934 1110 1006 incipit
1152 945 1207 990 et
1251 936 1472 1000 desinit,
1516 937 1629 991 hmc
1666 938 1805 993 initii
1862 946 1915 993 et
1972 938 2096 993 finis

531 1040 724 1094 expers
751 1034 876 1091 est;
916 1026 1001 1080 illa
1059 1026 1250 1096 recipit
1281 1043 1388 1081 non
1429 1044 1572 1090 esse,
1617 1043 1739 1082 cum
1798 1029 1939 1085 Deus
1989 1043 2099 1082 non

534 1113 651 1168 vult
678 1130 820 1181 esse,
858 1115 973 1170 haec
998 1132 1274 1185 nunquam
1310 1119 1499 1187 recipit
1526 1132 1632 1173 non
1657 1133 1800 1174 esse.

1132 1224 1357 1283 CAPUT
1401 1226 1506 1281 VII.

540 1309 698 1381 Quod
733 1316 1021 1369 secundum
1049 1323 1183 1370 Imm:
1221 1317 1542 1372 voluntatem
1574 1326 1624 1372 et
1652 1317 1969 1373 desiderium
2006 1318 2098 1374 Dei

745 1386 910 1455 ipsius
944 1400 1069 1457 erga
1108 1403 1201 1440 nos
1230 1388 1580 1454 providentia
1614 1389 1886 1444 dicuntur.

607 1474 966 1543 Athanasius,
1019 1476 1072 1531 in
1127 1478 1286 1532 tertio
1317 1477 1515 1533 Contra
1563 1480 1793 1534 Arianos
1833 1496 1851 1533 :
1883 1479 2099 1547 Omnia,

532 1565 735 1638 inquit,
771 1567 922 1623 dedit
973 1566 1132 1623 Pater
1181 1566 1339 1633 Filio,
1378 1578 1433 1625 et
1477 1572 1660 1627 omnia
1714 1588 1908 1628 rursus
1939 1571 2102 1627 Pater

534 1658 699 1713 habet
735 1659 788 1713 in
822 1659 959 1714 Filio
992 1676 1005 1715 :
1042 1659 1301 1718 divinitas
1334 1663 1477 1716 enim
1511 1658 1656 1727 Filii,
1690 1663 1948 1720 divinitas
1993 1663 2099 1720 Pa-

538 1749 640 1803 tris
671 1761 776 1815 εει,
806 1752 968 1821 atque
1018 1748 1089 1804 ita
1124 1748 1287 1806 Pater
1314 1752 1709 1821 providentiam
1750 1755 1994 1810 omnium
2039 1755 2094 1809 in

535 1834 678 1893 Filio
704 1839 860 1908 gerit.
895 1837 960 1893 Et
989 1839 1185 1895 iterum
1220 1840 1384 1907 idem,
1437 1842 1634 1898 Contra
1686 1844 1907 1915 gentiles
1937 1860 1957 1899 :
1994 1844 2097 1899 Per

536 1927 995 1995 incarnationem,
1039 1929 1237 1999 inquit,
1270 1928 1433 1986 Verbi
1482 1934 1816 2002 providentia
1851 1934 2097 1990 omnium

533 2019 732 2086 patuit,
783 2028 837 2074 ct
872 2020 1047 2090 ipsum
1076 2018 1313 2076 Verbum
1349 2020 1514 2090 huius
1565 2022 1920 2092 providentia:
1968 2037 2100 2093 snp—

536 2108 806 2178 peditator
838 2119 893 2164 et
945 2119 1134 2164 auctor
1171 2118 1297 2175 est;
1332 2104 1449 2180 ipse
1493 2111 1637 2164 enim
1670 2109 1844 2165 factus
1870 2118 1954 2165 est
2005 2113 2101 2164 ho-

537 2212 648 2262 mo,
682 2210 741 2253 ut
788 2215 891 2255 nos
929 2200 1331 2263 deiﬁcaremur,
1363 2214 1423 2255 se
1457 2199 1570 2270 ipse
1605 2215 1703 2270 per
1753 2215 1951 2270 corpus
1985 2213 2100 2254 ma-

537 2288 794 2346 nifestum
824 2288 973 2353 fecit,
998 2300 1059 2345 ut
1084 2306 1187 2346 nos
1215 2290 1392 2346 Patris
1420 2292 1822 2359 inaspectabilis
1849 2292 2097 2347 notitiam

537 2397 883 2452 caperemus.
928 2382 1041 2437 lmo
1072 2392 1127 2439 et
1163 2398 1392 2453 magnus
1426 2384 1656 2445 Basilius
1694 2386 1748 2440 in
1782 2385 2096 2451 Moralibus,

533 2483 821 2542 quartoet
850 2475 1270 2546 quadragesimo
1301 2476 1555 2531 Psalmo:
1604 2476 1848 2545 Intende,
1898 2479 2096 2549 inquit,

532 2578 781 2634 prospere
823 2568 1062 2636 procede,
1112 2577 1164 2621 et
1218 2583 1376 2638 regna
1404 2570 1472 2635 ",
1519 2570 1571 2624 id
1620 2580 1724 2633 est,
1760 2571 1851 2640 qui
1908 2586 2098 2627 curam

531 2657 819 2715 hominum
854 2675 951 2730 per
978 2674 1197 2716 carnem
1238 2662 1433 2717 habere
1461 2662 1696 2732 cuspisti,
1722 2662 1806 2718 fac
1828 2646 1883 2717 ut
1911 2678 2097 2718 curam

533 2750 676 2807 hanc
713 2750 987 2819 intendas,
1021 2754 1326 2820 continues,
1379 2762 1434 2810 et
1487 2756 1635 2811 nullo
1675 2771 1915 2827 unquam
1965 2765 2103 2813 tem-

532 2858 668 2914 pore
703 2845 951 2900 relaxes.
978 2843 1044 2900 Et
1090 2844 1459 2902 Damascenus
1504 2846 1861 2918 'I'heologus:
1911 2847 2101 2903 Pravi-

533 2932 739 2998 dentia,
776 2935 974 3004 inquit,
1022 2944 1107 2991 est
1141 2951 1272 2990 cura
1307 2936 1400 2991 Dei
1432 2937 1498 2991 de
1523 2938 1795 2995 omnibus.
1830 2938 1896 2994 Et
1920 2932 2101 2994 Theo-

535 3026 705 3080 dorus
733 3022 1094 3095 cogiiomeuto
1141 3027 1253 3079 τῶν
1298 3027 1611 3099 γραπτῶνξ
1657 3031 1976 3100 Cujusnam,
2014 3033 2103 3088 in-

1705 366 2029 434 JOANNIS
2065 371 2628 437 CYPARTSSIOTAI

530 494 692 552 aquo
743 495 868 536 cum
925 482 1363 538 emanationibus
1424 493 1477 538 et
1528 484 1944 554 operationibus
1998 484 2172 544 DeiA

3683 373 3819 441 788

2772 487 2999 545 CAPUT
3039 486 3176 544 VIII.

2199 602 2353 666 Quod
2415 605 2703 670 generatim
2775 620 2952 657 omnes
3001 604 3195 657 divine
3236 602 3600 657 emanationes
3646 616 3809 668 pro-

2372 673 2614 728 videntia:
2644 675 2901 727 dicuntur
2933 683 3100 727 mente
3131 672 3584 741 contemplabiles.

2242 761 2495 844 'Magnus
2529 763 2819 833 Dionysius
2844 766 3044 834 primo
3081 778 3201 834 cap.
3248 763 3323 817 De
3353 762 3550 817 divinis
3591 762 3799 815 nomi-

2199 853 2373 922 nibus,
2406 857 2524 911 ait:
2559 854 2678 911 Non
2710 857 2885 911 solum
2921 856 3071 914 enim
3113 865 3194 910 est
3237 870 3409 927 causa
3446 852 3797 909 continendi

2199 947 2404 1006 omnia,
2441 955 2494 1001 et
2524 947 2645 1001 vitae
2688 961 2752 999 ac
2780 945 3135 1016 perfectionis
3157 960 3327 999 causa
3350 953 3455 1007 est,
3487 946 3570 999 ita
3605 952 3675 996 ut
3715 943 3803 995 ab

2201 1040 2302 1095 hac
2342 1040 2477 1100 sola,
2534 1047 2624 1091 aut
2672 1038 2741 1091 ab
2790 1037 2894 1092 alia
2948 1038 3290 1107 providentia
3349 1035 3590 1096 bonitas,
3650 1049 3798 1099 qua:

2199 1139 2360 1179 omne
2414 1138 2610 1178 nomen
2661 1132 2918 1192 superat,
2969 1124 3301 1184 nominetur,
3357 1123 3449 1178 sed
3506 1123 3795 1176 universa

2200 1219 2521 1288 simpliciter
2563 1228 2611 1272 et
2660 1216 3134 1285 incircumscripte
3165 1216 3218 1269 in
3253 1230 3310 1269 se
3338 1214 3664 1284 anticipavit
3702 1215 3790 1281 (1)

2198 1309 2454 1380 perfectis
2529 1307 2863 1362 bonitatibus
2938 1307 3109 1377 ipsius
3169 1306 3344 1360 unicae
3408 1315 3463 1361 ct
3512 1306 3789 1360 omnium

2198 1399 2488 1456 effectricis
2536 1398 2909 1469 providentiae,
2943 1407 2998 1452 et
3047 1396 3116 1450 ab
3156 1395 3411 1450 omnibus
3440 1395 3613 1449 rebus
3643 1404 3791 1461 apte

2199 1491 2451 1547 laudatur
2511 1499 2567 1547 et
2618 1489 2956 1545 nominatur.
3012 1485 3177 1556 Atqui
3246 1500 3351 1540 non
3411 1484 3592 1539 solum
3650 1484 3789 1539 haec

2202 1584 2421 1638 nomina
2456 1581 2639 1636 divina
2694 1579 2932 1648 theologi
2988 1577 3286 1637 celebrant,
3321 1590 3441 1644 qua:
3497 1589 3527 1629 a
3580 1575 3791 1643 provi-

2201 1672 2400 1728 dentiis
2449 1668 2830 1741 generalibus,
2881 1678 2974 1724 aut
3022 1682 3051 1722 a
3102 1665 3454 1738 providentiis
3490 1664 3545 1718 in
3592 1673 3786 1734 parte,

2200 1774 2296 1818 aut
2336 1765 2404 1819 ab
2451 1763 2518 1818 iis
2559 1762 2756 1833 quibus
2798 1760 3140 1832 providetur,
3172 1767 3228 1814 et
3257 1757 3553 1826 aliquando
3581 1773 3614 1810 a
3643 1758 3782 1824 qui-

2197 1856 2427 1911 busdam
2484 1854 2682 1909 divinis
2716 1853 2847 1909 visis
2906 1852 3190 1907 dicuntur.
3244 1849 3394 1904 Idem
3442 1862 3663 1907 rursus.
3722 1849 3781 1901 in

2202 1946 2440 2014 Epistola
2479 1945 2547 1999 ad
2586 1943 2762 1999 Titum
2802 1958 2821 1997 :
2868 1942 2924 1997 In
2964 1940 3342 2012 providentiis,
3386 1938 3590 2004 inquit,
3649 1938 3778 1999 Dei,

2196 2052 2334 2107 quas
2384 2044 2562 2090 mente
2613 2033 3069 2103 contemplamur,
3109 2033 3193 2085 vel
3242 2030 3297 2084 in
3332 2030 3492 2082 donis
3528 2029 3638 2091 (2),
3688 2028 3780 2082 vel

2196 2129 2499 2184 visionibus
2525 2126 2624 2198 ('5),
2653 2127 2736 2181 vel
2764 2124 3194 2197 proprietatibus
3223 2121 3325 2192 (in),
3354 2121 3435 2175 vel
3489 2119 3780 2173 facultati.

2196 2220 2300 2276 bus
2352 2218 2451 2289 (5),
2508 2218 2589 2273 vel
2639 2219 2891 2281 statibus,
2954 2216 3035 2269 vel
3082 2211 3458 2289 mansionibus
3518 2209 3626 2280 (6),
3684 2210 3778 2264 vel

2197 2311 2657 2374 emanationibus,
2688 2308 2774 2363 vel
2800 2305 3243 2362 distinctionibus
3275 2301 3374 2371 (7),
3406 2299 3488 2353 vel
3527 2301 3775 2367 conjun-

2197 2403 2469 2458 ctionibns
2516 2401 2613 2472 (8).
2668 2400 2731 2455 Et
2782 2414 2973 2456 rursus
3024 2412 3145 2467 cap.
3198 2410 3392 2466 quarto
3440 2392 3517 2446 De
3572 2393 3781 2447 σιτιιαί

2197 2491 2414 2545 hieran:
2437 2487 2663 2552 Cimeta,
2690 2488 2885 2557 inquit,
2903 2503 3020 2557 qtue
3040 2495 3184 2550 sunt,
3213 2488 3612 2558 providentiam
3644 2500 3775 2554 par-

2199 2582 2447 2652 ticipant,
2484 2595 2606 2651 qua:
2634 2594 2699 2635 ex
2745 2577 3043 2642 divinitate,
3080 2593 3201 2651 quae
3250 2594 3468 2633 omnem
3511 2587 3772 2632 naturam

2199 2668 2496 2731 antecellit,
2523 2676 2578 2723 et
2625 2667 2868 2722 omnium
2898 2681 3077 2720 rerum
3102 2681 3266 2721 causa
3295 2676 3400 2731 cst,
3422 2666 3618 2722 efﬂuit.
3646 2666 3773 2730 Quo

2200 2761 2254 2816 in
2287 2761 2410 2816 loco
2443 2766 2669 2815 sanctus
2723 2757 2992 2813 Maximus
3028 2774 3042 2811 :
3090 2758 3308 2823 Omnia,
3345 2759 3544 2828 inquit,
3596 2771 3772 2827 opera

2201 2850 2491 2907 creationis
2542 2849 2854 2905 summatim
2915 2848 3176 2912 declarat,
3235 2864 3361 2903 eum
3410 2849 3592 2903 dicit:
3636 2847 3776 2913 Qu:

2201 2950 2343 3007 sunt,
2379 2939 2559 2997 omnia
2606 2940 2816 2994 scilicet
2867 2938 3195 2995 intellectilia
3244 2949 3300 2994 et
3338 2939 3609 3004 sensilia;
3647 2942 3772 2992 uni-

2202 3048 2362 3089 versa
2391 3032 2535 3087 enim
2568 3032 2698 3086 fecit
2732 3030 2893 3092 Deus,
2934 3045 3058 3084 cum
3091 3044 3195 3084 non
3222 3041 3429 3087 essent.
3465 3039 3520 3085 et
3543 3030 3617 3085 ob
3644 3046 3769 3085 eam

533 3114 677 3182 quit,
713 3115 786 3167 rei
826 3114 1164 3181 providentia
1198 3122 1325 3180 erlt,
1363 3116 1408 3171 si
1460 3132 1566 3171 non
1617 3118 1690 3173 sit
1731 3121 1876 3188 quod
1913 3136 2097 3176 serve-

2206 3137 2427 3179 causam
2455 3121 2658 3185 solum,
2684 3129 2746 3174 ut
2770 3120 3011 3174 bonitate
3036 3120 3209 3189 ipsius
3224 3118 3554 3180 fruerentur,
3577 3118 3770 3172 fruun-

537 3216 626 3261 tur
669 3206 976 3261 incolume?
1020 3205 1364 3262 Providentia
1417 3211 1563 3263 enim
1611 3225 1680 3264 ex
1733 3211 1802 3267 iis
1847 3224 1931 3267 est
1982 3228 2102 3282 quae

536 3306 666 3352 sunt
698 3306 919 3367 prapter
949 3312 1191 3353 causam.
1244 3298 1423 3364 Quare
1452 3314 1519 3353 ex
1566 3301 1648 3355 his
1692 3311 1861 3370 patet,
1903 3317 2097 3368 quem-

537 3386 828 3441 admodum
861 3396 1081 3456 propter
1109 3400 1171 3441 ea
1202 3402 1321 3457 qua:
1361 3402 1390 3442 a
1440 3402 1498 3442 se
1547 3387 1688 3444 facta
1733 3399 1880 3457 sunt,
1923 3392 2103 3461 provi-

535 3474 776 3531 dentiam
825 3476 986 3531 habet
1018 3476 1179 3542 Dcus,
1215 3493 1324 3542 qua
1379 3479 1468 3534 illa
1501 3491 1757 3551 procurat
1799 3492 1856 3537 et
1901 3484 2102 3552 guber-

537 3576 665 3634 nat;
698 3577 753 3623 et
807 3567 925 3638 ipse
965 3577 1047 3624 est
1099 3569 1194 3625 Dei
1243 3567 1500 3637 Verbum,
1534 3572 1693 3641 hujus
1749 3575 2099 3643 providentia!

539 3659 919 3730 suppeditatur
951 3669 1005 3715 et
1033 3669 1244 3716 auctor.
1272 3660 1426 3728 Quod
1475 3663 1522 3718 si
1548 3652 1785 3734 propter
1816 3666 1918 3721 ista
1956 3666 2097 3722 facta

540 3761 645 3816 est,
680 3752 955 3822 quomodo
997 3767 1106 3808 non
1155 3754 1229 3809 sit
1273 3755 1492 3810 condita
1537 3764 1590 3812 et
1643 3768 1827 3813 creata
1856 3769 1909 3814 ct
1948 3761 2000 3813 in
2034 3760 2099 3815 iis

538 3853 844 3909 numerata,
898 3859 1020 3914 quae
1065 3851 1195 3900 sunt
1250 3857 1470 3918 propter
1507 3863 1750 3914 causam,
1800 3852 2097 3905 secundum

537 3947 787 3993 naturam
841 3937 1220 4008 operationum
1278 3949 1335 3993 ct
1386 3941 1818 4002 emanationum,
1868 3951 1923 3994 et
1961 3941 2096 3996 alio-

534 4044 658 4083 rum
713 4045 833 4099 qua:
892 4030 959 4085 ad
1020 4028 1395 4085 habitudinem
1450 4031 1723 4100 pertinere
1781 4031 2097 4103 intelligun-

537 4130 626 4176 tur
653 4121 679 4174 τ

617 4454 662 4486 ²⁹
699 4453 850 4508 Psal.
878 4466 1022 4517 xuv,
1057 4453 1110 4508 5.

2203 3221 2290 3265 tur
2322 3217 2503 3265 autem
2559 3208 2897 3278 providentia
2957 3209 3095 3274 ipsa,
3130 3218 3188 3261 ut
3219 3223 3452 3276 qmeque
3503 3222 3593 3261 res
3643 3217 3766 3274 apta

2198 3310 2320 3366 est;
2352 3299 2687 3370 providentia
2736 3299 2879 3352 enim
2938 3298 3032 3352 Dei
3065 3298 3391 3366 principium
3425 3306 3510 3353 est
3560 3306 3767 3352 natura

2199 3391 2466 3461 cujusque
2499 3391 2601 3456 rei,
2640 3399 2803 3459 atque
2848 3388 2976 3443 hinc
3003 3398 3150 3458 patet
3182 3388 3499 3458 Dionysium
3544 3402 3764 3455 omnem

2198 3480 2599 3535 emanationem
2661 3476 2754 3531 Dei
2818 3476 3210 3544 providentiam
3276 3476 3605 3543 appellasse.
3664 3476 3766 3529 hoc

2204 3567 2347 3620 enim
2374 3575 2455 3620 est
2486 3564 2615 3618 illud
2668 3565 2808 3633 apud
2841 3562 3162 3633 Dionysium
3202 3579 3216 3617 :
3248 3563 3329 3618 Ab
3368 3563 3471 3617 bac
3516 3564 3657 3626 sola,
3683 3564 3763 3618 vel

2204 3657 2272 3710 ab
2301 3656 2405 3711 alia
2436 3655 2812 3723 providentia;
2859 3662 2916 3709 et
2948 3651 3077 3709 illud
3115 3673 3129 3708 :
3176 3652 3216 3706 Α
3249 3655 3594 3722 generalibus
3639 3670 3763 3723 pro-

2204 3743 2485 3809 videntiis,
2515 3743 2599 3796 vel
2648 3742 2999 3810 providenliis
3043 3742 3098 3795 in
3131 3753 3300 3811 parte,
3336 3742 3417 3795 vel
3449 3744 3517 3796 ab
3552 3743 3618 3798 iis
3647 3743 3762 3811 qui-

2205 3834 2307 3889 bus
2333 3834 2695 3904 proxidetur;
2750 3844 2806 3889 et
2854 3834 2985 3888 illud
3036 3849 3228 3889 rursus
3260 3851 3274 3887 :
3310 3833 3364 3887 In
3403 3836 3757 3905 providentiis

2206 3925 2325 3983 Dei.
2356 3940 2493 3993 quas
2535 3933 2716 3979 mente
2751 3924 3223 3993 contemplamur;
3279 3924 3440 3994 plane
3478 3936 3757 3983 contentus
3790 3958 3797 3963 -

2205 4017 2311 4073 fuit
2343 4017 2631 4086 Dionysius
2672 4032 2767 4086 pro
2812 4014 3250 4073 emanatiouibus
3283 4017 3647 4085 providentias
3673 4017 3754 4070 di-

2206 4120 2367 4173 cere;
2426 4105 2530 4160 uisi
2563 4107 2686 4175 quis
2734 4104 2873 4160 forte
2909 4105 3076 4170 dicat,
3132 4104 3273 4157 idem
3325 4120 3448 4160 esse
3480 4106 3753 4173 providen-

2208 4196 2367 4262 tiam,
2395 4205 2448 4249 et
2475 4196 2905 4258 emanationem,
2925 4208 3181 4250 emanare
3206 4193 3350 4248 enim
3375 4203 3583 4265 propter
3604 4193 3747 4247 aliud

2197 4285 2350 4357 quid,
2385 4285 2518 4356 quid
2548 4286 2698 4341 aliud
2726 4294 2811 4341 est
2841 4300 3002 4356 quam
3044 4284 3337 4356 providere
3377 4285 3507 4349 suis,
3529 4297 3742 4353 propter

1996 4569 2264 4635 Scholia.

607 4695 681 4763 (I)
721 4693 776 4748 Id
799 4700 915 4757 est,
952 4693 1028 4767 ita
1064 4693 1120 4748 in
1147 4691 1404 4767 seomnia
1439 4690 1767 4760 anticipavil,
1806 4700 1858 4747 et
1909 4693 2090 4749 omnia

2201 4710 2325 4747 στον
2372 4694 2559 4761 αὑτοῦ,
2607 4705 2683 4767 ut
2711 4711 2855 4752 cum'
2892 4698 3023 4754 dicit
3057 4697 3337 4767 Scriptura

534 4777 638 4828 est,
678 4776 736 4820 ut
765 4779 887 4819 cum
924 4764 1003 4817 cis
1037 4780 1145 4818 non
1174 4764 1243 4818 sit
1274 4771 1710 4829 coagmentatus,
1757 4777 1932 4831 neque
1964 4779 2092 4818 cor-

436 4872 445 4883 κ
537 4850 699 4896 toree
730 4836 940 4894 unitus,
974 4834 1076 4888 hoc
1109 4841 1192 4889 est
1222 4832 1544 4901 simpliciter
1591 4841 1645 4885 et
1674 4833 2091 4888 incircumscri-

533 4915 624 4973 ptc
664 4906 848 4973 omnia
878 4918 1000 4958 esse
1022 4904 1073 4957 in
1101 4919 1185 4959 eo.
1213 4912 1268 4958 et
1295 4904 1475 4973 ipsum
1491 4914 1615 4956 esse
1652 4901 1859 4973 omnia.
1887 4902 2092 4959 Contra

535 4971 713 5029 aiebat
747 4971 1078 5028 Manichacus
1118 4973 1281 5026 Deum
1313 4971 1566 5026 amnibus
1595 4972 1917 5039 corporibus
1965 4990 2092 5026 συν-

536 5042 917 5109 ουσιασμένον.
945 5042 997 5093 id
1027 5052 1130 5103 est,
1155 5051 1211 5096 ut
1234 5042 1311 5096 ita
1342 5050 1638 5102 vertamus,
1657 5043 2095 5097 consubstantia-

540 5127 652 5165 tum
691 5110 1050 5178 providentia.

606 5183 682 5252 (ἢ)
728 5180 912 5234 bonis.
956 5178 1031 5252 Ut
1063 5180 1115 5232 iu
1162 5179 1254 5234 illo
1292 5179 1517 5247 :Aperis
1577 5187 1634 5231 tu
1681 5196 1896 5235 manum
1943 5189 2093 5235 tuam

536 5248 711 5324 (νέαι.
744 5264 924 5324 ςξιιν,
988 5248 1040 5316 6)
1053 5290 1065 5307 .
1106 5258 1209 5324 etc.

609 5324 685 5393 (5)
740 5314 1072 5393 Δνὲεὶρηὶιηα.
1128 5314 1197 5393 Ut
1237 5334 1354 5393 eum
1389 5317 1462 5393 in
1509 5316 1707 5393 Veteri
1740 5318 2091 5393 Testamento

535 5388 828 5464 apparebat
864 5391 1015 5464 Deus
1048 5389 1223 5464 specie
1258 5388 1494 5464 hominis
1522 5397 1624 5464 ;_et
1665 5388 1808 5464 sicut
1849 5391 2091 5457 Spiritus

488 5484 497 5493 -
532 5456 759 5517 sanctus
789 5458 1044 5531 apparuit
1070 5459 1126 5513 in
1162 5456 1341 5526 specie
1365 5457 1648 5521 columbae,
1687 5468 1744 5512 et
1772 5456 2082 5528 linguarum

530 5547 836 5587 tunearum.

552 5552 1158 5669 gvi?rIl’lrIbprietntibus.
1198 5594 1372 5669 Ut,m_
1409 5596 1673 5669 propheta
1719 5598 1905 5658 Amos,
1954 5598 2082 5669 ada-

531 5686 673 5731 mas,
719 5666 954 5737 providit
1009 5668 1166 5731 Deus,
1220 5676 1279 5722 ut
1330 5666 1683 5737 similitudine
1739 5672 1792 5719 et
1825 5667 2085 5737 eaemplo

530 5729 838 5795 adamantis
889 5729 1197 5797 ostenderet
1232 5737 1392 5794 nobis
1429 5736 1488 5790 τὺ
1516 5729 1725 5799 ἀπαθὲς
1753 5734 1845 5789 καὶ
1869 5729 2082 5789 saeua.

3381 4714 3396 4751 :
3453 4694 3590 4751 Deus
3629 4697 3751 4764 ignis

2199 4779 2506 4838 consumens
2535 4777 2611 4821 est
2639 4766 2817 4838 (Deut.
2854 4783 2926 4834 Iv,
2977 4768 3088 4837 24),
3138 4767 3375 4838 providit
3405 4776 3466 4821 ut
3492 4768 3571 4822 sic
3600 4768 3750 4838 signi-

2198 4833 2522 4908 ﬁca_ret_vim
2537 4833 2908 4908 consumendi
2937 4833 3397 4908 pravos—habitus.

2269 4905 2350 4970 (5)
2374 4903 2860 4976 Facultatibus.Ut
2884 4903 3047 4968 oculi,
3072 4908 3164 4976 qui
3189 4907 3498 4960 facultatem
3524 4906 3748 4974 videndi,

2201 4982 2256 5054 et
2301 4975 2468 5054 pedes
2500 4975 2811 5030 ambulandi
2845 4975 3173 5048 signiﬁcant,
3219 4978 3431 5045 species
3472 4977 3751 5045 providen-

2200 5052 2287 5095 tia:
2314 5052 2458 5097 sunt.

2224 5126 2225 5129 ‘
2270 5111 2346 5183 (6)
2370 5112 2609 5168 Statibus
2626 5114 2704 5167 vel
2731 5115 3110 5171 mansionibus.
3136 5116 3206 5171 Ut
3233 5131 3356 5171 cum
3381 5116 3602 5176 dicitur,
3627 5114 3753 5183 lapis

2196 5179 2558 5303 {)u'ndamenti,
2582 5184 2851 5254 significat
2874 5187 3264 5255 providentiam
3294 5195 3471 5241 status
3498 5179 3753 5239 immuta-

2235 5267 2248 5303 ι
2275 5267 2340 5303 IS.

2235 5267 2340 5305 IIIS.

2270 5320 2344 5389 (7)
2370 5320 2808 5377 Emanationibus
2846 5321 2924 5376 vel
2941 5323 3382 5377 distinctionibus.
3417 5322 3489 5378 Ut
3516 5336 3640 5377 cum
3672 5322 3754 5377 di-

2193 5391 2353 5462 citur,
2384 5390 2483 5445 llos
2514 5393 2626 5459 agri
2661 5402 2714 5446 et
2744 5392 2916 5446 lilium
2946 5393 3272 5448 convallium
3292 5431 3308 5459 ,
3355 5393 3590 5447 varietas
3629 5407 3748 5462 pro:

2191 5460 2819 5527 videntiteisiguiticatur.

2264 5530 2341 5598 (8)
2385 5529 2878 5599 Conjunctionibus.
2924 5530 2995 5587 Ut
3045 5546 3165 5585 cum
3217 5538 3441 5584 vocatur
3490 5528 3629 5598 lapis
3657 5545 3753 5582 an-

2189 5600 2421 5666 gularis,
2448 5600 2784 5672 significatur
2827 5602 3167 5672 providentia
3203 5600 3557 5656 convertendi
3582 5599 3648 5654 ad
3674 5614 3748 5667 se,

2189 5680 2243 5724 et
2280 5683 2465 5726 secum
2491 5670 2806 5740 copulandi.
