  <div class='ocr_page' id='page_1' title='image "/cluster/home/n/w/nwhite01/storage/ocr_20150623/152/mdp.39015078384735/402.png"; bbox 0 0 4058 6306; ppageno 0'>
   <div class='ocr_carea' id='block_1_1' title="bbox 234 349 471 418">
    <p class='ocr_par' dir='ltr' id='par_1_1' title="bbox 234 349 471 418">
     <span class='ocr_line' id='line_1_1' title="bbox 234 349 471 418; baseline 0.017 -7"><span class='ocrx_word' id='word_1_1' title='bbox 234 349 382 418; x_wconf 78' lang='grc'><strong>’789</strong></span> <span class='ocrx_word' id='word_1_2' title='bbox 468 353 471 358; x_wconf 36' lang='grc' dir='ltr'><strong><em>λ</em></strong></span> 
     </span>
    </p>
   </div>
   <div class='ocr_carea' id='block_1_2' title="bbox 1067 341 2726 430">
    <p class='ocr_par' dir='ltr' id='par_1_2' title="bbox 1067 341 2726 430">
     <span class='ocr_line' id='line_1_2' title="bbox 1067 341 2726 430; baseline 0.009 -14"><span class='ocrx_word' id='word_1_3' title='bbox 1067 341 1474 420; x_wconf 71' lang='grc' dir='ltr'><strong>’1)ΕΕΑ8ΠΪ.</strong></span> <span class='ocrx_word' id='word_1_4' title='bbox 1514 387 1580 396; x_wconf 90' lang='lat'>—</span> <span class='ocrx_word' id='word_1_5' title='bbox 1620 360 1720 425; x_wconf 88' lang='lat' dir='ltr'><strong>DE</strong></span> <span class='ocrx_word' id='word_1_6' title='bbox 1755 359 2726 430; x_wconf 73' lang='lat' dir='ltr'><strong>DIVINISKMANATIONIBUS.</strong></span> 
     </span>
    </p>
   </div>
   <div class='ocr_carea' id='block_1_3' title="bbox 3403 358 3534 430">
    <p class='ocr_par' dir='ltr' id='par_1_3' title="bbox 3403 358 3534 430">
     <span class='ocr_line' id='line_1_3' title="bbox 3403 358 3534 430; baseline -0.015 0"><span class='ocrx_word' id='word_1_7' title='bbox 3403 358 3534 430; x_wconf 66' lang='lat'><strong>796‘</strong></span> 
     </span>
    </p>
   </div>
   <div class='ocr_carea' id='block_1_4' title="bbox 237 464 3508 549">
    <p class='ocr_par' dir='ltr' id='par_1_4' title="bbox 237 464 3508 549">
     <span class='ocr_line' id='line_1_4' title="bbox 237 464 3508 549; baseline 0.004 -33"><span class='ocrx_word' id='word_1_8' title='bbox 237 481 414 533; x_wconf 84' lang='lat' dir='ltr'><strong>quos</strong></span> <span class='ocrx_word' id='word_1_9' title='bbox 459 479 489 519; x_wconf 85' lang='lat' dir='ltr'><strong>a</strong></span> <span class='ocrx_word' id='word_1_10' title='bbox 524 464 793 536; x_wconf 86' lang='lat' dir='ltr'><strong>principio</strong></span> <span class='ocrx_word' id='word_1_11' title='bbox 824 472 1226 528; x_wconf 82' lang='lat' dir='ltr'><strong>emanationem</strong></span> <span class='ocrx_word' id='word_1_12' title='bbox 1261 474 1408 537; x_wconf 86' lang='lat' dir='ltr'><strong>fecit,</strong></span> <span class='ocrx_word' id='word_1_13' title='bbox 1441 483 1493 530; x_wconf 90' lang='lat' dir='ltr'><strong>et</strong></span> <span class='ocrx_word' id='word_1_14' title='bbox 1525 475 1702 535; x_wconf 87' lang='lat' dir='ltr'><strong>adhuc</strong></span> <span class='ocrx_word' id='word_1_15' title='bbox 1737 485 1834 530; x_wconf 84' lang='lat' dir='ltr'><strong>eo-</strong></span> <span class='ocrx_word' id='word_1_16' title='bbox 1862 475 1912 534; x_wconf 84' lang='lat' dir='ltr'><strong>A</strong></span> <span class='ocrx_word' id='word_1_17' title='bbox 1939 490 2001 531; x_wconf 92' lang='lat' dir='ltr'><strong>ac</strong></span> <span class='ocrx_word' id='word_1_18' title='bbox 2036 478 2316 535; x_wconf 76' lang='lat' dir='ltr'><strong>beneﬁciis</strong></span> <span class='ocrx_word' id='word_1_19' title='bbox 2357 479 2473 548; x_wconf 86' lang='lat' dir='ltr'><strong>ejus</strong></span> <span class='ocrx_word' id='word_1_20' title='bbox 2505 494 2632 549; x_wconf 87' lang='lat' dir='ltr'><strong>erga</strong></span> <span class='ocrx_word' id='word_1_21' title='bbox 2677 494 2774 535; x_wconf 82' lang='lat' dir='ltr'><strong>nos</strong></span> <span class='ocrx_word' id='word_1_22' title='bbox 2811 478 3029 535; x_wconf 88' lang='lat' dir='ltr'><strong>nomina</strong></span> <span class='ocrx_word' id='word_1_23' title='bbox 3078 477 3248 548; x_wconf 84' lang='lat' dir='ltr'><strong>ipsius</strong></span> <span class='ocrx_word' id='word_1_24' title='bbox 3288 480 3508 544; x_wconf 80' lang='lat' dir='ltr'><strong>confici,</strong></span> 
     </span>
    </p>
   </div>
   <div class='ocr_carea' id='block_1_5' title="bbox 237 559 1836 632">
    <p class='ocr_par' dir='ltr' id='par_1_5' title="bbox 237 559 1836 632">
     <span class='ocr_line' id='line_1_5' title="bbox 237 559 1836 632; baseline 0.009 -25"><span class='ocrx_word' id='word_1_25' title='bbox 237 569 393 608; x_wconf 82' lang='lat' dir='ltr'><strong>rum</strong></span> <span class='ocrx_word' id='word_1_26' title='bbox 417 571 604 610; x_wconf 83' lang='lat' dir='ltr'><strong>curam</strong></span> <span class='ocrx_word' id='word_1_27' title='bbox 637 559 795 627; x_wconf 79' lang='lat' dir='ltr'><strong>gerit,</strong></span> <span class='ocrx_word' id='word_1_28' title='bbox 819 563 963 628; x_wconf 90' lang='lat' dir='ltr'><strong>quod</strong></span> <span class='ocrx_word' id='word_1_29' title='bbox 995 565 1165 632; x_wconf 77' lang='lat' dir='ltr'><strong>magis</strong></span> <span class='ocrx_word' id='word_1_30' title='bbox 1196 566 1374 620; x_wconf 85' lang='lat' dir='ltr'><strong>adhuc</strong></span> <span class='ocrx_word' id='word_1_31' title='bbox 1401 581 1466 620; x_wconf 81' lang='lat' dir='ltr'><strong>ex</strong></span> <span class='ocrx_word' id='word_1_32' title='bbox 1501 581 1567 620; x_wconf 88' lang='lat' dir='ltr'><strong>co</strong></span> <span class='ocrx_word' id='word_1_33' title='bbox 1599 573 1836 631; x_wconf 78' lang='lat' dir='ltr'><strong>constat.</strong></span> 
     </span>
    </p>
   </div>
   <div class='ocr_carea' id='block_1_6' title="bbox 240 644 1836 722">
    <p class='ocr_par' dir='ltr' id='par_1_6' title="bbox 240 644 1836 722">
     <span class='ocr_line' id='line_1_6' title="bbox 240 644 1836 722; baseline 0.011 -29"><span class='ocrx_word' id='word_1_34' title='bbox 240 644 421 712; x_wconf 80' lang='lat' dir='ltr'><strong>quod</strong></span> <span class='ocrx_word' id='word_1_35' title='bbox 457 647 917 715; x_wconf 46' lang='lat' dir='ltr'><strong>providentia&#39;Dci</strong></span> <span class='ocrx_word' id='word_1_36' title='bbox 943 654 1269 722; x_wconf 81' lang='lat' dir='ltr'><strong>principium</strong></span> <span class='ocrx_word' id='word_1_37' title='bbox 1293 665 1375 710; x_wconf 88' lang='lat' dir='ltr'><strong>est</strong></span> <span class='ocrx_word' id='word_1_38' title='bbox 1397 665 1604 711; x_wconf 69' lang='lat' dir='ltr'><strong>naturae</strong></span> <span class='ocrx_word' id='word_1_39' title='bbox 1628 672 1836 721; x_wconf 88' lang='lat' dir='ltr'><strong>rerum,</strong></span> 
     </span>
    </p>
   </div>
   <div class='ocr_carea' id='block_1_7' title="bbox 234 739 1838 816">
    <p class='ocr_par' dir='ltr' id='par_1_7' title="bbox 234 739 1838 816">
     <span class='ocr_line' id='line_1_7' title="bbox 234 739 1838 816; baseline 0.01 -29"><span class='ocrx_word' id='word_1_40' title='bbox 234 749 432 787; x_wconf 82' lang='lat' dir='ltr'><strong>omne</strong></span> <span class='ocrx_word' id='word_1_41' title='bbox 467 745 645 789; x_wconf 86' lang='lat' dir='ltr'><strong>autem</strong></span> <span class='ocrx_word' id='word_1_42' title='bbox 701 739 1024 809; x_wconf 85' lang='lat' dir='ltr'><strong>principium</strong></span> <span class='ocrx_word' id='word_1_43' title='bbox 1062 744 1368 810; x_wconf 86' lang='lat' dir='ltr'><strong>aliquorum</strong></span> <span class='ocrx_word' id='word_1_44' title='bbox 1409 747 1463 800; x_wconf 91' lang='lat' dir='ltr'><strong>in</strong></span> <span class='ocrx_word' id='word_1_45' title='bbox 1498 747 1565 802; x_wconf 89' lang='lat' dir='ltr'><strong>iis</strong></span> <span class='ocrx_word' id='word_1_46' title='bbox 1598 762 1720 816; x_wconf 65' lang='lat' dir='ltr'><strong>qua:</strong></span> <span class='ocrx_word' id='word_1_47' title='bbox 1768 747 1838 803; x_wconf 86' lang='lat' dir='ltr'><strong>ab</strong></span> 
     </span>
    </p>
   </div>
   <div class='ocr_carea' id='block_1_8' title="bbox 239 823 1846 909">
    <p class='ocr_par' dir='ltr' id='par_1_8' title="bbox 239 823 1846 909">
     <span class='ocr_line' id='line_1_8' title="bbox 239 823 1846 909; baseline 0.009 -35"><span class='ocrx_word' id='word_1_48' title='bbox 239 823 390 889; x_wconf 79' lang='lat' dir='ltr'><strong>ipso</strong></span> <span class='ocrx_word' id='word_1_49' title='bbox 421 826 686 894; x_wconf 80' lang='lat' dir='ltr'><strong>principio</strong></span> <span class='ocrx_word' id='word_1_50' title='bbox 714 831 1005 893; x_wconf 77' lang='lat' dir='ltr'><strong>exsistunt,</strong></span> <span class='ocrx_word' id='word_1_51' title='bbox 1035 835 1417 901; x_wconf 87' lang='lat' dir='ltr'><strong>concluditur;</strong></span> <span class='ocrx_word' id='word_1_52' title='bbox 1472 837 1642 906; x_wconf 93' lang='lat' dir='ltr'><strong>liquet</strong></span> <span class='ocrx_word' id='word_1_53' title='bbox 1673 839 1846 909; x_wconf 86' lang='lat' dir='ltr'><strong>igitur.</strong></span> 
     </span>
    </p>
   </div>
   <div class='ocr_carea' id='block_1_9' title="bbox 234 917 1842 995">
    <p class='ocr_par' dir='ltr' id='par_1_9' title="bbox 234 917 1842 995">
     <span class='ocr_line' id='line_1_9' title="bbox 234 917 1842 995; baseline 0.012 -29"><span class='ocrx_word' id='word_1_54' title='bbox 234 929 392 968; x_wconf 74' lang='lat' dir='ltr'><strong>esse</strong></span> <span class='ocrx_word' id='word_1_55' title='bbox 425 917 819 983; x_wconf 79' lang='lat' dir='ltr'><strong>providentiam</strong></span> <span class='ocrx_word' id='word_1_56' title='bbox 849 938 1013 974; x_wconf 87' lang='lat' dir='ltr'><strong>unum</strong></span> <span class='ocrx_word' id='word_1_57' title='bbox 1049 938 1112 977; x_wconf 81' lang='lat' dir='ltr'><strong>ex</strong></span> <span class='ocrx_word' id='word_1_58' title='bbox 1163 925 1231 980; x_wconf 91' lang='lat' dir='ltr'><strong>iis</strong></span> <span class='ocrx_word' id='word_1_59' title='bbox 1259 942 1382 995; x_wconf 67' lang='lat' dir='ltr'><strong>quae</strong></span> <span class='ocrx_word' id='word_1_60' title='bbox 1431 943 1460 982; x_wconf 91' lang='lat' dir='ltr'><strong>a</strong></span> <span class='ocrx_word' id='word_1_61' title='bbox 1514 928 1620 983; x_wconf 91' lang='lat' dir='ltr'><strong>Deo</strong></span> <span class='ocrx_word' id='word_1_62' title='bbox 1649 930 1842 984; x_wconf 78' lang='lat' dir='ltr'><strong>volun-</strong></span> 
     </span>
    </p>
   </div>
   <div class='ocr_carea' id='block_1_10' title="bbox 239 1008 1836 1090">
    <p class='ocr_par' dir='ltr' id='par_1_10' title="bbox 239 1008 1836 1090">
     <span class='ocr_line' id='line_1_10' title="bbox 239 1008 1836 1090; baseline 0.013 -33"><span class='ocrx_word' id='word_1_63' title='bbox 239 1015 381 1061; x_wconf 78' lang='lat' dir='ltr'><strong>tate</strong></span> <span class='ocrx_word' id='word_1_64' title='bbox 413 1022 508 1061; x_wconf 91' lang='lat' dir='ltr'><strong>sna</strong></span> <span class='ocrx_word' id='word_1_65' title='bbox 547 1008 682 1062; x_wconf 87' lang='lat' dir='ltr'><strong>facta</strong></span> <span class='ocrx_word' id='word_1_66' title='bbox 719 1012 1200 1071; x_wconf 84' lang='lat' dir='ltr'><strong>sunt..Enumcrat</strong></span> <span class='ocrx_word' id='word_1_67' title='bbox 1233 1027 1412 1072; x_wconf 91' lang='lat' dir='ltr'><strong>autem</strong></span> <span class='ocrx_word' id='word_1_68' title='bbox 1464 1019 1750 1090; x_wconf 74' lang='lat' dir='ltr'><strong>Dionysius</strong></span> <span class='ocrx_word' id='word_1_69' title='bbox 1783 1023 1836 1078; x_wconf 91' lang='lat' dir='ltr'><strong>in</strong></span> 
     </span>
    </p>
   </div>
   <div class='ocr_carea' id='block_1_11' title="bbox 237 1100 1836 1176">
    <p class='ocr_par' dir='ltr' id='par_1_11' title="bbox 237 1100 1836 1176">
     <span class='ocr_line' id='line_1_11' title="bbox 237 1100 1836 1176; baseline 0.013 -28"><span class='ocrx_word' id='word_1_70' title='bbox 237 1100 624 1164; x_wconf 79' lang='lat' dir='ltr'><strong>providentiis</strong></span> <span class='ocrx_word' id='word_1_71' title='bbox 651 1102 791 1156; x_wconf 84' lang='lat' dir='ltr'><strong>dona</strong></span> <span class='ocrx_word' id='word_1_72' title='bbox 847 1114 900 1160; x_wconf 89' lang='lat' dir='ltr'><strong>et</strong></span> <span class='ocrx_word' id='word_1_73' title='bbox 928 1107 1166 1163; x_wconf 82' lang='lat' dir='ltr'><strong>visiones</strong></span> <span class='ocrx_word' id='word_1_74' title='bbox 1219 1117 1273 1164; x_wconf 89' lang='lat' dir='ltr'><strong>et</strong></span> <span class='ocrx_word' id='word_1_75' title='bbox 1313 1112 1446 1176; x_wconf 85' lang='lat' dir='ltr'><strong>alia,</strong></span> <span class='ocrx_word' id='word_1_76' title='bbox 1504 1122 1665 1168; x_wconf 86' lang='lat' dir='ltr'><strong>utcns</strong></span> <span class='ocrx_word' id='word_1_77' title='bbox 1701 1129 1836 1169; x_wconf 86' lang='lat' dir='ltr'><strong>voce</strong></span> 
     </span>
    </p>
   </div>
   <div class='ocr_carea' id='block_1_12' title="bbox 237 1189 1838 1266">
    <p class='ocr_par' dir='ltr' id='par_1_12' title="bbox 237 1189 1838 1266">
     <span class='ocr_line' id='line_1_12' title="bbox 237 1189 1838 1266; baseline 0.012 -27"><span class='ocrx_word' id='word_1_78' title='bbox 237 1189 688 1258; x_wconf 80' lang='lat' dir='ltr'><strong>disjunctionis,</strong></span> <span class='ocrx_word' id='word_1_79' title='bbox 761 1197 842 1249; x_wconf 89' lang='lat' dir='ltr'><strong>vel</strong></span> <span class='ocrx_word' id='word_1_80' title='bbox 908 1198 974 1251; x_wconf 93' lang='lat' dir='ltr'><strong>ad</strong></span> <span class='ocrx_word' id='word_1_81' title='bbox 1039 1199 1474 1266; x_wconf 87' lang='lat' dir='ltr'><strong>declarandum,</strong></span> <span class='ocrx_word' id='word_1_82' title='bbox 1542 1217 1652 1257; x_wconf 88' lang='lat' dir='ltr'><strong>non</strong></span> <span class='ocrx_word' id='word_1_83' title='bbox 1716 1219 1838 1258; x_wconf 90' lang='lat' dir='ltr'><strong>esse</strong></span> 
     </span>
    </p>
   </div>
   <div class='ocr_carea' id='block_1_13' title="bbox 237 1278 1866 1357">
    <p class='ocr_par' dir='ltr' id='par_1_13' title="bbox 237 1278 1866 1357">
     <span class='ocr_line' id='line_1_13' title="bbox 237 1278 1866 1357; baseline 0.009 -28"><span class='ocrx_word' id='word_1_84' title='bbox 237 1278 714 1348; x_wconf 77' lang='lat' dir='ltr'><strong>improbandum,</strong></span> <span class='ocrx_word' id='word_1_85' title='bbox 773 1286 818 1340; x_wconf 91' lang='lat' dir='ltr'><strong>si</strong></span> <span class='ocrx_word' id='word_1_86' title='bbox 876 1288 998 1357; x_wconf 88' lang='lat' dir='ltr'><strong>quis</strong></span> <span class='ocrx_word' id='word_1_87' title='bbox 1053 1291 1168 1345; x_wconf 69' lang='lat' dir='ltr'><strong>haec</strong></span> <span class='ocrx_word' id='word_1_88' title='bbox 1222 1293 1324 1346; x_wconf 87' lang='lat' dir='ltr'><strong>hoc</strong></span> <span class='ocrx_word' id='word_1_89' title='bbox 1380 1302 1477 1346; x_wconf 80' lang='lat' dir='ltr'><strong>aut</strong></span> <span class='ocrx_word' id='word_1_90' title='bbox 1528 1292 1622 1346; x_wconf 92' lang='lat' dir='ltr'><strong>illo</strong></span> <span class='ocrx_word' id='word_1_91' title='bbox 1667 1293 1866 1347; x_wconf 61' lang='lat' dir='ltr'><strong>verbo-</strong></span> 
     </span>
    </p>
   </div>
   <div class='ocr_carea' id='block_1_14' title="bbox 239 1379 451 1426">
    <p class='ocr_par' dir='ltr' id='par_1_14' title="bbox 239 1379 451 1426">
     <span class='ocr_line' id='line_1_14' title="bbox 239 1379 451 1426; baseline 0.009 -4"><span class='ocrx_word' id='word_1_92' title='bbox 239 1379 451 1426; x_wconf 67' lang='lat' dir='ltr'><strong>voret.</strong></span> 
     </span>
    </p>
   </div>
   <div class='ocr_carea' id='block_1_15' title="bbox 874 1448 1224 1506">
    <p class='ocr_par' dir='ltr' id='par_1_15' title="bbox 874 1448 1224 1506">
     <span class='ocr_line' id='line_1_15' title="bbox 874 1448 1224 1506; baseline 0.011 -3"><span class='ocrx_word' id='word_1_93' title='bbox 874 1448 1100 1505; x_wconf 73' lang='lat' dir='ltr'><strong>CAPUT</strong></span> <span class='ocrx_word' id='word_1_94' title='bbox 1131 1451 1224 1506; x_wconf 77' lang='lat' dir='ltr'><strong>IX.</strong></span> 
     </span>
    </p>
   </div>
   <div class='ocr_carea' id='block_1_16' title="bbox 237 1530 1840 1610">
    <p class='ocr_par' dir='ltr' id='par_1_16' title="bbox 237 1530 1840 1610">
     <span class='ocr_line' id='line_1_16' title="bbox 237 1530 1840 1610; baseline 0.016 -30"><span class='ocrx_word' id='word_1_95' title='bbox 237 1530 426 1610; x_wconf 67' lang='lat' dir='ltr'><strong>Quod</strong></span> <span class='ocrx_word' id='word_1_96' title='bbox 459 1539 743 1590; x_wconf 81' lang='lat' dir='ltr'><strong>secundum</strong></span> <span class='ocrx_word' id='word_1_97' title='bbox 777 1541 921 1609; x_wconf 84' lang='lat' dir='ltr'><strong>ipsas</strong></span> <span class='ocrx_word' id='word_1_98' title='bbox 970 1543 1066 1597; x_wconf 83' lang='lat' dir='ltr'><strong>Dei</strong></span> <span class='ocrx_word' id='word_1_99' title='bbox 1112 1544 1492 1610; x_wconf 74' lang='lat' dir='ltr'><strong>providentius</strong></span> <span class='ocrx_word' id='word_1_100' title='bbox 1526 1558 1574 1602; x_wconf 84' lang='lat' dir='ltr'><strong>et</strong></span> <span class='ocrx_word' id='word_1_101' title='bbox 1621 1566 1840 1606; x_wconf 81' lang='lat' dir='ltr'><strong>emana-</strong></span> 
     </span>
    </p>
   </div>
   <div class='ocr_carea' id='block_1_17' title="bbox 329 1605 1840 1689">
    <p class='ocr_par' dir='ltr' id='par_1_17' title="bbox 329 1605 1840 1689">
     <span class='ocr_line' id='line_1_17' title="bbox 329 1605 1840 1689; baseline 0.005 -23"><span class='ocrx_word' id='word_1_102' title='bbox 329 1605 506 1689; x_wconf 55' lang='grc' dir='ltr'><strong>(ἤριπες</strong></span> <span class='ocrx_word' id='word_1_103' title='bbox 543 1614 696 1676; x_wconf 70' lang='lat' dir='ltr'><strong>atque</strong></span> <span class='ocrx_word' id='word_1_104' title='bbox 719 1605 1043 1689; x_wconf 62' lang='lat' dir='ltr'><strong>operations</strong></span> <span class='ocrx_word' id='word_1_105' title='bbox 1071 1605 1204 1689; x_wconf 74' lang='lat' dir='ltr'><strong>fiunt</strong></span> <span class='ocrx_word' id='word_1_106' title='bbox 1228 1625 1419 1672; x_wconf 71' lang='lat' dir='ltr'><strong>nostra:</strong></span> <span class='ocrx_word' id='word_1_107' title='bbox 1447 1618 1640 1674; x_wconf 70' lang='lat' dir='ltr'><strong>divinw</strong></span> <span class='ocrx_word' id='word_1_108' title='bbox 1668 1605 1840 1689; x_wconf 79' lang='lat' dir='ltr'><strong>parti-</strong></span> 
     </span>
    </p>
   </div>
   <div class='ocr_carea' id='block_1_18' title="bbox 327 1681 1227 1738">
    <p class='ocr_par' dir='ltr' id='par_1_18' title="bbox 327 1681 1227 1738">
     <span class='ocr_line' id='line_1_18' title="bbox 327 1681 1227 1738; baseline 0.017 -15"><span class='ocrx_word' id='word_1_109' title='bbox 327 1681 648 1738; x_wconf 78' lang='lat' dir='ltr'><strong>cipationes.</strong></span> <span class='ocrx_word' id='word_1_110' title='bbox 679 1688 725 1730; x_wconf 82' lang='lat' dir='ltr'><strong>et</strong></span> <span class='ocrx_word' id='word_1_111' title='bbox 751 1681 934 1734; x_wconf 77' lang='lat' dir='ltr'><strong>divina</strong></span> <span class='ocrx_word' id='word_1_112' title='bbox 965 1684 1196 1738; x_wconf 74' lang='lat' dir='ltr'><strong>nontina.</strong></span> <span class='ocrx_word' id='word_1_113' title='bbox 1225 1693 1227 1696; x_wconf 67' lang='lat'><em>‘</em></span> 
     </span>
    </p>
   </div>
   <div class='ocr_carea' id='block_1_19' title="bbox 331 1757 1840 1841">
    <p class='ocr_par' dir='ltr' id='par_1_19' title="bbox 331 1757 1840 1841">
     <span class='ocr_line' id='line_1_19' title="bbox 331 1757 1840 1841; baseline 0.015 -32"><span class='ocrx_word' id='word_1_114' title='bbox 331 1757 566 1825; x_wconf 75' lang='lat' dir='ltr'><strong>Magnus</strong></span> <span class='ocrx_word' id='word_1_115' title='bbox 605 1764 916 1837; x_wconf 75' lang='lat' dir='ltr'><strong>Dionysius,</strong></span> <span class='ocrx_word' id='word_1_116' title='bbox 949 1771 1127 1838; x_wconf 80' lang='lat' dir='ltr'><strong>capite</strong></span> <span class='ocrx_word' id='word_1_117' title='bbox 1177 1772 1356 1841; x_wconf 89' lang='lat' dir='ltr'><strong>primo</strong></span> <span class='ocrx_word' id='word_1_118' title='bbox 1404 1773 1477 1829; x_wconf 82' lang='lat' dir='ltr'><strong>De</strong></span> <span class='ocrx_word' id='word_1_119' title='bbox 1509 1777 1703 1830; x_wconf 76' lang='lat' dir='ltr'><strong>divinis</strong></span> <span class='ocrx_word' id='word_1_120' title='bbox 1744 1793 1840 1830; x_wconf 81' lang='lat' dir='ltr'><strong>no-</strong></span> 
     </span>
    </p>
   </div>
   <div class='ocr_carea' id='block_1_20' title="bbox 240 1851 1842 1933">
    <p class='ocr_par' dir='ltr' id='par_1_20' title="bbox 240 1851 1842 1933">
     <span class='ocr_line' id='line_1_20' title="bbox 240 1851 1842 1933; baseline 0.014 -33"><span class='ocrx_word' id='word_1_121' title='bbox 240 1851 523 1917; x_wconf 75' lang='lat' dir='ltr'><strong>minibus,</strong></span> <span class='ocrx_word' id='word_1_122' title='bbox 556 1854 702 1922; x_wconf 68' lang='lat' dir='ltr'><strong>Haec,</strong></span> <span class='ocrx_word' id='word_1_123' title='bbox 756 1858 955 1927; x_wconf 89' lang='lat' dir='ltr'><strong>inquit,</strong></span> <span class='ocrx_word' id='word_1_124' title='bbox 987 1877 1050 1916; x_wconf 82' lang='lat' dir='ltr'><strong>es</strong></span> <span class='ocrx_word' id='word_1_125' title='bbox 1083 1861 1384 1933; x_wconf 86' lang='lat' dir='ltr'><strong>Scripturis</strong></span> <span class='ocrx_word' id='word_1_126' title='bbox 1419 1865 1618 1922; x_wconf 79' lang='lat' dir='ltr'><strong>divinis</strong></span> <span class='ocrx_word' id='word_1_127' title='bbox 1645 1868 1842 1922; x_wconf 86' lang='lat' dir='ltr'><strong>didici-</strong></span> 
     </span>
    </p>
   </div>
   <div class='ocr_carea' id='block_1_21' title="bbox 242 1949 1845 2024">
    <p class='ocr_par' dir='ltr' id='par_1_21' title="bbox 242 1949 1845 2024">
     <span class='ocr_line' id='line_1_21' title="bbox 242 1949 1845 2024; baseline 0.012 -30"><span class='ocrx_word' id='word_1_128' title='bbox 242 1957 436 2009; x_wconf 86' lang='lat' dir='ltr'><strong>mus;</strong></span> <span class='ocrx_word' id='word_1_129' title='bbox 466 1954 519 1998; x_wconf 91' lang='lat' dir='ltr'><strong>et</strong></span> <span class='ocrx_word' id='word_1_130' title='bbox 566 1961 796 2002; x_wconf 78' lang='lat' dir='ltr'><strong>omnem</strong></span> <span class='ocrx_word' id='word_1_131' title='bbox 833 1949 948 2005; x_wconf 85' lang='lat' dir='ltr'><strong>fere</strong></span> <span class='ocrx_word' id='word_1_132' title='bbox 988 1969 1202 2009; x_wconf 84' lang='lat' dir='ltr'><strong>sacram</strong></span> <span class='ocrx_word' id='word_1_133' title='bbox 1233 1955 1574 2024; x_wconf 86' lang='lat' dir='ltr'><strong>Scripturam</strong></span> <span class='ocrx_word' id='word_1_134' title='bbox 1608 1960 1845 2024; x_wconf 81' lang='lat' dir='ltr'><strong>reperies</strong></span> 
     </span>
    </p>
   </div>
   <div class='ocr_carea' id='block_1_22' title="bbox 240 2034 1844 2105">
    <p class='ocr_par' dir='ltr' id='par_1_22' title="bbox 240 2034 1844 2105">
     <span class='ocr_line' id='line_1_22' title="bbox 240 2034 1844 2105; baseline 0.012 -18"><span class='ocrx_word' id='word_1_135' title='bbox 240 2034 323 2087; x_wconf 84' lang='lat' dir='ltr'><strong>ad</strong></span> <span class='ocrx_word' id='word_1_136' title='bbox 388 2035 776 2094; x_wconf 85' lang='lat' dir='ltr'><strong>declarandum</strong></span> <span class='ocrx_word' id='word_1_137' title='bbox 833 2043 988 2100; x_wconf 86' lang='lat' dir='ltr'><strong>nobis</strong></span> <span class='ocrx_word' id='word_1_138' title='bbox 1039 2047 1209 2101; x_wconf 77' lang='lat' dir='ltr'><strong>Deum</strong></span> <span class='ocrx_word' id='word_1_139' title='bbox 1263 2057 1318 2102; x_wconf 85' lang='lat' dir='ltr'><strong>et</strong></span> <span class='ocrx_word' id='word_1_140' title='bbox 1379 2049 1445 2103; x_wconf 92' lang='lat' dir='ltr'><strong>ad</strong></span> <span class='ocrx_word' id='word_1_141' title='bbox 1509 2049 1844 2105; x_wconf 86' lang='lat' dir='ltr'><strong>laudandum</strong></span> 
     </span>
    </p>
   </div>
   <div class='ocr_carea' id='block_1_23' title="bbox 243 2127 1847 2196">
    <p class='ocr_par' dir='ltr' id='par_1_23' title="bbox 243 2127 1847 2196">
     <span class='ocr_line' id='line_1_23' title="bbox 243 2127 1847 2196; baseline 0.009 -18"><span class='ocrx_word' id='word_1_142' title='bbox 243 2139 436 2189; x_wconf 72' lang='grc' dir='ltr'><strong>θιηη,</strong></span> <span class='ocrx_word' id='word_1_143' title='bbox 489 2127 669 2184; x_wconf 89' lang='lat' dir='ltr'><strong>divina</strong></span> <span class='ocrx_word' id='word_1_144' title='bbox 727 2134 946 2188; x_wconf 86' lang='lat' dir='ltr'><strong>nomina</strong></span> <span class='ocrx_word' id='word_1_145' title='bbox 1003 2134 1242 2192; x_wconf 83' lang='lat' dir='ltr'><strong>formare</strong></span> <span class='ocrx_word' id='word_1_146' title='bbox 1291 2141 1590 2193; x_wconf 67' lang='lat' dir='ltr'><strong>secundum</strong></span> <span class='ocrx_word' id='word_1_147' title='bbox 1648 2140 1847 2196; x_wconf 65' lang='lat' dir='ltr'><strong>divina)</strong></span> 
     </span>
    </p>
   </div>
   <div class='ocr_carea' id='block_1_24' title="bbox 249 2215 1846 2284">
    <p class='ocr_par' dir='ltr' id='par_1_24' title="bbox 249 2215 1846 2284">
     <span class='ocr_line' id='line_1_24' title="bbox 249 2215 1846 2284; baseline 0.008 -14"><span class='ocrx_word' id='word_1_148' title='bbox 249 2215 534 2272; x_wconf 83' lang='lat' dir='ltr'><strong>bonitatis</strong></span> <span class='ocrx_word' id='word_1_149' title='bbox 624 2225 1016 2280; x_wconf 85' lang='lat' dir='ltr'><strong>emanationes.</strong></span> <span class='ocrx_word' id='word_1_150' title='bbox 1090 2226 1153 2280; x_wconf 83' lang='lat' dir='ltr'><strong>Et</strong></span> <span class='ocrx_word' id='word_1_151' title='bbox 1204 2228 1400 2283; x_wconf 81' lang='lat' dir='ltr'><strong>iterum</strong></span> <span class='ocrx_word' id='word_1_152' title='bbox 1487 2230 1540 2284; x_wconf 85' lang='lat' dir='ltr'><strong>in</strong></span> <span class='ocrx_word' id='word_1_153' title='bbox 1605 2231 1846 2284; x_wconf 82' lang='lat' dir='ltr'><strong>secundo</strong></span> 
     </span>
    </p>
   </div>
   <div class='ocr_carea' id='block_1_25' title="bbox 249 2313 1843 2386">
    <p class='ocr_par' dir='ltr' id='par_1_25' title="bbox 249 2313 1843 2386">
     <span class='ocr_line' id='line_1_25' title="bbox 249 2313 1843 2386; baseline 0.006 -21"><span class='ocrx_word' id='word_1_154' title='bbox 249 2313 453 2381; x_wconf 59' lang='lat' dir='ltr'><strong>cvpite</strong></span> <span class='ocrx_word' id='word_1_155' title='bbox 514 2329 528 2366; x_wconf 90' lang='lat'><strong>:</strong></span> <span class='ocrx_word' id='word_1_156' title='bbox 594 2313 853 2370; x_wconf 81' lang='lat' dir='ltr'><strong>Absolute</strong></span> <span class='ocrx_word' id='word_1_157' title='bbox 907 2318 984 2386; x_wconf 85' lang='lat' dir='ltr'><strong>(l)</strong></span> <span class='ocrx_word' id='word_1_158' title='bbox 1067 2319 1594 2374; x_wconf 84' lang='lat' dir='ltr'><strong>communicationcs</strong></span> <span class='ocrx_word' id='word_1_159' title='bbox 1685 2321 1843 2386; x_wconf 72' lang='lat' dir='ltr'><strong>vitae,</strong></span> 
     </span>
    </p>
   </div>
   <div class='ocr_carea' id='block_1_26' title="bbox 253 2403 1847 2470">
    <p class='ocr_par' dir='ltr' id='par_1_26' title="bbox 253 2403 1847 2470">
     <span class='ocr_line' id='line_1_26' title="bbox 253 2403 1847 2470; baseline 0.006 -15"><span class='ocrx_word' id='word_1_160' title='bbox 253 2403 577 2470; x_wconf 67' lang='lat' dir='ltr'><strong>sapientia),</strong></span> <span class='ocrx_word' id='word_1_161' title='bbox 642 2414 696 2458; x_wconf 85' lang='lat' dir='ltr'><strong>et</strong></span> <span class='ocrx_word' id='word_1_162' title='bbox 770 2406 1328 2463; x_wconf 73' lang='lat' dir='ltr'><strong>alia-dona-divinze</strong></span> <span class='ocrx_word' id='word_1_163' title='bbox 1391 2410 1651 2465; x_wconf 86' lang='lat' dir='ltr'><strong>bonitatis</strong></span> <span class='ocrx_word' id='word_1_164' title='bbox 1727 2425 1847 2464; x_wconf 83' lang='lat' dir='ltr'><strong>om-</strong></span> 
     </span>
    </p>
   </div>
   <div class='ocr_carea' id='block_1_27' title="bbox 254 2493 1870 2570">
    <p class='ocr_par' dir='ltr' id='par_1_27' title="bbox 254 2493 1870 2570">
     <span class='ocr_line' id='line_1_27' title="bbox 254 2493 1870 2570; baseline 0.006 -23"><span class='ocrx_word' id='word_1_165' title='bbox 254 2493 427 2547; x_wconf 79' lang='lat' dir='ltr'><strong>nium</strong></span> <span class='ocrx_word' id='word_1_166' title='bbox 487 2510 698 2550; x_wconf 73' lang='lat' dir='ltr'><strong>rerum.</strong></span> <span class='ocrx_word' id='word_1_167' title='bbox 725 2496 1044 2562; x_wconf 71' lang='lat' dir='ltr'><strong>eﬂ‘ectricis,</strong></span> <span class='ocrx_word' id='word_1_168' title='bbox 1092 2500 1170 2553; x_wconf 83' lang='lat' dir='ltr'><strong>in.</strong></span> <span class='ocrx_word' id='word_1_169' title='bbox 1207 2499 1410 2570; x_wconf 82' lang='lat' dir='ltr'><strong>quibus</strong></span> <span class='ocrx_word' id='word_1_170' title='bbox 1449 2499 1870 2556; x_wconf 43' lang='lat' dir='ltr'><strong>donissdivina-</strong></span> 
     </span>
    </p>
   </div>
   <div class='ocr_carea' id='block_1_28' title="bbox 256 2589 1847 2661">
    <p class='ocr_par' dir='ltr' id='par_1_28' title="bbox 256 2589 1847 2661">
     <span class='ocr_line' id='line_1_28' title="bbox 256 2589 1847 2661; baseline 0.006 -25"><span class='ocrx_word' id='word_1_171' title='bbox 256 2599 560 2653; x_wconf 68' lang='lat' dir='ltr'><strong>personat;</strong></span> <span class='ocrx_word' id='word_1_172' title='bbox 611 2602 732 2656; x_wconf 70' lang='lat' dir='ltr'><strong>qua:</strong></span> <span class='ocrx_word' id='word_1_173' title='bbox 781 2589 900 2643; x_wconf 88' lang='lat' dir='ltr'><strong>sine</strong></span> <span class='ocrx_word' id='word_1_174' title='bbox 963 2599 1172 2644; x_wconf 76' lang='lat' dir='ltr'><strong>natura:</strong></span> <span class='ocrx_word' id='word_1_175' title='bbox 1244 2606 1388 2646; x_wconf 55' lang='lat' dir='ltr'><strong>suae»</strong></span> <span class='ocrx_word' id='word_1_176' title='bbox 1422 2591 1847 2661; x_wconf 66' lang='lat' dir='ltr'><strong>participatione</strong></span> 
     </span>
    </p>
   </div>
   <div class='ocr_carea' id='block_1_29' title="bbox 259 2675 1848 2751">
    <p class='ocr_par' dir='ltr' id='par_1_29' title="bbox 259 2675 1848 2751">
     <span class='ocr_line' id='line_1_29' title="bbox 259 2675 1848 2751; baseline 0.007 -26"><span class='ocrx_word' id='word_1_177' title='bbox 259 2675 690 2744; x_wconf 81' lang='lat' dir='ltr'><strong>participantur.</strong></span> <span class='ocrx_word' id='word_1_178' title='bbox 723 2692 774 2731; x_wconf 90' lang='lat' dir='ltr'><strong>a-</strong></span> <span class='ocrx_word' id='word_1_179' title='bbox 809 2679 1314 2748; x_wconf 66' lang='lat' dir='ltr'><strong>part-icipntionibus</strong></span> <span class='ocrx_word' id='word_1_180' title='bbox 1367 2691 1422 2736; x_wconf 90' lang='lat' dir='ltr'><strong>et</strong></span> <span class='ocrx_word' id='word_1_181' title='bbox 1471 2683 1848 2751; x_wconf 82' lang='lat' dir='ltr'><strong>participanti-</strong></span> 
     </span>
    </p>
   </div>
   <div class='ocr_carea' id='block_1_30' title="bbox 263 2767 1848 2845">
    <p class='ocr_par' dir='ltr' id='par_1_30' title="bbox 263 2767 1848 2845">
     <span class='ocr_line' id='line_1_30' title="bbox 263 2767 1848 2845; baseline 0.006 -25"><span class='ocrx_word' id='word_1_182' title='bbox 263 2768 381 2820; x_wconf 82' lang='lat' dir='ltr'><strong>bns</strong></span> <span class='ocrx_word' id='word_1_183' title='bbox 439 2767 748 2824; x_wconf 71' lang='lat' dir='ltr'><strong>laudantur.</strong></span> <span class='ocrx_word' id='word_1_184' title='bbox 779 2773 898 2835; x_wconf 82' lang='lat' dir='ltr'><strong>Quo</strong></span> <span class='ocrx_word' id='word_1_185' title='bbox 945 2774 999 2826; x_wconf 90' lang='lat' dir='ltr'><strong>in</strong></span> <span class='ocrx_word' id='word_1_186' title='bbox 1045 2774 1163 2845; x_wconf 87' lang='lat' dir='ltr'><strong>loco</strong></span> <span class='ocrx_word' id='word_1_187' title='bbox 1193 2774 1250 2828; x_wconf 90' lang='lat' dir='ltr'><strong>S.</strong></span> <span class='ocrx_word' id='word_1_188' title='bbox 1288 2774 1598 2830; x_wconf 72' lang='lat' dir='ltr'><strong>Maximus:</strong></span> <span class='ocrx_word' id='word_1_189' title='bbox 1642 2775 1848 2829; x_wconf 86' lang='lat' dir='ltr'><strong>Secun-</strong></span> 
     </span>
    </p>
   </div>
   <div class='ocr_carea' id='block_1_31' title="bbox 262 2859 1849 2933">
    <p class='ocr_par' dir='ltr' id='par_1_31' title="bbox 262 2859 1849 2933">
     <span class='ocr_line' id='line_1_31' title="bbox 262 2859 1849 2933; baseline 0.003 -21"><span class='ocrx_word' id='word_1_190' title='bbox 262 2859 412 2912; x_wconf 72' lang='lat' dir='ltr'><strong>dum</strong></span> <span class='ocrx_word' id='word_1_191' title='bbox 466 2861 845 2926; x_wconf 77' lang='lat' dir='ltr'><strong>substantiam,</strong></span> <span class='ocrx_word' id='word_1_192' title='bbox 879 2863 1073 2931; x_wconf 84' lang='lat' dir='ltr'><strong>inquit,</strong></span> <span class='ocrx_word' id='word_1_193' title='bbox 1114 2863 1372 2918; x_wconf 80' lang='lat' dir='ltr'><strong>divinitas</strong></span> <span class='ocrx_word' id='word_1_194' title='bbox 1414 2878 1590 2930; x_wconf 90' lang='lat' dir='ltr'><strong>neque</strong></span> <span class='ocrx_word' id='word_1_195' title='bbox 1627 2865 1849 2933; x_wconf 72' lang='lat' dir='ltr'><strong>partici-</strong></span> 
     </span>
    </p>
   </div>
   <div class='ocr_carea' id='block_1_32' title="bbox 271 2950 1848 3024">
    <p class='ocr_par' dir='ltr' id='par_1_32' title="bbox 271 2950 1848 3024">
     <span class='ocr_line' id='line_1_32' title="bbox 271 2950 1848 3024; baseline 0.006 -26"><span class='ocrx_word' id='word_1_196' title='bbox 271 2956 468 3016; x_wconf 75' lang='lat' dir='ltr'><strong>patur,</strong></span> <span class='ocrx_word' id='word_1_197' title='bbox 524 2964 624 3004; x_wconf 88' lang='lat' dir='ltr'><strong>nec</strong></span> <span class='ocrx_word' id='word_1_198' title='bbox 677 2950 994 3018; x_wconf 80' lang='lat' dir='ltr'><strong>intelligitur</strong></span> <span class='ocrx_word' id='word_1_199' title='bbox 1045 2969 1060 3006; x_wconf 90' lang='lat'><strong>:</strong></span> <span class='ocrx_word' id='word_1_200' title='bbox 1106 2953 1498 3024; x_wconf 83' lang='lat' dir='ltr'><strong>participsbilis</strong></span> <span class='ocrx_word' id='word_1_201' title='bbox 1560 2969 1686 3008; x_wconf 83' lang='lat' dir='ltr'><strong>vero</strong></span> <span class='ocrx_word' id='word_1_202' title='bbox 1739 2966 1848 3020; x_wconf 89' lang='lat' dir='ltr'><strong>est,</strong></span> 
     </span>
    </p>
   </div>
   <div class='ocr_carea' id='block_1_33' title="bbox 268 3040 1846 3107">
    <p class='ocr_par' dir='ltr' id='par_1_33' title="bbox 268 3040 1846 3107">
     <span class='ocr_line' id='line_1_33' title="bbox 268 3040 1846 3107; baseline 0.005 -15"><span class='ocrx_word' id='word_1_203' title='bbox 268 3049 554 3107; x_wconf 82' lang='lat' dir='ltr'><strong>quatenus</strong></span> <span class='ocrx_word' id='word_1_204' title='bbox 583 3040 648 3094; x_wconf 92' lang='lat' dir='ltr'><strong>ab</strong></span> <span class='ocrx_word' id='word_1_205' title='bbox 677 3056 738 3095; x_wconf 91' lang='lat' dir='ltr'><strong>ea</strong></span> <span class='ocrx_word' id='word_1_206' title='bbox 754 3043 1026 3097; x_wconf 73' lang='lat' dir='ltr'><strong>exsistunt</strong></span> <span class='ocrx_word' id='word_1_207' title='bbox 1050 3045 1256 3107; x_wconf 83' lang='lat' dir='ltr'><strong>omnis,</strong></span> <span class='ocrx_word' id='word_1_208' title='bbox 1282 3054 1338 3100; x_wconf 92' lang='lat' dir='ltr'><strong>et</strong></span> <span class='ocrx_word' id='word_1_209' title='bbox 1357 3045 1427 3100; x_wconf 90' lang='lat' dir='ltr'><strong>ab</strong></span> <span class='ocrx_word' id='word_1_210' title='bbox 1456 3059 1519 3099; x_wconf 83' lang='lat' dir='ltr'><strong>es</strong></span> <span class='ocrx_word' id='word_1_211' title='bbox 1559 3047 1846 3100; x_wconf 42' lang='lat' dir='ltr'><strong>continens</strong></span> 
     </span>
    </p>
   </div>
   <div class='ocr_carea' id='block_1_34' title="bbox 1909 837 3231 908">
    <p class='ocr_par' dir='ltr' id='par_1_34' title="bbox 1909 837 3231 908">
     <span class='ocr_line' id='line_1_34' title="bbox 1909 837 3231 908; baseline 0.004 -19"><span class='ocrx_word' id='word_1_212' title='bbox 1909 837 2304 906; x_wconf 79' lang='lat' dir='ltr'><strong>‘cognitionem</strong></span> <span class='ocrx_word' id='word_1_213' title='bbox 2359 841 2669 894; x_wconf 75' lang='lat' dir='ltr'><strong>naturalem</strong></span> <span class='ocrx_word' id='word_1_214' title='bbox 2745 840 3045 908; x_wconf 84' lang='lat' dir='ltr'><strong>putandum</strong></span> <span class='ocrx_word' id='word_1_215' title='bbox 3109 853 3231 894; x_wconf 89' lang='lat' dir='ltr'><strong>esse</strong></span> 
     </span>
    </p>
   </div>
   <div class='ocr_carea' id='block_1_35' title="bbox 1876 1815 1916 1869">
    <p class='ocr_par' dir='ltr' id='par_1_35' title="bbox 1876 1815 1916 1869">
     <span class='ocr_line' id='line_1_35' title="bbox 1876 1815 1916 1869; baseline 0 0"><span class='ocrx_word' id='word_1_216' title='bbox 1876 1815 1916 1869; x_wconf 82' lang='grc' dir='ltr'><strong><em>Β</em></strong></span> 
     </span>
    </p>
   </div>
   <div class='ocr_carea' id='block_1_36' title="bbox 1938 569 3535 640">
    <p class='ocr_par' dir='ltr' id='par_1_36' title="bbox 1938 569 3535 640">
     <span class='ocr_line' id='line_1_36' title="bbox 1938 569 3535 640; baseline 0.001 -18"><span class='ocrx_word' id='word_1_217' title='bbox 1938 583 2002 623; x_wconf 84' lang='lat' dir='ltr'><strong>ea</strong></span> <span class='ocrx_word' id='word_1_218' title='bbox 2037 585 2164 623; x_wconf 83' lang='lat' dir='ltr'><strong>vero</strong></span> <span class='ocrx_word' id='word_1_219' title='bbox 2201 570 2314 639; x_wconf 88' lang='lat' dir='ltr'><strong>ipsa</strong></span> <span class='ocrx_word' id='word_1_220' title='bbox 2346 585 2468 639; x_wconf 69' lang='lat' dir='ltr'><strong>quae</strong></span> <span class='ocrx_word' id='word_1_221' title='bbox 2502 571 2554 624; x_wconf 93' lang='lat' dir='ltr'><strong>in</strong></span> <span class='ocrx_word' id='word_1_222' title='bbox 2594 569 2704 624; x_wconf 91' lang='lat' dir='ltr'><strong>Deo</strong></span> <span class='ocrx_word' id='word_1_223' title='bbox 2759 581 2910 632; x_wconf 90' lang='lat' dir='ltr'><strong>sunt,</strong></span> <span class='ocrx_word' id='word_1_224' title='bbox 2950 571 3255 640; x_wconf 73' lang='lat' dir='ltr'><strong>cuiusmodi</strong></span> <span class='ocrx_word' id='word_1_225' title='bbox 3288 572 3535 625; x_wconf 65' lang='lat' dir='ltr'><strong>demum.»</strong></span> 
     </span>
    </p>
   </div>
   <div class='ocr_carea' id='block_1_37' title="bbox 1938 659 3536 731">
    <p class='ocr_par' dir='ltr' id='par_1_37' title="bbox 1938 659 3536 731">
     <span class='ocr_line' id='line_1_37' title="bbox 1938 659 3536 731; baseline 0.001 -18"><span class='ocrx_word' id='word_1_226' title='bbox 1938 659 2048 713; x_wconf 88' lang='lat' dir='ltr'><strong>sint</strong></span> <span class='ocrx_word' id='word_1_227' title='bbox 2073 660 2283 714; x_wconf 87' lang='lat' dir='ltr'><strong>ratione</strong></span> <span class='ocrx_word' id='word_1_228' title='bbox 2308 661 2390 712; x_wconf 86' lang='lat' dir='ltr'><strong>sui</strong></span> <span class='ocrx_word' id='word_1_229' title='bbox 2431 661 2682 729; x_wconf 83' lang='lat' dir='ltr'><strong>principii</strong></span> <span class='ocrx_word' id='word_1_230' title='bbox 2712 670 2764 716; x_wconf 90' lang='lat' dir='ltr'><strong>et</strong></span> <span class='ocrx_word' id='word_1_231' title='bbox 2805 661 3166 724; x_wconf 81' lang='lat' dir='ltr'><strong>fundamenti,</strong></span> <span class='ocrx_word' id='word_1_232' title='bbox 3199 670 3251 715; x_wconf 89' lang='lat' dir='ltr'><strong>et</strong></span> <span class='ocrx_word' id='word_1_233' title='bbox 3294 677 3415 731; x_wconf 76' lang='lat' dir='ltr'><strong>qua:</strong></span> <span class='ocrx_word' id='word_1_234' title='bbox 3456 663 3536 714; x_wconf 62' lang='lat' dir='ltr'><strong>in&#39;</strong></span> 
     </span>
    </p>
   </div>
   <div class='ocr_carea' id='block_1_38' title="bbox 1938 753 3526 818">
    <p class='ocr_par' dir='ltr' id='par_1_38' title="bbox 1938 753 3526 818">
     <span class='ocr_line' id='line_1_38' title="bbox 1938 753 3526 818; baseline 0.003 -16"><span class='ocrx_word' id='word_1_235' title='bbox 1938 762 2005 802; x_wconf 90' lang='lat' dir='ltr'><strong>eo</strong></span> <span class='ocrx_word' id='word_1_236' title='bbox 2050 755 2200 811; x_wconf 88' lang='lat' dir='ltr'><strong>sunt,</strong></span> <span class='ocrx_word' id='word_1_237' title='bbox 2279 763 2444 818; x_wconf 79' lang='lat' dir='ltr'><strong>supra</strong></span> <span class='ocrx_word' id='word_1_238' title='bbox 2497 765 2714 806; x_wconf 87' lang='lat' dir='ltr'><strong>omnem</strong></span> <span class='ocrx_word' id='word_1_239' title='bbox 2771 761 3048 814; x_wconf 83' lang='lat' dir='ltr'><strong>mentem,</strong></span> <span class='ocrx_word' id='word_1_240' title='bbox 3103 753 3374 805; x_wconf 83' lang='lat' dir='ltr'><strong>notionem</strong></span> <span class='ocrx_word' id='word_1_241' title='bbox 3447 767 3526 807; x_wconf 33' lang='lat' dir='ltr'><strong>ac.</strong></span> 
     </span>
    </p>
   </div>
   <div class='ocr_carea' id='block_1_39' title="bbox 3282 850 3526 909">
    <p class='ocr_par' dir='ltr' id='par_1_39' title="bbox 3282 850 3526 909">
     <span class='ocr_line' id='line_1_39' title="bbox 3282 850 3526 909; baseline 0.008 -15"><span class='ocrx_word' id='word_1_242' title='bbox 3282 858 3298 894; x_wconf 89' lang='lat'><strong>:</strong></span> <span class='ocrx_word' id='word_1_243' title='bbox 3345 850 3526 909; x_wconf 80' lang='lat' dir='ltr'><strong>atque-</strong></span> 
     </span>
    </p>
   </div>
   <div class='ocr_carea' id='block_1_40' title="bbox 1939 927 3561 1019">
    <p class='ocr_par' dir='ltr' id='par_1_40' title="bbox 1939 927 3561 1019">
     <span class='ocr_line' id='line_1_40' title="bbox 1939 927 3561 1019; baseline 0.001 -39"><span class='ocrx_word' id='word_1_244' title='bbox 1939 927 2102 980; x_wconf 83' lang='lat' dir='ltr'><strong>etiam</strong></span> <span class='ocrx_word' id='word_1_245' title='bbox 2137 927 2212 998; x_wconf 89' lang='lat' dir='ltr'><strong>(id</strong></span> <span class='ocrx_word' id='word_1_246' title='bbox 2256 930 2398 997; x_wconf 87' lang='lat' dir='ltr'><strong>quod</strong></span> <span class='ocrx_word' id='word_1_247' title='bbox 2444 929 2594 998; x_wconf 87' lang='lat' dir='ltr'><strong>prius</strong></span> <span class='ocrx_word' id='word_1_248' title='bbox 2635 927 3226 1019; x_wconf 55' lang='lat' dir='ltr'><strong>demonstrabaturiex</strong></span> <span class='ocrx_word' id='word_1_249' title='bbox 3267 931 3518 998; x_wconf 53' lang='lat' dir='ltr'><strong>magnitlé</strong></span> <span class='ocrx_word' id='word_1_250' title='bbox 3548 994 3561 1019; x_wconf 37' lang='grc' dir='ltr'><em>ε</em></span> 
     </span>
    </p>
   </div>
   <div class='ocr_carea' id='block_1_41' title="bbox 1940 1013 3614 1088">
    <p class='ocr_par' dir='ltr' id='par_1_41' title="bbox 1940 1013 3614 1088">
     <span class='ocr_line' id='line_1_41' title="bbox 1940 1013 3614 1088; baseline 0.004 -17"><span class='ocrx_word' id='word_1_251' title='bbox 1940 1017 2116 1072; x_wconf 88' lang='lat' dir='ltr'><strong>centia</strong></span> <span class='ocrx_word' id='word_1_252' title='bbox 2141 1028 2194 1072; x_wconf 86' lang='lat' dir='ltr'><strong>et</strong></span> <span class='ocrx_word' id='word_1_253' title='bbox 2223 1034 2405 1073; x_wconf 89' lang='lat' dir='ltr'><strong>rerum</strong></span> <span class='ocrx_word' id='word_1_254' title='bbox 2437 1021 2628 1075; x_wconf 87' lang='lat' dir='ltr'><strong>ordine</strong></span> <span class='ocrx_word' id='word_1_255' title='bbox 2660 1019 2827 1074; x_wconf 80' lang='lat' dir='ltr'><strong>Deum</strong></span> <span class='ocrx_word' id='word_1_256' title='bbox 2874 1013 3154 1088; x_wconf 72' lang='lat' dir='ltr'><strong>cognosci,</strong></span> <span class='ocrx_word' id='word_1_257' title='bbox 3195 1035 3306 1074; x_wconf 73' lang='lat' dir='ltr'><strong>non</strong></span> <span class='ocrx_word' id='word_1_258' title='bbox 3333 1013 3558 1077; x_wconf 35' lang='lat' dir='ltr'><strong>mitem:</strong></span> <span class='ocrx_word' id='word_1_259' title='bbox 3599 1047 3614 1060; x_wconf 82' lang='grc' dir='ltr'><strong><em>ο</em></strong></span> 
     </span>
    </p>
   </div>
   <div class='ocr_carea' id='block_1_42' title="bbox 1939 1110 3520 1177">
    <p class='ocr_par' dir='ltr' id='par_1_42' title="bbox 1939 1110 3520 1177">
     <span class='ocr_line' id='line_1_42' title="bbox 1939 1110 3520 1177; baseline 0.003 -15"><span class='ocrx_word' id='word_1_260' title='bbox 1939 1123 2005 1162; x_wconf 82' lang='lat' dir='ltr'><strong>ex</strong></span> <span class='ocrx_word' id='word_1_261' title='bbox 2042 1110 2345 1165; x_wconf 85' lang='lat' dir='ltr'><strong>substantia</strong></span> <span class='ocrx_word' id='word_1_262' title='bbox 2391 1126 2510 1165; x_wconf 88' lang='lat' dir='ltr'><strong>sua.</strong></span> <span class='ocrx_word' id='word_1_263' title='bbox 2541 1110 2799 1177; x_wconf 85' lang='lat' dir='ltr'><strong>Quamvis</strong></span> <span class='ocrx_word' id='word_1_264' title='bbox 2849 1113 2993 1167; x_wconf 89' lang='lat' dir='ltr'><strong>enim</strong></span> <span class='ocrx_word' id='word_1_265' title='bbox 3033 1115 3407 1169; x_wconf 77' lang='lat' dir='ltr'><strong>deitiestiones</strong></span> <span class='ocrx_word' id='word_1_266' title='bbox 3443 1115 3520 1166; x_wconf 74' lang='lat' dir='ltr'><strong>ah&#39;</strong></span> 
     </span>
    </p>
   </div>
   <div class='ocr_carea' id='block_1_43' title="bbox 1940 1201 3520 1269">
    <p class='ocr_par' dir='ltr' id='par_1_43' title="bbox 1940 1201 3520 1269">
     <span class='ocr_line' id='line_1_43' title="bbox 1940 1201 3520 1269; baseline 0.001 -16"><span class='ocrx_word' id='word_1_267' title='bbox 1940 1214 2010 1254; x_wconf 89' lang='lat' dir='ltr'><strong>eo</strong></span> <span class='ocrx_word' id='word_1_268' title='bbox 2031 1201 2097 1253; x_wconf 88' lang='lat' dir='ltr'><strong>ad</strong></span> <span class='ocrx_word' id='word_1_269' title='bbox 2131 1215 2232 1254; x_wconf 85' lang='lat' dir='ltr'><strong>nos</strong></span> <span class='ocrx_word' id='word_1_270' title='bbox 2262 1201 2532 1269; x_wconf 75' lang='lat' dir='ltr'><strong>proﬁcisci</strong></span> <span class='ocrx_word' id='word_1_271' title='bbox 2560 1201 2871 1266; x_wconf 75' lang='lat' dir='ltr'><strong>audiamus,</strong></span> <span class='ocrx_word' id='word_1_272' title='bbox 2915 1213 3005 1258; x_wconf 86' lang='lat' dir='ltr'><strong>aut</strong></span> <span class='ocrx_word' id='word_1_273' title='bbox 3049 1203 3336 1258; x_wconf 78' lang='lat' dir='ltr'><strong>facultates</strong></span> <span class='ocrx_word' id='word_1_274' title='bbox 3363 1205 3520 1258; x_wconf 78' lang='lat' dir='ltr'><strong>deiti-</strong></span> 
     </span>
    </p>
   </div>
   <div class='ocr_carea' id='block_1_44' title="bbox 1940 1289 3522 1363">
    <p class='ocr_par' dir='ltr' id='par_1_44' title="bbox 1940 1289 3522 1363">
     <span class='ocr_line' id='line_1_44' title="bbox 1940 1289 3522 1363; baseline 0.003 -21"><span class='ocrx_word' id='word_1_275' title='bbox 1940 1302 2035 1342; x_wconf 86' lang='lat' dir='ltr'><strong>cas</strong></span> <span class='ocrx_word' id='word_1_276' title='bbox 2088 1289 2168 1341; x_wconf 81' lang='lat' dir='ltr'><strong>vel</strong></span> <span class='ocrx_word' id='word_1_277' title='bbox 2227 1289 2566 1352; x_wconf 65' lang='lat' dir='ltr'><strong>substantiae,</strong></span> <span class='ocrx_word' id='word_1_278' title='bbox 2605 1291 2685 1344; x_wconf 87' lang='lat' dir='ltr'><strong>vel</strong></span> <span class='ocrx_word' id='word_1_279' title='bbox 2744 1293 2887 1356; x_wconf 58' lang='lat' dir='ltr'><strong>vitae,</strong></span> <span class='ocrx_word' id='word_1_280' title='bbox 2920 1293 3003 1348; x_wconf 85' lang='lat' dir='ltr'><strong>vel</strong></span> <span class='ocrx_word' id='word_1_281' title='bbox 3053 1293 3334 1363; x_wconf 68' lang='lat' dir='ltr'><strong>sapientia:</strong></span> <span class='ocrx_word' id='word_1_282' title='bbox 3388 1294 3522 1347; x_wconf 66' lang='lat' dir='ltr'><strong>ele-</strong></span> 
     </span>
    </p>
   </div>
   <div class='ocr_carea' id='block_1_45' title="bbox 1940 1378 3530 1454">
    <p class='ocr_par' dir='ltr' id='par_1_45' title="bbox 1940 1378 3530 1454">
     <span class='ocr_line' id='line_1_45' title="bbox 1940 1378 3530 1454; baseline 0.003 -22"><span class='ocrx_word' id='word_1_283' title='bbox 1940 1378 2157 1441; x_wconf 82' lang='lat' dir='ltr'><strong>ctrices.</strong></span> <span class='ocrx_word' id='word_1_284' title='bbox 2193 1380 2329 1433; x_wconf 82' lang='lat' dir='ltr'><strong>nihil</strong></span> <span class='ocrx_word' id='word_1_285' title='bbox 2353 1381 2497 1434; x_wconf 88' lang='lat' dir='ltr'><strong>aliud</strong></span> <span class='ocrx_word' id='word_1_286' title='bbox 2545 1381 2923 1451; x_wconf 83' lang='lat' dir='ltr'><strong>intelligimus,</strong></span> <span class='ocrx_word' id='word_1_287' title='bbox 2956 1400 3118 1454; x_wconf 85' lang='lat' dir='ltr'><strong>quam</strong></span> <span class='ocrx_word' id='word_1_288' title='bbox 3177 1385 3248 1439; x_wconf 81' lang='lat' dir='ltr'><strong>ab</strong></span> <span class='ocrx_word' id='word_1_289' title='bbox 3299 1385 3418 1453; x_wconf 86' lang='lat' dir='ltr'><strong>ipso</strong></span> <span class='ocrx_word' id='word_1_290' title='bbox 3449 1384 3530 1438; x_wconf 73' lang='lat' dir='ltr'><strong>ad</strong></span> 
     </span>
    </p>
   </div>
   <div class='ocr_carea' id='block_1_46' title="bbox 1941 1469 3537 1538">
    <p class='ocr_par' dir='ltr' id='par_1_46' title="bbox 1941 1469 3537 1538">
     <span class='ocr_line' id='line_1_46' title="bbox 1941 1469 3537 1538; baseline 0.003 -17"><span class='ocrx_word' id='word_1_291' title='bbox 1941 1482 2042 1522; x_wconf 89' lang='lat' dir='ltr'><strong>nos</strong></span> <span class='ocrx_word' id='word_1_292' title='bbox 2075 1469 2490 1538; x_wconf 73' lang='lat' dir='ltr'><strong>proﬁciscentes.</strong></span> <span class='ocrx_word' id='word_1_293' title='bbox 2517 1471 2883 1538; x_wconf 85' lang='lat' dir='ltr'><strong>habitudines,</strong></span> <span class='ocrx_word' id='word_1_294' title='bbox 2903 1474 3193 1538; x_wconf 83' lang='lat' dir='ltr'><strong>motiones,</strong></span> <span class='ocrx_word' id='word_1_295' title='bbox 3219 1475 3537 1528; x_wconf 68' lang='lat' dir='ltr'><strong>emanatio~</strong></span> 
     </span>
    </p>
   </div>
   <div class='ocr_carea' id='block_1_47' title="bbox 1943 1562 3524 1631">
    <p class='ocr_par' dir='ltr' id='par_1_47' title="bbox 1943 1562 3524 1631">
     <span class='ocr_line' id='line_1_47' title="bbox 1943 1562 3524 1631; baseline 0.003 -18"><span class='ocrx_word' id='word_1_296' title='bbox 1943 1574 2040 1614; x_wconf 89' lang='lat' dir='ltr'><strong>nes</strong></span> <span class='ocrx_word' id='word_1_297' title='bbox 2079 1562 2526 1630; x_wconf 80' lang='lat' dir='ltr'><strong>et-operationes,</strong></span> <span class='ocrx_word' id='word_1_298' title='bbox 2547 1564 2693 1616; x_wconf 90' lang='lat' dir='ltr'><strong>nulla</strong></span> <span class='ocrx_word' id='word_1_299' title='bbox 2720 1573 2901 1618; x_wconf 75' lang='lat' dir='ltr'><strong>autem</strong></span> <span class='ocrx_word' id='word_1_300' title='bbox 2925 1580 2990 1619; x_wconf 78' lang='lat' dir='ltr'><strong>ex</strong></span> <span class='ocrx_word' id='word_1_301' title='bbox 3021 1564 3140 1620; x_wconf 86' lang='lat' dir='ltr'><strong>istis</strong></span> <span class='ocrx_word' id='word_1_302' title='bbox 3165 1566 3524 1631; x_wconf 82' lang='lat' dir='ltr'><strong>motionibus,</strong></span> 
     </span>
    </p>
   </div>
   <div class='ocr_carea' id='block_1_48' title="bbox 1943 1649 3523 1724">
    <p class='ocr_par' dir='ltr' id='par_1_48' title="bbox 1943 1649 3523 1724">
     <span class='ocr_line' id='line_1_48' title="bbox 1943 1649 3523 1724; baseline 0.004 -20"><span class='ocrx_word' id='word_1_303' title='bbox 1943 1649 2006 1704; x_wconf 69' lang='lat' dir='ltr'><strong>si</strong></span> <span class='ocrx_word' id='word_1_304' title='bbox 2030 1649 2112 1706; x_wconf 83' lang='lat' dir='ltr'><strong>sie</strong></span> <span class='ocrx_word' id='word_1_305' title='bbox 2161 1665 2278 1706; x_wconf 81' lang='lat' dir='ltr'><strong>cas-</strong></span> <span class='ocrx_word' id='word_1_306' title='bbox 2302 1666 2618 1713; x_wconf 76' lang='lat' dir='ltr'><strong>voremus-;.</strong></span> <span class='ocrx_word' id='word_1_307' title='bbox 2648 1653 3057 1709; x_wconf 74' lang='lat' dir='ltr'><strong>similitudinem</strong></span> <span class='ocrx_word' id='word_1_308' title='bbox 3091 1665 3184 1708; x_wconf 92' lang='lat' dir='ltr'><strong>aut</strong></span> <span class='ocrx_word' id='word_1_309' title='bbox 3213 1657 3523 1724; x_wconf 84' lang='lat' dir='ltr'><strong>proportio-</strong></span> 
     </span>
    </p>
   </div>
   <div class='ocr_carea' id='block_1_49' title="bbox 1943 1740 3530 1806">
    <p class='ocr_par' dir='ltr' id='par_1_49' title="bbox 1943 1740 3530 1806">
     <span class='ocr_line' id='line_1_49' title="bbox 1943 1740 3530 1806; baseline 0.003 -14"><span class='ocrx_word' id='word_1_310' title='bbox 1943 1755 2066 1793; x_wconf 86' lang='lat' dir='ltr'><strong>nem</strong></span> <span class='ocrx_word' id='word_1_311' title='bbox 2127 1740 2289 1795; x_wconf 83' lang='lat' dir='ltr'><strong>habet</strong></span> <span class='ocrx_word' id='word_1_312' title='bbox 2342 1755 2468 1795; x_wconf 85' lang='lat' dir='ltr'><strong>cum</strong></span> <span class='ocrx_word' id='word_1_313' title='bbox 2521 1742 2612 1795; x_wconf 81' lang='lat' dir='ltr'><strong>illa</strong></span> <span class='ocrx_word' id='word_1_314' title='bbox 2663 1742 2929 1795; x_wconf 88' lang='lat' dir='ltr'><strong>omnium-</strong></span> <span class='ocrx_word' id='word_1_315' title='bbox 2972 1757 3150 1800; x_wconf 81' lang='lat' dir='ltr'><strong>rerum</strong></span> <span class='ocrx_word' id='word_1_316' title='bbox 3213 1758 3420 1806; x_wconf 83' lang='lat' dir='ltr'><strong>causa,</strong></span> <span class='ocrx_word' id='word_1_317' title='bbox 3467 1751 3530 1797; x_wconf 74' lang='lat' dir='ltr'><strong>es</strong></span> 
     </span>
    </p>
   </div>
   <div class='ocr_carea' id='block_1_50' title="bbox 1947 1833 3536 1900">
    <p class='ocr_par' dir='ltr' id='par_1_50' title="bbox 1947 1833 3536 1900">
     <span class='ocr_line' id='line_1_50' title="bbox 1947 1833 3536 1900; baseline 0.003 -17"><span class='ocrx_word' id='word_1_318' title='bbox 1947 1843 2163 1885; x_wconf 86' lang='lat' dir='ltr'><strong>omnem</strong></span> <span class='ocrx_word' id='word_1_319' title='bbox 2232 1842 2483 1884; x_wconf 88' lang='lat' dir='ltr'><strong>naturam</strong></span> <span class='ocrx_word' id='word_1_320' title='bbox 2559 1840 2886 1900; x_wconf 77' lang='lat' dir='ltr'><strong>superante;</strong></span> <span class='ocrx_word' id='word_1_321' title='bbox 2971 1833 3085 1888; x_wconf 63' lang='lat' dir='ltr'><strong>hac</strong></span> <span class='ocrx_word' id='word_1_322' title='bbox 3143 1833 3287 1887; x_wconf 88' lang='lat' dir='ltr'><strong>enim</strong></span> <span class='ocrx_word' id='word_1_323' title='bbox 3335 1835 3536 1888; x_wconf 66' lang='lat' dir='ltr'><strong>omnis.</strong></span> 
     </span>
    </p>
   </div>
   <div class='ocr_carea' id='block_1_51' title="bbox 1948 1911 3526 1992">
    <p class='ocr_par' dir='ltr' id='par_1_51' title="bbox 1948 1911 3526 1992">
     <span class='ocr_line' id='line_1_51' title="bbox 1948 1911 3526 1992; baseline 0.004 -20"><span class='ocrx_word' id='word_1_324' title='bbox 1948 1928 2166 1988; x_wconf 87' lang='lat' dir='ltr'><strong>propter</strong></span> <span class='ocrx_word' id='word_1_325' title='bbox 2216 1935 2438 1972; x_wconf 87' lang='lat' dir='ltr'><strong>causam</strong></span> <span class='ocrx_word' id='word_1_326' title='bbox 2498 1930 2641 1974; x_wconf 88' lang='lat' dir='ltr'><strong>mota</strong></span> <span class='ocrx_word' id='word_1_327' title='bbox 2690 1911 2868 1986; x_wconf 51' lang='lat' dir='ltr'><strong>sunt,’</strong></span> <span class='ocrx_word' id='word_1_328' title='bbox 2918 1936 3082 1975; x_wconf 90' lang='lat' dir='ltr'><strong>omne</strong></span> <span class='ocrx_word' id='word_1_329' title='bbox 3139 1931 3339 1976; x_wconf 86' lang='lat' dir='ltr'><strong>autem</strong></span> <span class='ocrx_word' id='word_1_330' title='bbox 3379 1923 3526 1992; x_wconf 66' lang='lat' dir='ltr'><strong>quod</strong></span> 
     </span>
    </p>
   </div>
   <div class='ocr_carea' id='block_1_52' title="bbox 1947 2011 3528 2079">
    <p class='ocr_par' dir='ltr' id='par_1_52' title="bbox 1947 2011 3528 2079">
     <span class='ocr_line' id='line_1_52' title="bbox 1947 2011 3528 2079; baseline 0.004 -17"><span class='ocrx_word' id='word_1_331' title='bbox 1947 2017 2169 2078; x_wconf 85' lang='lat' dir='ltr'><strong>propter</strong></span> <span class='ocrx_word' id='word_1_332' title='bbox 2224 2024 2444 2065; x_wconf 74' lang='lat' dir='ltr'><strong>causam</strong></span> <span class='ocrx_word' id='word_1_333' title='bbox 2489 2020 2596 2073; x_wconf 90' lang='lat' dir='ltr'><strong>est,</strong></span> <span class='ocrx_word' id='word_1_334' title='bbox 2647 2019 2697 2063; x_wconf 93' lang='lat' dir='ltr'><strong>et</strong></span> <span class='ocrx_word' id='word_1_335' title='bbox 2752 2021 3025 2077; x_wconf 80' lang='lat' dir='ltr'><strong>movetur,</strong></span> <span class='ocrx_word' id='word_1_336' title='bbox 3077 2011 3279 2068; x_wconf 82' lang='lat' dir='ltr'><strong>factum</strong></span> <span class='ocrx_word' id='word_1_337' title='bbox 3325 2021 3430 2079; x_wconf 86' lang='lat' dir='ltr'><strong>est,</strong></span> <span class='ocrx_word' id='word_1_338' title='bbox 3461 2029 3528 2069; x_wconf 86' lang='lat' dir='ltr'><strong>ac</strong></span> 
     </span>
    </p>
   </div>
   <div class='ocr_carea' id='block_1_53' title="bbox 1949 2096 2788 2167">
    <p class='ocr_par' dir='ltr' id='par_1_53' title="bbox 1949 2096 2788 2167">
     <span class='ocr_line' id='line_1_53' title="bbox 1949 2096 2788 2167; baseline 0.001 -16"><span class='ocrx_word' id='word_1_339' title='bbox 1949 2096 2285 2167; x_wconf 88' lang='lat' dir='ltr'><strong>principium</strong></span> <span class='ocrx_word' id='word_1_340' title='bbox 2326 2106 2378 2152; x_wconf 88' lang='lat' dir='ltr'><strong>et</strong></span> <span class='ocrx_word' id='word_1_341' title='bbox 2412 2099 2574 2152; x_wconf 87' lang='lat' dir='ltr'><strong>linem</strong></span> <span class='ocrx_word' id='word_1_342' title='bbox 2607 2098 2788 2153; x_wconf 89' lang='lat' dir='ltr'><strong>habet.</strong></span> 
     </span>
    </p>
   </div>
   <div class='ocr_carea' id='block_1_54' title="bbox 2576 2230 2909 2287">
    <p class='ocr_par' dir='ltr' id='par_1_54' title="bbox 2576 2230 2909 2287">
     <span class='ocr_line' id='line_1_54' title="bbox 2576 2230 2909 2287; baseline 0.003 -1"><span class='ocrx_word' id='word_1_343' title='bbox 2576 2230 2808 2286; x_wconf 80' lang='lat' dir='ltr'><strong>CAPUT</strong></span> <span class='ocrx_word' id='word_1_344' title='bbox 2840 2231 2909 2287; x_wconf 79' lang='grc' dir='ltr'><strong>Χ.</strong></span> 
     </span>
    </p>
   </div>
   <div class='ocr_carea' id='block_1_55' title="bbox 1949 2341 3530 2409">
    <p class='ocr_par' dir='ltr' id='par_1_55' title="bbox 1949 2341 3530 2409">
     <span class='ocr_line' id='line_1_55' title="bbox 1949 2341 3530 2409; baseline 0.004 -13"><span class='ocrx_word' id='word_1_345' title='bbox 1949 2341 2102 2408; x_wconf 83' lang='lat' dir='ltr'><strong>Quod</strong></span> <span class='ocrx_word' id='word_1_346' title='bbox 2149 2343 2286 2398; x_wconf 83' lang='lat' dir='ltr'><strong>Deus</strong></span> <span class='ocrx_word' id='word_1_347' title='bbox 2338 2355 2415 2399; x_wconf 78' lang='lat' dir='ltr'><strong>est</strong></span> <span class='ocrx_word' id='word_1_348' title='bbox 2459 2361 2616 2409; x_wconf 72' lang='lat' dir='ltr'><strong>unus,</strong></span> <span class='ocrx_word' id='word_1_349' title='bbox 2641 2354 2694 2399; x_wconf 85' lang='lat' dir='ltr'><strong>et</strong></span> <span class='ocrx_word' id='word_1_350' title='bbox 2723 2344 3084 2408; x_wconf 84' lang='lat' dir='ltr'><strong>impartibilis,</strong></span> <span class='ocrx_word' id='word_1_351' title='bbox 3128 2358 3176 2400; x_wconf 80' lang='lat' dir='ltr'><strong>et</strong></span> <span class='ocrx_word' id='word_1_352' title='bbox 3210 2364 3312 2402; x_wconf 72' lang='lat' dir='ltr'><strong>non</strong></span> <span class='ocrx_word' id='word_1_353' title='bbox 3347 2351 3530 2402; x_wconf 76' lang='lat' dir='ltr'><strong>multi-</strong></span> 
     </span>
    </p>
   </div>
   <div class='ocr_carea' id='block_1_56' title="bbox 2015 2413 3530 2484">
    <p class='ocr_par' dir='ltr' id='par_1_56' title="bbox 2015 2413 3530 2484">
     <span class='ocr_line' id='line_1_56' title="bbox 2015 2413 3530 2484; baseline 0.005 -19"><span class='ocrx_word' id='word_1_354' title='bbox 2015 2413 2305 2484; x_wconf 79' lang='lat' dir='ltr'><strong>plicabilis,</strong></span> <span class='ocrx_word' id='word_1_355' title='bbox 2337 2421 2388 2468; x_wconf 82' lang='lat' dir='ltr'><strong>et</strong></span> <span class='ocrx_word' id='word_1_356' title='bbox 2418 2415 2702 2468; x_wconf 79' lang='lat' dir='ltr'><strong>immobilis</strong></span> <span class='ocrx_word' id='word_1_357' title='bbox 2732 2429 2751 2468; x_wconf 90' lang='lat'><strong><em>:</em></strong></span> <span class='ocrx_word' id='word_1_358' title='bbox 2775 2415 2828 2467; x_wconf 86' lang='lat' dir='ltr'><strong>in</strong></span> <span class='ocrx_word' id='word_1_359' title='bbox 2876 2414 2953 2484; x_wconf 80' lang='lat' dir='ltr'><strong>his</strong></span> <span class='ocrx_word' id='word_1_360' title='bbox 3026 2426 3198 2468; x_wconf 80' lang='lat' dir='ltr'><strong>autem</strong></span> <span class='ocrx_word' id='word_1_361' title='bbox 3234 2423 3530 2473; x_wconf 81' lang='lat' dir='ltr'><strong>emanatio-</strong></span> 
     </span>
    </p>
   </div>
   <div class='ocr_carea' id='block_1_57' title="bbox 2018 2483 3525 2558">
    <p class='ocr_par' dir='ltr' id='par_1_57' title="bbox 2018 2483 3525 2558">
     <span class='ocr_line' id='line_1_57' title="bbox 2018 2483 3525 2558; baseline 0.005 -24"><span class='ocrx_word' id='word_1_362' title='bbox 2018 2483 2199 2558; x_wconf 63' lang='lat' dir='ltr'><strong>nibus</strong></span> <span class='ocrx_word' id='word_1_363' title='bbox 2227 2485 2435 2558; x_wconf 65' lang='lat' dir='ltr'><strong>uidetur</strong></span> <span class='ocrx_word' id='word_1_364' title='bbox 2490 2486 2706 2550; x_wconf 82' lang='lat' dir='ltr'><strong>moveri,</strong></span> <span class='ocrx_word' id='word_1_365' title='bbox 2738 2494 2788 2538; x_wconf 82' lang='lat' dir='ltr'><strong>et</strong></span> <span class='ocrx_word' id='word_1_366' title='bbox 2813 2484 3030 2553; x_wconf 82' lang='lat' dir='ltr'><strong>partiri,</strong></span> <span class='ocrx_word' id='word_1_367' title='bbox 3054 2502 3116 2538; x_wconf 84' lang='lat' dir='ltr'><strong>ac</strong></span> <span class='ocrx_word' id='word_1_368' title='bbox 3156 2487 3525 2558; x_wconf 79' lang='lat' dir='ltr'><strong>multiplicari,</strong></span> 
     </span>
    </p>
   </div>
   <div class='ocr_carea' id='block_1_58' title="bbox 2016 2551 2279 2606">
    <p class='ocr_par' dir='ltr' id='par_1_58' title="bbox 2016 2551 2279 2606">
     <span class='ocr_line' id='line_1_58' title="bbox 2016 2551 2279 2606; baseline 0.008 -2"><span class='ocrx_word' id='word_1_369' title='bbox 2016 2559 2076 2604; x_wconf 69' lang='lat' dir='ltr'><strong>et</strong></span> <span class='ocrx_word' id='word_1_370' title='bbox 2089 2551 2279 2606; x_wconf 82' lang='lat' dir='ltr'><strong>diuidi.</strong></span> 
     </span>
    </p>
   </div>
   <div class='ocr_carea' id='block_1_59' title="bbox 2019 2661 3528 2736">
    <p class='ocr_par' dir='ltr' id='par_1_59' title="bbox 2019 2661 3528 2736">
     <span class='ocr_line' id='line_1_59' title="bbox 2019 2661 3528 2736; baseline 0.007 -22"><span class='ocrx_word' id='word_1_371' title='bbox 2019 2661 2247 2732; x_wconf 78' lang='lat' dir='ltr'><strong>Magnus</strong></span> <span class='ocrx_word' id='word_1_372' title='bbox 2286 2664 2615 2736; x_wconf 85' lang='lat' dir='ltr'><strong>Dionysius,</strong></span> <span class='ocrx_word' id='word_1_373' title='bbox 2673 2669 2850 2735; x_wconf 84' lang='lat' dir='ltr'><strong>capite</strong></span> <span class='ocrx_word' id='word_1_374' title='bbox 2905 2672 3147 2727; x_wconf 83' lang='lat' dir='ltr'><strong>secnmlo</strong></span> <span class='ocrx_word' id='word_1_375' title='bbox 3194 2671 3267 2727; x_wconf 82' lang='lat' dir='ltr'><strong>De</strong></span> <span class='ocrx_word' id='word_1_376' title='bbox 3331 2673 3528 2726; x_wconf 66' lang='lat' dir='ltr'><strong>divinis</strong></span> 
     </span>
    </p>
   </div>
   <div class='ocr_carea' id='block_1_60' title="bbox 1949 2753 3592 2830">
    <p class='ocr_par' dir='ltr' id='par_1_60' title="bbox 1949 2753 3592 2830">
     <span class='ocr_line' id='line_1_60' title="bbox 1949 2753 3592 2830; baseline 0.01 -24"><span class='ocrx_word' id='word_1_377' title='bbox 1949 2753 2252 2807; x_wconf 78' lang='lat' dir='ltr'><strong>nominibus</strong></span> <span class='ocrx_word' id='word_1_378' title='bbox 2289 2772 2310 2810; x_wconf 90' lang='lat'><strong><em>:</em></strong></span> <span class='ocrx_word' id='word_1_379' title='bbox 2355 2755 2495 2820; x_wconf 84' lang='lat' dir='ltr'><strong>Quia</strong></span> <span class='ocrx_word' id='word_1_380' title='bbox 2547 2759 2684 2814; x_wconf 90' lang='lat' dir='ltr'><strong>Deus</strong></span> <span class='ocrx_word' id='word_1_381' title='bbox 2739 2776 2900 2829; x_wconf 88' lang='lat' dir='ltr'><strong>supra</strong></span> <span class='ocrx_word' id='word_1_382' title='bbox 2937 2764 3294 2819; x_wconf 83' lang='lat' dir='ltr'><strong>substantiam</strong></span> <span class='ocrx_word' id='word_1_383' title='bbox 3324 2774 3428 2830; x_wconf 91' lang='lat' dir='ltr'><strong>est,</strong></span> <span class='ocrx_word' id='word_1_384' title='bbox 3475 2774 3542 2818; x_wconf 75' lang='grc' dir='ltr'><strong>οι·</strong></span> <span class='ocrx_word' id='word_1_385' title='bbox 3587 2817 3592 2824; x_wconf 89' lang='grc'>.</span> 
     </span>
    </p>
   </div>
   <div class='ocr_carea' id='block_1_61' title="bbox 1949 2844 3533 2917">
    <p class='ocr_par' dir='ltr' id='par_1_61' title="bbox 1949 2844 3533 2917">
     <span class='ocr_line' id='line_1_61' title="bbox 1949 2844 3533 2917; baseline 0.008 -21"><span class='ocrx_word' id='word_1_386' title='bbox 1949 2844 2207 2898; x_wconf 88' lang='lat' dir='ltr'><strong>omnibus</strong></span> <span class='ocrx_word' id='word_1_387' title='bbox 2236 2861 2355 2914; x_wconf 72' lang='lat' dir='ltr'><strong>qua:</strong></span> <span class='ocrx_word' id='word_1_388' title='bbox 2379 2857 2525 2912; x_wconf 80' lang='lat' dir='ltr'><strong>sunt,</strong></span> <span class='ocrx_word' id='word_1_389' title='bbox 2563 2849 2654 2904; x_wconf 89' lang='lat' dir='ltr'><strong>dat</strong></span> <span class='ocrx_word' id='word_1_390' title='bbox 2686 2867 2826 2917; x_wconf 88' lang='lat' dir='ltr'><strong>esse,</strong></span> <span class='ocrx_word' id='word_1_391' title='bbox 2866 2864 2921 2908; x_wconf 89' lang='lat' dir='ltr'><strong>et</strong></span> <span class='ocrx_word' id='word_1_392' title='bbox 2965 2869 3154 2912; x_wconf 82' lang='lat' dir='ltr'><strong>omnes</strong></span> <span class='ocrx_word' id='word_1_393' title='bbox 3194 2855 3533 2910; x_wconf 83' lang='lat' dir='ltr'><strong>substantias</strong></span> 
     </span>
    </p>
   </div>
   <div class='ocr_carea' id='block_1_62' title="bbox 1950 2935 3530 3010">
    <p class='ocr_par' dir='ltr' id='par_1_62' title="bbox 1950 2935 3530 3010">
     <span class='ocr_line' id='line_1_62' title="bbox 1950 2935 3530 3010; baseline 0.008 -23"><span class='ocrx_word' id='word_1_394' title='bbox 1950 2935 2226 3002; x_wconf 82' lang='lat' dir='ltr'><strong>producit,</strong></span> <span class='ocrx_word' id='word_1_395' title='bbox 2261 2935 2608 3005; x_wconf 88' lang='lat' dir='ltr'><strong>multiplicari</strong></span> <span class='ocrx_word' id='word_1_396' title='bbox 2660 2940 2866 2996; x_wconf 88' lang='lat' dir='ltr'><strong>dicitur</strong></span> <span class='ocrx_word' id='word_1_397' title='bbox 2916 2943 3048 2999; x_wconf 90' lang='lat' dir='ltr'><strong>illud</strong></span> <span class='ocrx_word' id='word_1_398' title='bbox 3103 2961 3268 3000; x_wconf 89' lang='lat' dir='ltr'><strong>unum</strong></span> <span class='ocrx_word' id='word_1_399' title='bbox 3321 2963 3530 3010; x_wconf 84' lang='lat' dir='ltr'><strong>eus,eo</strong></span> 
     </span>
    </p>
   </div>
   <div class='ocr_carea' id='block_1_63' title="bbox 1951 3024 3530 3102">
    <p class='ocr_par' dir='ltr' id='par_1_63' title="bbox 1951 3024 3530 3102">
     <span class='ocr_line' id='line_1_63' title="bbox 1951 3024 3530 3102; baseline 0.01 -24"><span class='ocrx_word' id='word_1_400' title='bbox 1951 3027 2098 3095; x_wconf 77' lang='lat' dir='ltr'><strong>quod</strong></span> <span class='ocrx_word' id='word_1_401' title='bbox 2148 3043 2212 3082; x_wconf 79' lang='lat' dir='ltr'><strong>ex</strong></span> <span class='ocrx_word' id='word_1_402' title='bbox 2279 3029 2642 3098; x_wconf 87' lang='lat' dir='ltr'><strong>productione</strong></span> <span class='ocrx_word' id='word_1_403' title='bbox 2699 3034 2818 3102; x_wconf 87' lang='lat' dir='ltr'><strong>ejus</strong></span> <span class='ocrx_word' id='word_1_404' title='bbox 2866 3037 3032 3092; x_wconf 84' lang='lat' dir='ltr'><strong>multa</strong></span> <span class='ocrx_word' id='word_1_405' title='bbox 3068 3024 3359 3102; x_wconf 58' lang='lat' dir='ltr'><strong>exsistunt,</strong></span> <span class='ocrx_word' id='word_1_406' title='bbox 3407 3055 3530 3094; x_wconf 89' lang='lat' dir='ltr'><strong>cum</strong></span> 
     </span>
    </p>
   </div>
   <div class='ocr_carea' id='block_1_64' title="bbox 271 3117 1872 3205">
    <p class='ocr_par' dir='ltr' id='par_1_64' title="bbox 271 3123 1848 3205">
     <span class='ocr_line' id='line_1_64' title="bbox 271 3123 1848 3205; baseline 0.006 -24"><span class='ocrx_word' id='word_1_407' title='bbox 271 3140 370 3181; x_wconf 90' lang='lat' dir='ltr'><strong>tur</strong></span> <span class='ocrx_word' id='word_1_408' title='bbox 419 3139 475 3183; x_wconf 90' lang='lat' dir='ltr'><strong>et</strong></span> <span class='ocrx_word' id='word_1_409' title='bbox 520 3141 918 3186; x_wconf 72' lang='lat' dir='ltr'><strong>conservantur.</strong></span> <span class='ocrx_word' id='word_1_410' title='bbox 949 3141 1009 3187; x_wconf 92' lang='lat' dir='ltr'><strong>ut</strong></span> <span class='ocrx_word' id='word_1_411' title='bbox 1038 3133 1168 3188; x_wconf 66' lang='lat' dir='ltr'><strong>sint.</strong></span> <span class='ocrx_word' id='word_1_412' title='bbox 1199 3135 1278 3190; x_wconf 85' lang='lat' dir='ltr'><strong>Ae</strong></span> <span class='ocrx_word' id='word_1_413' title='bbox 1319 3123 1510 3190; x_wconf 84' lang='lat' dir='ltr'><strong>rursus</strong></span> <span class='ocrx_word' id='word_1_414' title='bbox 1557 3134 1848 3205; x_wconf 80' lang='lat' dir='ltr'><strong>Dionysius</strong></span> 
     </span>
    </p>
   </div>
   <div class='ocr_carea' id='block_1_65' title="bbox 1955 3117 3532 3205">
    <p class='ocr_par' dir='ltr' id='par_1_65' title="bbox 1955 3117 3532 3200">
     <span class='ocr_line' id='line_1_65' title="bbox 1955 3117 3532 3200; baseline 0.009 -29"><span class='ocrx_word' id='word_1_415' title='bbox 1955 3117 2164 3186; x_wconf 79' lang='lat' dir='ltr'><strong>alioqui</strong></span> <span class='ocrx_word' id='word_1_416' title='bbox 2192 3119 2553 3174; x_wconf 86' lang='lat' dir='ltr'><strong>nihilominus</strong></span> <span class='ocrx_word' id='word_1_417' title='bbox 2587 3135 2803 3180; x_wconf 80' lang='lat' dir='ltr'><strong>maneat</strong></span> <span class='ocrx_word' id='word_1_418' title='bbox 2830 3135 2884 3182; x_wconf 90' lang='lat' dir='ltr'><strong>et</strong></span> <span class='ocrx_word' id='word_1_419' title='bbox 2915 3143 3082 3182; x_wconf 89' lang='lat' dir='ltr'><strong>unum</strong></span> <span class='ocrx_word' id='word_1_420' title='bbox 3117 3129 3170 3183; x_wconf 92' lang='lat' dir='ltr'><strong>in</strong></span> <span class='ocrx_word' id='word_1_421' title='bbox 3201 3129 3532 3200; x_wconf 81' lang='lat' dir='ltr'><strong>multiplica-</strong></span> 
     </span>
    </p>
   </div>
   <div class='ocr_carea' id='block_1_66' title="bbox 270 3215 1854 3294">
    <p class='ocr_par' dir='ltr' id='par_1_66' title="bbox 270 3215 1854 3294">
     <span class='ocr_line' id='line_1_66' title="bbox 270 3215 1854 3294; baseline 0.008 -25"><span class='ocrx_word' id='word_1_422' title='bbox 270 3216 328 3269; x_wconf 87' lang='lat' dir='ltr'><strong>in</strong></span> <span class='ocrx_word' id='word_1_423' title='bbox 380 3215 574 3271; x_wconf 91' lang='lat' dir='ltr'><strong>eodem</strong></span> <span class='ocrx_word' id='word_1_424' title='bbox 610 3233 729 3286; x_wconf 84' lang='lat' dir='ltr'><strong>cap.</strong></span> <span class='ocrx_word' id='word_1_425' title='bbox 761 3218 1244 3293; x_wconf 59' lang='lat' dir='ltr'><strong>:Omniafinqnie,</strong></span> <span class='ocrx_word' id='word_1_426' title='bbox 1272 3224 1478 3287; x_wconf 81' lang='lat' dir='ltr'><strong>divina,</strong></span> <span class='ocrx_word' id='word_1_427' title='bbox 1509 3225 1676 3280; x_wconf 85' lang='lat' dir='ltr'><strong>etiam</strong></span> <span class='ocrx_word' id='word_1_428' title='bbox 1704 3241 1854 3294; x_wconf 71' lang='lat' dir='ltr'><strong>qum-</strong></span> 
     </span>
    </p>
   </div>
   <div class='ocr_carea' id='block_1_67' title="bbox 269 3310 1856 3386">
    <p class='ocr_par' dir='ltr' id='par_1_67' title="bbox 269 3310 1856 3386">
     <span class='ocr_line' id='line_1_67' title="bbox 269 3310 1856 3386; baseline 0.008 -28"><span class='ocrx_word' id='word_1_429' title='bbox 269 3324 502 3377; x_wconf 76' lang='lat' dir='ltr'><strong>r-nnque</strong></span> <span class='ocrx_word' id='word_1_430' title='bbox 566 3310 724 3365; x_wconf 87' lang='lat' dir='ltr'><strong>nobis</strong></span> <span class='ocrx_word' id='word_1_431' title='bbox 792 3312 1064 3369; x_wconf 84' lang='lat' dir='ltr'><strong>declarata</strong></span> <span class='ocrx_word' id='word_1_432' title='bbox 1123 3323 1283 3380; x_wconf 86' lang='lat' dir='ltr'><strong>sunt,</strong></span> <span class='ocrx_word' id='word_1_433' title='bbox 1351 3315 1856 3386; x_wconf 78' lang='lat' dir='ltr'><strong>participationihus</strong></span> 
     </span>
    </p>
   </div>
   <div class='ocr_carea' id='block_1_68' title="bbox 269 3402 1876 3479">
    <p class='ocr_par' dir='ltr' id='par_1_68' title="bbox 269 3402 1876 3479">
     <span class='ocr_line' id='line_1_68' title="bbox 269 3402 1876 3479; baseline 0.005 -23"><span class='ocrx_word' id='word_1_434' title='bbox 269 3402 459 3456; x_wconf 84' lang='lat' dir='ltr'><strong>solum</strong></span> <span class='ocrx_word' id='word_1_435' title='bbox 523 3415 950 3473; x_wconf 81' lang='lat' dir='ltr'><strong>cognoscuntur,</strong></span> <span class='ocrx_word' id='word_1_436' title='bbox 1005 3407 1120 3475; x_wconf 86' lang='lat' dir='ltr'><strong>ipsa</strong></span> <span class='ocrx_word' id='word_1_437' title='bbox 1175 3416 1357 3464; x_wconf 73' lang='lat' dir='ltr'><strong>autem</strong></span> <span class='ocrx_word' id='word_1_438' title='bbox 1435 3409 1619 3463; x_wconf 84' lang='lat' dir='ltr'><strong>divina</strong></span> <span class='ocrx_word' id='word_1_439' title='bbox 1669 3410 1876 3479; x_wconf 85' lang='lat' dir='ltr'><strong>qualia-</strong></span> 
     </span>
    </p>
   </div>
   <div class='ocr_carea' id='block_1_69' title="bbox 275 3492 1877 3564">
    <p class='ocr_par' dir='ltr' id='par_1_69' title="bbox 275 3492 1877 3564">
     <span class='ocr_line' id='line_1_69' title="bbox 275 3492 1877 3564; baseline 0.005 -19"><span class='ocrx_word' id='word_1_440' title='bbox 275 3492 504 3546; x_wconf 87' lang='lat' dir='ltr'><strong>tandem</strong></span> <span class='ocrx_word' id='word_1_441' title='bbox 561 3493 670 3547; x_wconf 89' lang='lat' dir='ltr'><strong>sint</strong></span> <span class='ocrx_word' id='word_1_442' title='bbox 716 3495 1034 3564; x_wconf 76' lang='lat' dir='ltr'><strong>exprnprio</strong></span> <span class='ocrx_word' id='word_1_443' title='bbox 1080 3496 1347 3564; x_wconf 80' lang='lat' dir='ltr'><strong>principio</strong></span> <span class='ocrx_word' id='word_1_444' title='bbox 1382 3506 1438 3551; x_wconf 88' lang='lat' dir='ltr'><strong>et</strong></span> <span class='ocrx_word' id='word_1_445' title='bbox 1488 3499 1808 3552; x_wconf 85' lang='lat' dir='ltr'><strong>fundatione</strong></span> <span class='ocrx_word' id='word_1_446' title='bbox 1835 3516 1877 3563; x_wconf 32' lang='lat'><strong>;‘</strong></span> 
     </span>
    </p>
   </div>
   <div class='ocr_carea' id='block_1_70' title="bbox 275 3585 1856 3657">
    <p class='ocr_par' dir='ltr' id='par_1_70' title="bbox 275 3585 1856 3657">
     <span class='ocr_line' id='line_1_70' title="bbox 275 3585 1856 3657; baseline 0.004 -20"><span class='ocrx_word' id='word_1_447' title='bbox 275 3597 465 3652; x_wconf 75' lang='lat' dir='ltr'><strong>neque</strong></span> <span class='ocrx_word' id='word_1_448' title='bbox 497 3593 696 3648; x_wconf 81' lang='lat' dir='ltr'><strong>mente,</strong></span> <span class='ocrx_word' id='word_1_449' title='bbox 732 3599 908 3654; x_wconf 83' lang='lat' dir='ltr'><strong>neque</strong></span> <span class='ocrx_word' id='word_1_450' title='bbox 925 3585 1257 3654; x_wconf 75' lang='lat' dir='ltr'><strong>cogitatione</strong></span> <span class='ocrx_word' id='word_1_451' title='bbox 1285 3586 1520 3640; x_wconf 86' lang='lat' dir='ltr'><strong>ulla-aut</strong></span> <span class='ocrx_word' id='word_1_452' title='bbox 1543 3589 1856 3657; x_wconf 77' lang='lat' dir='ltr'><strong>cognitione</strong></span> 
     </span>
    </p>
   </div>
   <div class='ocr_carea' id='block_1_71' title="bbox 276 3674 1858 3743">
    <p class='ocr_par' dir='ltr' id='par_1_71' title="bbox 276 3674 1858 3743">
     <span class='ocr_line' id='line_1_71' title="bbox 276 3674 1858 3743; baseline 0.001 -14"><span class='ocrx_word' id='word_1_453' title='bbox 276 3675 514 3742; x_wconf 78' lang='lat' dir='ltr'><strong>assequi.</strong></span> <span class='ocrx_word' id='word_1_454' title='bbox 562 3674 707 3734; x_wconf 64' lang='lat' dir='ltr'><strong>licet,</strong></span> <span class='ocrx_word' id='word_1_455' title='bbox 753 3685 812 3727; x_wconf 93' lang='lat' dir='ltr'><strong>ut</strong></span> <span class='ocrx_word' id='word_1_456' title='bbox 858 3676 1188 3730; x_wconf 66' lang='lat' dir='ltr'><strong>sLabditatn</strong></span> <span class='ocrx_word' id='word_1_457' title='bbox 1222 3677 1366 3729; x_wconf 84' lang='lat' dir='ltr'><strong>illam</strong></span> <span class='ocrx_word' id='word_1_458' title='bbox 1406 3677 1698 3731; x_wconf 79' lang='lat' dir='ltr'><strong>essentiam</strong></span> <span class='ocrx_word' id='word_1_459' title='bbox 1743 3677 1858 3743; x_wconf 86' lang='lat' dir='ltr'><strong>Dei,</strong></span> 
     </span>
    </p>
   </div>
   <div class='ocr_carea' id='block_1_72' title="bbox 275 3766 1864 3834">
    <p class='ocr_par' dir='ltr' id='par_1_72' title="bbox 275 3766 1864 3834">
     <span class='ocr_line' id='line_1_72' title="bbox 275 3766 1864 3834; baseline 0.002 -17"><span class='ocrx_word' id='word_1_460' title='bbox 275 3781 406 3833; x_wconf 74' lang='lat' dir='ltr'><strong>qua:</strong></span> <span class='ocrx_word' id='word_1_461' title='bbox 446 3775 609 3832; x_wconf 81' lang='lat' dir='ltr'><strong>supra</strong></span> <span class='ocrx_word' id='word_1_462' title='bbox 649 3780 862 3818; x_wconf 85' lang='lat' dir='ltr'><strong>omnem</strong></span> <span class='ocrx_word' id='word_1_463' title='bbox 893 3774 1138 3819; x_wconf 85' lang='lat' dir='ltr'><strong>naturam</strong></span> <span class='ocrx_word' id='word_1_464' title='bbox 1169 3775 1272 3830; x_wconf 89' lang='lat' dir='ltr'><strong>est,</strong></span> <span class='ocrx_word' id='word_1_465' title='bbox 1306 3766 1497 3834; x_wconf 87' lang='lat' dir='ltr'><strong>Deum,</strong></span> <span class='ocrx_word' id='word_1_466' title='bbox 1539 3775 1634 3822; x_wconf 91' lang='lat' dir='ltr'><strong>aut</strong></span> <span class='ocrx_word' id='word_1_467' title='bbox 1671 3767 1864 3832; x_wconf 80' lang='lat' dir='ltr'><strong>vitam,</strong></span> 
     </span>
    </p>
   </div>
   <div class='ocr_carea' id='block_1_73' title="bbox 279 3855 1858 3922">
    <p class='ocr_par' dir='ltr' id='par_1_73' title="bbox 279 3855 1858 3922">
     <span class='ocr_line' id='line_1_73' title="bbox 279 3855 1858 3922; baseline 0.003 -14"><span class='ocrx_word' id='word_1_468' title='bbox 279 3865 378 3909; x_wconf 88' lang='lat' dir='ltr'><strong>aut</strong></span> <span class='ocrx_word' id='word_1_469' title='bbox 423 3855 808 3918; x_wconf 84' lang='lat' dir='ltr'><strong>substantiam,</strong></span> <span class='ocrx_word' id='word_1_470' title='bbox 855 3867 950 3910; x_wconf 88' lang='lat' dir='ltr'><strong>aut</strong></span> <span class='ocrx_word' id='word_1_471' title='bbox 996 3857 1198 3922; x_wconf 89' lang='lat' dir='ltr'><strong>lumen,</strong></span> <span class='ocrx_word' id='word_1_472' title='bbox 1240 3865 1333 3912; x_wconf 89' lang='lat' dir='ltr'><strong>aut</strong></span> <span class='ocrx_word' id='word_1_473' title='bbox 1383 3859 1649 3913; x_wconf 84' lang='lat' dir='ltr'><strong>rationem</strong></span> <span class='ocrx_word' id='word_1_474' title='bbox 1694 3873 1858 3912; x_wconf 88' lang='lat' dir='ltr'><strong>voce-</strong></span> 
     </span>
    </p>
   </div>
   <div class='ocr_carea' id='block_1_74' title="bbox 282 3943 1888 4020">
    <p class='ocr_par' dir='ltr' id='par_1_74' title="bbox 282 3943 1888 4020">
     <span class='ocr_line' id='line_1_74' title="bbox 282 3943 1888 4020; baseline 0.003 -19"><span class='ocrx_word' id='word_1_475' title='bbox 282 3964 431 4014; x_wconf 76' lang='lat' dir='ltr'><strong>mus,</strong></span> <span class='ocrx_word' id='word_1_476' title='bbox 490 3947 624 4000; x_wconf 87' lang='lat' dir='ltr'><strong>nihil</strong></span> <span class='ocrx_word' id='word_1_477' title='bbox 679 3947 826 4002; x_wconf 87' lang='lat' dir='ltr'><strong>aliud</strong></span> <span class='ocrx_word' id='word_1_478' title='bbox 855 3943 1261 4016; x_wconf 78' lang='lat' dir='ltr'><strong>&#39;intelligimtts,</strong></span> <span class='ocrx_word' id='word_1_479' title='bbox 1305 3965 1468 4019; x_wconf 89' lang='lat' dir='ltr'><strong>quam</strong></span> <span class='ocrx_word' id='word_1_480' title='bbox 1505 3951 1888 4020; x_wconf 36' lang='lat' dir='ltr'><strong>multiplicem;</strong></span> 
     </span>
    </p>
   </div>
   <div class='ocr_carea' id='block_1_75' title="bbox 281 4039 1861 4108">
    <p class='ocr_par' dir='ltr' id='par_1_75' title="bbox 281 4039 1861 4108">
     <span class='ocr_line' id='line_1_75' title="bbox 281 4039 1861 4108; baseline 0 -14"><span class='ocrx_word' id='word_1_481' title='bbox 281 4039 598 4094; x_wconf 82' lang='lat' dir='ltr'><strong>facultatem</strong></span> <span class='ocrx_word' id='word_1_482' title='bbox 623 4040 692 4093; x_wconf 88' lang='lat' dir='ltr'><strong>ab</strong></span> <span class='ocrx_word' id='word_1_483' title='bbox 725 4053 791 4093; x_wconf 89' lang='lat' dir='ltr'><strong>eo</strong></span> <span class='ocrx_word' id='word_1_484' title='bbox 824 4040 1144 4108; x_wconf 83' lang='lat' dir='ltr'><strong>productam</strong></span> <span class='ocrx_word' id='word_1_485' title='bbox 1184 4051 1238 4094; x_wconf 90' lang='lat' dir='ltr'><strong>et</strong></span> <span class='ocrx_word' id='word_1_486' title='bbox 1266 4041 1749 4102; x_wconf 76' lang='lat' dir='ltr'><strong>communicatam,</strong></span> <span class='ocrx_word' id='word_1_487' title='bbox 1777 4041 1861 4095; x_wconf 89' lang='lat' dir='ltr'><strong>vel</strong></span> 
     </span>
    </p>
   </div>
   <div class='ocr_carea' id='block_1_76' title="bbox 281 4128 1862 4200">
    <p class='ocr_par' dir='ltr' id='par_1_76' title="bbox 281 4128 1862 4200">
     <span class='ocr_line' id='line_1_76' title="bbox 281 4128 1862 4200; baseline -0.001 -15"><span class='ocrx_word' id='word_1_488' title='bbox 281 4132 348 4185; x_wconf 82' lang='lat' dir='ltr'><strong>ad</strong></span> <span class='ocrx_word' id='word_1_489' title='bbox 401 4128 802 4194; x_wconf 84' lang='lat' dir='ltr'><strong>deifieandum,</strong></span> <span class='ocrx_word' id='word_1_490' title='bbox 848 4130 932 4184; x_wconf 92' lang='lat' dir='ltr'><strong>vel</strong></span> <span class='ocrx_word' id='word_1_491' title='bbox 973 4129 1038 4184; x_wconf 89' lang='lat' dir='ltr'><strong>ad</strong></span> <span class='ocrx_word' id='word_1_492' title='bbox 1089 4129 1415 4200; x_wconf 81' lang='lat' dir='ltr'><strong>capiendum</strong></span> <span class='ocrx_word' id='word_1_493' title='bbox 1473 4130 1862 4195; x_wconf 79' lang='lat' dir='ltr'><strong>substantiam,</strong></span> 
     </span>
    </p>
   </div>
   <div class='ocr_carea' id='block_1_77' title="bbox 281 4210 1860 4290">
    <p class='ocr_par' dir='ltr' id='par_1_77' title="bbox 281 4210 1860 4290">
     <span class='ocr_line' id='line_1_77' title="bbox 281 4210 1860 4290; baseline 0 -16"><span class='ocrx_word' id='word_1_494' title='bbox 281 4223 368 4276; x_wconf 78' lang='lat' dir='ltr'><strong>vel</strong></span> <span class='ocrx_word' id='word_1_495' title='bbox 400 4223 467 4278; x_wconf 88' lang='lat' dir='ltr'><strong>ad</strong></span> <span class='ocrx_word' id='word_1_496' title='bbox 513 4223 678 4277; x_wconf 86' lang='lat' dir='ltr'><strong>vitam</strong></span> <span class='ocrx_word' id='word_1_497' title='bbox 713 4210 1111 4290; x_wconf 69' lang='lat' dir='ltr'><strong>praestandam,</strong></span> <span class='ocrx_word' id='word_1_498' title='bbox 1137 4221 1218 4275; x_wconf 88' lang='lat' dir='ltr'><strong>vel</strong></span> <span class='ocrx_word' id='word_1_499' title='bbox 1267 4221 1333 4274; x_wconf 80' lang='lat' dir='ltr'><strong>ad</strong></span> <span class='ocrx_word' id='word_1_500' title='bbox 1382 4221 1702 4287; x_wconf 72' lang='lat' dir='ltr'><strong>sapientiam</strong></span> <span class='ocrx_word' id='word_1_501' title='bbox 1747 4222 1860 4275; x_wconf 86' lang='lat' dir='ltr'><strong>Iar-</strong></span> 
     </span>
    </p>
   </div>
   <div class='ocr_carea' id='block_1_78' title="bbox 285 4313 1858 4384">
    <p class='ocr_par' dir='ltr' id='par_1_78' title="bbox 285 4313 1858 4384">
     <span class='ocr_line' id='line_1_78' title="bbox 285 4313 1858 4384; baseline 0 -16"><span class='ocrx_word' id='word_1_502' title='bbox 285 4315 541 4384; x_wconf 74' lang='lat' dir='ltr'><strong>gicndam</strong></span> <span class='ocrx_word' id='word_1_503' title='bbox 599 4331 615 4368; x_wconf 90' lang='lat'><strong>:</strong></span> <span class='ocrx_word' id='word_1_504' title='bbox 671 4317 735 4367; x_wconf 89' lang='lat' dir='ltr'><strong>ad</strong></span> <span class='ocrx_word' id='word_1_505' title='bbox 779 4315 955 4382; x_wconf 89' lang='lat' dir='ltr'><strong>ipsum</strong></span> <span class='ocrx_word' id='word_1_506' title='bbox 1019 4328 1148 4368; x_wconf 85' lang='lat' dir='ltr'><strong>vero</strong></span> <span class='ocrx_word' id='word_1_507' title='bbox 1214 4314 1377 4367; x_wconf 85' lang='lat' dir='ltr'><strong>Deum</strong></span> <span class='ocrx_word' id='word_1_508' title='bbox 1445 4313 1858 4384; x_wconf 80' lang='lat' dir='ltr'><strong>intelligendum</strong></span> 
     </span>
    </p>
   </div>
   <div class='ocr_carea' id='block_1_79' title="bbox 287 4405 1860 4474">
    <p class='ocr_par' dir='ltr' id='par_1_79' title="bbox 287 4405 1860 4474">
     <span class='ocr_line' id='line_1_79' title="bbox 287 4405 1860 4474; baseline 0.001 -15"><span class='ocrx_word' id='word_1_509' title='bbox 287 4405 530 4461; x_wconf 76' lang='lat' dir='ltr'><strong>m&#39;entcm</strong></span> <span class='ocrx_word' id='word_1_510' title='bbox 568 4406 899 4461; x_wconf 88' lang='lat' dir='ltr'><strong>intendimus</strong></span> <span class='ocrx_word' id='word_1_511' title='bbox 940 4407 1194 4460; x_wconf 88' lang='lat' dir='ltr'><strong>nude-ae</strong></span> <span class='ocrx_word' id='word_1_512' title='bbox 1239 4407 1413 4461; x_wconf 82' lang='lat' dir='ltr'><strong>sol-nte</strong></span> <span class='ocrx_word' id='word_1_513' title='bbox 1447 4405 1518 4460; x_wconf 80' lang='lat' dir='ltr'><strong>ab</strong></span> <span class='ocrx_word' id='word_1_514' title='bbox 1557 4405 1704 4459; x_wconf 90' lang='lat' dir='ltr'><strong>omni</strong></span> <span class='ocrx_word' id='word_1_515' title='bbox 1735 4421 1860 4474; x_wconf 85' lang='lat' dir='ltr'><strong>ope-</strong></span> 
     </span>
    </p>
   </div>
   <div class='ocr_carea' id='block_1_80' title="bbox 287 4496 1864 4562">
    <p class='ocr_par' dir='ltr' id='par_1_80' title="bbox 287 4496 1864 4562">
     <span class='ocr_line' id='line_1_80' title="bbox 287 4496 1864 4562; baseline -0.001 -10"><span class='ocrx_word' id='word_1_516' title='bbox 287 4499 524 4561; x_wconf 77' lang='lat' dir='ltr'><strong>ratione,</strong></span> <span class='ocrx_word' id='word_1_517' title='bbox 562 4498 762 4551; x_wconf 79' lang='lat' dir='ltr'><strong>nullam</strong></span> <span class='ocrx_word' id='word_1_518' title='bbox 792 4496 1515 4559; x_wconf 78' lang='lat' dir='ltr'><strong>cernentes-deificationem,</strong></span> <span class='ocrx_word' id='word_1_519' title='bbox 1544 4507 1634 4550; x_wconf 85' lang='lat' dir='ltr'><strong>aut</strong></span> <span class='ocrx_word' id='word_1_520' title='bbox 1676 4497 1864 4562; x_wconf 79' lang='lat' dir='ltr'><strong>vitam,</strong></span> 
     </span>
    </p>
   </div>
   <div class='ocr_carea' id='block_1_81' title="bbox 286 4586 1869 4672">
    <p class='ocr_par' dir='ltr' id='par_1_81' title="bbox 286 4586 1869 4672">
     <span class='ocr_line' id='line_1_81' title="bbox 286 4586 1869 4672; baseline 0.001 -31"><span class='ocrx_word' id='word_1_521' title='bbox 286 4599 380 4642; x_wconf 86' lang='lat' dir='ltr'><strong>aut</strong></span> <span class='ocrx_word' id='word_1_522' title='bbox 407 4589 794 4652; x_wconf 69' lang='lat' dir='ltr'><strong>substantiam;</strong></span> <span class='ocrx_word' id='word_1_523' title='bbox 819 4603 940 4657; x_wconf 68' lang='lat' dir='ltr'><strong>qua:</strong></span> <span class='ocrx_word' id='word_1_524' title='bbox 957 4587 1192 4654; x_wconf 79' lang='lat' dir='ltr'><strong>perfecte</strong></span> <span class='ocrx_word' id='word_1_525' title='bbox 1225 4587 1421 4641; x_wconf 87' lang='lat' dir='ltr'><strong>similis</strong></span> <span class='ocrx_word' id='word_1_526' title='bbox 1451 4586 1523 4641; x_wconf 80' lang='lat' dir='ltr'><strong>sit</strong></span> <span class='ocrx_word' id='word_1_527' title='bbox 1559 4587 1642 4640; x_wconf 84' lang='lat' dir='ltr'><strong>illi</strong></span> <span class='ocrx_word' id='word_1_528' title='bbox 1667 4603 1869 4672; x_wconf 51' lang='lat' dir='ltr'><strong>causa}.</strong></span> 
     </span>
    </p>
   </div>
   <div class='ocr_carea' id='block_1_82' title="bbox 289 4678 1895 4748">
    <p class='ocr_par' dir='ltr' id='par_1_82' title="bbox 289 4678 1895 4748">
     <span class='ocr_line' id='line_1_82' title="bbox 289 4678 1895 4748; baseline -0.001 -13"><span class='ocrx_word' id='word_1_529' title='bbox 289 4695 410 4748; x_wconf 66' lang='lat' dir='ltr'><strong>qam</strong></span> <span class='ocrx_word' id='word_1_530' title='bbox 450 4679 604 4734; x_wconf 88' lang='lat' dir='ltr'><strong>omni</strong></span> <span class='ocrx_word' id='word_1_531' title='bbox 648 4693 842 4747; x_wconf 79' lang='lat' dir='ltr'><strong>genere</strong></span> <span class='ocrx_word' id='word_1_532' title='bbox 885 4678 1221 4732; x_wconf 59' lang='lat' dir='ltr'><strong>excellentia)</strong></span> <span class='ocrx_word' id='word_1_533' title='bbox 1260 4685 1315 4730; x_wconf 85' lang='lat' dir='ltr'><strong>et</strong></span> <span class='ocrx_word' id='word_1_534' title='bbox 1354 4678 1681 4746; x_wconf 56' lang='lat' dir='ltr'><strong>praestantiae</strong></span> <span class='ocrx_word' id='word_1_535' title='bbox 1713 4688 1895 4733; x_wconf 21' lang='lat' dir='ltr'><strong>extra».</strong></span> 
     </span>
    </p>
   </div>
   <div class='ocr_carea' id='block_1_83' title="bbox 288 4767 1866 4837">
    <p class='ocr_par' dir='ltr' id='par_1_83' title="bbox 288 4767 1866 4837">
     <span class='ocr_line' id='line_1_83' title="bbox 288 4767 1866 4837; baseline -0.003 -12"><span class='ocrx_word' id='word_1_536' title='bbox 288 4772 473 4825; x_wconf 88' lang='lat' dir='ltr'><strong>omnia</strong></span> <span class='ocrx_word' id='word_1_537' title='bbox 526 4769 722 4837; x_wconf 81' lang='lat' dir='ltr'><strong>posita-</strong></span> <span class='ocrx_word' id='word_1_538' title='bbox 762 4779 865 4824; x_wconf 85' lang='lat' dir='ltr'><strong>est.</strong></span> <span class='ocrx_word' id='word_1_539' title='bbox 918 4767 1116 4834; x_wconf 81' lang='lat' dir='ltr'><strong>Quem</strong></span> <span class='ocrx_word' id='word_1_540' title='bbox 1156 4768 1335 4821; x_wconf 80' lang='lat' dir='ltr'><strong>Ineunt</strong></span> <span class='ocrx_word' id='word_1_541' title='bbox 1403 4769 1668 4822; x_wconf 87' lang='lat' dir='ltr'><strong>adnotans</strong></span> <span class='ocrx_word' id='word_1_542' title='bbox 1724 4768 1866 4822; x_wconf 87' lang='lat' dir='ltr'><strong>idem</strong></span> 
     </span>
    </p>
   </div>
   <div class='ocr_carea' id='block_1_84' title="bbox 293 4860 1865 4930">
    <p class='ocr_par' dir='ltr' id='par_1_84' title="bbox 293 4860 1865 4930">
     <span class='ocr_line' id='line_1_84' title="bbox 293 4860 1865 4930; baseline -0.001 -15"><span class='ocrx_word' id='word_1_543' title='bbox 293 4861 616 4916; x_wconf 77' lang='lat' dir='ltr'><strong>Maxim~us~z</strong></span> <span class='ocrx_word' id='word_1_544' title='bbox 651 4860 874 4925; x_wconf 77' lang='lat' dir='ltr'><strong>Nomen,</strong></span> <span class='ocrx_word' id='word_1_545' title='bbox 910 4861 1226 4928; x_wconf 84' lang='lat' dir='ltr'><strong>inquit,Dei</strong></span> <span class='ocrx_word' id='word_1_546' title='bbox 1283 4874 1391 4914; x_wconf 83' lang='lat' dir='ltr'><strong>non</strong></span> <span class='ocrx_word' id='word_1_547' title='bbox 1431 4860 1702 4930; x_wconf 76' lang='lat' dir='ltr'><strong>signiﬁcat</strong></span> <span class='ocrx_word' id='word_1_548' title='bbox 1736 4860 1865 4916; x_wconf 79' lang='lat' dir='ltr'><strong>sub-</strong></span> 
     </span>
    </p>
   </div>
   <div class='ocr_carea' id='block_1_85' title="bbox 293 4948 1848 5018">
    <p class='ocr_par' dir='ltr' id='par_1_85' title="bbox 293 4948 1848 5018">
     <span class='ocr_line' id='line_1_85' title="bbox 293 4948 1848 5018; baseline 0 -11"><span class='ocrx_word' id='word_1_549' title='bbox 293 4952 576 5012; x_wconf 77' lang='lat' dir='ltr'><strong>stantiam,</strong></span> <span class='ocrx_word' id='word_1_550' title='bbox 606 4964 780 5018; x_wconf 79' lang='lat' dir='ltr'><strong>neque</strong></span> <span class='ocrx_word' id='word_1_551' title='bbox 822 4950 952 5018; x_wconf 73' lang='lat' dir='ltr'><strong>quid</strong></span> <span class='ocrx_word' id='word_1_552' title='bbox 991 4948 1268 5014; x_wconf 79' lang='lat' dir='ltr'><strong>est~Deus,</strong></span> <span class='ocrx_word' id='word_1_553' title='bbox 1299 4949 1392 5003; x_wconf 82' lang='lat' dir='ltr'><strong>sed</strong></span> <span class='ocrx_word' id='word_1_554' title='bbox 1435 4949 1848 5007; x_wconf 79' lang='lat' dir='ltr'><strong>beneficentiam</strong></span> 
     </span>
    </p>
   </div>
   <div class='ocr_carea' id='block_1_86' title="bbox 297 5037 1878 5112">
    <p class='ocr_par' dir='ltr' id='par_1_86' title="bbox 297 5037 1878 5112">
     <span class='ocr_line' id='line_1_86' title="bbox 297 5037 1878 5112; baseline 0 -18"><span class='ocrx_word' id='word_1_555' title='bbox 297 5042 584 5112; x_wconf 70' lang='lat' dir='ltr'><strong>quamdam</strong></span> <span class='ocrx_word' id='word_1_556' title='bbox 612 5054 862 5108; x_wconf 66' lang='lat' dir='ltr'><strong>erganos</strong></span> <span class='ocrx_word' id='word_1_557' title='bbox 901 5056 914 5090; x_wconf 93' lang='lat'><strong>:</strong></span> <span class='ocrx_word' id='word_1_558' title='bbox 943 5048 998 5094; x_wconf 87' lang='lat' dir='ltr'><strong>et</strong></span> <span class='ocrx_word' id='word_1_559' title='bbox 1023 5037 1165 5108; x_wconf 84' lang='lat' dir='ltr'><strong>quod</strong></span> <span class='ocrx_word' id='word_1_560' title='bbox 1193 5053 1272 5092; x_wconf 57' lang='lat' dir='ltr'><strong>es</strong></span> <span class='ocrx_word' id='word_1_561' title='bbox 1293 5038 1802 5106; x_wconf 83' lang='lat' dir='ltr'><strong>partieipationibus</strong></span> <span class='ocrx_word' id='word_1_562' title='bbox 1824 5055 1878 5094; x_wconf 88' lang='lat' dir='ltr'><strong>a-</strong></span> 
     </span>
    </p>
   </div>
   <div class='ocr_carea' id='block_1_87' title="bbox 277 5127 1856 5197">
    <p class='ocr_par' dir='ltr' id='par_1_87' title="bbox 277 5127 1856 5197">
     <span class='ocr_line' id='line_1_87' title="bbox 277 5127 1856 5197; baseline -0.001 -13"><span class='ocrx_word' id='word_1_563' title='bbox 277 5129 410 5185; x_wconf 78' lang='lat' dir='ltr'><strong>&#39;ltco</strong></span> <span class='ocrx_word' id='word_1_564' title='bbox 456 5129 614 5183; x_wconf 76' lang='lat' dir='ltr'><strong>nobis</strong></span> <span class='ocrx_word' id='word_1_565' title='bbox 671 5127 887 5181; x_wconf 88' lang='lat' dir='ltr'><strong>donatis</strong></span> <span class='ocrx_word' id='word_1_566' title='bbox 929 5129 1148 5180; x_wconf 86' lang='lat' dir='ltr'><strong>nomina</strong></span> <span class='ocrx_word' id='word_1_567' title='bbox 1199 5127 1290 5181; x_wconf 89' lang='lat' dir='ltr'><strong>Dei</strong></span> <span class='ocrx_word' id='word_1_568' title='bbox 1352 5127 1682 5190; x_wconf 87' lang='lat' dir='ltr'><strong>formamus,</strong></span> <span class='ocrx_word' id='word_1_569' title='bbox 1728 5130 1856 5197; x_wconf 87' lang='lat' dir='ltr'><strong>quid</strong></span> 
     </span>
    </p>
   </div>
   <div class='ocr_carea' id='block_1_88' title="bbox 305 5212 1862 5283">
    <p class='ocr_par' dir='ltr' id='par_1_88' title="bbox 305 5212 1862 5283">
     <span class='ocr_line' id='line_1_88' title="bbox 305 5212 1862 5283; baseline -0.002 -13"><span class='ocrx_word' id='word_1_570' title='bbox 305 5227 478 5272; x_wconf 77' lang='lat' dir='ltr'><strong>autem</strong></span> <span class='ocrx_word' id='word_1_571' title='bbox 522 5227 605 5270; x_wconf 88' lang='lat' dir='ltr'><strong>est</strong></span> <span class='ocrx_word' id='word_1_572' title='bbox 647 5215 810 5278; x_wconf 81' lang='lat' dir='ltr'><strong>Deus,</strong></span> <span class='ocrx_word' id='word_1_573' title='bbox 837 5214 1088 5268; x_wconf 80' lang='lat' dir='ltr'><strong>omnibus</strong></span> <span class='ocrx_word' id='word_1_574' title='bbox 1117 5222 1204 5267; x_wconf 90' lang='lat' dir='ltr'><strong>est</strong></span> <span class='ocrx_word' id='word_1_575' title='bbox 1242 5212 1607 5281; x_wconf 85' lang='lat' dir='ltr'><strong>incogitabile.</strong></span> <span class='ocrx_word' id='word_1_576' title='bbox 1637 5213 1713 5266; x_wconf 79' lang='lat' dir='ltr'><strong>Ex</strong></span> <span class='ocrx_word' id='word_1_577' title='bbox 1738 5217 1862 5283; x_wconf 80' lang='lat' dir='ltr'><strong>qui-</strong></span> 
     </span>
    </p>
   </div>
   <div class='ocr_carea' id='block_1_89' title="bbox 308 5303 1862 5368">
    <p class='ocr_par' dir='ltr' id='par_1_89' title="bbox 308 5303 1862 5368">
     <span class='ocr_line' id='line_1_89' title="bbox 308 5303 1862 5368; baseline -0.001 -6"><span class='ocrx_word' id='word_1_578' title='bbox 431 5306 769 5362; x_wconf 71' lang='lat' dir='ltr'><strong>manifestum</strong></span> <span class='ocrx_word' id='word_1_579' title='bbox 810 5305 888 5368; x_wconf 77' lang='lat' dir='ltr'><strong>Iit,</strong></span> <span class='ocrx_word' id='word_1_580' title='bbox 925 5304 1464 5359; x_wconf 80' lang='lat' dir='ltr'><strong>excmauationibus</strong></span> <span class='ocrx_word' id='word_1_581' title='bbox 1487 5303 1602 5368; x_wconf 92' lang='lat' dir='ltr'><strong>Dei,</strong></span> <span class='ocrx_word' id='word_1_582' title='bbox 1625 5313 1678 5358; x_wconf 90' lang='lat' dir='ltr'><strong>et</strong></span> <span class='ocrx_word' id='word_1_583' title='bbox 1705 5305 1862 5361; x_wconf 89' lang='lat' dir='ltr'><strong>donis</strong></span> 
     </span>
    </p>
   </div>
   <div class='ocr_carea' id='block_1_90' title="bbox 1957 3210 3531 3276">
    <p class='ocr_par' dir='ltr' id='par_1_90' title="bbox 1957 3210 3531 3276">
     <span class='ocr_line' id='line_1_90' title="bbox 1957 3210 3531 3276; baseline 0.006 -11"><span class='ocrx_word' id='word_1_584' title='bbox 1957 3210 2126 3273; x_wconf 91' lang='lat' dir='ltr'><strong>tione,</strong></span> <span class='ocrx_word' id='word_1_585' title='bbox 2153 3213 2442 3269; x_wconf 81' lang='lat' dir='ltr'><strong>etunitum</strong></span> <span class='ocrx_word' id='word_1_586' title='bbox 2478 3213 2529 3268; x_wconf 93' lang='lat' dir='ltr'><strong>in</strong></span> <span class='ocrx_word' id='word_1_587' title='bbox 2562 3219 2929 3275; x_wconf 89' lang='lat' dir='ltr'><strong>emanatione.</strong></span> <span class='ocrx_word' id='word_1_588' title='bbox 2966 3221 3045 3276; x_wconf 79' lang='lat' dir='ltr'><strong>Ac</strong></span> <span class='ocrx_word' id='word_1_589' title='bbox 3073 3236 3264 3276; x_wconf 89' lang='lat' dir='ltr'><strong>rursus</strong></span> <span class='ocrx_word' id='word_1_590' title='bbox 3305 3221 3447 3276; x_wconf 90' lang='lat' dir='ltr'><strong>idem</strong></span> <span class='ocrx_word' id='word_1_591' title='bbox 3475 3222 3531 3275; x_wconf 92' lang='lat' dir='ltr'><strong>in</strong></span> 
     </span>
    </p>
   </div>
   <div class='ocr_carea' id='block_1_91' title="bbox 1957 3291 3534 3380">
    <p class='ocr_par' dir='ltr' id='par_1_91' title="bbox 1957 3291 3534 3380">
     <span class='ocr_line' id='line_1_91' title="bbox 1957 3291 3534 3380; baseline 0.006 -25"><span class='ocrx_word' id='word_1_592' title='bbox 1957 3300 2163 3355; x_wconf 83' lang='lat' dir='ltr'><strong>eisdem</strong></span> <span class='ocrx_word' id='word_1_593' title='bbox 2214 3319 2236 3356; x_wconf 75' lang='grc'>›</span> <span class='ocrx_word' id='word_1_594' title='bbox 2283 3303 2533 3359; x_wconf 89' lang='lat' dir='ltr'><strong>Divinam</strong></span> <span class='ocrx_word' id='word_1_595' title='bbox 2583 3307 2993 3373; x_wconf 88' lang='lat' dir='ltr'><strong>discretionem,</strong></span> <span class='ocrx_word' id='word_1_596' title='bbox 3033 3291 3229 3380; x_wconf 80' lang='lat' dir='ltr'><strong>inquit,</strong></span> <span class='ocrx_word' id='word_1_597' title='bbox 3266 3309 3534 3374; x_wconf 88' lang='lat' dir='ltr'><strong>dicimus,</strong></span> 
     </span>
    </p>
   </div>
   <div class='ocr_carea' id='block_1_92' title="bbox 1960 3393 3536 3470">
    <p class='ocr_par' dir='ltr' id='par_1_92' title="bbox 1960 3393 3536 3470">
     <span class='ocr_line' id='line_1_92' title="bbox 1960 3393 3536 3470; baseline 0.006 -23"><span class='ocrx_word' id='word_1_598' title='bbox 1960 3394 2101 3447; x_wconf 84' lang='lat' dir='ltr'><strong>sicut</strong></span> <span class='ocrx_word' id='word_1_599' title='bbox 2137 3393 2340 3449; x_wconf 86' lang='lat' dir='ltr'><strong>dictum</strong></span> <span class='ocrx_word' id='word_1_600' title='bbox 2394 3403 2498 3462; x_wconf 90' lang='lat' dir='ltr'><strong>est,</strong></span> <span class='ocrx_word' id='word_1_601' title='bbox 2528 3403 2902 3456; x_wconf 86' lang='lat' dir='ltr'><strong>emanationes</strong></span> <span class='ocrx_word' id='word_1_602' title='bbox 2936 3398 3052 3466; x_wconf 88' lang='lat' dir='ltr'><strong>Dei,</strong></span> <span class='ocrx_word' id='word_1_603' title='bbox 3079 3403 3373 3456; x_wconf 84' lang='lat' dir='ltr'><strong>bonitatem</strong></span> <span class='ocrx_word' id='word_1_604' title='bbox 3415 3405 3536 3470; x_wconf 88' lang='lat' dir='ltr'><strong>ejus</strong></span> 
     </span>
    </p>
   </div>
   <div class='ocr_carea' id='block_1_93' title="bbox 1961 3481 3538 3554">
    <p class='ocr_par' dir='ltr' id='par_1_93' title="bbox 1961 3481 3538 3554">
     <span class='ocr_line' id='line_1_93' title="bbox 1961 3481 3538 3554; baseline 0.006 -19"><span class='ocrx_word' id='word_1_605' title='bbox 1961 3481 2213 3539; x_wconf 90' lang='lat' dir='ltr'><strong>decentes</strong></span> <span class='ocrx_word' id='word_1_606' title='bbox 2243 3502 2260 3550; x_wconf 85' lang='lat'><strong><em>;</em></strong></span> <span class='ocrx_word' id='word_1_607' title='bbox 2292 3484 2526 3554; x_wconf 85' lang='lat' dir='ltr'><strong>largiens</strong></span> <span class='ocrx_word' id='word_1_608' title='bbox 2557 3488 2700 3541; x_wconf 89' lang='lat' dir='ltr'><strong>enim</strong></span> <span class='ocrx_word' id='word_1_609' title='bbox 2734 3489 2990 3543; x_wconf 89' lang='lat' dir='ltr'><strong>omnibus</strong></span> <span class='ocrx_word' id='word_1_610' title='bbox 3032 3503 3175 3554; x_wconf 76' lang='lat' dir='ltr'><strong>esse,</strong></span> <span class='ocrx_word' id='word_1_611' title='bbox 3216 3500 3269 3543; x_wconf 91' lang='lat' dir='ltr'><strong>ct</strong></span> <span class='ocrx_word' id='word_1_612' title='bbox 3305 3490 3538 3545; x_wconf 80' lang='lat' dir='ltr'><strong>fundens</strong></span> 
     </span>
    </p>
   </div>
   <div class='ocr_carea' id='block_1_94' title="bbox 1961 3571 3548 3649">
    <p class='ocr_par' dir='ltr' id='par_1_94' title="bbox 1961 3571 3548 3649">
     <span class='ocr_line' id='line_1_94' title="bbox 1961 3571 3548 3649; baseline 0.005 -23"><span class='ocrx_word' id='word_1_613' title='bbox 1961 3571 2248 3629; x_wconf 76' lang='lat' dir='ltr'><strong>afﬂuenter</strong></span> <span class='ocrx_word' id='word_1_614' title='bbox 2282 3577 2523 3630; x_wconf 88' lang='lat' dir='ltr'><strong>omnium</strong></span> <span class='ocrx_word' id='word_1_615' title='bbox 2559 3577 2828 3632; x_wconf 89' lang='lat' dir='ltr'><strong>bonorum</strong></span> <span class='ocrx_word' id='word_1_616' title='bbox 2861 3580 3326 3649; x_wconf 81' lang='lat' dir='ltr'><strong>participationes,</strong></span> <span class='ocrx_word' id='word_1_617' title='bbox 3355 3581 3548 3636; x_wconf 85' lang='lat' dir='ltr'><strong>distri-</strong></span> 
     </span>
    </p>
   </div>
   <div class='ocr_carea' id='block_1_95' title="bbox 1961 3664 3540 3744">
    <p class='ocr_par' dir='ltr' id='par_1_95' title="bbox 1961 3664 3540 3744">
     <span class='ocr_line' id='line_1_95' title="bbox 1961 3664 3540 3744; baseline 0.006 -25"><span class='ocrx_word' id='word_1_618' title='bbox 1961 3664 2146 3720; x_wconf 84' lang='lat' dir='ltr'><strong>buitur</strong></span> <span class='ocrx_word' id='word_1_619' title='bbox 2173 3667 2342 3730; x_wconf 88' lang='lat' dir='ltr'><strong>unite,</strong></span> <span class='ocrx_word' id='word_1_620' title='bbox 2371 3677 2425 3724; x_wconf 87' lang='lat' dir='ltr'><strong>et</strong></span> <span class='ocrx_word' id='word_1_621' title='bbox 2453 3670 2845 3739; x_wconf 86' lang='lat' dir='ltr'><strong>multiplicatur</strong></span> <span class='ocrx_word' id='word_1_622' title='bbox 2871 3673 3248 3744; x_wconf 80' lang='lat' dir='ltr'><strong>singulariter,</strong></span> <span class='ocrx_word' id='word_1_623' title='bbox 3279 3674 3540 3728; x_wconf 83' lang='lat' dir='ltr'><strong>efllcitnr—</strong></span> 
     </span>
    </p>
   </div>
   <div class='ocr_carea' id='block_1_96' title="bbox 1963 3759 3538 3832">
    <p class='ocr_par' dir='ltr' id='par_1_96' title="bbox 1963 3759 3538 3832">
     <span class='ocr_line' id='line_1_96' title="bbox 1963 3759 3538 3832; baseline 0.007 -23"><span class='ocrx_word' id='word_1_624' title='bbox 1963 3771 2072 3827; x_wconf 87' lang='lat' dir='ltr'><strong>que</strong></span> <span class='ocrx_word' id='word_1_625' title='bbox 2106 3759 2385 3828; x_wconf 73' lang='lat' dir='ltr'><strong>multiplex</strong></span> <span class='ocrx_word' id='word_1_626' title='bbox 2429 3775 2539 3815; x_wconf 92' lang='lat' dir='ltr'><strong>non</strong></span> <span class='ocrx_word' id='word_1_627' title='bbox 2592 3763 2850 3819; x_wconf 65' lang='lat' dir='ltr'><strong>recedens</strong></span> <span class='ocrx_word' id='word_1_628' title='bbox 2884 3765 2952 3817; x_wconf 89' lang='lat' dir='ltr'><strong>ab</strong></span> <span class='ocrx_word' id='word_1_629' title='bbox 2988 3781 3115 3819; x_wconf 91' lang='lat' dir='ltr'><strong>uno.</strong></span> <span class='ocrx_word' id='word_1_630' title='bbox 3150 3767 3321 3832; x_wconf 81' lang='lat' dir='ltr'><strong>Quem</strong></span> <span class='ocrx_word' id='word_1_631' title='bbox 3359 3767 3538 3820; x_wconf 87' lang='lat' dir='ltr'><strong>locum</strong></span> 
     </span>
    </p>
   </div>
   <div class='ocr_carea' id='block_1_97' title="bbox 1963 3838 3541 3924">
    <p class='ocr_par' dir='ltr' id='par_1_97' title="bbox 1963 3838 3541 3924">
     <span class='ocr_line' id='line_1_97' title="bbox 1963 3838 3541 3924; baseline 0.005 -22"><span class='ocrx_word' id='word_1_632' title='bbox 1963 3838 2230 3904; x_wconf 78' lang='lat' dir='ltr'><strong>adnotans</strong></span> <span class='ocrx_word' id='word_1_633' title='bbox 2252 3847 2309 3904; x_wconf 89' lang='lat' dir='ltr'><strong>S.</strong></span> <span class='ocrx_word' id='word_1_634' title='bbox 2332 3849 2599 3906; x_wconf 79' lang='lat' dir='ltr'><strong>Maximus</strong></span> <span class='ocrx_word' id='word_1_635' title='bbox 2624 3869 2638 3906; x_wconf 87' lang='lat'><strong>:</strong></span> <span class='ocrx_word' id='word_1_636' title='bbox 2661 3853 2892 3919; x_wconf 92' lang='lat' dir='ltr'><strong>Dicitur,</strong></span> <span class='ocrx_word' id='word_1_637' title='bbox 2919 3857 3117 3924; x_wconf 87' lang='lat' dir='ltr'><strong>inquit,</strong></span> <span class='ocrx_word' id='word_1_638' title='bbox 3151 3872 3320 3910; x_wconf 91' lang='lat' dir='ltr'><strong>unum</strong></span> <span class='ocrx_word' id='word_1_639' title='bbox 3357 3857 3541 3910; x_wconf 90' lang='lat' dir='ltr'><strong>multi-</strong></span> 
     </span>
    </p>
   </div>
   <div class='ocr_carea' id='block_1_98' title="bbox 1963 3939 3538 4016">
    <p class='ocr_par' dir='ltr' id='par_1_98' title="bbox 1963 3939 3538 4016">
     <span class='ocr_line' id='line_1_98' title="bbox 1963 3939 3538 4016; baseline 0.003 -22"><span class='ocrx_word' id='word_1_640' title='bbox 1963 3941 2085 4010; x_wconf 77' lang='lat' dir='ltr'><strong>plex</strong></span> <span class='ocrx_word' id='word_1_641' title='bbox 2130 3939 2266 4004; x_wconf 82' lang='lat' dir='ltr'><strong>ﬁeri,</strong></span> <span class='ocrx_word' id='word_1_642' title='bbox 2297 3942 2427 4010; x_wconf 88' lang='lat' dir='ltr'><strong>quia</strong></span> <span class='ocrx_word' id='word_1_643' title='bbox 2459 3959 2522 3997; x_wconf 77' lang='lat' dir='ltr'><strong>ex</strong></span> <span class='ocrx_word' id='word_1_644' title='bbox 2556 3942 2696 4012; x_wconf 90' lang='lat' dir='ltr'><strong>ipso,</strong></span> <span class='ocrx_word' id='word_1_645' title='bbox 2731 3959 2797 3998; x_wconf 87' lang='lat' dir='ltr'><strong>ac</strong></span> <span class='ocrx_word' id='word_1_646' title='bbox 2831 3959 2926 4014; x_wconf 86' lang='lat' dir='ltr'><strong>per</strong></span> <span class='ocrx_word' id='word_1_647' title='bbox 2955 3946 3156 4016; x_wconf 89' lang='lat' dir='ltr'><strong>ipsttm,</strong></span> <span class='ocrx_word' id='word_1_648' title='bbox 3185 3957 3236 4000; x_wconf 88' lang='lat' dir='ltr'><strong>et</strong></span> <span class='ocrx_word' id='word_1_649' title='bbox 3276 3949 3327 4000; x_wconf 92' lang='lat' dir='ltr'><strong>in</strong></span> <span class='ocrx_word' id='word_1_650' title='bbox 3360 3947 3538 4016; x_wconf 84' lang='lat' dir='ltr'><strong>ipsum</strong></span> 
     </span>
    </p>
   </div>
   <div class='ocr_carea' id='block_1_99' title="bbox 1964 4032 3542 4107">
    <p class='ocr_par' dir='ltr' id='par_1_99' title="bbox 1964 4032 3542 4107">
     <span class='ocr_line' id='line_1_99' title="bbox 1964 4032 3542 4107; baseline 0.003 -21"><span class='ocrx_word' id='word_1_651' title='bbox 1964 4039 2158 4086; x_wconf 83' lang='lat' dir='ltr'><strong>cuncta</strong></span> <span class='ocrx_word' id='word_1_652' title='bbox 2207 4032 2425 4085; x_wconf 90' lang='lat' dir='ltr'><strong>condita</strong></span> <span class='ocrx_word' id='word_1_653' title='bbox 2476 4045 2636 4098; x_wconf 88' lang='lat' dir='ltr'><strong>sunt;</strong></span> <span class='ocrx_word' id='word_1_654' title='bbox 2687 4042 2740 4088; x_wconf 89' lang='lat' dir='ltr'><strong>et</strong></span> <span class='ocrx_word' id='word_1_655' title='bbox 2786 4035 2904 4106; x_wconf 89' lang='lat' dir='ltr'><strong>ipse</strong></span> <span class='ocrx_word' id='word_1_656' title='bbox 2942 4047 3024 4092; x_wconf 88' lang='lat' dir='ltr'><strong>est</strong></span> <span class='ocrx_word' id='word_1_657' title='bbox 3068 4045 3235 4107; x_wconf 88' lang='lat' dir='ltr'><strong>caput</strong></span> <span class='ocrx_word' id='word_1_658' title='bbox 3293 4037 3542 4092; x_wconf 86' lang='lat' dir='ltr'><strong>omnium</strong></span> 
     </span>
    </p>
   </div>
   <div class='ocr_carea' id='block_1_100' title="bbox 1962 4123 3545 4197">
    <p class='ocr_par' dir='ltr' id='par_1_100' title="bbox 1962 4123 3545 4197">
     <span class='ocr_line' id='line_1_100' title="bbox 1962 4123 3545 4197; baseline 0.005 -22"><span class='ocrx_word' id='word_1_659' title='bbox 1962 4137 2084 4190; x_wconf 65' lang='lat' dir='ltr'><strong>quae</strong></span> <span class='ocrx_word' id='word_1_660' title='bbox 2113 4131 2263 4186; x_wconf 89' lang='lat' dir='ltr'><strong>sunt,</strong></span> <span class='ocrx_word' id='word_1_661' title='bbox 2280 4133 2332 4177; x_wconf 90' lang='lat' dir='ltr'><strong>et</strong></span> <span class='ocrx_word' id='word_1_662' title='bbox 2364 4123 2475 4193; x_wconf 85' lang='lat' dir='ltr'><strong>ipse</strong></span> <span class='ocrx_word' id='word_1_663' title='bbox 2504 4140 2692 4180; x_wconf 88' lang='lat' dir='ltr'><strong>omnes</strong></span> <span class='ocrx_word' id='word_1_664' title='bbox 2718 4129 3048 4183; x_wconf 86' lang='lat' dir='ltr'><strong>substantias</strong></span> <span class='ocrx_word' id='word_1_665' title='bbox 3077 4129 3368 4197; x_wconf 82' lang='lat' dir='ltr'><strong>produxit:</strong></span> <span class='ocrx_word' id='word_1_666' title='bbox 3399 4145 3545 4184; x_wconf 75' lang='lat' dir='ltr'><strong>reete</strong></span> 
     </span>
    </p>
   </div>
   <div class='ocr_carea' id='block_1_101' title="bbox 1967 4211 3554 4286">
    <p class='ocr_par' dir='ltr' id='par_1_101' title="bbox 1967 4211 3554 4286">
     <span class='ocr_line' id='line_1_101' title="bbox 1967 4211 3554 4286; baseline 0.003 -18"><span class='ocrx_word' id='word_1_667' title='bbox 1967 4211 2134 4284; x_wconf 84' lang='lat' dir='ltr'><strong>igitur</strong></span> <span class='ocrx_word' id='word_1_668' title='bbox 2166 4223 2386 4285; x_wconf 89' lang='lat' dir='ltr'><strong>propter</strong></span> <span class='ocrx_word' id='word_1_669' title='bbox 2411 4231 2474 4270; x_wconf 85' lang='lat' dir='ltr'><strong>ea</strong></span> <span class='ocrx_word' id='word_1_670' title='bbox 2509 4232 2633 4285; x_wconf 74' lang='lat' dir='ltr'><strong>qua:</strong></span> <span class='ocrx_word' id='word_1_671' title='bbox 2666 4217 2734 4272; x_wconf 90' lang='lat' dir='ltr'><strong>ab</strong></span> <span class='ocrx_word' id='word_1_672' title='bbox 2762 4219 2882 4286; x_wconf 90' lang='lat' dir='ltr'><strong>ipso</strong></span> <span class='ocrx_word' id='word_1_673' title='bbox 2935 4218 3126 4274; x_wconf 76' lang='lat' dir='ltr'><strong>eﬂ‘ecta</strong></span> <span class='ocrx_word' id='word_1_674' title='bbox 3176 4230 3330 4285; x_wconf 89' lang='lat' dir='ltr'><strong>sunt,</strong></span> <span class='ocrx_word' id='word_1_675' title='bbox 3363 4221 3554 4275; x_wconf 80' lang='lat' dir='ltr'><strong>multi-</strong></span> 
     </span>
    </p>
   </div>
   <div class='ocr_carea' id='block_1_102' title="bbox 1965 4305 3544 4380">
    <p class='ocr_par' dir='ltr' id='par_1_102' title="bbox 1965 4305 3544 4380">
     <span class='ocr_line' id='line_1_102' title="bbox 1965 4305 3544 4380; baseline 0.004 -22"><span class='ocrx_word' id='word_1_676' title='bbox 1965 4305 2154 4374; x_wconf 86' lang='lat' dir='ltr'><strong>plicari</strong></span> <span class='ocrx_word' id='word_1_677' title='bbox 2178 4306 2401 4361; x_wconf 88' lang='lat' dir='ltr'><strong>dicitur.</strong></span> <span class='ocrx_word' id='word_1_678' title='bbox 2425 4306 2502 4363; x_wconf 86' lang='lat' dir='ltr'><strong>Ac</strong></span> <span class='ocrx_word' id='word_1_679' title='bbox 2529 4322 2716 4362; x_wconf 87' lang='lat' dir='ltr'><strong>rursus</strong></span> <span class='ocrx_word' id='word_1_680' title='bbox 2738 4310 2877 4363; x_wconf 89' lang='lat' dir='ltr'><strong>idem</strong></span> <span class='ocrx_word' id='word_1_681' title='bbox 2904 4307 3215 4380; x_wconf 84' lang='lat' dir='ltr'><strong>Dionysius,</strong></span> <span class='ocrx_word' id='word_1_682' title='bbox 3246 4325 3363 4378; x_wconf 80' lang='lat' dir='ltr'><strong>cap.</strong></span> <span class='ocrx_word' id='word_1_683' title='bbox 3400 4325 3544 4364; x_wconf 86' lang='lat' dir='ltr'><strong>nono</strong></span> 
     </span>
    </p>
   </div>
   <div class='ocr_carea' id='block_1_103' title="bbox 1969 4395 3548 4468">
    <p class='ocr_par' dir='ltr' id='par_1_103' title="bbox 1969 4395 3548 4468">
     <span class='ocr_line' id='line_1_103' title="bbox 1969 4395 3548 4468; baseline 0.003 -18"><span class='ocrx_word' id='word_1_684' title='bbox 1969 4395 2045 4450; x_wconf 70' lang='lat' dir='ltr'><strong>De</strong></span> <span class='ocrx_word' id='word_1_685' title='bbox 2071 4397 2260 4451; x_wconf 80' lang='lat' dir='ltr'><strong>divinis</strong></span> <span class='ocrx_word' id='word_1_686' title='bbox 2287 4401 2515 4465; x_wconf 85' lang='lat' dir='ltr'><strong>nomin.,</strong></span> <span class='ocrx_word' id='word_1_687' title='bbox 2570 4398 2732 4464; x_wconf 88' lang='lat' dir='ltr'><strong>Quid,</strong></span> <span class='ocrx_word' id='word_1_688' title='bbox 2767 4399 2963 4468; x_wconf 88' lang='lat' dir='ltr'><strong>inquit,</strong></span> <span class='ocrx_word' id='word_1_689' title='bbox 3001 4416 3122 4454; x_wconf 91' lang='lat' dir='ltr'><strong>cum</strong></span> <span class='ocrx_word' id='word_1_690' title='bbox 3157 4416 3352 4456; x_wconf 79' lang='lat' dir='ltr'><strong>rursus</strong></span> <span class='ocrx_word' id='word_1_691' title='bbox 3391 4401 3548 4456; x_wconf 79' lang='lat' dir='ltr'><strong>theo-</strong></span> 
     </span>
    </p>
   </div>
   <div class='ocr_carea' id='block_1_104' title="bbox 1978 4486 3549 4557">
    <p class='ocr_par' dir='ltr' id='par_1_104' title="bbox 1978 4486 3549 4557">
     <span class='ocr_line' id='line_1_104' title="bbox 1978 4486 3549 4557; baseline 0.003 -16"><span class='ocrx_word' id='word_1_692' title='bbox 1978 4486 2084 4557; x_wconf 88' lang='lat' dir='ltr'><strong>logi</strong></span> <span class='ocrx_word' id='word_1_693' title='bbox 2113 4488 2305 4542; x_wconf 91' lang='lat' dir='ltr'><strong>dicunt</strong></span> <span class='ocrx_word' id='word_1_694' title='bbox 2336 4489 2388 4542; x_wconf 93' lang='lat' dir='ltr'><strong>in</strong></span> <span class='ocrx_word' id='word_1_695' title='bbox 2423 4499 2618 4544; x_wconf 90' lang='lat' dir='ltr'><strong>cuncta</strong></span> <span class='ocrx_word' id='word_1_696' title='bbox 2647 4502 2919 4556; x_wconf 89' lang='lat' dir='ltr'><strong>meare,et</strong></span> <span class='ocrx_word' id='word_1_697' title='bbox 2949 4493 3549 4554; x_wconf 67' lang='lat' dir='ltr'><strong>moveriimmobilcm,</strong></span> 
     </span>
    </p>
   </div>
   <div class='ocr_carea' id='block_1_105' title="bbox 1979 4581 3552 4654">
    <p class='ocr_par' dir='ltr' id='par_1_105' title="bbox 1979 4581 3552 4654">
     <span class='ocr_line' id='line_1_105' title="bbox 1979 4581 3552 4654; baseline 0.004 -22"><span class='ocrx_word' id='word_1_698' title='bbox 1979 4595 2158 4634; x_wconf 88' lang='lat' dir='ltr'><strong>nonne</strong></span> <span class='ocrx_word' id='word_1_699' title='bbox 2206 4581 2307 4635; x_wconf 87' lang='lat' dir='ltr'><strong>hoc</strong></span> <span class='ocrx_word' id='word_1_700' title='bbox 2341 4591 2404 4635; x_wconf 87' lang='lat' dir='ltr'><strong>ut</strong></span> <span class='ocrx_word' id='word_1_701' title='bbox 2435 4581 2600 4636; x_wconf 86' lang='lat' dir='ltr'><strong>Deum</strong></span> <span class='ocrx_word' id='word_1_702' title='bbox 2630 4584 2805 4644; x_wconf 88' lang='lat' dir='ltr'><strong>decet,</strong></span> <span class='ocrx_word' id='word_1_703' title='bbox 2852 4583 3258 4654; x_wconf 79' lang='lat' dir='ltr'><strong>intelligemium</strong></span> <span class='ocrx_word' id='word_1_704' title='bbox 3295 4584 3420 4637; x_wconf 79' lang='lat' dir='ltr'><strong>est?</strong></span> <span class='ocrx_word' id='word_1_705' title='bbox 3453 4582 3552 4640; x_wconf 80' lang='lat' dir='ltr'><strong>Pic</strong></span> 
     </span>
    </p>
   </div>
   <div class='ocr_carea' id='block_1_106' title="bbox 1976 4670 3548 4744">
    <p class='ocr_par' dir='ltr' id='par_1_106' title="bbox 1976 4670 3548 4744">
     <span class='ocr_line' id='line_1_106' title="bbox 1976 4670 3548 4744; baseline 0.003 -20"><span class='ocrx_word' id='word_1_706' title='bbox 1976 4670 2119 4725; x_wconf 89' lang='lat' dir='ltr'><strong>enim</strong></span> <span class='ocrx_word' id='word_1_707' title='bbox 2182 4672 2481 4740; x_wconf 90' lang='lat' dir='ltr'><strong>putandum</strong></span> <span class='ocrx_word' id='word_1_708' title='bbox 2517 4681 2600 4727; x_wconf 88' lang='lat' dir='ltr'><strong>est</strong></span> <span class='ocrx_word' id='word_1_709' title='bbox 2627 4674 2833 4729; x_wconf 84' lang='lat' dir='ltr'><strong>moveri</strong></span> <span class='ocrx_word' id='word_1_710' title='bbox 2849 4673 3049 4739; x_wconf 68' lang='lat' dir='ltr'><strong>Deum,</strong></span> <span class='ocrx_word' id='word_1_711' title='bbox 3081 4689 3184 4730; x_wconf 79' lang='lat' dir='ltr'><strong>non</strong></span> <span class='ocrx_word' id='word_1_712' title='bbox 3215 4677 3370 4744; x_wconf 76' lang='lat' dir='ltr'><strong>quasi</strong></span> <span class='ocrx_word' id='word_1_713' title='bbox 3399 4674 3548 4728; x_wconf 76' lang='lat' dir='ltr'><strong>fera-</strong></span> 
     </span>
    </p>
   </div>
   <div class='ocr_carea' id='block_1_107' title="bbox 1977 4743 3590 4838">
    <p class='ocr_par' dir='ltr' id='par_1_107' title="bbox 1977 4743 3590 4838">
     <span class='ocr_line' id='line_1_107' title="bbox 1977 4743 3590 4838; baseline 0.005 -23"><span class='ocrx_word' id='word_1_714' title='bbox 1977 4770 2085 4828; x_wconf 89' lang='lat' dir='ltr'><strong>tur,</strong></span> <span class='ocrx_word' id='word_1_715' title='bbox 2108 4773 2487 4838; x_wconf 83' lang='lat' dir='ltr'><strong>aut_mutetur,</strong></span> <span class='ocrx_word' id='word_1_716' title='bbox 2511 4763 2858 4818; x_wconf 79' lang='lat' dir='ltr'><strong>aut-’varietur</strong></span> <span class='ocrx_word' id='word_1_717' title='bbox 2875 4766 3057 4835; x_wconf 86' lang='lat' dir='ltr'><strong>aliquo</strong></span> <span class='ocrx_word' id='word_1_718' title='bbox 3077 4743 3258 4830; x_wconf 79' lang='lat' dir='ltr'><strong>modo,</strong></span> <span class='ocrx_word' id='word_1_719' title='bbox 3280 4776 3377 4821; x_wconf 83' lang='lat' dir='ltr'><strong>aut</strong></span> <span class='ocrx_word' id='word_1_720' title='bbox 3393 4779 3554 4822; x_wconf 68' lang='lat' dir='ltr'><strong>motu</strong></span> <span class='ocrx_word' id='word_1_721' title='bbox 3568 4743 3590 4769; x_wconf 42' lang='grc' dir='ltr'><strong>’ί</strong></span> 
     </span>
    </p>
   </div>
   <div class='ocr_carea' id='block_1_108' title="bbox 1973 4853 3547 4930">
    <p class='ocr_par' dir='ltr' id='par_1_108' title="bbox 1973 4853 3547 4930">
     <span class='ocr_line' id='line_1_108' title="bbox 1973 4853 3547 4930; baseline 0.005 -23"><span class='ocrx_word' id='word_1_722' title='bbox 1973 4853 2078 4908; x_wconf 83' lang='grc' dir='ltr'><strong>1οεί</strong></span> <span class='ocrx_word' id='word_1_723' title='bbox 2109 4853 2226 4910; x_wconf 81' lang='lat' dir='ltr'><strong>sive</strong></span> <span class='ocrx_word' id='word_1_724' title='bbox 2258 4865 2426 4920; x_wconf 89' lang='lat' dir='ltr'><strong>recto,</strong></span> <span class='ocrx_word' id='word_1_725' title='bbox 2457 4855 2864 4919; x_wconf 80' lang='lat' dir='ltr'><strong>siverotnndo,</strong></span> <span class='ocrx_word' id='word_1_726' title='bbox 2893 4858 3006 4912; x_wconf 82' lang='lat' dir='ltr'><strong>sive</strong></span> <span class='ocrx_word' id='word_1_727' title='bbox 3027 4873 3104 4912; x_wconf 55' lang='lat' dir='ltr'><strong>ex»</strong></span> <span class='ocrx_word' id='word_1_728' title='bbox 3126 4868 3353 4930; x_wconf 88' lang='lat' dir='ltr'><strong>utroque</strong></span> <span class='ocrx_word' id='word_1_729' title='bbox 3379 4874 3499 4914; x_wconf 85' lang='lat' dir='ltr'><strong>com</strong></span> <span class='ocrx_word' id='word_1_730' title='bbox 3521 4891 3547 4902; x_wconf 85' lang='lat'><strong>-</strong></span> 
     </span>
    </p>
   </div>
   <div class='ocr_carea' id='block_1_109' title="bbox 1960 4946 3562 5016">
    <p class='ocr_par' dir='ltr' id='par_1_109' title="bbox 1960 4946 3562 5016">
     <span class='ocr_line' id='line_1_109' title="bbox 1960 4946 3562 5016; baseline 0.007 -19"><span class='ocrx_word' id='word_1_731' title='bbox 1960 4947 2355 5015; x_wconf 79' lang='lat' dir='ltr'><strong>posito,-neque</strong></span> <span class='ocrx_word' id='word_1_732' title='bbox 2380 4955 2526 4999; x_wconf 81' lang='lat' dir='ltr'><strong>motu</strong></span> <span class='ocrx_word' id='word_1_733' title='bbox 2557 4946 2944 5016; x_wconf 70' lang='lat' dir='ltr'><strong>intelligentiae,</strong></span> <span class='ocrx_word' id='word_1_734' title='bbox 2968 4962 3142 5015; x_wconf 88' lang='lat' dir='ltr'><strong>neque</strong></span> <span class='ocrx_word' id='word_1_735' title='bbox 3164 4951 3422 5013; x_wconf 83' lang='lat' dir='ltr'><strong>naturali,</strong></span> <span class='ocrx_word' id='word_1_736' title='bbox 3447 4968 3562 5008; x_wconf 64' lang='lat' dir='ltr'><strong>nco</strong></span> 
     </span>
    </p>
   </div>
   <div class='ocr_carea' id='block_1_110' title="bbox 1962 5037 3544 5106">
    <p class='ocr_par' dir='ltr' id='par_1_110' title="bbox 1962 5037 3544 5106">
     <span class='ocr_line' id='line_1_110' title="bbox 1962 5037 3544 5106; baseline 0.004 -16"><span class='ocrx_word' id='word_1_737' title='bbox 1962 5037 2205 5100; x_wconf 71' lang='lat' dir='ltr'><strong>animali,</strong></span> <span class='ocrx_word' id='word_1_738' title='bbox 2226 5037 2322 5091; x_wconf 87' lang='lat' dir='ltr'><strong>sed</strong></span> <span class='ocrx_word' id='word_1_739' title='bbox 2341 5047 2619 5106; x_wconf 58' lang='lat' dir='ltr'><strong>&#39;quatenus</strong></span> <span class='ocrx_word' id='word_1_740' title='bbox 2647 5039 2830 5093; x_wconf 81' lang='lat' dir='ltr'><strong>omnia</strong></span> <span class='ocrx_word' id='word_1_741' title='bbox 2866 5039 3006 5094; x_wconf 81' lang='lat' dir='ltr'><strong>Deus</strong></span> <span class='ocrx_word' id='word_1_742' title='bbox 3035 5041 3285 5106; x_wconf 87' lang='lat' dir='ltr'><strong>producit</strong></span> <span class='ocrx_word' id='word_1_743' title='bbox 3313 5042 3544 5097; x_wconf 68' lang='lat' dir='ltr'><strong>utsinto</strong></span> 
     </span>
    </p>
   </div>
   <div class='ocr_carea' id='block_1_111' title="bbox 1964 5128 3543 5200">
    <p class='ocr_par' dir='ltr' id='par_1_111' title="bbox 1964 5128 3543 5200">
     <span class='ocr_line' id='line_1_111' title="bbox 1964 5128 3543 5200; baseline 0.004 -20"><span class='ocrx_word' id='word_1_744' title='bbox 1964 5136 2018 5180; x_wconf 91' lang='lat' dir='ltr'><strong>et</strong></span> <span class='ocrx_word' id='word_1_745' title='bbox 2046 5128 2226 5180; x_wconf 87' lang='lat' dir='ltr'><strong>omnia</strong></span> <span class='ocrx_word' id='word_1_746' title='bbox 2263 5129 2525 5189; x_wconf 76' lang='lat' dir='ltr'><strong>continet;</strong></span> <span class='ocrx_word' id='word_1_747' title='bbox 2551 5137 2603 5181; x_wconf 84' lang='lat' dir='ltr'><strong>et</strong></span> <span class='ocrx_word' id='word_1_748' title='bbox 2622 5130 2877 5185; x_wconf 90' lang='lat' dir='ltr'><strong>omnibus</strong></span> <span class='ocrx_word' id='word_1_749' title='bbox 2910 5131 3056 5185; x_wconf 85' lang='lat' dir='ltr'><strong>varie</strong></span> <span class='ocrx_word' id='word_1_750' title='bbox 3089 5134 3357 5200; x_wconf 85' lang='lat' dir='ltr'><strong>providet.-</strong></span> <span class='ocrx_word' id='word_1_751' title='bbox 3381 5131 3543 5186; x_wconf 18' lang='lat' dir='ltr'><strong>lluncr</strong></span> 
     </span>
    </p>
   </div>
   <div class='ocr_carea' id='block_1_112' title="bbox 1969 5217 3545 5291">
    <p class='ocr_par' dir='ltr' id='par_1_112' title="bbox 1969 5217 3545 5291">
     <span class='ocr_line' id='line_1_112' title="bbox 1969 5217 3545 5291; baseline 0.003 -21"><span class='ocrx_word' id='word_1_752' title='bbox 1969 5217 2149 5271; x_wconf 89' lang='lat' dir='ltr'><strong>locum</strong></span> <span class='ocrx_word' id='word_1_753' title='bbox 2184 5217 2490 5271; x_wconf 88' lang='lat' dir='ltr'><strong>edisserens</strong></span> <span class='ocrx_word' id='word_1_754' title='bbox 2523 5217 2581 5272; x_wconf 77' lang='lat' dir='ltr'><strong>Sr.</strong></span> <span class='ocrx_word' id='word_1_755' title='bbox 2623 5218 2888 5276; x_wconf 77' lang='lat' dir='ltr'><strong>Maximus</strong></span> <span class='ocrx_word' id='word_1_756' title='bbox 2930 5238 2945 5275; x_wconf 88' lang='lat'><strong>:</strong></span> <span class='ocrx_word' id='word_1_757' title='bbox 2980 5219 3141 5286; x_wconf 82' lang='lat' dir='ltr'><strong>D‘eus,</strong></span> <span class='ocrx_word' id='word_1_758' title='bbox 3176 5223 3351 5291; x_wconf 83' lang='lat' dir='ltr'><strong>inquit</strong></span> <span class='ocrx_word' id='word_1_759' title='bbox 3375 5263 3387 5284; x_wconf 88' lang='lat'><strong>,</strong></span> <span class='ocrx_word' id='word_1_760' title='bbox 3435 5237 3545 5275; x_wconf 85' lang='lat' dir='ltr'><strong>non</strong></span> 
     </span>
    </p>
   </div>
   <div class='ocr_carea' id='block_1_113' title="bbox 1973 5308 3544 5382">
    <p class='ocr_par' dir='ltr' id='par_1_113' title="bbox 1973 5308 3544 5382">
     <span class='ocr_line' id='line_1_113' title="bbox 1973 5308 3544 5382; baseline 0.001 -18"><span class='ocrx_word' id='word_1_761' title='bbox 1973 5319 2225 5364; x_wconf 84' lang='lat' dir='ltr'><strong>movetur</strong></span> <span class='ocrx_word' id='word_1_762' title='bbox 2263 5308 2446 5378; x_wconf 89' lang='lat' dir='ltr'><strong>aliquo</strong></span> <span class='ocrx_word' id='word_1_763' title='bbox 2475 5311 2695 5366; x_wconf 74' lang='lat' dir='ltr'><strong>existis</strong></span> <span class='ocrx_word' id='word_1_764' title='bbox 2733 5327 2928 5380; x_wconf 83' lang='lat' dir='ltr'><strong>genere</strong></span> <span class='ocrx_word' id='word_1_765' title='bbox 2962 5324 3166 5379; x_wconf 88' lang='lat' dir='ltr'><strong>motus,</strong></span> <span class='ocrx_word' id='word_1_766' title='bbox 3196 5314 3325 5382; x_wconf 83' lang='lat' dir='ltr'><strong>quin</strong></span> <span class='ocrx_word' id='word_1_767' title='bbox 3361 5311 3544 5379; x_wconf 85' lang='lat' dir='ltr'><strong>potius</strong></span> 
     </span>
    </p>
   </div>
   <div class='ocr_carea' id='block_1_114' title="bbox 1766 5469 2045 5532">
    <p class='ocr_par' dir='ltr' id='par_1_114' title="bbox 1766 5469 2045 5532">
     <span class='ocr_line' id='line_1_114' title="bbox 1766 5469 2045 5532; baseline 0.011 -3"><span class='ocrx_word' id='word_1_768' title='bbox 1766 5469 2045 5532; x_wconf 55' lang='lat' dir='ltr'><strong>Scholia:</strong></span> 
     </span>
    </p>
   </div>
   <div class='ocr_carea' id='block_1_115' title="bbox 385 5590 1869 5662">
    <p class='ocr_par' dir='ltr' id='par_1_115' title="bbox 385 5590 1869 5662">
     <span class='ocr_line' id='line_1_115' title="bbox 385 5590 1869 5662; baseline -0.007 -3"><span class='ocrx_word' id='word_1_769' title='bbox 385 5590 453 5662; x_wconf 62' lang='lat' dir='ltr'><strong>(ll</strong></span> <span class='ocrx_word' id='word_1_770' title='bbox 505 5594 764 5648; x_wconf 74' lang='lat' dir='ltr'><strong>Absoluta.</strong></span> <span class='ocrx_word' id='word_1_771' title='bbox 812 5593 886 5647; x_wconf 80' lang='lat' dir='ltr'><strong>Ex</strong></span> <span class='ocrx_word' id='word_1_772' title='bbox 940 5602 1090 5662; x_wconf 88' lang='lat' dir='ltr'><strong>parte</strong></span> <span class='ocrx_word' id='word_1_773' title='bbox 1144 5591 1416 5662; x_wconf 84' lang='lat' dir='ltr'><strong>principii,</strong></span> <span class='ocrx_word' id='word_1_774' title='bbox 1450 5591 1565 5646; x_wconf 87' lang='lat' dir='ltr'><strong>sive</strong></span> <span class='ocrx_word' id='word_1_775' title='bbox 1610 5592 1869 5649; x_wconf 62' lang='lat' dir='ltr'><strong>essentia</strong></span> 
     </span>
    </p>
   </div>
   <div class='ocr_carea' id='block_1_116' title="bbox 321 5661 1864 5727">
    <p class='ocr_par' dir='ltr' id='par_1_116' title="bbox 321 5661 1864 5727">
     <span class='ocr_line' id='line_1_116' title="bbox 321 5661 1864 5727; baseline 0.001 -14"><span class='ocrx_word' id='word_1_776' title='bbox 321 5661 518 5716; x_wconf 75' lang='lat' dir='ltr'><strong>divinae.</strong></span> <span class='ocrx_word' id='word_1_777' title='bbox 541 5664 663 5727; x_wconf 84' lang='lat' dir='ltr'><strong>quia</strong></span> <span class='ocrx_word' id='word_1_778' title='bbox 693 5664 925 5717; x_wconf 79' lang='lat' dir='ltr'><strong>essentia</strong></span> <span class='ocrx_word' id='word_1_779' title='bbox 944 5661 1130 5717; x_wconf 84' lang='lat' dir='ltr'><strong>divina</strong></span> <span class='ocrx_word' id='word_1_780' title='bbox 1150 5661 1455 5717; x_wconf 80' lang='lat' dir='ltr'><strong>secundum</strong></span> <span class='ocrx_word' id='word_1_781' title='bbox 1487 5676 1546 5715; x_wconf 85' lang='lat' dir='ltr'><strong>se</strong></span> <span class='ocrx_word' id='word_1_782' title='bbox 1576 5675 1679 5713; x_wconf 92' lang='lat' dir='ltr'><strong>non</strong></span> <span class='ocrx_word' id='word_1_783' title='bbox 1714 5677 1864 5714; x_wconf 80' lang='lat' dir='ltr'><strong>com-</strong></span> 
     </span>
    </p>
   </div>
   <div class='ocr_carea' id='block_1_117' title="bbox 325 5730 1877 5811">
    <p class='ocr_par' dir='ltr' id='par_1_117' title="bbox 325 5730 1877 5811">
     <span class='ocr_line' id='line_1_117' title="bbox 325 5730 1877 5811; baseline 0.003 -29"><span class='ocrx_word' id='word_1_784' title='bbox 325 5733 630 5786; x_wconf 78' lang='lat' dir='ltr'><strong>municatur.</strong></span> <span class='ocrx_word' id='word_1_785' title='bbox 657 5733 1115 5798; x_wconf 81' lang='lat' dir='ltr'><strong>cumereaturis,</strong></span> <span class='ocrx_word' id='word_1_786' title='bbox 1158 5732 1253 5790; x_wconf 89' lang='lat' dir='ltr'><strong>sed</strong></span> <span class='ocrx_word' id='word_1_787' title='bbox 1308 5739 1551 5802; x_wconf 79' lang='lat' dir='ltr'><strong>remanet</strong></span> <span class='ocrx_word' id='word_1_788' title='bbox 1591 5730 1773 5811; x_wconf 86' lang='lat' dir='ltr'><strong>soluta</strong></span> <span class='ocrx_word' id='word_1_789' title='bbox 1800 5731 1877 5787; x_wconf 62' lang='lat' dir='ltr'><strong>ait</strong></span> 
     </span>
    </p>
   </div>
   <div class='ocr_carea' id='block_1_118' title="bbox 1975 5579 3556 5666">
    <p class='ocr_par' dir='ltr' id='par_1_118' title="bbox 1975 5579 3556 5666">
     <span class='ocr_line' id='line_1_118' title="bbox 1975 5579 3556 5666; baseline -0.004 -18"><span class='ocrx_word' id='word_1_790' title='bbox 1975 5596 2119 5649; x_wconf 91' lang='lat' dir='ltr'><strong>omni</strong></span> <span class='ocrx_word' id='word_1_791' title='bbox 2188 5596 2508 5651; x_wconf 83' lang='lat' dir='ltr'><strong>habitudine</strong></span> <span class='ocrx_word' id='word_1_792' title='bbox 2566 5579 3037 5666; x_wconf 80' lang='lat' dir='ltr'><strong>participationis,</strong></span> <span class='ocrx_word' id='word_1_793' title='bbox 3107 5586 3556 5648; x_wconf 71' lang='lat' dir='ltr'><strong>connnnuirstur:</strong></span> 
     </span>
    </p>
   </div>
   <div class='ocr_carea' id='block_1_119' title="bbox 1975 5668 2941 5748">
    <p class='ocr_par' dir='ltr' id='par_1_119' title="bbox 1975 5668 2941 5748">
     <span class='ocr_line' id='line_1_119' title="bbox 1975 5668 2941 5748; baseline -0.002 -27"><span class='ocrx_word' id='word_1_794' title='bbox 1975 5675 2155 5724; x_wconf 81' lang='lat' dir='ltr'><strong>tamen</strong></span> <span class='ocrx_word' id='word_1_795' title='bbox 2182 5668 2482 5724; x_wconf 83' lang='lat' dir='ltr'><strong>secundum</strong></span> <span class='ocrx_word' id='word_1_796' title='bbox 2507 5668 2941 5748; x_wconf 84' lang='lat' dir='ltr'><strong>similitudinem.</strong></span> 
     </span>
    </p>
   </div>
   <div class='ocr_carea' id='block_1_120' title="bbox 1966 5878 1989 5909">
    <p class='ocr_par' dir='ltr' id='par_1_120' title="bbox 1966 5878 1989 5909">
     <span class='ocr_line' id='line_1_120' title="bbox 1966 5878 1989 5909; baseline 0 0"><span class='ocrx_word' id='word_1_797' title='bbox 1966 5878 1989 5909; x_wconf 69' lang='grc' dir='ltr'><strong><em>ο</em></strong></span> 
     </span>
    </p>
   </div>
  </div>
