4078 6274
463 1356 486 1380 υ

457 1386 484 1417 4'

537 354 638 420 791

1690 368 2012 434 JOANNIS
2048 375 2610 449 CYPARl‘SSlOTE

3669 393 3776 455 792

539 476 722 565 motus
778 467 1127 537 immobilis,‘
1165 482 1219 529 et
1271 476 1459 532 eodem
1515 479 1680 533 modo
1735 497 1795 537 se
1848 484 2099 541 habentis
2128 491 2377 551 AJittttlo
2426 493 2732 550 divinarum
2787 499 3193 554 cmunalionnm
3234 512 3496 565 versatur,
3533 510 3774 560 secundo

537 558 790 625 voluntas
838 563 959 631 ejus
1005 566 1223 631 dicitur,
1274 583 1378 636 qua
1420 569 1530 623 vult
1561 585 1681 626 esse
1707 588 1774 627 ea
1811 590 1932 642 quae
1956 586 2102 638 sunt,

537 660 593 704 et
628 654 903 709 emanatio
955 659 1303 725 providentiae
1344 660 1409 713 ad
1444 663 1650 717 omnia.
1695 664 1772 718 Ex
1804 665 1890 719 his
1931 675 2096 734 patet,

541 740 711 799 Deum
762 745 908 800 nulla
959 762 1026 800 ex
1081 747 1150 801 iis
1203 749 1575 815 motionibus,
1628 768 1766 823 quas
1816 754 2105 826 Dionysius

538 831 816 901 ingeniose
841 838 1203 902 enumeravit,
1236 843 1465 907 moveri,
1496 842 1586 898 illa
1615 852 1823 900 tantum
1859 857 2101 913 excepta,

535 938 658 994 quis
684 933 904 981 externa
932 937 1036 994 est,
1072 937 1127 984 et
1150 945 1255 999 qua
1291 944 1570 988 creaturas
1603 948 1699 1002 per
1734 952 1861 991 suas
1889 938 2101 993 divinas

536 1018 909 1073 cmanationes
956 1019 1236 1088 produxit,
1267 1023 1660 1092 multiplicatus
1707 1036 1761 1081 et
1787 1027 2102 1096 dispertitos

536 1120 602 1160 ac
628 1106 955 1163 distributus
982 1125 1088 1163 non
1118 1121 1389 1180 quatenus
1430 1116 1544 1183 ipse
1576 1125 1679 1179 est,
1706 1119 1797 1171 sed
1833 1127 2099 1186 quatenus

538 1211 767 1252 manens
820 1198 1116 1257 immobilis
1156 1211 1209 1257 et
1268 1204 1614 1272 impartibilis
1667 1214 1722 1260 et
1775 1208 2099 1276 multiplica-

536 1288 699 1342 tionis
729 1303 944 1359 expers,
991 1301 1042 1345 et
1093 1294 1280 1345 eodem
1318 1295 1467 1361 prius
1514 1305 1567 1348 et
1622 1304 1808 1365 postea
1873 1307 2096 1363 tenore,

538 1382 651 1436 sola
684 1383 962 1438 voluntate
984 1385 1167 1440 omnia
1203 1388 1477 1454 produxit,
1518 1404 1692 1457 neque
1720 1389 1800 1444 sic
1838 1405 1865 1442 a
1897 1406 1956 1443 se
1981 1393 2097 1460 ipso

535 1469 645 1524 ullo
665 1472 826 1525 modo
853 1471 1126 1527 recedens.
1147 1474 1266 1539 Quo
1290 1474 1431 1526 enim
1453 1485 1777 1541 moveretur,
1806 1475 1896 1543 qui
1916 1476 2095 1529 omnia

534 1562 835 1619 substantia
875 1578 972 1633 sua
1023 1563 1227 1632 replet?
1264 1565 1376 1617 lmo
1410 1565 1548 1619 sicut
1608 1566 1653 1619 si
1734 1581 1841 1618 una
1892 1565 2095 1621 faciens

535 1661 772 1716 maneat,
813 1654 970 1718 cujus
1001 1652 1196 1707 'forma
1233 1655 1380 1707 nulla
1434 1664 1584 1723 parte
1628 1664 1681 1708 et
1732 1655 1883 1709 nullo
1940 1656 2097 1709 modo

533 1742 796 1804 varietur,
836 1750 889 1795 et
922 1757 1188 1810 ponamus
1212 1744 1407 1801 multas
1452 1745 1657 1798 circum
1695 1743 1857 1799 facies
1886 1759 1952 1797 ex
1989 1744 2096 1798 ful-

533 1846 662 1899 gore
686 1831 831 1885 illius
858 1832 1117 1894 emicare,
1153 1834 1340 1886 videor
1369 1833 1499 1886 mihi
1537 1850 1600 1887 ex
1633 1834 1734 1888 hac
1763 1836 1907 1887 tenui
1957 1835 2091 1888 ima-

533 1922 654 1990 gine
702 1935 766 1974 ac
817 1922 1170 1976 similitudine
1212 1909 1589 1991 conjecturam
1620 1924 1685 1978 de
1732 1924 1816 1979 his
1850 1923 2030 1978 facere
2080 1940 2096 1980 :

532 2012 600 2066 ad
637 2012 782 2067 hunc
817 2013 1037 2067 modum
1087 2023 1231 2068 recte
1283 2016 1409 2083 quis
1459 2015 1636 2080 dicat,
1685 2029 1792 2069 non
1845 2014 2099 2070 distribui

534 2112 631 2157 aut
684 2104 873 2173 partiri
909 2114 1005 2157 aut
1054 2105 1404 2175 multiplicari
1439 2105 1630 2170 Deum,
1660 2107 1750 2160 sed
1782 2121 1882 2161 nos
1916 2107 2099 2176 potius

534 2193 603 2247 ab
632 2206 698 2247 eo
736 2202 990 2263 tanquam
1031 2192 1415 2249 similitudines
1439 2203 1494 2248 et
1520 2194 1785 2262 imagines
1825 2195 2103 2263 exempla-

534 2285 676 2337 rium
715 2285 832 2354 ejus
862 2285 1146 2339 distiuctos
1186 2301 1248 2340 ac
1281 2287 1517 2339 variatus
1543 2301 1702 2340 esse:
1739 2294 1792 2339 et
1832 2286 2100 2355 mttltiplio

532 2374 800 2427 cationcm
829 2381 883 2428 et
913 2373 1258 2443 partitionem
1290 2375 1524 2429 subiisse
1551 2392 1564 2428 :
1603 2374 1918 2442 huiusmodi
1951 2376 2095 2429 enim

529 2461 849 2516 aliectiones
907 2461 1361 2517 similitudinibus
1413 2478 1520 2517 non
1573 2461 1683 2517 Deo
1739 2464 2095 2523 conveniunt.

532 2550 626 2605 Sic
675 2565 703 2603 a
759 2550 1014 2621 Dionysio
1046 2567 1228 2607 rerum
1260 2553 1566 2607 divinorum
1620 2552 1957 2622 peritissimo
1982 2555 2095 2611 hinc

530 2657 652 2711 quia
681 2642 736 2697 in
757 2641 865 2699 Deo
894 2651 1140 2715 apparet,
1163 2643 1417 2699 discretio
1447 2645 1715 2713 appellata
1742 2655 1848 2701 est.
1874 2645 2099 2701 Videtur

530 2732 699 2796 enim,
739 2733 934 2803 inquit,
956 2742 1009 2787 et
1038 2732 1237 2787 dicitur
1268 2732 1427 2788 unius
1463 2732 1556 2787 Dei
1587 2734 1844 2788 discretio
1875 2745 1928 2789 et
1960 2736 2097 2787 mul-

488 2818 493 2827 ’
529 2825 820 2894 tiplieatio;
853 2834 937 2881 est
982 2838 1161 2883 tamen
1192 2824 1550 2879 nihilominus
1586 2814 1919 2895 principium
1952 2827 2095 2880 divi-

453 5218 492 5342 it

525 2917 714 2972 uitatis
758 2930 922 2987 supra
955 2896 1168 2971 omnem
1214 2925 1462 2970 naturam
1496 2930 1638 2970 unus
1672 2912 1815 2971 Deus
1846 2916 2097 2983 imparti-

525 3007 650 3063 biiis
702 3007 754 3062 in
811 3006 1183 3076 partibilibus,
1208 3016 1263 3062 et
1314 3020 1501 3062 secum
1538 3006 1654 3076 ipsc
1706 3008 2097 3077 eopnlatus,et

526 3098 900 3166 permistionis
951 3097 1211 3166 plurium,
1251 3113 1316 3152 ac
1370 3098 1836 3166 multiplicationis
1873 3114 2091 3168 expers.

528 3189 636 3244 Sed
669 3197 729 3242 ut
751 3190 862 3256 jam
900 3188 1079 3260 capita
1126 3188 1284 3259 hujus
1317 3190 1535 3244 decadis
1572 3190 1625 3244 in
1652 3205 1921 3245 summam
1952 3192 2095 3246 redi-
2121 3168 2163 3224 (ἶ

527 3294 740 3348 gamus.
780 3296 1048 3346 exponam
1093 3281 1394 3351 simplicem
1442 3296 1634 3338 eorum
1685 3284 1881 3338 seriem
1926 3294 2093 3339 matc-

526 3370 754 3425 tiaram.
803 3370 1242 3427 Demonstratum
1297 3382 1381 3429 est
1433 3372 1706 3443 duplicem
1733 3390 1854 3430 esse
1891 3391 2092 3444 specu-

525 3462 785 3517 lationem
836 3458 1141 3520 divinarum
1172 3466 1577 3520 emanationum
1623 3484 1638 3520 :
1678 3482 1838 3520 unam
1869 3482 2094 3521 emana-

526 3556 736 3625 tionum
771 3557 825 3610 in
874 3555 985 3613 Deo
1034 3557 1389 3623 naturaliter;
1425 3558 1650 3613 alteram
1684 3560 2088 3615 ctnanationum

525 3659 679 3703 extra
710 3649 876 3703 Deum
917 3649 985 3705 ad
1014 3659 1297 3705 creaturas
1328 3650 1713 3718 pertinentium
1746 3652 2084 3710 voluntarie:

526 3743 903 3813 aggredientes
935 3742 1099 3812 igitur
1147 3742 1287 3798 hanc
1324 3741 1678 3810 exteriorem,
1718 3742 1771 3796 in
1804 3757 1911 3812 qua
1948 3744 2089 3798 mut-

2213 581 2331 635 lnco
2376 584 2702 653 principium
2748 588 2813 642 ad
2866 601 3168 644 creaturam
3203 600 3257 645 et
3293 603 3499 647 motum
3543 611 3606 651 ac
3639 613 3771 651 cau-

2209 688 2324 727 sam
2372 675 2884 736 demonstrabamns
2931 680 3270 751 generationi
3330 700 3512 741 rerum
3576 672 3803 743 cmich

2210 763 2443 819 nicntem
2477 784 2490 820 :
2528 770 2673 823 nulla
2732 783 2912 826 autem
2970 777 3250 840 generatio
3293 778 3411 832 sine
3456 778 3772 837 habitudine

2207 862 2311 918 est,
2346 856 2487 910 unde
2538 861 2700 913 tertio
2736 865 3043 916 necessario
3075 867 3428 934 sequebatur,
3459 869 3629 925 alte-ro
3675 886 3769 928 co-

2208 962 2326 1000 rum
2355 964 2475 1017 qua:
2504 951 2873 1007 habitudinem
2903 955 3131 1020 faciunt,
3158 959 3458 1025 deﬁciente,
3492 978 3600 1017 non
3636 979 3770 1018 cou-

2207 1038 2401 1094 sistcre
2425 1044 2869 1111 generationem;
2903 1059 3099 1117 quarto
3133 1052 3386 1118 deinceps
3420 1052 3558 1117 loco,
3592 1059 3768 1112 omnis

2206 1130 2438 1192 echtio,
2469 1148 2589 1199 quae
2627 1136 2692 1189 ad
2715 1136 2901 1190 ell'ccta
2931 1140 3180 1205 refertur,
3212 1146 3484 1215 emagatio
3509 1160 3591 1200 cst
3620 1148 3672 1201 in
3707 1164 3766 1202 ea

2203 1230 2256 1272 et
2291 1225 2534 1286 operatio
2570 1244 2582 1288 ;
2614 1236 2797 1293 postea
2833 1233 3200 1297 qumrchatur,
3232 1250 3351 1300 quze
3405 1247 3548 1293 esset
3575 1238 3766 1293 harum

2203 1312 2609 1366 emanationum
2660 1325 2716 1368 ct
2764 1321 3142 1383 operationnm
3189 1325 3447 1384 essentia,
3487 1336 3539 1377 ct
3574 1342 3639 1378 an
3673 1344 3769 1395 per

2203 1413 2262 1451 se
2293 1402 2635 1467 exsisterent,
2677 1422 2739 1459 ac
2771 1423 2876 1462 non
2921 1412 3099 1477 podns
3145 1425 3327 1469 essent
3370 1431 3492 1471 cum
3529 1419 3763 1485 tierent;

2203 1488 2308 1542 hoc
2362 1503 2541 1546 autem
2590 1497 2876 1565 explicato,
2922 1502 2973 1554 in
3030 1512 3241 1559 sextum
3274 1507 3449 1561 locum
3478 1511 3669 1565 incidit
3701 1513 3767 1568 de

2202 1578 2480 1635 voluntate
2520 1594 2570 1638 et
2604 1590 2933 1655 expetitione
2964 1592 3055 1647 Dei
3086 1595 3377 1660 disserere,
3412 1610 3465 1653 et
3493 1604 3766 1667 quomodo

2202 1669 2339 1724 sicut
2368 1677 2739 1733 cmanatioues
2770 1680 2860 1735 Dei
2890 1697 3081 1738 eorum
3111 1696 3234 1741 sunt
3265 1704 3386 1756 qum
3418 1706 3444 1743 a
3475 1691 3583 1746 Deo
3619 1710 3767 1748 etua-

2203 1768 2351 1848 nant,
2376 1763 2454 1817 sic
2487 1766 2737 1822 voluntas
2790 1770 2881 1824 Dei
2912 1787 3098 1828 eorum
3144 1789 3223 1832 est
3268 1793 3389 1845 quae
3424 1781 3564 1837 Dens
3606 1785 3714 1836 vult
3746 1803 3761 1848 ;

2127 1835 2388 1942 Bdcinde
2443 1857 2859 1925 explanabatur,
2927 1835 3385 1933 quemadmodum
3455 1835 3763 1942 huiusmodi

2198 1939 2499 1998 voluntates
2535 1954 2648 2000 tum
2679 1952 3053 2009 emanationes
3077 1994 3091 2017 ,
3123 1965 3234 2011 tum
3276 1939 3623 2028 providentia:
3674 1968 3763 2022 Da-i

2198 2028 2472 2099 dicuntur,
2497 2045 2548 2089 et
2581 2050 2758 2092 rerum
2817 2042 3276 2115 gubernatioues;
3318 2063 3437 2120 post
3473 2058 3762 2123 septimum

2198 2124 2528 2191 sequebatur
2582 2136 2836 2184 octavum
2865 2146 3049 2203 caput,
3080 2138 3134 2192 in
3158 2155 3269 2208 quo
3306 2143 3639 2203 docebamns
3669 2167 3765 2217 pro

2198 2214 2635 2271 emanationibus
2688 2232 2887 2275 nomen
2936 2223 3246 2282 divinarum
3301 2214 3761 2299 providentiarnm

2198 2303 2395 2371 accipi;
2418 2320 2561 2361 nono
2577 2316 2762 2364 autem
2793 2320 2847 2365 et
2861 2314 3073 2368 decimo
3098 2321 3273 2387 capite
3296 2321 3405 2376 duo
3428 2335 3555 2379 sunt
3576 2330 3765 2384 ordine

2199 2391 2455 2446 conclusa
2480 2412 2495 2453 :
2524 2411 2691 2450 unum
2735 2411 2842 2465 est,
2867 2404 3165 2461 secundum
3207 2409 3352 2477 ipsas
3399 2414 3612 2471 divinas
3634 2434 3763 2488 pro-

2199 2480 2466 2539 videntias
2514 2495 2569 2540 et
2615 2493 2989 2547 emanationcs
3031 2510 3193 2554 omne
3217 2516 3410 2557 nomen
3437 2480 3680 2565 divinum
3712 2521 3763 2567 et

2198 2571 2291 2627 Dei
2332 2576 2797 2671 participationem
2849 2586 3010 2651 fieri;
3062 2590 3317 2660 alterum,
3368 2611 3491 2651 eum
3541 2603 3634 2671 qui
3681 2614 3762 2661 est

2197 2677 2351 2756 unus
2400 2664 2569 2756 Deus,
2602 2680 2659 2723 et
2711 2671 3081 2744 impartibilis,
3113 2689 3167 2735 et
3215 2684 3535 2756 immobilis,
3561 2664 3621 2748 et
3656 2711 3759 2751 non

2197 2754 2656 2848 multiplicabilis,
2690 2762 2861 2817 videri
2903 2765 2958 2820 in
2988 2768 3125 2840 ipsis
3171 2776 3280 2832 illis
3311 2754 3665 2848 providentiis
3707 2795 3761 2841 et

2195 2847 2628 2944 emanationibus
2665 2855 2970 2927 diapertiri,
3015 2867 3220 2921 moveri
3270 2847 3335 2926 ac
3386 2875 3754 2944 multiplicari,

2196 2932 2364 2992 Recte
2392 2940 2553 3010 igitur
2583 2960 2612 2999 a
2653 2948 2920 3022 theologis
2963 2955 3034 3012 de
3077 2959 3278 3017 divinis
3322 2932 3759 3024 cmanationibus

2195 3027 2526 3096 explicatum
2552 3042 2672 3102 est,
2702 3048 2758 3093 et
2790 3044 2986 3099 merito
3032 3053 3407 3107 emanatlones
3448 3054 3542 3111 Ι)νί
3576 3059 3759 3112 (ιίιιυηο

2196 3126 2289 3173 tur
2324 3138 2342 3188 ;
2377 3121 2683 3185 eﬂ’ectionis
2713 3133 2883 3198 enim,
2921 3137 3035 3194 siVe
3085 3144 3399 3210 creationis,
3430 3157 3484 3202 et
3528 3151 3755 3206 aliarum

2198 3216 2604 3272 emanationum
2664 3224 2918 3280 conditor
2963 3240 3017 3285 et
3073 3244 3267 3288 auctor
3317 3249 3369 3291 et
3406 3239 3627 3295 em-ctor
3675 3253 3755 3298 est

2200 3298 2387 3358 Deus:
2435 3317 2491 3359 et
2524 3308 2705 3366 nullus
2739 3324 2921 3372 motus
2949 3319 3014 3372 ad
3051 3325 3343 3379 terminum
3394 3342 3637 3384 creatum
3680 3349 3760 3387 re-

2200 3390 2393 3461 fertur,
2425 3399 2557 3464 quin
2608 3406 2906 3461 secundum
2961 3414 3253 3469 terminum
3291 3419 3354 3470 ad
3385 3436 3550 3487 quem
3602 3424 3759 3476 refcr-

2202 3492 2323 3549 tur,
2378 3490 2579 3555 ceperit
2635 3505 2916 3565 naturam;
2979 3512 3197 3571 propter
3249 3518 3551 3563 creaturam
3588 3516 3756 3566 muim

2196 3571 2342 3639 repit
2374 3574 2730 3647 principium,
2773 3594 2827 3637 et
2855 3589 3080 3650 exstitit,
3112 3600 3167 3645 et
3216 3596 3493 3662 perlectus
3536 3612 3639 3665 est,
3671 3603 3756 3656 tibi

2196 3668 2377 3715 autem
2409 3677 2538 3721 sunt
2566 3670 2827 3741 principia
2860 3686 2915 3731 et
2950 3679 3087 3738 ﬁnes
3117 3697 3316 3748 rerum,
3352 3688 3515 3743 etiam
3550 3692 3761 3747 univcr-

3604 3762 3619 3779 9

3618 3780 3631 3789 -ο

2194 3765 2316 3817 sum
2353 3755 2411 3811 in
2431 3756 2539 3814 illis
2567 3764 2931 3823 concluditur.

959 3973 1289 4051 QUARTA
1317 3971 1594 4036 DECAS.
1650 4005 1726 4019 -
1781 3974 1893 4035 DE
1927 3975 2308 4044 INFORMA
2328 3987 2592 4053 TIONE
2620 3995 2712 4057 DI
2726 3997 2902 4061 VIN]
2928 3962 3321 4069 NOMINIS.

1159 4098 1386 4157 CAPUT
1429 4098 1472 4154 l.

529 4231 685 4299 Quod
714 4245 867 4285 omne
898 4245 1087 4285 nomen
1111 4229 1204 4282 Dei
1240 4240 1320 4281 est
1347 4237 1540 4282 nostra
1572 4235 2087 4299 mentisitnventnm,

596 4312 648 4354 et
688 4303 777 4353 ob.
796 4316 914 4352 eum
964 4313 1178 4353 causam
1217 4300 1385 4351 omnis
1436 4299 1727 4351 nominatio
1765 4298 1858 4352 Dei
1897 4303 2094 4355 dicitur

595 4369 783 4439 νοητὴ,
810 4368 866 4422 id
920 4378 996 4423 est
1044 4366 1384 4433 intellectilis,
1412 4368 1518 4422 sive
1562 4368 1657 4421 sub
1694 4369 2090 4441 intelligentiam

593 4443 809 4493 cadens.
868 4468 873 4471 ν

592 4549 893 4621 Gregorius
952 4548 1283 4618 TheolOgus,
1319 4549 1372 4603 in
1427 4563 1677 4605 sermone
1736 4549 2086 4621 Epiphaniae:

523 4642 662 4696 Cum
729 4641 1039 4717 dupliciter,
1076 4641 1267 4711 inquit,
1316 4641 1587 4696 inﬁnitum
1637 4644 2089 4711 contemplemur,

523 4735 742 4805 quando
771 4748 925 4789 mens
957 4735 1010 4788 in
1040 4733 1170 4788 illud
1207 4734 1534 4803 profundum
1567 4749 1826 4804 superum
1860 4738 2091 4805 aspexit,

523 4827 651 4895 quia
683 4843 790 4882 non
838 4828 1002 4883 habet
1048 4826 1138 4880 ubi
1178 4827 1334 4881 sistat
1363 4836 1419 4882 et
1447 4826 1711 4881 innitatur
1754 4828 2001 4895 cogitans
2026 4829 2096 4883 de

525 4923 677 4985 Dco,
736 4924 837 4978 hoc
887 4938 1105 4981 sursum
1156 4923 1451 4988 infinitum,
1478 4934 1531 4976 et
1581 4922 1724 4977 unde
1755 4922 1953 4993 .egrcdi
1987 4938 2093 4976 non

525 5022 725 5081 potest,
754 5014 992 5083 ἄναρχον
1012 5052 1027 5078 ,
1073 5014 1124 5067 id
1158 5022 1260 5077 est,
1291 5029 1486 5069 carens
1534 5013 1801 5083 principio
1835 5015 2047 5067 vocavit
2077 5029 2093 5068 :

526 5105 747 5174 quando
779 5113 959 5159 autem
1016 5105 1070 5159 in
1110 5104 1304 5163 intera.
1340 5114 1395 5158 et
1443 5120 1507 5158 ea
1548 5118 1667 5173 quae
1718 5102 1907 5158 subter
1943 5112 2095 5170 sunt,

527 5196 649 5251 sine
698 5195 919 5251 interitu
954 5204 1010 5249 et
1052 5195 1457 5249 immortalem:
1489 5195 1709 5262 quando
1747 5207 1876 5247 vero
1922 5202 2093 5248 totum

526 5284 924 5356 complectitur,
959 5285 1196 5347 αἰώνιον,
1231 5285 1282 5338 id
1314 5294 1417 5350 est,
1445 5294 1708 5337 aeternum
1741 5283 1993 5353 appellat.
2031 5283 2098 5339 Et

526 5378 668 5430 idem
728 5376 781 5428 in
836 5374 1028 5429 eodem
1088 5388 1341 5428 sermone
1395 5371 1651 5438 :Mente,
1709 5372 1923 5442 inquit,
1980 5374 2097 5427 sola

530 5469 912 5522 adumbratum
955 5482 1018 5521 ac
1061 5464 1428 5528 delineatum;
1465 5462 1625 5531 idque
1671 5464 1829 5519 valde
1865 5465 2098 5520 obscure

530 5570 585 5614 et
616 5560 870 5614 tenuiter.
906 5560 1193 5626 Dionysius
1225 5570 1353 5610 vero
1376 5554 1663 5624 theologus
1686 5571 1954 5616 summus,
1972 5572 2095 5623 cap.

468 5688 474 5691 -
527 5652 741 5703 decimo
792 5650 951 5703 tertio
1006 5649 1078 5702 De
1122 5648 1313 5701 divinis
1363 5648 1680 5712 nominibus,
1719 5647 1863 5713 llam,
1898 5650 2095 5715 inquit.

523 5760 631 5801 nos
685 5743 866 5796 divina
921 5738 1137 5793 nomina
1195 5755 1316 5810 quia
1365 5739 1701 5809 collegimus,
1733 5755 1833 5809 pro
1890 5741 2097 5796 viribus

2132 4108 2174 4163 D
2203 4112 2612 4180 explicavimus.
2636 4120 2703 4176 Et
2740 4121 2792 4177 in
2829 4135 3073 4182 extremo
3106 4129 3350 4196 ejusdem
3382 4132 3575 4201 capitis
3606 4151 3621 4189 :
3652 4135 3755 4189 Sed

2202 4202 2315 4259 hinc
2365 4208 2606 4276 quidem,
2639 4223 2699 4267 ut
2728 4211 2841 4268 Deo
2899 4218 3091 4284 placet.
3130 4222 3207 4275 sic
3255 4223 3495 4278 habeant
3530 4236 3584 4279 et
3615 4227 3759 4281 dii-ta

2199 4293 2342 4360 sint;
2377 4296 2559 4367 sitque
2590 4304 2732 4370 quod
2767 4305 2836 4359 ad
2867 4323 2967 4363 nos
3008 4313 3260 4380 pertinet,
3296 4313 3385 4369 hic
3430 4315 3555 4369 ﬁnis
3581 4319 3760 4371 nomi-

2200 4385 2362 4441 nibus
2392 4389 2505 4456 Dei,
2541 4408 2661 4460 qua:
2710 4410 2865 4452 mens
2907 4402 3255 4471 excogitavit,
3290 4406 3355 4459 ad
3408 4407 3758 4476 symbolicam

2198 4490 2326 4530 vero
2356 4477 2679 4551 theologiam
2715 4484 2821 4542 Deo
2849 4487 2988 4544 duce
3022 4493 3286 4549 transibo.
3318 4494 3499 4549 Multis
3532 4497 3586 4550 in
3626 4498 3762 4552 locis

2194 4583 2319 4622 cum
2367 4570 2435 4624 de
2482 4574 2797 4633 nominibus
2843 4578 2939 4633 Dei
2993 4588 3208 4650 tractat,
3237 4586 3508 4653 reperitur
3566 4603 3763 4643 vocare

2195 4655 2285 4708 illa
2313 4661 2499 4727 νοητὰ,
2533 4661 2585 4714 id
2639 4672 2724 4719 est
2776 4666 2841 4719 ad
2898 4679 3132 4723 mentem
3180 4673 3525 4739 pertinentia.
3569 4674 3644 4729 Ex
3680 4676 3764 4731 his

2196 4748 2362 4816 igitur
2394 4751 2586 4822 liquet,
2632 4770 2796 4812 omne
2831 4775 3027 4814 nomen
3066 4761 3179 4827 Dei,
3225 4772 3279 4816 et
3331 4779 3550 4819 omnem
3596 4768 3763 4821 divini

2199 4838 2438 4897 nominis
2471 4843 2884 4911 appellationem
2920 4849 2985 4902 ad
3018 4851 3292 4918 negotium
3310 4863 3364 4905 et
3386 4855 3762 4910 tractationem

2198 4933 2396 5005 mentis
2427 4944 2627 4989 nostra:
2661 4938 2946 5005 pertinere,
2990 4950 3152 5009 atque
3186 4942 3312 4997 inde
3334 4947 3537 5015 νοητήν
3557 4948 3760 5014 vocari,

2199 5020 2251 5073 id
2283 5030 2387 5087 est,
2420 5023 2486 5075 ad
2517 5023 2922 5095 intelligentiam
2956 5033 3352 5098 pertinentem,
3386 5050 3513 5089 cum
3555 5037 3764 5091 scilicet

2198 5120 2354 5160 mens
2385 5115 2477 5160 aut
2516 5111 2581 5163 ad
2623 5126 2685 5165 ea
2730 5128 2851 5181 qua)
2881 5131 3040 5184 supra
3084 5129 3233 5184 sunt,
3257 5120 3453 5188 cietur,
3485 5133 3580 5178 aut
3608 5124 3675 5179 ad
3700 5141 3762 5179 ea

2197 5210 2321 5262 quae
2372 5197 2584 5264 subter,
2609 5213 2704 5255 aut
2745 5203 3060 5262 universum
3100 5208 3332 5278 lustrat;
3357 5223 3521 5283 atque
3562 5215 3636 5270 ita
3665 5232 3764 5271 no-

2200 5287 2523 5345 minationes
2545 5288 2637 5345 Dei
2666 5292 2963 5359 adinyenit.

2799 5404 3032 5462 CAPUT
3084 5410 3149 5465 ll.

2200 5485 2352 5553 Quod
2392 5492 2457 5544 ab
2484 5493 2680 5561 effectis
2734 5494 2870 5550 Deus
2920 5498 3196 5562 laudatur,
3240 5514 3291 5557 et
3328 5521 3393 5559 ex
3426 5508 3554 5577 ipsis
3595 5511 3764 5565 nomi-

2889 5578 3065 5623 natur.

2271 5648 2498 5720 Magnus
2536 5651 2844 5723 Dionysius,
2877 5674 2997 5726 cap.
3046 5661 3222 5729 primo
3253 5662 3325 5717 De
3356 5664 3547 5721 divinis
3587 5670 3757 5722 nomi-

2201 5742 2351 5796 nibus
2386 5760 2404 5798 :
2436 5741 2717 5813 Quoniam
2756 5762 2885 5803 vero
2933 5751 3099 5818 Deus,
3140 5764 3322 5824 utpote
3358 5757 3471 5827 ipsa
3505 5758 3757 5827 bonitas,
