4058 6306
256 375 374 440 ’193

982 374 1220 437 DECAS
1249 372 1350 437 IV.
1390 401 1458 411 -
1487 372 1586 434 DE
1631 369 2054 433 l‘NFOliMAT.
2105 368 2352 431 DIV’INI
2393 366 2744 429 NOMINIS.

3411 361 3536 424 7J4-

251 508 327 546 eo
359 492 478 562 ipso
509 489 655 561 quod
707 498 810 555 est,
844 491 1090 545 omnium
1147 507 1309 572 causa
1347 503 1452 558 est,
1507 488 2063 560 providentiaAqtm
2116 487 2168 541 in
2226 486 2578 540 universitate
2633 482 2818 540 mundi
2875 475 3319 546 coutcmpiatur;
3381 485 3525 530 unde

255 582 356 636 Dei
390 596 578 636 eorum
613 581 705 650 qui
732 581 805 635 dii
839 581 1120 645 dicuntur,
1144 581 1432 650 principis,
1453 597 1570 649 ιιιιτι³
1597 580 1844 632 omnium

255 675 530 729 bonorum
581 674 901 744 principium
939 682 1055 739 est,
1089 675 1156 726 ab
1185 673 1444 728 omnibus
1489 671 1695 726 cl'i'ectis
1732 672 1850 723 lau—

257 767 442 820 danda
481 777 586 832 est,
637 767 762 836 quia
797 777 848 820 et
881 768 1092 819 circum
1145 765 1324 832 ipsum
1370 775 1499 820 sunt
1542 765 1762 829 omnia,
1795 771 1850 818 et

259 867 482 928 propter
511 859 724 928 ipsum;
755 867 804 912 et
847 857 960 927 ipse
995 867 1079 912 8.".
1123 866 1251 911 ante
1289 858 1497 922 omnia,
1539 866 1594 910 et
1644 856 1698 909 in
1732 856 1851 923 ipso

259 965 447 1004 omn'a
502 950 832 1012 consistunt,
872 958 926 1002 et
960 964 1082 1004 esse
1109 964 1236 1004 eum
1287 947 1538 1018 producit
1569 947 1773 1010 omnia,
1798 957 1852 999 et

259 1041 393 1096 facit
419 1052 471 1096 ut
492 1042 770 1096 exsistant.
799 1041 909 1096 lloe
935 1051 1114 1096 autent
1131 1051 1353 1096 sanctus
1372 1037 1853 1093 Maximusedisse-

260 1137 338 1185 rit
389 1143 444 1186 et
485 1143 740 1188 retractat
779 1153 792 1187 :
829 1133 904 1186 Ex
957 1134 1064 1198 bis,
1112 1133 1323 1202 inquit,
1380 1131 1666 1184 solvuntur
1693 1127 1852 1183 fatuis

259 1225 548 1289 og-iniones
570 1240 754 1279 eorum
781 1226 872 1292 qui
909 1225 1028 1279 ausi
1058 1233 1186 1278 sunt
1211 1225 1412 1287 dicere,
1445 1223 1660 1275 insitam
1727 1235 1849 1275 esse

262 1309 376 1364 Deo
411 1323 600 1365 natura
646 1318 878 1381 quadam
911 1313 1017 1364 vim
1049 1312 1293 1376 creandi,
1327 1311 1473 1365 sicut
1505 1309 1733 1364 insitum
1765 1317 1854 1363 est

262 1403 538 1457 araneolis
586 1413 766 1458 texere
799 1420 815 1469 ;
846 1392 1184 1458 demonstrat
1225 1404 1369 1457 enim
1416 1412 1637 1472 propter
1682 1401 1852 1454 solam

259 1494 562 1548 bonitatem
630 1497 933 1563 producere
990 1496 1158 1550 Deum
1215 1494 1422 1547 omnia.
1484 1492 1853 1558 Quamobrem

261 1598 374 1639 non
437 1584 640 1638 audent
700 1584 933 1652 theologi
987 1584 1212 1638 laudare
1269 1583 1440 1639 Deum
1505 1583 1575 1635 ab
1628 1583 1694 1636 iis
1739 1595 1858 1650 qua:

265 1673 438 1743 ipsius
486 1685 637 1738 sunt.
670 1677 720 1730 id
771 1685 874 1739 est,
906 1691 935 1730 a
988 1689 1182 1730 natura
1210 1687 1263 1729 et
1293 1675 1533 1730 essentia
1563 1674 1685 1742 ejus
1721 1673 1858 1741 (haec

261 1766 412 1819 enim
467 1767 645 1836 ignota
697 1768 872 1845 sunt),
921 1767 1031 1821 sed
1087 1767 1156 1819 ab
1187 1767 1570 1831 emanatione,
1602 1780 1723 1834 qua:
1776 1771 1859 1817 est

261 1858 614 1925 providentia
646 1860 766 1927 ejus
809 1859 862 1911 in
885 1874 966 1912 ea
1000 1874 1122 1926 quae
1159 1858 1226 1911 ab
1259 1857 1380 1926 ipso
1412 1867 1635 1913 auctore
1665 1855 1853 1910 ell'ccta

265 1959 417 2002 sunt.
469 1948 619 2004 lianc
664 1951 901 2004 divinam
956 1948 1353 2017 providentiam
1384 1991 1399 2014 ,
1445 1965 1553 2017 qua
1600 1947 1856 2002 omnibus

266 2041 416 2096 Deus
475 2039 738 2110 providet,
795 2043 1050 2095 laudibus
1107 2042 1406 2096 celebrant.
1454 2039 1668 2094 Rursus
1715 2041 1853 2096 idem

269 2136 560 2207 Dionysius
597 2126 774 2201 capite
832 2133 1072 2188 secundo
1129 2133 1204 2186 De
1255 2133 1446 2184 divinis
1500 2131 1800 2184 nominibus
1834 2148 1856 2186 :

267 2227 390 2282 Non
422 2239 499 2282 est
533 2226 771 2296 perfecta
810 2235 865 2278 et
895 2226 1143 2280 absoluta
1176 2224 1485 2280 similitudo
1517 2239 1707 2279 eorum
1735 2241 1858 2292 quae

268 2320 458 2374 effecta
491 2327 638 2382 sunt,
677 2317 731 2373 et
766 2334 1056 2372 causarum
1085 2336 1097 2381 ;
1130 2318 1260 2386 quin
1297 2318 1478 2385 potius
1507 2316 1707 2370 habent
1739 2317 1861 2385 qui-

269 2409 395 2462 dem
419 2407 607 2460 θαι-ειη
635 2422 924 2462 causarum
957 2405 1137 2474 quoad
1172 2404 1287 2458 lieri
1318 2412 1517 2470 potest,
1549 2404 1854 2472 imagines:

270 2498 403 2566 ipsa:
442 2514 568 2552 vero
611 2513 790 2552 causae
827 2513 890 2549 ex
930 2495 1140 2550 etchtis
1179 2502 1446 2564 exempta:
1479 2503 1640 2559 sunt;
1674 2505 1728 2548 et
1756 2511 1856 2564 pro

275 2591 488 2644 ratione
529 2591 869 2659 principatus
920 2589 1000 2641 sui
1049 2602 1212 2655 supra
1263 2587 1455 2641 locatae
1493 2603 1555 2640 ac
1598 2585 1853 2639 fundatae.

275 2680 450 2745 Quem
512 2680 692 2733 locum
736 2680 930 2732 iterum
961 2679 1230 2730 aduotaus
1272 2685 1497 2730 sanctus
1535 2675 1808 2729 Maximus
1843 2694 1856 2728 :

281 2771 506 2836 Elii-cla,
556 2769 769 2836 inquit,
803 2776 930 2820 sunt
968 2767 1149 2821 omnia
1187 2777 1372 2820 creata
1432 2767 1550 2821 sive
1595 2767 1648 2818 in
1697 2766 1857 2832 caalo,

285 2863 486 2924 sive.in
521 2871 684 2927 terra,
720 2876 898 2913 causa:
938 2873 1065 2911 vero
1108 2857 1409 2912 efficientes
1455 2858 1572 2911 sive
1615 2868 1864 2914 creantes

287 2967 535 3023 persona:
583 2960 786 3006 sancta:
816 2949 1104 3003 Trinitatis
1132 2957 1282 3003 sunt.
1324 2946 1667 3002 Manifestum
1703 2949 1866 3019 igitur

288 3057 411 3110 est,
446 3045 650 3098 nullam
706 3058 825 3096 esse
875 3042 1070 3095 horum
1124 3041 1266 3093 inter
1316 3056 1375 3094 se
1425 3040 1859 3108 similitudinem,

1954 576 2263 644 bujusmodi
2312 576 2616 632 divinorum
2653 572 2935 627 nominum
2967 569 3193 624 formam
3234 577 3286 623 et
3331 566 3531 622 distin-

1949 669 2184 722 ctionem
2227 668 2449 740 colligit.

2553 757 2785 813 CAPUT
2844 757 2932 810 iV.

1953 886 2134 952 Quare
2171 877 2456 948 abaeﬂ'ectis
2483 879 2786 930 nominatur
2819 873 2976 954 Deus.
3007 883 3056 926 et
3093 887 3198 924 non
3231 869 3295 923 ab
3323 869 3390 922 iis
3418 884 3540 937 qua

2480 959 2605 1003 sunt
2647 957 2851 999 natura:
2891 959 3023 1008 εμω.

2024 1044 2254 1114 Magnus
2307 1042 2539 1096 Basilius
2595 1042 2646 1092 in
2702 1037 2770 1092 iis
2804 1052 2926 1101 qua:
2962 1045 3151 1089 contra
3209 1031 3538 1086 Eunomium

1955 1138 2178 1206 scripsit
2203 1154 2216 1189 :
2242 1135 2296 1190 Si
2325 1135 2588 1193 divinam,
2612 1130 2812 1200 inquit,
2842 1137 3090 1180 naturam
3126 1125 3178 1178 in
3210 1139 3268 1178 se
3293 1131 3540 1177 contem-

1954 1228 2092 1298 plari
2122 1241 2429 1296 possemus,
2457 1232 2512 1278 et
2540 1222 2686 1292 quod
2714 1220 2989 1291 proprium
3023 1218 3144 1285 ejus
3171 1225 3276 1280 est,
3307 1225 3359 1268 et
3379 1211 3537 1282 quod

1957 1321 2222 1380 alienum,
2260 1332 2355 1386 per
2389 1332 2452 1370 ea
2489 1329 2607 1384 quae
2659 1323 2959 1368 cernuntur
3010 1309 3273 1372 invenire,
3323 1304 3542 1374 penitus

1959 1429 2064 1466 non
2097 1410 2470 1480 indigeremus
2500 1405 2832 1468 rationibus,
2887 1417 3063 1471 neque
3095 1398 3427 1468 conjecturis
3473 1399 3539 1452 ad

1959 1499 2539 1572 comprehendendum
2593 1498 2734 1566 quod
2770 1495 3035 1566 quaeritur
3065 1511 3079 1546 :
3117 1491 3210 1547 sed
3246 1489 3373 1559 quia
3429 1489 3544 1542 cel-

1961 1597 2076 1650 sior
2107 1602 2191 1648 est
2220 1606 2387 1662 quam
2417 1600 2478 1644 ut
2501 1587 2734 1660 perspici
2777 1586 2952 1656 possit
2985 1583 3129 1654 quod
3162 1581 3447 1651 quaeritur,
3478 1594 3544 1633 ex

1964 1687 2300 1754 conjecturis
2333 1691 2515 1737 autem
2543 1679 2915 1750 cognitionem
2951 1689 3144 1730 eorum
3173 1687 3296 1742 qua:
3327 1686 3429 1724 nos
3455 1671 3544 1724 fu-

1891 1815 1931 1871 ”
1964 1777 2140 1846 giunt,
2171 1787 2460 1836 venamur,
2491 1785 2720 1826 necesse
2744 1778 2828 1823 est
2856 1765 3082 1821 omnino
3111 1772 3171 1818 ut
3199 1763 3265 1817 ad
3294 1769 3546 1818 scrutan-

1961 1868 2088 1921 dum
2122 1866 2364 1920 divinam
2390 1876 2642 1920 naturam
2674 1876 2768 1932 per
2801 1859 3150 1929 operationes
3182 1855 3546 1910 deducantur.

1959 1959 2037 2013 Ac
2075 1972 2268 2013 rursus
2307 1957 2448 2012 idem
2502 1957 2556 2009 in
2599 1955 2774 2025 primo
2822 1963 3010 2008 contra
3052 1948 3304 2004 eumdem
3343 1962 3356 1998 :
3391 1943 3550 1999 Unus

1962 2050 2229 2104 Dominus
2267 2065 2390 2104 cum
2420 2049 2515 2112 sit,
2563 2057 2614 2102 et
2675 2061 2784 2100 una
2837 2043 3151 2101 substantia
3189 2040 3423 2109 simplex
3481 2045 3539 2092 et

1961 2157 2157 2210 expers
2178 2139 2619 2209 compositionis,
2642 2137 2780 2190 alias
2803 2136 2966 2189 aliter
2986 2150 3046 2191 se
3064 2133 3331 2197 nominat,
3355 2138 3554 2200 aptans

1963 2235 2064 2288 sibi
2102 2233 2508 2286 nominationes
2539 2245 2660 2299 qua:
2704 2228 2911 2282 nostris
2957 2223 3379 2293 cogitationibus
3406 2221 3555 2280 inter

1963 2340 2024 2380 se
2050 2323 2334 2389 dillerunt,
2368 2322 2584 2377 diversa
2615 2320 2762 2374 enim
2813 2317 3036 2372 nomina
3070 2313 3173 2370 sibi
3212 2310 3461 2381 imponit,
3493 2315 3556 2363 ut

1962 2425 2094 2472 sunt
2120 2415 2349 2469 diversae
2369 2411 2719 2482 operationes
2741 2408 3023 2476 subjectae,
3043 2414 3100 2488 et
3120 2404 3332 2459 diversa
3359 2413 3548 2455 earum

1962 2509 2030 2563 ad
2063 2522 2126 2560 ea
2161 2520 2281 2575 quze
2326 2503 2464 2558 fiunt
2499 2502 2786 2556 habitudo.
2819 2501 2964 2555 Idem
2996 2495 3161 2552 etiam
3204 2511 3219 2547 :
3252 2491 3365 2546 Nos
3415 2504 3548 2575 vero

1962 2609 2025 2649 ex
2058 2574 2469 2663 operationibus
2501 2592 2669 2646 Deum
2698 2599 2948 2645 nostrum
2989 2583 3244 2656 cognosci
3281 2574 3553 2638 dicimus:

1965 2687 2030 2740 ad
2067 2684 2368 2740 essentiam
2399 2691 2582 2737 tamen
2637 2682 2761 2750 ejus
2795 2679 3236 2749 appropinquare
3264 2689 3372 2730 non
3427 2685 3558 2740 pro-

1966 2777 2259 2838 mittimus,
2299 2775 2648 2840 operationes
2672 2775 2816 2827 enim
2849 2771 2938 2825 Dei
2965 2771 3300 2824 descendunt
3327 2765 3392 2819 ad
3417 2778 3516 2817 nos
3540 2778 3554 2815 :

1967 2880 2022 2924 at
2052 2869 2286 2923 essentia
2318 2868 2438 2934 ejus
2467 2874 2652 2920 manet
2689 2865 2988 2918 inaccessa.
3017 2861 3091 2915 Ex
3132 2860 3216 2914 bis
3247 2859 3410 2927 igitur
3444 2870 3561 2908 ma—

1971 2961 2233 3016 nifestum
2286 2957 2558 3022 eliieitur,
2610 2956 2755 3026 quod
2807 2955 2948 3010 sicut
2998 2970 3064 3008 ex
3109 2953 3176 3007 iis
3203 2966 3324 3020 quae
3361 2950 3413 3002 in
3448 2948 3559 3002 Deo

1970 3060 2100 3105 sunt
2123 3091 2138 3113 ,
2173 3048 2544 3118 philosophari
2584 3049 2650 3102 de
2686 3048 2793 3102 Deo
2851 3063 2958 3100 non
2995 3059 3312 3114 possumus,
3351 3041 3430 3097 sic
3465 3055 3561 3096 ne-

286 3155 578 3195 causarum
633 3137 843 3192 scilicet
885 3143 932 3189 et
986 3135 1326 3188 eti'ectorum.
1376 3134 1590 3189 Rursus
1625 3135 1764 3188 idem
1816 3137 1864 3189 in
1899 3142 1942 3204 (ζ
1980 3158 2086 3211 que
2112 3157 2210 3211 per
2243 3157 2305 3196 ea
2338 3139 2507 3193 Deum
2538 3139 2823 3193 nominare
2857 3153 2871 3186 :
2906 3144 2960 3190 at
2987 3152 3050 3190 ex
3082 3133 3413 3203 conjecturis
3442 3131 3562 3199 qui-

285 3231 530 3288 centuria
563 3239 775 3294 octava,
799 3228 997 3296 'capite
1040 3227 1110 3292 2i
1151 3244 1163 3278 :
1198 3225 1629 3292 Adverteudum,
1671 3226 1868 3296 inquit,

281 3334 385 3391 est,
419 3323 560 3400 quod
588 3323 776 3378 ellecta
807 3336 1100 3376 cmtsarum
1150 3321 1418 3389 imagines
1473 3319 1693 3386 habent,
1734 3338 1871 3388 qua-

284 3427 447 3471 tenus
519 3415 721 3470 itabere
783 3421 1045 3483 possunt,
1120 3426 1244 3466 esse
1312 3419 1462 3478 sunt,
1532 3427 1872 3482 qut-cunque

287 3518 472 3564 ereata
535 3519 698 3571 sunt;
754 3521 934 3558 causa:
990 3518 1139 3565 vero,
1192 3518 1314 3570 qure
1371 3503 1459 3555 illa
1522 3503 1770 3557 el'liciuut
1821 3515 1873 3558 ct

289 3610 498 3663 creant,
557 3601 702 3654 nulla
756 3609 938 3650 autem
997 3595 1298 3650 similitudo
1354 3605 1438 3650 est
1481 3610 1772 3649 causarum
1822 3606 1875 3650 rt

292 3695 584 3748 laetorum.
637 3691 718 3745 Ex
795 3689 997 3756 quibus
1052 3696 1200 3752 patet
1290 3687 1750 3754 quemadmodum
1809 3703 1873 3741 ex

287 3781 522 3843 effceris,
567 3780 619 3833 id
669 3789 773 3842 est,
814 3794 879 3831 ex
937 3777 1204 3830 creaturis
1257 3776 1476 3829 nomina
1525 3775 1642 3838 Dei,
1675 3778 1878 3846 quibus

291 3873 466 3925 Deum
502 3870 783 3924 laudamus
806 3876 857 3921 ct
885 3866 1260 3936 imploramus,
1289 3867 1523 3922 humana
1565 3881 1719 3923 mens
1745 3883 1877 3923 con-

291 3963 591 4019 siderando
620 3960 922 4016 adinvenit.

897 4051 1127 4107 CAPUT
1182 4052 1273 4106 lli.

462 4147 594 4214 Qum
631 4146 740 4200 sint
767 4144 975 4213 eﬁ'ecta,
1005 4154 1054 4197 et
1081 4160 1198 4214 quae
1227 4160 1409 4197 eorum
1441 4145 1688 4199 materia.

369 4240 667 4311 Gregorius
700 4237 977 4309 Nyssenus
1003 4237 1052 4289 in
1079 4237 1460 4305 explanatione
1493 4236 1704 4291 Cantiei
1750 4252 1882 4291 cau-

291 4335 530 4390 ticorum
565 4351 580 4387 :
617 4329 832 4392 Omnia,
889 4327 1086 4397 inquit,
1119 4328 1279 4391 mira,
1339 4342 1462 4395 quae
1516 4328 1568 4382 in
1625 4328 1883 4383 universo

293 4425 753 4493 contemplamur,
777 4421 1059 4474 materiam
1098 4419 1409 4472 divinorum
1437 4419 1719 4474 nominum
1748 4435 1883 4488 prte-

1975 3235 2227 3293 lmsdam.
2259 3247 2380 3302 qua!
2417 3233 2548 3285 sunt
2579 3246 2770 3284 eorum
2806 3245 2927 3299 qua:
2955 3227 3009 3282 iu
3038 3228 3147 3282 Deo
3179 3235 3332 3288 sunt,
3364 3223 3563 3278 simili—

1973 3325 2189 3380 tudines
2222 3333 2274 3379 et
2304 3323 2624 3384 simulacra,
2654 3321 2908 3375 notitiam
2945 3318 3036 3372 Dei
3065 3317 3398 3386 colligimus,
3430 3329 3566 3369 eon-

1968 3417 2218 3485 jetturas
2254 3424 2310 3468 et
2351 3415 2703 3483 operationcs
2738 3411 2879 3466 idem
2913 3425 3034 3464 esse
3069 3410 3452 3478 intelligentcs.
3496 3406 3567 3461 ιιι

1973 3509 2117 3561 enim
2149 3523 2212 3560 ex
2245 3505 2578 3575 conjecturis
2625 3504 2694 3559 de
2727 3505 2838 3558 Deo
2879 3502 3273 3556 ratiocinamur
3296 3539 3312 3564 ,
3360 3501 3438 3554 sic
3468 3513 3568 3567 per

1975 3600 2324 3666 operationes
2361 3597 2428 3650 ad
2463 3596 2878 3666 intelligendum
2917 3608 3037 3648 eum
3075 3591 3416 3656 adducimur;
3451 3591 3569 3645 sive

1977 3709 2040 3748 ex
2074 3691 2508 3763 operationibus,
2539 3701 2594 3744 et
2622 3706 2687 3745 ex
2728 3690 2795 3744 iis
2827 3686 3172 3742 mirabilibus
3202 3702 3323 3754 qum
3356 3686 3408 3738 in
3441 3685 3565 3738 uni-

1979 3801 2137 3840 verso
2187 3785 2556 3854 speculamur,
2620 3783 2785 3837 Deum
2845 3789 3092 3834 nostrum
3142 3778 3420 3832 declarare
3465 3772 3566 3831 nes

1979 3878 2240 3933 dicimus.
2273 3878 2449 3945 Atque
2480 3878 2609 3931 hinc
2645 3875 2946 3930 secundum
2987 3871 3344 3926 dilfercmiam
3373 3885 3568 3940 opera-

1981 3968 2190 4021 tiouum
2221 3968 2592 4038 subjectarum
2619 4008 2633 4032 ,
2665 3976 2720 4021 et
2765 3977 2826 4021 ut
2860 3979 3091 4035 qumque
3115 3963 3362 4032 operatio
3395 3965 3461 4015 ad
3500 3977 3566 4014 ea

1980 4075 2100 4128 qum
2139 4059 2276 4114 iiunt
2319 4059 2576 4122 refertur,
2611 4059 2892 4128 uego:ium
2926 4057 3240 4112 divinorum
3277 4058 3560 4108 nominum

1981 4150 2330 4216 conficimus,
2366 4166 2474 4204 non
2509 4161 2762 4220 putantes
2791 4148 3180 4218 intempestive
3208 4145 3385 4200 facere
3421 4145 3568 4213 quod

1983 4243 2097 4297 inec
2118 4243 2336 4297 nomina
2357 4258 2421 4297 ex
2441 4241 2897 4310 coniecturalibus
2911 4238 3244 4308 argumentis
3265 4237 3571 4300 colligimus

1984 4344 2040 4388 et
2091 4335 2447 4403 imponimus.
2497 4335 2787 4402 Coujicere
2833 4341 3014 4386 autem
3065 4329 3197 4400 quid
3252 4329 3397 4382 aliud
3443 4337 3569 4391 est,

1987 4443 2150 4495 quem
2191 4444 2255 4483 ex
2303 4429 2368 4483 iis
2411 4444 2532 4497 qua:
2565 4427 2618 4481 in
2647 4427 2900 4480 universo
2930 4426 3064 4479 mira
3113 4425 3570 4494 contemplemur,

295 4519 451 4577 bent,
493 4478 689 4583 quibus
738 4511 906 4564 Deum
951 4508 1276 4577 sapientem,
1314 4516 1613 4576 potentem,
1655 4478 1855 4562 bonum

1990 4529 2046 4574 et
2079 4536 2144 4574 ex
2173 4519 2382 4574 effectis
2428 4520 2569 4589 ipsis
2601 4519 2667 4573 ad
2699 4535 2822 4586 qua:
2861 4516 3239 4572 emanatioues
3268 4478 3573 4572 et'babitu-

295 4617 572 4670 sanctum,
606 4607 842 4664 beatum,
875 4611 1160 4662 aeternum,
1217 4599 1480 4670 judicem.
1536 4600 1884 4663 salvatorem,

295 4713 355 4757 et
421 4701 540 4754 aliis
592 4693 916 4764 lmjusmodi
971 4695 1331 4746 ce‘ebramus.
1398 4691 1460 4743 Et
1521 4691 1888 4749 Damasceuus

302 4793 612 4856 Tilehingtts
666 4788 767 4852 (al,
825 4784 984 4848 Deus,
1035 4781 1226 4850 inquit,
1284 4792 1507 4850 propter
1561 4784 1885 4837 iueliabilem

303 4883 604 4940 bonitatem
653 4876 822 4931 voluit
864 4875 930 4929 de
961 4873 1160 4927 nostris
1193 4874 1378 4938 rebus,
1408 4883 1463 4926 et
1501 4883 1690 4928 nostro
1740 4891 1890 4931 more

308 4969 604 5031 nominari.
642 4985 707 5021 ne
741 4968 916 5020 siums
949 4963 1192 5018 funditus
1235 4962 1442 5017 notitiae
1465 4963 1585 5031 ejus
1614 4975 1887 5031 expertes.

312 5067 390 5120 Ex
441 5063 526 5117 bis
571 5059 758 5129 liquet,
783 5054 1244 5127 quemadmodum
1307 5056 1542 5108 humana
1607 5072 1763 5112 mens
1808 5067 1893 5112 est

314 5172 502 5221 causa,
531 5168 652 5224 qua1
671 5141 1154 5211 lormat,et've|uti
1177 5147 1358 5213 Specie
1396 5148 1473 5214 (i)
1509 5147 1675 5202 allicit
1711 5149 1891 5202 divina

316 5250 570 5314 nomina;
605 5241 831 5300 materia
881 5255 1030 5303 vero,
1070 5238 1158 5292 illa
1195 5237 1562 5301 admirabilia,
1592 5249 1646 5294 et
1681 5240 1891 5304 etl‘ecta.

1987 4613 2140 4668 dines
2166 4613 2500 4676 referuntur,
2533 4611 2950 4666 similitudinem
2977 4620 3031 4664 et
3061 4609 3290 4663 formam
3319 4608 3521 4661 ducere
3547 4605 3572 4659 ?

1989 4701 2126 4756 Cum
2157 4717 2290 4771 ergo
2323 4702 2560 4756 dicimus
2596 4700 2752 4762 illud.
2803 4713 2833 4752 a
2882 4713 2992 4767 quo
3036 4708 3090 4751 et
3125 4698 3266 4750 unde
3305 4695 3528 4748 materia
3557 4732 3573 4759 .

1990 4807 2098 4846 non
2133 4793 2635 4861 appropinquamus
2675 4789 2753 4844 illi
2793 4789 2859 4842 ad
2885 4787 3031 4858 quod
3064 4787 3357 4848 tendimus,
3385 4785 3434 4838 id
3467 4796 3570 4844 est,

1934 4942 1946 4957 ,
1999 4883 2326 4936 substantiae
2355 4882 2498 4951 ejus,
2547 4881 2690 4936 sicut
2727 4894 2853 4933 cum
2900 4879 3156 4947 dicionis,
3187 4877 3328 4928 unde
3375 4888 3573 4928 nomen

1999 4974 2122 5027 cmli
2183 4981 2458 5041 sumptum
2513 4982 2618 5035 est,
2673 4985 2780 5023 non
2831 4969 3152 5036 attingimus
3211 4968 3571 5021 substantiam

1999 5066 2121 5120 caeli
2149 5114 2165 5137 ,
2205 5063 2582 5135 operationem
2627 5071 2806 5115 tamen
2847 5061 2964 5128 ejus
2999 5062 3254 5122 maxime,
3281 5073 3563 5128 argumen-

2001 5166 2180 5212 tamur
2219 5157 2362 5211 enim
2393 5154 2632 5224 undique
2665 5156 2843 5224 ipsum
2877 5169 2905 5206 a
2945 5155 3104 5207 nobis
3132 5153 3324 5222 aspir-i.

1801 5385 2076 5448 SchoHa.

395 5542 472 5607 (Ι)
508 5539 684 5610 Specie
708 5539 920 5594 aliicere
951 5536 1170 5610 nomina
1200 5540 1284 5587 est
1314 5531 1509 5610 litteris
1554 5549 1615 5610 ac
1665 5537 1890 5610 syllabis

327 5602 694 5674 ea'iuserere;
729 5627 793 5666 ex
825 5605 1221 5677 compositione
1247 5602 1392 5657 enim
1423 5611 1478 5656 et
1513 5605 1651 5660 serie
1683 5602 1892 5661 litteru-

406 5801 480 5860 (α)
515 5798 632 5855 Lib.
659 5815 698 5860 ι.
735 5799 805 5852 De
838 5799 939 5861 {ulc
974 5797 1288 5851 orthodoxa.

2006 5558 2122 5595 rmn
2155 5559 2218 5596 ac
2249 5544 2580 5612 syllabarum
2617 5549 2824 5596 (‘XSlSill
2861 5539 3070 5605 species
3102 5547 3152 5589 et
3187 5533 3356 5588 forma
3391 5528 3567 5581 muni-

2007 5613 2086 5666 uis
2122 5624 2173 5667 et
2212 5614 2476 5668 vocabuli.
