4058 6306
494 301 615 369 795.

1110 408 1149 463 c
1168 406 1336 463 \PUT
1378 407 1439 462 v.
1470 395 1475 399 ’

555 501 829 567 Quomodo
863 500 998 555 Deus
1028 503 1124 570 ﬁat
1156 520 1185 554 a
1217 503 1361 554 nobis
1397 500 1679 554 multorum
1712 502 2004 556 nominum;

569 593 870 662 Gregorius
892 591 1167 662 Nyssenus
1187 592 1471 660 disputans
1504 604 1693 646 natura
1720 591 2064 671 Eunmninm:

499 684 634 755 Ego,
673 683 1035 753 inquit,.quod
1060 698 1126 737 ex
1153 682 1437 752 Scriptura
1469 693 1657 738 sancta
1687 683 1873 748 didici,
1904 684 2071 738 ﬁden-

450 832 453 835 ,
499 783 584 827 ter
630 773 943 851 pronuntio,
987 788 1111 837 eum
1160 774 1253 843 qui
1299 782 1379 828 est
1415 775 1598 842 supraf
1627 787 1791 828 omne
1845 789 2068 840 nomen,

500 864 620 918 lteri
655 863 814 920 nobis
838 865 1134 919 multorum
1172 865 1479 928 nominum,
1510 879 1635 919 cum
1665 880 1764 934 pro
1787 866 2089 923 warietate-

501 952 884 1009 beneﬁciorum
922 953 1069 1007 varie
1096 954 1432 1019 nominatur;
1462 954 1641 1008 lumen
1672 955 1817 1009 enim
1846 955 2085 1020 diritur,

498 1042 633 1098 cum
656 1045 943 1113 caliginem
990 1045 1747 1115 ignorantim'depellit';vita,
1795 1061 1928 1100 cum
1971 1046 2073 1098 im-

500 1134 888 1189 mortaiitatem
926 1134 1191 1205 largitur:
1228 1136 1333 1201 via,
1360 1150 1496 1189 cum
1517 1136 1803 1191 aberrare
1836 1136 1900 1189 ad
1931 1133 2073 1189 veris

500 1231 663 1278 tatem
710 1224 974 1280 deducit:
1023 1226 1105 1280 sic
1158 1227 1321 1280 turris
1377 1227 1733 1293 fortitudinis,
1786 1235 1847 1281 cr
1881 1225 2088 1280 civitas

502 1311 735 1386 munita,
764 1322 817 1366 et
845 1313 986 1376 fons,
1013 1323 1068 1368 et
1115 1322 1263 1382 petra
1289 1353 1304 1376 ,
1337 1323 1399 1369 et
1419 1315 1567 1379 vitis,
1612 1324 1675 1370 ct:
1707 1314 1975 1377 inedicus,
2017 1323 2085 1368 cr

504 1403 834 1457 resurrectio
854 1441 873 1470 ,
900 1412 956 1459 et
988 1404 1242 1459 omnibus
1276 1405 1587 1470 huiusmodi
1616 1405 1932 1460 nominibus
1972 1418 2073 1472 a1)-

502 1494 757 1563 pellatur.
787 1495 998 1553 Rursus
1023 1497 1164 1551 idem
1196 1513 1210 1550 :
1241 1497 1387 1553 Deus
1409 1497 1625 1566 quidem
1664 1507 1747 1553 est
1769 1497 2071 1552 secundum

505 1594 566 1635 se
599 1580 651 1634 id
693 1583 838 1645 quod
885 1583 1103 1638 demum
1138 1601 1263 1640 esse
1300 1587 1548 1642 creditur
1581 1602 1595 1639 :
1628 1587 1943 1642 nominatur
1978 1603 2072 1641 an-

505 1681 611 1725 tem
657 1673 727 1727 ab
769 1674 836 1727 iis
869 1675 961 1744 qui
1001 1692 1122 1730 eum
1158 1679 1456 1746 appellant,
1492 1694 1603 1733 non
1650 1678 1881 1749 idipsum
1925 1679 2070 1747 quod

503 1772 587 1817 cst
629 1765 759 1833 (non
789 1764 934 1820 enim
983 1766 1241 1835 explicari
1276 1777 1455 1838 potest
1494 1777 1691 1823 natura
1724 1768 1890 1837 ejus),
1933 1784 2066 1838 quin

504 1855 686 1924 potius
727 1871 793 1910 ex
850 1857 917 1912 iis
955 1874 1077 1929 qua:
1130 1866 1196 1914 ad
1246 1846 1698 1921 vitam,nostram
1749 1860 2111 1930 pertinentia'

503 1949 718 2015 operari
768 1946 1031 2017 creditur,
1084 1952 1465 2024 homonymias
1511 1952 1692 2018 habet,
1732 1952 1785 2005 id
1822 1961 1930 2015 est,
1979 1967 2076 2005 uo-

505 2040 662 2094 mina
696 2056 817 2110 qum
859 2042 1147 2113 aequivoca'
1172 2051 1386 2097 vocant.
1422 2041 1488 2096 Et
1517 2041 1756 2096 Basilius
1790 2039 2023 2109 Magnus
2051 2080 2067 2106 ,

500 2129 782 2198 Naturam,
812 2134 1008 2203 inquit,
1032 2134 1276 2188 divinam
1300 2131 1568 2204 quatenus
1595 2144 1698 2192 est.
1726 2132 1860 2187 nihil
1883 2148 2087 2187 eorum

501 2240 624 2294 qua!
652 2227 1053 2295 excogitantur,
1084 2225 1348 2280 declarat.
1389 2224 1465 2279 Εἰ
1517 2224 1600 2279 bis
1648 2224 1813 2301 igitur
1857 2225 2072 2297 liquet,

507 2316 624 2370 ticri
678 2317 838 2371 nobis
899 2316 1065 2370 Deum
1119 2317 1415 2371 multorum
1459 2316 1763 2378 nominum,
1813 2316 2078 2384 quoniam

503 2406 692 2462 multis
726 2407 1002 2462 beneficiis
1030 2407 1150 2477 ejus
1175 2407 1240 2463 ad
1270 2407 1683 2462 custodiendam
1721 2407 1889 2459 vitam
1932 2406 2074 2459 indi-

503 2515 716 2574 gemus,
757 2514 962 2570 nosque
987 2515 1183 2555 sumus
1199 2498 1729 2570 qui'diiiicnltatibus
1759 2499 2075 2569 circumpli-

501 2606 733 2656 camur,
779 2600 833 2647 et
871 2595 923 2647 in
973 2593 1052 2647 eis
1110 2593 1272 2646 Deum
1314 2592 1639 2662 excogitatis
1669 2602 1723 2647 et
1755 2592 2068 2647 adiuventis

500 2685 818 2741 nominibus
860 2685 1236 2756 imploramus.
1269 2689 1459 2751 Quare
1500 2685 1603 2739 hoc
1635 2686 1797 2739 etiam
1845 2683 2109 2739 edicitur“

501 2774 847 2840 manifestum
873 2813 889 2836 ,
932 2776 1073 2846 quod
1107 2775 1233 2830 licet
1263 2775 1402 2829 Deus
1433 2790 1495 2829 ex
1523 2774 1759 2829 infinitis
1785 2775 2060 2842 operatio-

502 2867 666 2922 nibus
708 2868 894 2921 multis
947 2857 1261 2921 nominibus
1310 2865 1616 2932 adiciatur,
1669 2880 1834 2937 quam
1889 2876 2073 2920 tamen

502 2968 751 3011 naturam
795 2958 990 3012 habeat
1016 2996 1033 3022 ,
1066 2957 1313 3013 funditus
1348 2958 1717 3026 intelligentia
1745 2966 1931 3013 nostra
1966 2974 2079 3012 non

1643 295 1889 358 ῘΟᾹΝΝ
1902 296 1914 352 1
1928 284 1985 356 5³
2003 297 2391 357 ΟΥΡᾹῘΠΞΞῘ
2403 295 2589 357 ΟἸἮῖ

2099 414 2141 469 Α
2175 410 2485 476 miscrcndi,
2516 420 2565 463 et
2605 405 2994 462 misericordim
3023 419 3243 460 nomen.
3268 403 3332 460 Et
3363 405 3563 459 iterum
3599 405 3815 460 idem

3642 290 3822 353 3‘95

2171 499 2223 551 in
2255 501 2520 563 secundo,
2555 491 2795 552 Ut'enim
2821 536 2838 561 ,
2891 495 3105 566 inquit,
3141 486 3263 550 non'
3295 504 3442 550 esset
3496 495 3816 549 medicus

2169 589 2273 642 nisi
2306 598 2522 657 prapter
2554 596 2807 659 mgrotos,
2849 588 2928 641 sic
2958 602 3153 641 rursus
3176 601 3351 656 neque
3380 588 3744 642 misericors
3783 624 3811 648 ,

2171 684 2346 748 neque
2374 681 2680 741 miscrator,
2713 694 2811 732 nec
2839 678 2958 733 aliis
3000 677 3271 745 ejusmodi
3307 677 3635 731 nominibus
3660 695 3808 747 ap—

2171 754 2484 841 pellaretur,
2531 770 2647 824 nisi'
2686 779 2906 840 propter
2953 754 3078 824 eum
3133 770 3223 837 qui
3280 770 3679 823 misericordia
3727 779 3829 823 et.

2171 862 2520 916 miseratione
2552 861 2758 929 indiget
2789 880 2803 915 :
2839 861 2918 916 sic
2950 863 3116 916 etiam
3157 876 3258 916 nec
3285 861 3642 928 omnipotens
3664 877 3804 913 cs-

2171 960 2277 1017 sct,
2335 951 2437 1006 nisi
2473 953 2654 1007 omnis
2681 960 2929 1007 creatura
2971 961 3027 1004 ιιι
3053 950 3121 1006 ab
3150 966 3214 1004 eo
3258 961 3535 1005 teneretur
3567 962 3630 1005 et
3662 966 3805 1003 (σιν

2171 1045 2486 1109 stodiretur,
2523 1060 2662 1114 opus
2692 1044 2939 1098 haberet.
2965 1042 3032 1097 Et
3059 1045 3254 1098 iterum
3289 1042 3342 1095 in
3375 1043 3551 1111 primo
3585 1041 3795 1095 libro:

2171 1134 2312 1197 Alia,
2357 1134 2591 1204 inquit‘,
2632 1135 2865 1189 nomina
2891 1134 3200 1205 signiﬁcant
3230 1133 3361 1188 utife
3391 1132 3456 1187 ad
3491 1132 3725 1202 aliquid
3768 1172 3789 1196 ,

2174 1232 2243 1278 ut
2277 1219 2513 1290 adjutor,
2570 1230 2866 1291 protector,
2918 1222 3230 1284 auxiliator,
3278 1227 3332 1274 et
3377 1231 3577 1275 caetera
3630 1235 3789 1289 qua:

2171 1314 2412 1383 ejusdem
2463 1313 2879 1383 signiﬁcationis
2911 1314 3298 1383 reperiuntur:
3335 1312 3387 1366 in
3442 1314 3657 1381 quibus
3722 1314 3785 1368 si

2172 1419 2296 1459 eum
2346 1405 2439 1473 qui
2487 1404 2694 1459 auxilio
2722 1403 2965 1473 indiget,
2996 1403 3177 1466 tollas,
3213 1402 3300 1458 vis
3345 1418 3469 1473 quae
3516 1404 3597 1458 in?
3636 1404 3785 1473 ipso

2175 1495 2393 1550 nomine
2423 1496 2685 1557 cernitur,
2718 1509 2889 1550 vacua
2938 1492 3122 1549 fuerit.
3177 1492 3334 1550 Unde
3387 1493 3773 1549 manifestum

2173 1587 2425 1651 etiieitnr,
2467 1586 2779 1656 posteriora:
2821 1599 2944 1641 esse
2998 1585 3237 1640 nomina-
3278 1586 3399 1655 ipsa
3447 1585 3781 1639 aaternitate

2178 1679 2292 1742 Dei,
2324 1686 2390 1733 et”
2412 1685 2547 1749 post
2565 1676 2837 1730 hominem
2875 1685 2929 1732 et
2969 1686 3205 1731 mentem
3241 1676 3482 1755 hominis
3520 1675 3775 1731 inventa

2174 1786 2316 1835 esse,
2374 1769 2726 1840 accidereque
2760 1769 3075 1837 aliquando,
3111 1777 3171 1822 ut
3201 1768 3273 1823 sit
3297 1767 3415 1837 ipsa
3446 1767 3777 1822 nominatio

2175 1876 2509 1933 supervacua
2541 1863 2584 1915 si
2620 1860 2758 1914 forte
2787 1874 2888 1929 ope
2921 1858 3254 1930 indigentem
3296 1858 3475 1914 tollas.
3510 1859 3773 1925 Denique

2176 1968 2273 2017 per
2296 1951 2476 2006 omnia
2507 1952 2939 2006 demonstratum
2968 1960 3071 2014 est,
3104 1950 3560 2020 quemadmodum
3591 1965 3767 2004 mens

2175 2043 2319 2096 sicut
2364 2041 2593 2095 aliarum
2639 2057 2821 2097 rerum
2880 2041 3101 2098 nomina
3150 2041 3449 2107 adinvenit,
3478 2041 3556 2096 sic
3582 2040 3765 2095 etiam

2174 2132 2396 2187 nomina
2438 2132 2555 2199 Dei,
2589 2148 2865 2203 aggressa,
2898 2142 2954 2188 et
2988 2124 3153 2186 ueluti
3207 2132 3491 2188 materiam
3545 2134 3762 2197 nacta',

2176 2224 2263 2279 ilia
2304 2224 2418 2295 ipsa
2466 2224 2657 2281 ell’ecta
2707 2235 2762 2281 et
2813 2225 3192 2293 admirabilia,
3222 2240 3357 2294 quasi
3386 2226 3444 2279 in
3490 2226 3761 2280 universo

2175 2315 2607 2386 contemplatur',
2650 2316 2766 2373 haec
2811 2317 2960 2372 enim
2993 2317 3309 2384 insequens,
3340 2326 3395 2371 et
3422 2314 3630 2372 de'Deo
3664 2316 3761 2370 in-

2175 2412 2425 2484 quirens,
2453 2400 2683 2466 nomina
2715 2411 2994 2483 imposuit.
3026 2411 3317 2466 Declarant
3348 2412 3449 2467 hoc
3473 2411 3526 2466 in
3560 2412 3759 2481 primis

2175 2505 2268 2575 qui
2295 2505 2411 2557 haec
2444 2501 2680 2572 primum
2736 2502 3103 2562 invenerunt.
3144 2501 3257 2556 sive
3301 2501 3753 2572 antiquissimum

2175 2596 2462 2667 quemdam
2498 2594 2793 2658 Theuthin,
2838 2594 2953 2649 sive
2997 2593 3163 2648 alium
3216 2594 3526 2664 quempiam
3575 2596 3756 2651 fuisse

2174 2692 2380 2746 dicunt.
2405 2688 2645 2745 Gentiles
2674 2687 2937 2743 hactenus
2960 2685 3201 2752 fuerunt,
3233 2697 3287 2742 et
3315 2689 3369 2741 in
3401 2687 3755 2759 dogmatibus:

2176 2781 2457 2851 gentilium
2493 2780 2588 2835 alti
2616 2789 2669 2834 et
2702 2779 2941 2841 educati,
2966 2779 3060 2848 qui
3097 2787 3454 2850 praeterquam
3487 2780 3540 2833 in
3563 2779 3752 2836 divino

2174 2882 2228 2927 et
2257 2866 2423 2942 supra
2454 2881 2702 2927 naturam
2729 2871 2988 2943 mysterio
3011 2883 3212 2926 nostra:
3242 2872 3620 2937 humanitatis,
3640 2873 3761 2926 alia-

2177 2965 2268 3019 Dei
2319 2963 2541 3019 nomina
2572 2965 2915 3028 invenerunt,
2950 2973 3005 3019 et
3031 2964 3431 3028 nominarunt,
3471 2963 3614 3021 sicut
3647 2980 3765 3019 nos

502 3049 833 3116 assequitur.
870 3047 1008 3103 Cum
1036 3050 1179 3102 enim
1210 3047 1403 3116 duplex
1441 3046 1508 3101 sit
1534 3047 1785 3116 qumstio,
1811 3049 1953 3117 quod
1987 3058 2067 3104 est
2097 3055 2138 3112 c
2173 3057 2352 3110 hodie.
2413 3056 2516 3110 Sed
2570 3054 2694 3124 quia
2750 3070 2912 3111 omne
2965 3072 3170 3111 nomen
3213 3066 3270 3112 et
3316 3057 3478 3112 notio-
3532 3066 3752 3127 propter

505 3140 670 3201 Deus,
703 3149 757 3192 et
791 3138 920 3207 quid
953 3147 1070 3203 est;
1100 3138 1232 3191 illud
1262 3138 1505 3206 quidem,
1547 3137 1597 3192 id
1638 3150 1744 3203 est,
1774 3153 1923 3203 esse,
1956 3154 2075 3192 om-

507 3233 636 3285 nino
667 3232 812 3284 imer
842 3244 1030 3284 omnes
1065 3230 1319 3285 convmtit
1352 3245 1368 3284 :
1407 3228 1536 3300 quid
1580 3245 1707 3282 vero
1736 3230 1850 3294 sit,
1884 3237 1939 3284 et
1969 3244 2073 3298 qua

506 3333 716 3383 natura,
762 3335 875 3375 non.
923 3320 1099 3375 solum
1150 3321 1326 3387 nobis,
1380 3320 1474 3375 sed
1520 3318 1726 3388 angelis
1775 3319 1938 3373 etiam
1991 3327 2077 3374 est

512 3412 771 3483 ignotum.

1101 3498 1329 3557 CAPUT
1384 3497 1474 3554 νε.

767 3592 846 3648 An
880 3593 984 3648 sint
1011 3607 1076 3648 ea:
1108 3594 1406 3648 calamitate
1439 3593 1653 3647 nomina
1684 3590 1800 3648 Dei.

576 3685 812 3742 Basilius
836 3688 888 3740 in
912 3689 1153 3741 secundo
1181 3687 1320 3742 libro
1341 3685 1876 3761 Contra'Eunomt'um
1905 3703 1924 3742 :
1953 3685 2079 3743 Non

503 3780 649 3834 enim
676 3818 691 3841 ,
719 3777 934 3848 inquit,
973 3789 1163 3832 natura
1200 3794 1378 3832 rerum
1419 3779 1636 3833 nomina
1666 3780 1933 3853 sequitur,
1965 3781 2077 3837 imo

504 3879 630 3942 post
656 3882 743 3925 res
777 3871 922 3939 ipsas
960 3870 1174 3924 inventu
1206 3879 1334 3925 sunt
1361 3871 1577 3925 nomina
1608 3886 1621 3922 :
1648 3873 1849 3926 etenim
1881 3872 1927 3926 si
1961 3873 2065 3928 hoc

503 3970 651 4017 esset
675 3977 1000 4021 verum.non
1028 3976 1152 4017 esse
1167 3962 1386 4016 nomina
1412 3963 1571 4018 rebus
1597 3963 1914 4032 posteriora,
1937 3978 2075 4033 opus

503 4061 651 4106 esset
685 4060 744 4103 ut
774 4066 1005 4120 quorum
1042 4063 1171 4104 sunt
1194 4052 1394 4105 etedem
1428 4052 1853 4129 nominationes,
1884 4070 1993 4109 una
2020 4064 2076 4111 et

504 4142 693 4196 eadem
724 4142 1024 4196 substantia
1051 4151 1194 4195 esset
1221 4157 1234 4195 :
1266 4156 1332 4196 ex
1368 4156 1476 4211 quo
1510 4143 1693 4210 ﬂeret,
1723 4154 1782 4199 ut
1810 4146 1936 4215 quia
1968 4147 2063 4214 qui

507 4248 633 4289 .c-unt
664 4235 865 4288 virtute
902 4232 1141 4303 perfecti,
1185 4234 1333 4303 digni
1375 4235 1597 4291 nomine
1632 4237 1724 4292 Dei
1775 4239 2071 4306 habentur,

505 4336 561 4379 et
583 4326 655 4379 dii
681 4326 1040 4393 appellantur,
1066 4337 1249 4379 essent
1282 4327 1530 4382 homines
1560 4327 1860 4394 homonoii,
1887 4329 1939 4384 id
1966 4340 2070 4397 est,

503 4392 747 4485 ejusdem
778 4416 1096 4471 substantiae.
1121 4433 1227 4487 qua
1259 4417 1435 4484 Deus;
1468 4433 1654 4473 verum
1701 4392 1853 4476 sicut
1888 4392 2074 4477 dicere
2104 4392 2149 4448 Β

505 4510 610 4563 hoc
657 4506 942 4562 manifesta
988 4507 1198 4563 insania
1228 4518 1331 4572 est,
1380 4509 1461 4565 sic
1510 4511 1643 4571 illud
1689 4511 1872 4567 dicere
1917 4528 2074 4584 aeque

504 4599 775 4653 dementia
805 4611 908 4658 est.
940 4599 1051 4657 imo
1081 4611 1133 4656 et
1153 4602 1451 4671 Gregorius
1478 4602 1757 4675 Nysseuus
1778 4605 1923 4662 libro
1953 4623 2071 4674 stu,

503 4693 786 4762 disputans
834 4702 1023 4749 contra
1079 4693 1451 4750 Eunomium:
1492 4694 1815 4764 Miserator,
1855 4698 2073 4767 inquit,

505 4797 554 4841 et
587 4787 878 4841 misericors
911 4787 1186 4854 Dominus,
1223 4790 1453 4859 patiens,
1488 4798 1537 4842 et
1562 4791 1743 4844 mutue
1771 4791 2073 4845 misericor-

504 4876 610 4931 diae
649 4877 714 4942 ‘°,
750 4879 877 4947 quid
911 4879 1024 4932 hac
1056 4879 1206 4933 aiunt
1237 4880 1584 4950 signiﬁcare?
1613 4888 1956 4946 naturamne,
2009 4896 2080 4936 an

504 4969 921 5037 operationem?
953 4986 1116 5024 nemo
1152 4986 1282 5026 -ane
1321 4971 1466 5027 aliud
1511 4972 1789 5027 declarare
1840 4973 2079 5036 dixerit,

505 5068 865 5128 praeterquam
894 5062 1288 5129 operationem.
1319 5063 1562 5137 Quando.
1590 5064 1757 5133 igitur
1786 5062 2087 5121 miseratus.

505 5165 589 5207 est
615 5151 896 5212 Dominus,
934 5163 988 5203 ut
1026 5168 1089 5206 ex
1125 5157 1444 5219 operatione
1472 5156 1843 5211 miserationis
1874 5171 2080 5211 nomen

504 5242 766 5299 duceret?
807 5242 1051 5310 nunquil
1106 5252 1234 5298 ante
1286 5244 1452 5297 vitam
1507 5245 1840 5299 humanam?
1885 5245 2080 5312 ecquis

507 5344 634 5390 tunc
664 5332 1032 5390 misericordia
1062 5333 1458 5403 indigebat?!“
1492 5350 1621 5390 vero
1644 5345 1764 5405 post
1793 5346 2075 5405 pects/tum

510 5442 733 5494 prorsus
784 5426 1160 5481 misericordia
1212 5442 1347 5496 opus
1398 5408 1520 5489 i‘ut’t,
1572 5436 1855 5496 peccaturo
1892 5437 2075 5479 autem

511 5522 630 5584 post
663 5516 939 5571 hominem
973 5517 1221 5582 exstitit;
1264 5526 1383 5584 post
1424 5516 1696 5574 hominem
1740 5516 1906 5585 igitur
1933 5514 2089 5571 actio

587 5695 636 5728 ³⁸
660 5696 801 5755 Psal.
825 5715 1011 5773 cxuy,
1034 5699 1088 5755 8.

2177 3147 2591 3214 usumquidem
2631 3162 2657 3197 a
2693 3146 2961 3218 principio
2995 3147 3302 3209 introducta
3348 3158 3508 3216 sunt,
3554 3149 3621 3203 ad
3650 3149 3751 3203 ali-

2158 3238 2307 3308 ‘quid
2334 3253 2461 3293 vero
2493 3240 2828 3306 referuntur,
2866 3240 3010 3295 unde
3041 3250 3257 3307 sumpta
3290 3240 3398 3297 sint
3430 3240 3614 3295 divina
3647 3257 3748 3297 no-

2176 3330 2344 3393 mina,
2385 3339 2438 3384 et
2470 3329 2602 3399 quid
2633 3330 2750 3400 ipsa
2782 3345 2878 3399 per
2916 3345 2975 3385 se
3006 3330 3337 3400 significent,
3380 3330 3586 3387 dictum
3621 3342 3743 3399 est;

2176 3422 2243 3477 ad
2276 3422 2406 3492 quid
2434 3431 2613 3477 autem
2646 3423 2722 3478 rei
2760 3421 3018 3492 Subiecta:
3049 3421 3376 3490 referantur,
3398 3433 3451 3480 et
3478 3424 3606 3494 quid
3632 3426 3763 3481 istis-

2174 3514 2491 3571 nominibus
2520 3514 2603 3571 sic
2638 3514 2998 3586 signiﬁcetur,
3037 3531 3112 3571 ex.
3148 3515 3234 3572 his
3264 3531 3387 3587 quae
3420 3527 3741 3587 sequuntur,

2175 3603 2400 3676 patebit;

2771 3696 2999 3754 CAPUT
3036 3697 3151 3754 VII.

2180 3810 2343 3877 Quod
2363 3812 2497 3865 sicut
2534 3811 2715 3867 diuina
2748 3820 2968 3866 nomina
3013 3827 3079 3865 ea:
3120 3810 3318 3879 eiectis
3345 3821 3563 3881 sumpta
3600 3810 3745 3881 diﬁc-

2248 3881 2471 3935 reutiam
2518 3882 2882 3948 operationum
2916 3889 3308 3947 representant,
3350 3883 3427 3935 sic
3474 3883 3544 3933 ad
3592 3880 3741 3934 Deum

2247 3950 2420 4005 relata
2447 3951 2686 4005 diversas
2745 3967 2825 4004 res
2868 3963 3246 4019 reprcrsentare
3278 3967 3381 4005 non
3408 3962 3640 4020 possunt.

2250 4064 2481 4121 Basilius
2505 4063 2751 4135 Magnus,
2777 4065 2831 4119 in
2859 4063 3083 4134 epistola
3113 4064 3179 4119 ad
3205 4065 3550 4119 Eustathium
3580 4079 3595 4120 :
3621 4063 3741 4121 0m-

2177 4167 2295 4215 nes,
2330 4154 2525 4220 inquit,
2553 4153 2800 4208 notiones
2858 4162 2911 4207 et
2943 4154 3163 4208 nomina
3188 4169 3310 4222 qua:
3342 4153 3510 4208 Deum
3536 4156 3737 4219 decent,

2178 4244 2404 4313 a‘qualis
2445 4244 2585 4300 inter
2623 4260 2682 4300 se
2719 4245 2944 4299 honoris
2979 4255 3141 4308 sunt,
3176 4257 3451 4314 quatenus
3476 4246 3739 4315 signiﬁca-

2182 4335 2326 4389 tione
2376 4335 2452 4389 rei
2506 4335 2766 4403 subjapta:
2814 4335 2948 4389 nihil
3003 4334 3298 4403 differunt;
3344 4353 3450 4390 non
3494 4337 3633 4391 enim
3675 4338 3735 4391 ad

2177 4424 2338 4478 aliam
2375 4438 2488 4478 rem
2521 4423 2823 4493 subiectam
2852 4435 3085 4481 mentem
3109 4426 3260 4481 ducit
3287 4427 3578 4496 appellatio
3602 4429 3733 4493 boni,

2178 4526 2232 4570 et
2274 4515 2356 4583 jad
2410 4515 2572 4569 aliam
2607 4515 2898 4585 appellatio
2945 4516 3227 4585 sapientis,
3269 4528 3325 4571 et
3374 4520 3644 4587 potentis,
3688 4527 3734 4572 et

2171 4604 2302 4675 justi
2361 4602 2768 4675 :quin’potius
2831 4621 3181 4676 quaecunque
3231 4607 3460 4660 nomina.
3510 4607 3729 4671 dixeris,

2177 4709 2345 4748 unum
2376 4702 2459 4748 est
2483 4693 2627 4763 quod
2656 4693 3099 4764 signiﬁcatumet'
3125 4694 3169 4749 si
3199 4694 3366 4749 Deum
3399 4696 3574 4763 dicas,
3597 4711 3730 4750 eum-
3818 4696 3822 4700 ‘

2176 4785 2299 4840 dem
2331 4777 2652 4850 ostendisti,
2702 4797 2875 4859 quem!
2914 4798 3010 4852 per
3059 4784 3265 4854 reliqua
3303 4787 3525 4839 nomina
3576 4795 3731 4839 tuente

2177 4875 2493 4944 concepisti.
2519 4873 2596 4928 Ex
2645 4873 2734 4929 his
2772 4874 2937 4942 igitur
2969 4872 3315 4929 manifestum
3370 4874 3452 4940 tit,
3483 4875 3623 4944 quod
3654 4889 3730 4928 ea-

2175 4966 2299 5019 dem
2332 4964 2511 5018 divina
2544 4964 2787 5026 nomina,
2819 4972 2871 5018 et
2899 4964 3100 5018 easdem
3153 4964 3404 5020 notiones
3454 4975 3648 5020 nostra:
3674 4964 3729 5018 de

2178 5056 2286 5111 Deo
2316 5057 2593 5121 dicuntur,
2625 5055 2939 5125 nullamque
2964 5050 3334 5110 dilferentia'm
3386 5059 3459 5111 rei
3493 5060 3727 5126 subjecta:

2181 5151 2246 5203 ad
2285 5148 2458 5201 Deum
2488 5148 2660 5201 relata
2696 5155 3110 5217 repraesentant,
3143 5148 3371 5215 etquod
3395 5148 3610 5202 nomina
3648 5147 3724 5202 Dei

2183 5240 2446 5308 triplicem
2484 5239 2683 5293 habent
2711 5252 2955 5302 causam,
2987 5238 3306 5292 eilicientem
3342 5239 3559 5308 quidem
3596 5253 3726 5292 men-

2184 5341 2290 5386 tem
2324 5331 2493 5401 ipsam
2528 5331 2853 5393 humanam;
2889 5330 3169 5384 materiam
3198 5369 3214 5395 ,
3246 5329 3351 5407 illa
3400 5330 3542 5384 unde
3592 5329 3724 5384 colli-

2181 5431 2402 5489 guutur,
2436 5419 2490 5476 id
2519 5429 2624 5489 cst,
2654 5419 2883 5489 elIecta;
2911 5419 3093 5487 tinem,
3139 5419 3328 5484 Deum,
3361 5420 3426 5475 ad
3467 5436 3623 5494 quem
3651 5435 3723 5475 re-

2183 5511 2448 5566 feruntur.
