4078 6274
305 391 415 457 797

884 508 1109 568 CAPUT
1145 513 1279 570 VIII.

303 618 368 673 Si
399 636 503 674 non
552 633 767 688 possunt
812 625 992 680 divina
1038 631 1248 682 nomina
1282 629 1510 684 diversas
1557 647 1638 684 res
1684 633 1736 685 in
1769 630 1874 685 Deo

373 705 772 770 repra'sentare,
801 696 1115 770 relinquitur
1137 709 1190 751 ut
1207 701 1372 753 solam
1387 701 1741 755 substantiam
1763 702 1876 770 ejus

360 759 664 826 declarent,
699 779 800 817 non
827 759 956 833 quid
987 777 1084 830 est,
1108 770 1195 822 sed
1227 772 1366 838 quod
1392 781 1490 825 est.

375 873 600 943 Magnus
632 875 964 935 Athanasius
997 881 1198 937 docens
1230 883 1304 954 (a)
1349 895 1494 940 recte
1523 886 1725 942 dictum
1757 901 1876 944 esse

307 979 336 1018 a
385 965 635 1021 Patribus
682 970 916 1038 .concilii
967 971 1170 1027 Nicmni
1201 977 1521 1030 vocabulum
1569 977 1826 1031 homousii
1856 994 1875 1032 :

305 1057 442 1112 Cum
480 1058 679 1125 inquit,
712 1061 1004 1119 audimus:
1043 1063 1152 1136 Ego
1179 1085 1331 1134 sum,
1369 1070 1460 1138 qui
1484 1085 1598 1123 sum
1626 1111 1638 1134 ,
1675 1079 1728 1124 et
1762 1088 1775 1122 :
1814 1067 1879 1123 In

303 1150 578 1218 principiq,
607 1154 797 1206 creavit
830 1153 972 1208 Deus
1004 1158 1187 1210 caelum
1216 1169 1266 1212 et
1302 1168 1518 1223 terram,
1553 1170 1605 1216 et
1655 1178 1668 1213 :
1711 1159 1877 1228 Audi,

308 1239 500 1306 Israel,
533 1241 786 1298 Dominus
811 1245 946 1300 Deus
975 1257 1095 1300 tuus
1128 1249 1264 1303 Deus
1290 1268 1429 1305 unus
1473 1261 1576 1314 est,
1609 1263 1663 1306 et
1699 1271 1712 1307 :
1751 1251 1879 1307 "th

304 1335 434 1387 dicit
460 1334 711 1390 Dominus
737 1338 1061 1404 omnipotens
1081 1339 1146 1404 ³¹,
1174 1341 1308 1394 nihil
1336 1342 1479 1396 aliud
1506 1359 1665 1410 quam
1707 1345 1878 1412 ipsam

305 1425 605 1494 simplicem
663 1438 715 1482 et
768 1429 1006 1490 beatam.
1056 1443 1110 1485 et
1163 1447 1280 1501 quae
1333 1434 1720 1501 comprehendi
1771 1449 1879 1488 non

297 1524 508 1583 potest,
546 1518 906 1572 substantiam
943 1520 1061 1589 ejus
1084 1522 1175 1590 qui
1210 1533 1293 1575 est
1315 1522 1686 1593 intelligimus.
1721 1523 1884 1579 Tarn-

305 1609 409 1661 etsi
442 1607 612 1675 enim,
641 1611 770 1679 quid
807 1620 909 1676 est,
942 1613 1400 1680 comprehendere
1429 1631 1533 1668 non
1570 1632 1880 1685 possumus,

307 1706 489 1753 tamen
530 1715 651 1754 eum
690 1704 963 1768 audimus,
1008 1704 1183 1772 Pater,
1213 1717 1286 1768 et,
1316 1706 1695 1776 Omnipotens,
1752 1712 1884 1766 nihil

307 1790 455 1843 aliud
490 1803 846 1862 printerquam
894 1794 1062 1861 ipsam
1095 1797 1453 1850 substantiam
1489 1798 1607 1866 ejus
1644 1800 1735 1865 qui
1778 1810 1880 1861 est,

308 1881 683 1951 intelligimus.
715 1884 780 1937 Et
811 1899 1001 1938 rursus
1043 1885 1181 1940 idem
1232 1886 1282 1940 in
1312 1886 1644 1957 Apotogetico
1681 1906 1774 1959 pro
1802 1907 1888 1960 sy-

310 1973 449 2026 nodo
478 1972 694 2028 Nicazna
735 1991 753 2029 :
787 1976 844 2030 Si
883 1975 1025 2030 Deus
1061 1986 1165 2040 est,
1201 1977 1395 2047 inquit,
1431 1981 1575 2034 aliud
1614 1981 1839 2050 simplex
1869 2020 1884 2045 ,

311 2075 370 2116 ut
401 2063 621 2131 quidem
653 2073 757 2127 est,
785 2079 907 2118 cum
947 2065 1184 2122 dicimus
1215 2069 1409 2134 Deum,
1446 2079 1502 2124 et
1541 2071 1887 2125 nominamus

313 2154 555 2218 Patrem,
592 2156 724 2209 nihil
766 2168 1024 2226 tanquam
1057 2160 1201 2213 circa
1232 2177 1380 2224 cuin,
1414 2163 1506 2216 sed
1550 2163 1720 2232 ipsam
1751 2165 1884 2219 sub-

314 2249 572 2303 stantiam
605 2248 723 2317 ejus
763 2250 1136 2321 intelligimus.
1193 2254 1256 2308 Et
1307 2253 1600 2324 Gregorius
1653 2256 1889 2312 Theolo-

315 2328 550 2411 gns(b)é
588 2342 648 2394 '0
680 2341 774 2408 ὣν,
801 2343 853 2396 id
872 2352 975 2403 est,
1016 2345 1107 2413 qui
1131 2354 1238 2410 ost,
1266 2357 1320 2400 et
1362 2345 1524 2412 Deus,
1551 2348 1722 2418 magis
1752 2364 1889 2417 quo-

313 2436 610 2494 dammodo
639 2444 765 2493 sunt
791 2439 1008 2491 nomina
1034 2439 1347 2493 substantia:
1379 2456 1392 2492 :
1426 2452 1476 2493 et
1503 2456 1568 2495 ex
1601 2442 1685 2495 his
1717 2441 1887 2510 magis

314 2529 468 2586 ὁ.ὢν.
507 2529 568 2584 Et
597 2545 789 2584 rursus
820 2530 960 2584 idem
993 2545 1006 2582 :
1045 2528 1234 2585 Nonne
1273 2530 1530 2600 Spiritus,
1583 2542 1636 2587 et
1659 2532 1820 2602 Ignis,
1853 2549 1885 2588 ο

316 2621 514 2685 amice,
544 2630 597 2675 et
624 2620 922 2690 Sapientia,
942 2630 995 2675 et
1027 2621 1265 2687 Justitia,
1293 2633 1347 2677 et
1372 2623 1608 2685 lllens,et
1624 2624 1883 2691 Verbum,

316 2720 372 2767 et
397 2712 516 2766 alia:
543 2711 809 2782 ejusmodi
847 2714 1246 2770 nominationes
1284 2723 1491 2770 naturae
1515 2716 1678 2770 sunt?
1699 2716 1762 2771 Et
1788 2716 1886 2771 ite-

317 2823 440 2862 rum
476 2807 616 2861 idem
668 2817 857 2862 contra
911 2806 1200 2876 Evagrium
1233 2824 1249 2862 :
1280 2808 1383 2862 Sed
1439 2809 1760 2872 nominatio,
1806 2809 1887 2863 in-

315 2901 455 2972 quit,
493 2899 638 2953 utilis
674 2907 776 2962 est,
813 2914 933 2969 quas
975 2914 1076 2954 nos
1113 2908 1334 2968 propter
1385 2900 1762 2954 necessitatem
1816 2899 1882 2952 ad

316 2994 595 3048 notionem
644 3006 832 3045 eorum
869 3006 989 3059 quae
1033 2990 1135 3044 sub
1180 2989 1590 3061 intelligentiam
1640 2991 1880 3055 cadunt,

316 3087 490 3141 ducit.
539 3083 770 3150 Quidam
820 3098 950 3137 vero
998 3081 1126 3136 dum
1175 3099 1362 3138 crasse
1396 3083 1688 3152 opinantur
1720 3082 1884 3137 simul

1054 401 1293 464 nscas
1335 405 1433 466 1v.
1469 430 1536 440 —
1574 405 1670 465 DE
1713 406 2127 471 Iasonium.
2177 381 2425 474 DIVlNI
2457 411 2815 476 NOMINIS.

3442 419 3562 482 798

1909 527 1952 578 A
1986 531 2235 577 naturam
2269 526 2530 582 indicant.
2570 528 2636 582 Et
2666 529 3032 582 Damasccnus
3059 525 3372 598 Theologus
3402 547 3415 582 :
3462 531 3556 584 Di-

1978 616 2197 682 vinitas,
2229 618 2422 688 inquit,
2459 629 2710 674 naturam
2737 619 3001 680 declarat,
3031 619 3190 674 Pater
3220 630 3400 673 autem
3431 635 3554 690 per—

1977 723 2188 764 sonam.
2218 708 2294 763 Ex
2327 711 2526 780 quibus
2556 710 2762 780 pateﬁt,
2793 711 2935 778 quod
2967 726 3090 764 cum
3124 710 3353 778 theologi
3381 711 3556 778 respi-

1977 801 2129 853 ciunt
2168 801 2310 854 unde
2348 802 2563 856 nomina
2596 801 2691 856 Dei
2725 801 2882 856 nobis
2905 801 3135 856 collecta
3171 811 3300 856 sunt
3323 842 3338 865 ,
3375 801 3444 854 ab
3485 801 3556 855 iis

1979 891 2205 956 scilicet,
2249 906 2368 960 qua:
2422 892 2476 945 in
2529 893 2788 947 universo
2821 893 2957 946 mira
2989 892 3369 961 speculamur,
3399 901 3453 946 et
3487 891 3557 945 ab

1979 980 2182 1036 eﬂectis
2211 981 2344 1048 ipsis
2364 1022 2379 1046 ,
2418 985 2788 1050 operationem
2821 993 2876 1038 et
2899 982 3237 1037 ell‘ectionem
3268 982 3363 1036 Dei
3399 981 3554 1035 aiunt

1981 1080 2400 1140 reprtesentare,
2431 1080 2486 1124 et
2523 1086 2630 1125 non
2665 1071 2795 1140 quid
2830 1079 2935 1136 est,
2976 1080 3030 1127 et
3077 1073 3251 1141 ipsam
3298 1071 3558 1124 substan-

1981 1163 2150 1228 tiam;
2193 1171 2317 1232 post
2353 1163 2626 1218 hominem
2657 1164 2804 1217 enim
2849 1164 3064 1218 inventa
3112 1173 3239 1218 sunt
3287 1164 3554 1224 nomina;

1984 1253 2092 1308 imo
2132 1269 2282 1309 mens
2327 1255 2564 1308 humana
2614 1256 2678 1309 ad
2723 1270 2880 1310 usum
2934 1271 3089 1309 suum
3130 1255 3259 1308 |haec
3309 1255 3556 1317 invenit;

1984 1362 2107 1401 cum
2143 1358 2324 1401 autem
2360 1362 2554 1401 rursus
2586 1346 2778 1400 volunt
2818 1361 2914 1416 per
2944 1347 3057 1400 haec
3097 1347 3318 1399 nomina
3362 1345 3560 1399 efferre

1985 1451 2098 1488 rem
2131 1436 2514 1504 signiﬁcatam,
2538 1443 2592 1488 et
2617 1435 2682 1490 ad
2705 1435 2910 1504 aliquid
2945 1433 3256 1497 referimur,
3277 1433 3444 1487 Deum
3468 1447 3563 1501 per

1987 1521 2100 1573 haec
2130 1520 2346 1574 nomina
2376 1520 2722 1585 invocantes,
2755 1536 2865 1575 non
2891 1521 3152 1576 dividitur
3180 1537 3268 1577 res
3293 1523 3559 1597 subjecta,

1987 1619 2046 1665 ut
2084 1611 2398 1666 dividuntur
2428 1613 2676 1668 notiones
2709 1615 2928 1683 (expers
2974 1615 3118 1668 enim
3167 1615 3360 1682 partis,
3394 1622 3447 1668 et
3477 1614 3562 1668 in-

1987 1701 2203 1756 dividua
2220 1715 2300 1756 est
2327 1703 2630 1758 substantia
2665 1705 2778 1772 Dei)
2806 1721 2820 1770 ;
2858 1705 3061 1759 idcirco
3079 1704 3345 1759 alllrmant
3378 1721 3435 1760 se
3465 1722 3565 1759 no-

1991 1792 2228 1847 minibus
2257 1793 2377 1848 istis
2423 1795 2563 1850 hanc
2595 1796 2768 1865 ipsam
2805 1797 3166 1850 substantiam
3209 1795 3300 1849 Dei
3347 1795 3562 1863 signiti-

1989 1903 2132 1951 care,
2167 1903 2273 1942 non
2318 1890 2446 1959 quid
2497 1901 2600 1951 est,
2631 1891 2723 1945 sed
2759 1891 2904 1959 quod
2934 1900 3016 1945 est
3048 1890 3222 1945 solum
3261 1905 3563 1958 repraesen-

1989 1989 2164 2033 tantes
2185 2020 2200 2043 ,
2231 1979 2374 2034 sicut
2402 1981 2453 2034 in
2489 1981 2610 2036 aliis
2647 1981 2962 2037 nominibus
2995 1982 3214 2038 evenire
3247 1982 3560 2036 consuevit.

1986 2072 2121 2126 Cum
2158 2072 2301 2125 enim
2335 2070 2472 2128 forte
2501 2074 2815 2142 quaerimus,
2847 2074 2989 2128 unde
3030 2091 3226 2128 nomen
3263 2073 3556 2144 ἀνθρώπου

1989 2164 2289 2219 derivatum
2328 2163 2417 2228 sit,
2453 2174 2506 2219 et
2535 2165 2666 2234 quid
2702 2181 2798 2234 per
2825 2182 2884 2221 se
2911 2166 3202 2234 signiticet,
3229 2167 3565 2220 aﬁirmamus

1988 2267 2374 2326 repraesentare
2399 2258 2504 2311 vim
2529 2257 2620 2310 τοῦ
2645 2257 2758 2311 ἄνω
2787 2257 2998 2327 ἀθρεῖν,
3041 2259 3090 2312 id
3121 2268 3224 2323 est,
3251 2258 3564 2313 facultatem

1989 2348 2040 2402 in
2078 2348 2309 2403 sublime
2342 2347 2665 2418 aspiciendi,
2698 2349 2812 2403 sive
2842 2349 3096 2418 ἁναθρεῖν
3143 2349 3179 2402 ἃ
3220 2351 3466 2412 ὃπωπεν,
3513 2347 3567 2401 id

1986 2444 2091 2502 est,
2124 2437 2434 2505 facultatem
2467 2436 2803 2507 recogitandi
2829 2453 2949 2506 quae
2977 2437 3208 2506 aspexit,
3246 2441 3466 2492 nomine
3494 2452 3562 2490 ex

1986 2528 2220 2598 quadam
2259 2529 2585 2598 etymologia
2625 2536 2678 2582 et
2715 2511 2931 2583 actione
2984 2529 3132 2583 circa
3176 2540 3288 2581 rem
3341 2528 3409 2581 ab
3467 2529 3572 2581 hu-

1985 2633 2147 2673 mana
2194 2627 2374 2674 mente
2423 2620 2752 2690 excogitato.
2782 2621 2918 2675 Cum
2951 2631 3131 2675 autem
3168 2620 3246 2676 sic
3295 2637 3407 2676 rem
3461 2623 3567 2676 ali-

1985 2726 2147 2780 qnam
2199 2710 2535 2766 nominatam
2599 2712 3011 2780 signiﬁcaverit,
3063 2712 3129 2766 ad
3183 2713 3557 2768 deﬁnitionem

1985 2803 2128 2871 ejus,
2161 2813 2216 2858 et
2247 2803 2378 2873 quid
2415 2813 2523 2869 est,
2555 2805 2901 2859 revertimur.
2931 2805 3090 2858 Aliud
3121 2805 3288 2875 igitur
3322 2813 3406 2860 est
3437 2807 3572 2876 quid

1986 2897 2086 2948 hoc
2117 2909 2312 2948 nomen
2348 2893 2622 2961 declaret,
2658 2905 2712 2949 e-t
2741 2896 2886 2951 aliud
2921 2912 3116 2952 rursus
3146 2898 3211 2952 ad
3241 2897 3370 2966 quid
3405 2899 3573 2967 perti-

1985 2996 2108 3042 neat
2140 3002 2228 3041 res
2257 3001 2286 3040 a
2321 2987 2476 3042 nobis
2510 2988 2589 3043 sic
2621 2987 2896 3042 nominata
2931 3005 2943 3041 :
2985 3006 3048 3045 ac
3084 2990 3305 3045 nomina
3332 2990 3551 3059 quidem

1986 3093 2051 3133 ex
2089 3088 2362 3133 convento
2407 3078 2484 3148 (2)
2536 3082 2754 3134 inventa
2802 3090 2929 3135 sunt
2963 3081 3350 3136 allec-tionibus
3379 3081 3575 3136 animm

317 3196 443 3236 cum
478 3177 791 3233 nominibus
828 3176 1186 3231 substantiam
1229 3175 1440 3240 dividi,
1481 3177 1773 3245 opinantur
1818 3177 1902 3230 in-
1929 3191 1969 3249 α
2000 3171 2268 3231 ducibus;
2306 3187 2391 3226 res
2429 3186 2555 3226 vero
2606 3171 2738 3228 foris
2771 3182 3044 3242 quatenus
3077 3188 3419 3242 unaquaeque
3472 3185 3555 3227 est

319 3271 633 3341 telligentiis
669 3271 808 3336 suis,
837 3285 976 3340 quas
1007 3269 1339 3337 concipiunt,
1375 3284 1497 3338 qua:
1527 3278 1652 3322 sunt
1681 3271 1894 3335 penitus

317 3362 537 3430 indigna
565 3361 788 3413 divinis.
825 3359 1262 3414 Consentaneum
1311 3374 1440 3413 vero
1489 3358 1647 3412 nobis
1680 3371 1800 3423 est,
1839 3368 1896 3412 ut

318 3455 413 3522 qui
464 3452 991 3508 veritatis-studiosi
1039 3467 1250 3511 sumus.
1301 3455 1540 3505 sciamus
1569 3451 1809 3505 divinam
1839 3461 1892 3504 et

322 3545 622 3614 simplicem
674 3543 764 3597 Dei
817 3543 1182 3597 substantiam
1220 3557 1340 3596 esse
1383 3542 1764 3610 impartibilem
1790 3583 1803 3605 ,
1839 3553 1892 3595 et

318 3636 484 3689 unius
515 3633 719 3688 tortum.
754 3633 884 3687 Item
917 3632 1218 3703 Gregorius
1247 3633 1523 3702 Nyssenus
1547 3649 1562 3687 :
1589 3631 1668 3693 Si,
1697 3631 1892 3701 inquit,

321 3743 520 3782 nomen
554 3725 646 3780 Di
679 3725 754 3797 (I)
789 3740 1077 3795 personam
1129 3726 1390 3790 declarat,
1422 3741 1542 3779 cum
1577 3733 1684 3780 tres
1713 3740 1898 3795 perso—

319 3837 422 3878 nas
464 3821 718 3883 dicimus,
757 3831 866 3874 tres
901 3812 1034 3874 deos
1070 3820 1386 3873 necessario
1417 3819 1651 3873 dicimus
1692 3834 1706 3872 :
1753 3828 1808 3872 at
1853 3821 1894 3872 si

322 3927 520 3968 nomen
555 3912 649 3965 Dei
681 3911 1047 3965 substantiam
1081 3910 1395 3980 signiﬁcat,
1421 3926 1543 3965 cum
1575 3910 1899 3976 conﬁtemur

321 4019 484 4058 unam
523 3988 882 4058 substantiam
916 4012 1118 4058 sancta:
1148 4001 1456 4068 Trinitatis,
1505 4017 1674 4056 unum
1724 4000 1892 4057 Deum

320 4103 690 4149 consentanee
714 4103 968 4162 putamus
1002 4109 1015 4145 :
1057 4092 1327 4161 siquidem
1359 4107 1552 4146 nomen
1589 4092 1700 4157 Dei,
1737 4092 1899 4147 unius

321 4185 644 4239 substantiae
684 4197 878 4237 nomen
910 4190 1013 4237 est.
1048 4183 1126 4236 Ac
1153 4196 1382 4250 magnus
1415 4181 1576 4235 etiam
1617 4181 1851 4237 Basilius
1883 4199 1896 4235 :

321 4277 376 4332 Si
408 4291 558 4341 vero,
590 4275 787 4342 inquit,
822 4274 1181 4328 substantiam
1218 4273 1307 4326 Dei
1343 4272 1525 4326 lumen
1559 4289 1682 4328 esse
1707 4274 1899 4327 statui-

324 4383 470 4431 mus,
509 4375 602 4421 aut
631 4367 821 4430 vitam,
867 4375 960 4419 aut
990 4366 1191 4419 bonum
1223 4373 1420 4430 totum,
1452 4365 1504 4418 id
1539 4377 1642 4432 ρει,
1671 4382 1792 4418 cum
1829 4365 1900 4420 sit

325 4461 454 4523 vita,
486 4469 658 4514 totum
691 4459 872 4512 lumen
905 4465 1009 4520 est,
1036 4467 1088 4512 et
1125 4466 1292 4512 totum
1327 4459 1552 4523 bonmn,
1585 4462 1693 4511 vita
1716 4469 1897 4512 autem

1999 3265 2349 3322 exstiterunt.
2397 3264 2788 3321 Consentanee
2837 3267 3006 3335 igitur
3057 3268 3109 3321 in
3161 3268 3310 3321 omni
3359 3265 3577 3321 n0mine

1997 3358 2320 3426 quaerimus,
2357 3359 2482 3426 quis
2512 3359 2722 3424 primus
2755 3359 2995 3424 invenit,
3031 3367 3086 3413 et
3115 3360 3256 3413 unde
3297 3376 3449 3412 mens
3478 3358 3578 3413 ho-

2001 3450 2165 3505 minis
2195 3450 2325 3504 illud
2353 3451 2561 3518 accepit
2603 3468 2617 3503 :
2651 3459 2705 3504 et
2735 3451 2800 3505 ad
2837 3466 3002 3520 quam
3056 3467 3166 3506 rem
3216 3465 3406 3505 earum
3457 3465 3577 3520 quae

1997 3550 2148 3596 extra
2184 3551 2330 3606 sunt,
2359 3557 2455 3611 per
2485 3541 2704 3595 nomina
2731 3543 3074 3598 adducimur.

2593 3676 2818 3734 CAPUT
2850 3677 2911 3732 IX
2927 3717 2940 3732 .

2003 3793 2156 3857 Quod
2186 3792 2401 3845 nomina
2441 3791 2618 3845 diuina
2682 3793 2750 3844 ad
2817 3807 2924 3845 rem
2969 3793 3161 3859 ipsam,
3223 3791 3318 3845 Dei
3375 3791 3579 3845 scilicet

2071 3863 2431 3933 substantiam
2467 3862 2654 3933 relata,
2688 3864 2898 3930 proprie
2937 3865 3106 3930 ipsum
3137 3863 3463 3933 signiﬁcant,
3523 3870 3578 3915 et

2071 3949 2171 3985 non
2201 3949 2288 3994 per
2325 3931 2629 3984 abusionem
2661 3947 2680 3984 :
2738 3943 2786 3984 et
2838 3933 2975 3999 quod
3029 3949 3122 4000 per
3174 3931 3578 3999 unumquodque

2070 4003 2255 4055 horum
2277 4003 2554 4073 nominum
2587 4001 2930 4073 Trinitatem,
2955 4019 3071 4073 qua:
3093 4018 3253 4071 supra
3275 4019 3432 4072 quant
3459 4001 3582 4056 sub-

2075 4074 2273 4126 stantia
2319 4081 2418 4136 est,
2485 4071 2842 4124 declaramus.

2074 4183 2306 4238 Sanctus
2337 4182 2572 4254 Cyrillus
2613 4183 2666 4237 in
2708 4182 2990 4240 Tltesauris
3043 4183 3115 4255 (c)
3169 4185 3289 4239 ait:
3346 4183 3583 4254 Oporte-

2001 4277 2092 4332 bat
2119 4285 2318 4341 tacere,
2354 4283 2409 4329 et
2439 4275 2574 4328 nihil
2599 4281 2664 4329 ad
2725 4276 2952 4330 istorum
3019 4277 3091 4330 ita
3150 4276 3354 4331 fatuam
3411 4291 3581 4345 argu-

2001 4368 2392 4423 mentationem
2428 4367 2776 4435 respondere.
2817 4367 2880 4421 Et
2914 4366 3076 4436 paulo
3123 4379 3243 4437 pOSt
3279 4385 3292 4422 :
3328 4368 3507 4434 Quare
3534 4367 3582 4423 si

2003 4460 2126 4530 quis
2155 4459 2428 4514 hominem
2472 4459 2794 4522 nominavit,
2818 4459 2944 4526 quia
2987 4460 3150 4512 homo
3180 4475 3286 4513 non
3338 4469 3421 4516 est
3463 4463 3582 4514 .hoc

322 4566 670 4621 consequens
719 4550 884 4605 habet
930 4549 1232 4619 ingenitum
1286 4567 1300 4604 :
1347 4551 1620 4618 quomodo
1675 4567 1780 4605 non
1819 4561 1905 4606 est
1934 4525 2226 4604 l)omnino
2258 4563 2480 4611 nomen,
2516 4547 2660 4618 quod
2722 4550 2996 4603 hominem
3047 4550 3336 4617 signiﬁcat,
3393 4560 3452 4604 ut
3492 4551 3584 4605 isti

322 4657 522 4711 expers
549 4637 990 4707 compositionis,
1035 4637 1128 4706 qui
1164 4647 1248 4691 est
1299 4639 1598 4692 secundum
1648 4641 1904 4694 substan-

325 4737 458 4790 tiam
513 4731 780 4802 simplex?
827 4730 978 4810 Idem
1027 4729 1194 4783 etiam
1228 4743 1241 4781 :
1277 4726 1506 4784 Nomina
1557 4733 1734 4801 magni
1772 4733 1861 4786 Dei
1887 4745 1934 4794 ,'

397 4877 438 4909 “
471 4874 640 4930 Exod.
669 4890 750 4939 ιιι;
785 4871 922 4929 Gen.
958 4886 1005 4937 ις
1056 4869 1212 4924 Deut.
1238 4885 1313 4924 vr.
1354 4899 1362 4908 -

2008 4651 2483 4714 argumentantur,
2511 4641 2774 4712 intelligat
2815 4642 2980 4711 igitur
3009 4641 3155 4694 aliud
3194 4643 3347 4711 quid,
3381 4653 3433 4696 et
3475 4659 3585 4697 non

2015 4737 2119 4791 hoc
2151 4737 2389 4806 penitus,
2425 4733 2569 4805 quod
2607 4750 2804 4790 nomen
2853 4733 3123 4805 signiﬁcat
3149 4750 3164 4788 :
3195 4743 3252 4788 at
3279 4735 3326 4790 si
3374 4737 3478 4790 hoc
3501 4737 3586 4792 iu-

1613 4989 1858 5052 Seholia
1893 4991 1956 5051 S.
1987 4989 2267 5051 Thomas.

403 5099 480 5168 (l)
513 5096 636 5152 llaec
675 5114 775 5153 vox
799 5139 814 5162 ,
851 5099 1012 5163 Deus,
1047 5100 1188 5154 sicut
1220 5099 1461 5153 continet
1493 5114 1775 5168 personas,
1814 5099 1894 5152 sic

328 5171 495 5224 etiam
549 5169 816 5235 signiﬁcat
862 5182 917 5224 et
957 5172 1200 5224 declarat
1249 5185 1528 5236 personas,
1579 5178 1631 5220 et
1675 5171 1743 5223 de
1798 5169 1904 5221 illis

333 5239 700 5308 prmdicatur:
735 5241 827 5293 sed
876 5241 1004 5309 quia
1059 5258 1165 5294 non
1219 5244 1394 5292 solum
1436 5241 1676 5292 declarat
1708 5254 1900 5307 perso-

333 5324 483 5371 nam,
536 5309 628 5361 ειη]
678 5310 837 5362 etiam
884 5327 1043 5364 unum
1094 5321 1341 5364 naturain
1391 5325 1738 5362 ςοιιιιιιιιιιριιι
1797 5325 1900 5363 [1011

336 5379 665 5447 cogitatione
698 5380 830 5442 sola,
875 5384 966 5432 sed
1002 5396 1077 5442 re,
1110 5381 1310 5433 idcirco
1341 5382 1432 5448 qui
1475 5379 1606 5433 dicit
1637 5391 1747 5432 tres
1780 5394 1902 5446 per-

333 5463 523 5513 sonas,
544 5463 648 5502 non
671 5450 945 5503 dicitdicit
976 5459 1084 5504 tres
1113 5452 1242 5504 deos
1262 5451 1424 5513 (sicut
1456 5450 1548 5517 qui
1579 5459 1688 5501 tres
1723 5449 1900 5500 Immi-

336 5518 458 5584 nes)
484 5519 579 5572 scd
613 5534 779 5571 unum
808 5535 820 5568 :
851 5520 1022 5573 deilas
1059 5535 1184 5573 vero
1215 5523 1314 5572 clsi
1345 5521 1583 5587 continet
1614 5534 1894 5585 personas,

333 5598 390 5642 et.
433 5588 500 5642 de
546 5588 650 5642 illis
679 5588 1005 5656 praedicatur
1049 5590 1348 5643 secundum
1395 5606 1532 5648 rent,
1567 5592 1895 5656 tamenquia

408 5729 486 5798 (a)
517 5727 572 5780 In
604 5726 764 5796 epist.
796 5729 857 5781 de
884 5730 1100 5798 synodis
1128 5729 1352 5798 Arimini
1383 5738 1436 5780 ct
1461 5728 1739 5783 Seleuciae.

408 5797 488 5867 (ὁ)
519 5798 574 5850 ιιι
605 5799 843 5852 seettnda
877 5797 1118 5854 oratione
1155 5804 1218 5852 de
1245 5797 1559 5867 Theologia.

2008 5099 2306 5152 Secundum
2361 5095 2577 5149 modum
2619 5109 2962 5150 communem
3005 5095 3366 5164 signiﬁcandi.
3426 5106 3585 5150 natu-

2010 5183 2125 5220 ram
2155 5167 2274 5219 sine
2303 5166 2725 5236 proprietatibus
2757 5162 3110 5236 hypostaticis
3142 5167 3437 5236 signiﬁcat,
3475 5181 3582 5220 non

2008 5232 2330 5306 praedicatur
2372 5232 2587 5303 proprie
2637 5232 2704 5289 de
2751 5232 3020 5305 personis.
3055 5232 3219 5290 Pater
3248 5237 3391 5289 enim
3444 5236 3584 5287 divi-

2007 5308 2180 5360 nitate
2232 5316 2285 5359 et
2318 5307 2642 5374 paternitate
2673 5316 2931 5374 tanquam
2963 5307 3134 5359 forma
3169 5317 3222 5360 et
3257 5306 3583 5372 proprietate

2006 5376 2352 5445 hypostatica
2406 5375 2564 5429 Pater
2596 5386 2678 5430 est
2706 5393 2720 5442 ;
2754 5387 2805 5429 et
2839 5376 3088 5429 similiter
3123 5377 3175 5428 in
3213 5374 3453 5443 reliquis.

2012 5508 2014 5511 τ
2048 5443 2152 5515 t2)
2189 5445 2300 5500 Hoc
2334 5446 2486 5508 dicit,
2518 5447 2643 5513 quia
2679 5447 2903 5500 nomina
2934 5461 2998 5500 ex
3031 5446 3332 5500 constituto
3368 5443 3582 5515 signiﬁ-

2001 5512 2128 5568 cant
2157 5531 2171 5568 :
2203 5525 2255 5568 et
2298 5531 2359 5568 ea
2393 5531 2512 5581 quc
2539 5512 2675 5568 sunt
2707 5517 2758 5569 in
2791 5531 2943 5582 voce,
2982 5517 3137 5585 signa
3170 5523 3301 5570 sunt
3331 5512 3580 5568 all'cctiu-

2003 5601 2130 5638 num
2162 5601 2280 5653 qua:
2313 5587 2365 5637 in
2401 5586 2582 5638 anima
2625 5597 2774 5640 sttnt.

2086 5727 2156 5778 Icl
2187 5727 2308 5785 Lib.
2336 5743 2430 5783 vlt.
2464 5742 2581 5796 cap.
2613 5727 2670 5781 2.
