4078 6274
547 316 662 380 803

1698 309 2022 372 JOANNIS
2052 306 2232 364 CYPA
2246 296 2614 361 RiSSIOTE

3702 295 3801 360 8M

567 444 619 486 et
651 433 1153 499 immutabilem,“ut
1189 433 1437 496 salutem,
1469 440 1527 485 ut
1561 429 1852 499 justitiam,
1905 437 1964 482 ut
2013 441 2138 482 san-
2166 425 2214 485 Α
2241 429 2418 474 torum
2457 418 2739 472 nominum
2777 413 3008 471 efficitur
3040 411 3218 478 nobis,
3251 419 3305 466 et
3338 426 3458 466 cum
3481 414 3604 466 non'
3626 425 3801 480 paucis

561 523 970 589 ctiticationetn,
1020 535 1078 580 ut
1123 523 1574 592 redemptionem,
1654 531 1712 574 ut
1761 518 2132 590 magnitudine

534 615 751 668 ~omnia
782 622 1128 683 superantem
1154 631 1168 677 ;
1197 622 1250 667 et
1276 624 1336 666 ut
1364 613 1417 664 in
1448 626 1578 664 aura
1613 608 1962 678 tenui.Atqui
1993 617 2046 660 ct
2075 607 2130 659 in

563 703 840 772 mentibus
871 719 992 756 eum
1025 717 1143 758 esse
1173 704 1378 766 dicunt,
1406 717 1462 756 et
1500 704 1551 754 in
1582 703 1825 768 animis;
1853 711 1906 754 et
1930 713 2122 768 corpo-

562 793 738 858 ribus,
765 803 818 846 ct
846 795 898 847 in
935 793 1095 856 coelo,
1133 803 1185 846 et
1219 794 1464 857 interra,
1490 802 1544 846 ct
1587 793 1749 848 simul
1818 793 1872 846 in
1931 791 2122 845 eodem

561 883 836 946 eumdem,
876 884 930 936 in
959 884 1180 946 mundo,
1213 884 1355 938 circa
1395 885 1683 947 tnuudum,
1739 898 1903 952 supra
1967 897 2127 937 mun-

548 973 702 1036 dum,
751 988 917 1040 supra
979 973 1203 1037 coelum,
1259 987 1422 1040 supra
1488 974 1873 1037 substantiam,
1925 972 2122 1034 solem,

549 1062 781 1137 stellam,
821 1065 1022 1132 ignem,
1057 1078 1281 1133 aquam,
1313 1063 1592 1132 spiritum,
1628 1079 1835 1129 rorem,
1895 1063 2118 1126 nubem,

546 1166 643 1219 per
672 1167 730 1206 se
772 1153 1026 1221 lapidem,
1055 1164 1286 1222 petram,
1319 1154 1501 1207 omnia
1534 1170 1653 1222 qua:
1688 1165 1838 1218 sunt,
1871 1167 1925 1208 et
1985 1154 2122 1208 nihil

543 1255 734 1294 eorum
767 1257 886 1310 qua:
917 1250 1069 1297 sunt.
1100 1241 1191 1296 Sic
1222 1243 1384 1312 igitur
1406 1243 1454 1296 ei
1483 1242 1575 1311 qui
1631 1241 1874 1295 omnium
1933 1257 2118 1295 rerum

542 1341 831 1398 causaest,
861 1342 914 1386 et
944 1347 1110 1402 supra
1125 1334 1337 1396 omnia,
1365 1333 1619 1400 congruit
1645 1329 1834 1388 carere
1859 1333 2116 1399 nomine;

541 1433 593 1476 et
622 1433 931 1491 congruunt
962 1439 1150 1480 rursus
1175 1426 1357 1478 omnia
1383 1439 1566 1478 rerum
1597 1425 1840 1478 omnium
1873 1428 2114 1492 nomina,

541 1523 601 1567 ut
633 1515 704 1568 sit
764 1513 1001 1583 perfecte
1068 1530 1296 1584 regnum
1351 1517 1728 1570 univcrsitatis
1796 1532 1998 1580 rerum,
2061 1526 2113 1571 et

539 1603 682 1658 circa
710 1605 885 1672 ipsum
919 1605 1030 1659 sint
1058 1606 1262 1666 omnia,
1297 1622 1359 1659 ex
1395 1607 1510 1674 ipso
1544 1615 1800 1675 tanquam
1828 1622 1892 1661 ex
1925 1622 2112 1672 causa,

539 1695 833 1764 principio,
869 1703 922 1748 et
951 1696 1055 1748 line
1095 1706 1286 1749 cuncta
1331 1697 1622 1764 pendeant,
1653 1705 1708 1751 et
1737 1697 1850 1764 ipse
1909 1697 2002 1763 sit,
2054 1707 2113 1751 ut

2235 509 2548 565 nominibus
2580 509 2899 562 invocamus
2930 524 2948 570 ;
2981 505 3176 559 deinde
3200 504 3417 571 cognito
3461 518 3656 557 rursus
3712 517 3803 556 no-

2224 611 2346 657 stro
2390 617 2494 654 usu
2525 598 2806 665 multiplici
2849 606 2905 651 et
2965 597 3119 650 vario
3163 594 3476 647 nominandi
3532 591 3716 655 Deum,
3751 603 3800 648 et

2231 706 2488 749 concessa
2517 689 2866 742 multitudine
2903 687 3210 750 nominum,
3238 683 3307 739 ad
3366 694 3583 738 sextum
3641 693 3796 751 caput

2225 783 2571 842 deducimur,
2612 791 2805 831 rursus
2861 777 3198 838 dubitantes,
3251 788 3318 828 an
3378 788 3442 826 ex
3505 772 3796 826 aeternitate

2226 873 2451 927 nomina
2481 872 2591 925 Deo
2619 869 2978 932 tribuantur;
3015 876 3309 936 postquam
3342 881 3470 919 vero
3490 863 3793 918 audivimus

2224 975 2345 1034 post
2379 979 2464 1017 res
2492 962 2637 1030 ipsas
2673 961 2890 1014 inventa
2926 973 3050 1013 esse
3081 959 3331 1021 nomina,
3360 966 3414 1011 et
3445 967 3570 1026 post
3625 957 3797 1010 homi.

2222 1072 2344 1110 nem
2378 1055 2630 1123 imposita
2663 1051 2857 1114 fuisse,
2891 1053 2956 1105 ad
2988 1051 3470 1120 contemplandum
3504 1067 3627 1120 qua:
3664 1061 3786 1104 sunt

2224 1151 2443 1219 septimi
2476 1149 2695 1218 capitis,
2740 1147 3130 1211 occurrimus;
3191 1145 3334 1215 quod
3401 1145 3618 1199 scilicet
3659 1145 3792 1200 sicut

2223 1242 2486 1293 varietate
2530 1237 2810 1291 nominum
2842 1236 3154 1290 varietatem
3187 1235 3566 1303 Operationum
3601 1249 3789 1303 reprm-

2217 1340 2504 1386 sentatnus
2546 1345 2560 1381 :
2609 1329 2687 1382 sic
2722 1325 3036 1380 nominibus
3067 1325 3234 1378 variis
3278 1327 3344 1379 ad
3385 1324 3555 1378 Deum
3613 1325 3787 1379 relatis

2217 1441 2321 1477 non
2359 1438 2651 1492 possumus
2679 1422 2997 1476 varietatem
3030 1435 3211 1474 rerum
3287 1419 3658 1488 stilijectarum
3712 1419 3787 1470 inc

2215 1516 2489 1586 telligcre;
2526 1525 2748 1569 Ostenso
2777 1522 2958 1568 autem
3017 1513 3186 1566 mttlta
3219 1512 3324 1564 dici
3383 1511 3450 1566 de
3511 1526 3621 1563 uno
3667 1511 3786 1562 sub-

2209 1606 2382 1675 jecto,
2415 1605 2725 1659 necessario
2769 1604 3101 1670 sequebatur
3156 1612 3408 1675 octavum
3465 1610 3648 1670 caput,
3681 1616 3781 1654 non

2215 1711 2338 1750 esse
2372 1695 2584 1750 scilicet
2617 1695 2766 1748 aliud
2798 1694 3107 1762 subjectum
3142 1691 3194 1744 in
3248 1669 3382 1754 Deo:
3407 1693 3514 1745 nisi
3552 1691 3783 1749 divinam

538 1787 613 1838 ait
645 1762 928 1848 Scriptura
958 1786 1023 1848 ³⁸,
1053 1788 1232 1839 omnia
1267 1762 1625 1841 inicinnibus.
1662 1787 1737 1840 Ex
1758 1762 1769 1764 ἡ
1793 1787 1879 1842 his
1940 1762 2108 1856 igitur
2138 1762 2187 1822 Β
2213 1796 2266 1842 et
2302 1789 2512 1841 beatam
2537 1787 2902 1841 substantiam
2927 1785 3047 1852 ejus
3074 1826 3090 1849 ,
3123 1799 3284 1851 quam
3320 1798 3468 1836 nono
3492 1782 3611 1836 loco
3668 1798 3783 1850 pro.

536 1875 879 1928 manifestum
907 1876 984 1939 fit,
1016 1892 1137 1932 esse
1172 1879 1349 1943 ipsum
1381 1893 1544 1929 unum
1582 1876 1748 1930 Deum
1774 1886 1885 1930 tum
1909 1878 2111 1932 nullius

535 1965 795 2031 nominis,
851 1976 965 2020 tum
1015 1967 1344 2032 multorum;
1403 1967 1608 2022 nullius
1641 1967 1887 2036 quidem.
1934 1968 2112 2034 quoad

533 2054 662 2123 quid
694 2068 800 2118 est,
837 2057 1136 2111 multorum
1163 2068 1598 2127 vero,quatcnus
1629 2058 1785 2112 exiis
1811 2074 1931 2128 qua:
1957 2058 2104 2122 fecit,

532 2147 792 2214 probatur
832 2163 990 2210 esse;
1018 2163 1124 2200 non
1157 2148 1433 2216 discrepat
1468 2147 1613 2216 quod
1643 2161 1704 2200 cx
1747 2147 2105 2202 demonstra-

530 2239 600 2291 tis
631 2239 879 2306 sequitur
928 2256 943 2292 :
975 2255 1164 2293 verum
1189 2241 1334 2293 enim
1363 2249 1449 2294 est
1478 2239 1622 2309 quod
1677 2240 1908 2295 humana
1956 2258 2108 2298 mcns

527 2328 752 2380 nomina
783 2328 875 2382 Dei
935 2332 1239 2394 adiuvi-nit,
1289 2343 1443 2385 utens
1491 2333 1607 2385 vice
1655 2334 1895 2385 materia:
1943 2335 2106 2389 rebus

527 2417 852 2488 miris,quas
885 2421 936 2474 in
967 2421 1224 2475 universo
1245 2423 1554 2490 speculatur
1581 2433 1636 2477 et
1654 2425 2051 2491 contemplatur
2085 2445 2098 2490 ;

525 2515 581 2560 et
609 2509 814 2563 idcirco
845 2511 910 2563 ad
946 2525 1112 2565 unam
1150 2527 1262 2565 rem
1295 2511 1618 2582 subjectam,
1669 2514 1734 2566 ad
1778 2513 1955 2582 ipsum
1998 2517 2102 2569 sci-

525 2599 653 2653 licet
681 2600 846 2654 Deutn
875 2617 933 2656 se
959 2602 1072 2669 ipsa
1104 2602 1401 2668 deducens,
1435 2604 1496 2656 ad
1525 2604 1964 2658 informationem
1983 2605 2100 2673 ejus

525 2691 602 2743 rei
641 2706 802 2759 quam
840 2694 1059 2760 quaerit,
1099 2705 1411 2748 revocatur.
1435 2693 1504 2752 Ut
1537 2697 1826 2763 igiturbzec
1857 2711 2099 2750 sumina-

523 2787 620 2834 tim
656 2791 986 2851 repetamus,
1028 2795 1081 2838 et
1150 2786 1452 2840 secundum
1481 2787 1877 2855 eitpositionem
1931 2799 2097 2840 mate-

521 2874 721 2927 riarutn
755 2883 1135 2939 retractemus,
1197 2878 1430 2944 primum
1493 2878 1926 2932 demonstratum
1988 2888 2093 2943 est,

519 2965 975 3033 quemadmodum
1008 2982 1164 3021 mens
1199 2967 1434 3022 hominis
1463 2968 1682 3022 nomina
1725 2969 1818 3022 Dei
1873 2969 2093 3038 excogi-

2215 1881 2331 1949 prie
2387 1879 2657 1933 nominari
2712 1877 3042 1939 didicimus,
3093 1891 3200 1929 non
3258 1874 3389 1945 quid
3421 1884 3525 1936 est,
3579 1878 3779 1928 curiose

2213 1970 2574 2038 inquirentes,
2609 1968 2700 2022 sed
2763 1969 2908 2037 quod
2941 1975 3024 2020 est
3081 1975 3285 2018 tantum
3323 1984 3336 2030 ;
3368 1966 3434 2019 ad
3504 1967 3778 2034 imponen-

2210 2062 2337 2116 dum
2373 2061 2529 2112 tinem
2559 2059 2745 2113 decatli
2785 2058 3114 2123 sequebatur
3162 2057 3429 2110 decimum
3486 2066 3664 2124 caput,
3726 2055 3773 2108 in

2209 2166 2319 2218 quo
2357 2150 2671 2203 conclusum
2708 2157 2793 2200 est
2835 2163 2898 2199 ex
2959 2147 3369 2211 demonstratis,
3421 2147 3668 2200 eumdem
3727 2153 3775 2198 ct

2212 2256 2378 2295 unum
2420 2239 2586 2294 Deum
2629 2254 2816 2292 carere
2867 2238 3027 2291 nobis
3073 2238 3312 2300 nomine,
3349 2246 3405 2291 et
3446 2252 3567 2292 esse
3628 2235 3771 2289 nobis

2212 2329 2511 2381 multorum
2547 2328 2825 2380 nominum
2860 2343 2874 2378 :
2914 2327 3038 2380 illud
3062 2327 3303 2394 quidem,
3337 2327 3386 2381 id
3441 2338 3544 2390 est,
3597 2341 3771 2380 carere

2209 2435 2437 2488 prorsus
2467 2419 2708 2479 nomine,
2739 2427 3008 2486 qnatcnus
3040 2418 3167 2485 quid
3204 2428 3305 2481 est,
3335 2419 3437 2470 hoc
3471 2433 3617 2481 vero,
3648 2432 3768 2486 qua-

2208 2520 2366 2562 tenus
2393 2509 2565 2561 solum
2594 2517 2710 2571 cst;
2737 2509 2818 2559 sic
2847 2509 2991 2560 enim
3021 2507 3244 2561 infinitis
3270 2509 3586 2564 nominibus
3616 2524 3677 2561 ex
3707 2508 3767 2562 iis

2200 2615 2321 2668 quae
2350 2601 2624 2669 produxit,
2677 2600 3005 2668 appellatur.
3034 2599 3176 2652 Nihil
3212 2600 3392 2668 itaque
3431 2616 3618 2655 eorum
3654 2616 3765 2668 qua:

2201 2695 2340 2746 sc;re
2369 2692 2454 2745 hic
2480 2705 2617 2758 Opus
2643 2702 2781 2754 erat,
2817 2690 3051 2760 theologi
3109 2691 3450 2760 reliquerunt
3479 2712 3491 2745 :
3527 2703 3763 2758 recteque

2197 2779 2468 2848 inscripta’
2482 2787 2563 2833 est
2587 2780 2765 2842 decas,
2793 2777 2866 2831 De
2890 2777 3275 2833 informatione
3304 2781 3472 2833 divini
3507 2764 3758 2844 nominis;

2197 2886 2305 2924 non
2331 2872 2471 2923 enim
2505 2874 2873 2939 preprietates
2913 2869 3222 2922 divinorum
3285 2872 3570 2925 nominum
3631 2887 3757 2924 enu-

2204 2966 2497 3017 merantes,
2523 2955 2885 3010 materiari-am
2915 2957 3310 3024 expositionem
3344 2972 3533 3012 earum
3570 2974 3596 3010 a
3623 2961 3759 3012 theo-

522 3054 656 3128 tavit
682 3070 699 3106 :
725 3063 780 3107 et
809 3055 879 3107 ob
912 3056 1048 3108 hanc
1082 3071 1303 3110 causam
1361 3058 1473 3111 hanc
1521 3059 1588 3112 de
1640 3060 1955 3113 norninilius
1998 3060 2087 3114 Dei
2121 3090 2164 3147 ο
2221 3051 2365 3120 legis
2391 3050 2645 3104 traditam
2688 3047 3090 3147 .ordinabamus
3120 3067 3134 3114 ;
3168 3052 3410 3105 dicemus
3446 3053 3587 3106 enim
3616 3052 3758 3105 dein-

523 3145 775 3196 Iractatio
798 3146 961 3212 νοητή
998 3155 1247 3210 vocatur,
1297 3146 1348 3199 id
1401 3157 1501 3211 est,
1556 3149 1622 3201 ad
1681 3149 2092 3218 intelligentiam

521 3232 841 3302 pertinens;
892 3235 1152 3298 secundo,
1184 3238 1612 3291 demonstratum
1666 3248 1747 3293 est
1803 3239 1966 3294 Deum
2022 3243 2091 3296 ah

519 3320 724 3374 etl‘cctis
760 3321 1008 3375 laudari:
1042 3323 1224 3389 tertio,
1261 3341 1382 3393 qua:
1415 3337 1541 3380 sunt
1603 3327 1813 3393 eﬂ‘ecta,
1872 3337 1925 3384 et
1972 3347 2092 3399 qua:

516 3422 548 3462 e
569 3423 707 3462 )ruin
745 3413 968 3463 materia
993 3424 1012 3462 .'
1042 3422 1232 3479 posteo
1266 3417 1631 3483 quaarebatur,
1659 3425 1931 3488 quomodo
1949 3420 2088 3477 Deus

516 3500 585 3553 ab
613 3498 818 3556 cﬂettis
858 3506 1194 3569 nominatur,
1228 3516 1283 3560 et
1314 3523 1419 3561 non
1445 3509 1513 3561 ab
1536 3510 1599 3563 iis
1651 3527 1768 3578 qua:
1807 3523 1938 3565 sunt
1989 3527 2086 3565 na-

513 3599 648 3643 turae
701 3591 857 3660 ejus:
889 3593 988 3647 hae
1025 3604 1204 3660 autem
1255 3597 1594 3656 dubitatione
1657 3603 1854 3668 Soluta,
1892 3605 2094 3673 quinto.

510 3681 685 3748 capite
715 3684 944 3751 quaestio
971 3699 1035 3738 ac
1080 3685 1350 3743 dubitatio
1390 3699 1529 3755 erat,
1555 3707 1721 3762 quare
1743 3693 1886 3748 Deus
1945 3696 2085 3749 inul-

583 3844 628 3873 ³⁸
665 3843 832 3900 lCor.
859 3860 980 3906 xm.
1017 3846 1106 3902 28.

2196 3154 2320 3209 ceps
2353 3139 2518 3192 decis
2554 3137 2789 3190 breviter
2809 3146 3168 3190 etcontracte
3227 3140 3406 3206 quoad
3468 3140 3578 3194 ﬁcri
3612 3150 3753 3209 pote-

2195 3235 2286 3288 rit.
2318 3233 2460 3298 Quot
2488 3240 2668 3284 autem
2693 3231 2868 3285 modis
2914 3230 3158 3283 divinum
3216 3246 3410 3284 nomen
3480 3241 3747 3296 tractatur,

2193 3324 2447 3394 superius
2475 3323 2834 3387 ostendimus,
2865 3321 3146 3390 tripliciter
3197 3337 3292 3376 eos
3329 3325 3538 3390 partiti,
3594 3321 3748 3375 infor-

2195 3417 2488 3470 mationem
2522 3415 2825 3478 nominum,
2855 3423 2910 3467 et
2941 3413 3084 3467 unde
3113 3423 3325 3481 sumpta
3379 3424 3529 3479 sunt,
3589 3423 3641 3468 et
3685 3411 3743 3464 ad

2192 3507 2322 3577 quid
2344 3508 2444 3562 ista
2474 3506 2690 3560 nomina
2719 3521 2816 3559 nos
2863 3505 3134 3559 adducant
3183 3515 3238 3557 ct
3290 3507 3609 3574 perticiant;
3648 3518 3743 3555 ca:-

2192 3609 2305 3654 tera
2335 3599 2435 3652 alia
2481 3597 2884 3652 accommodate
2919 3598 2984 3650 ad
3047 3597 3147 3654 ista
3194 3612 3316 3666 quae
3355 3597 3739 3668 quaerebamus,

2195 3691 2527 3746 inciderunt.

2014 3943 2287 4007 SchoHa.

511 4089 738 4159 stitiam,
771 4102 824 4143 ut
856 4091 1346 4159 sancti/irationem,
1371 4100 1426 4142 ut
1463 4091 1889 4159 redemptionem.
1917 4093 2078 4148 lCor.

505 4172 542 4208 ι.
583 4156 646 4210 Ut
674 4156 1038 4228 magnitudine
1059 4162 1233 4211 omnia
1268 4173 1619 4227 superantem.
1642 4156 1796 4215 ﬁi‘sal.
1834 4177 1975 4214 χειν.
2007 4162 2078 4215 Et

504 4238 560 4277 ut
595 4228 644 4279 in
673 4246 807 4281 aura
834 4233 999 4282 tenui.
1026 4228 1091 4281 Ill
1137 4229 1265 4297 Reg.
1294 4244 1408 4280 tux.
1450 4231 1609 4294 Atqui
1638 4240 1685 4281 et
1729 4231 1779 4281 in
1816 4233 2075 4284 utentibus

505 4311 619 4366 eum
647 4315 756 4350 esse
805 4299 1011 4350 dicunt.
1043 4298 1244 4366 liphes.
1282 4312 1361 4350 ιιι.
1392 4299 1420 4366 ii
1447 4311 1602 4350 cntcs
1631 4299 1776 4350 enim
1825 4312 1978 4353 vocat
2001 4303 2072 4354 ibi

502 4361 705 4434 Paulus
735 4370 919 4420 corda.
957 4366 1020 4419 Et
1061 4361 1114 4418 in
1148 4367 1358 4418 animis.
1383 4365 1509 4433 Sap.
1538 4381 1628 4420 vn.
1658 4367 1718 4420 Et
1746 4368 1798 4420 in
1839 4371 2068 4434 animas,

503 4433 700 4502 inquit,
732 4447 950 4504 sanctas
979 4452 1036 4488 se
1069 4437 1344 4504 transfert.
1374 4435 1438 4488 Et
1460 4438 1513 4487 in
1541 4438 1866 4504 corporibus.
1901 4433 2070 4494 lCor.

501 4516 574 4563 ιιι,
610 4514 662 4553 et
722 4505 736 4554 1
795 4503 1040 4559 Thessal.
1077 4520 1151 4558 v:
1193 4503 1258 4556 Ut
1322 4506 1529 4572 integer
1578 4503 1800 4572 spiritus
1859 4521 2063 4573 vester,

500 4582 554 4624 ct
587 4573 792 4635 anitna,
829 4585 880 4624 et
908 4589 1107 4642 corpus
1137 4575 1255 4626 sine
1285 4576 1505 4642 Quercla
1533 4587 1805 4640 servetur;
1836 4579 1936 4630 hoc
1966 4592 2064 4630 au-

500 4649 604 4692 to-ni
640 4642 691 4692 tit
715 4643 984 4696 habitante
1013 4644 1118 4696 Deo
1147 4645 1197 4695 in
1238 4656 1437 4701 mente,
1468 4655 1521 4696 et
1548 4645 1598 4696 itt
1635 4649 1841 4711 anima,
1869 4657 1923 4700 et
1943 4659 2066 4699 eoi--

498 4725 662 4782 iiort-;
699 4722 929 4782 mentem
971 4716 1184 4765 vocavit
1224 4712 1329 4782 hic,
1364 4712 1561 4782 Paulus
1590 4715 1840 4782 spiritum
1871 4732 1888 4780 ;
1940 4729 1993 4769 et
2021 4714 2064 4769 ll

495 4781 620 4829 tior.
665 4796 712 4832 VI
739 4799 751 4833 :
781 4781 844 4834 Et
879 4783 1186 4835 inhabitabo
1230 4782 1281 4834 in
1303 4781 1426 4847 illis,
1463 4781 1672 4836 scilicet
1701 4785 1752 4835 in
1777 4786 2066 4846 tuentibus,

494 4858 548 4920 et
577 4849 793 4913 animis,
833 4862 895 4920 et;
914 4853 1257 4920 corporibus.
1315 4850 1382 4902 Et
1432 4852 1487 4903 in
1535 4853 1681 4914 cwlo,
1712 4855 1846 4906 etin
1890 4865 2056 4907 terra.

424 4955 433 4964 .
497 4915 655 4990 Il_icr._
683 4934 832 4990 nni.
873 4917 936 4970 Et
966 4915 1126 4972 stinut
1167 4922 1220 4972 in
1261 4922 1438 4973 eodem
1469 4923 1727 4977 eumdem.
1758 4923 1866 4976 l‘loc
1896 4939 2062 4990 extio-

500 4985 576 5037 nit
608 4987 747 5040 idem
785 4988 1077 5060 Dionysius
1110 5006 1232 5058 cap.
1257 5005 1311 5060 ix_
1348 4993 1416 5042 de
1447 5007 1662 5060 magno,
1717 5007 1767 5043 et
1800 4985 1984 5060 parvo,
2011 5003 2066 5046 et

493 5067 709 5112 t'ottctn.
773 5066 877 5110 etc.
916 5058 978 5110 Ιιι
1029 5067 1236 5111 mundo.
1285 5058 1443 5113 Jonn.
1501 5058 1558 5111 ι.⁷
1596 5060 1750 5113 Circa
1786 5058 2061 5115 inundant.

494 5120 641 5175 Eccli
671 5126 1023 5197 Σιιιιηδιιρει·
1054 5134 1326 5181 munitum.
1365 5127 1465 5180 lsa.
1493 5144 1637 5182 tim.
1677 5129 1854 5197 Supra
1883 5134 2068 5183 cretum

492 5206 538 5268 ct
573 5211 732 5262 supra
755 5196 1135 5268 substantiam.
1179 5197 1268 5252 ινδ.
1301 5209 1443 5268 uti.
1472 5197 1597 5264 Supi
1621 5215 1644 5250 r
1678 5196 1846 5253 ιωιυδ
1893 5200 2067 5268 gloria

495 5262 635 5330 ejus.
673 5265 875 5323 Solent.
933 5266 1163 5326 Malath.
1221 5283 1296 5322 tv.
1330 5262 1574 5322 Stellam.
1633 5270 1803 5338 Apoc.
1857 5262 2070 5344 ultimo.

2040 5572 2066 5605 ἱ

2190 4093 2394 4165 Ignem.
2430 4097 2580 4150 Deut.
2611 4113 2680 4150 tv.
2710 4095 2933 4162 Aquam.
2969 4093 3129 4149 Joan.
3164 4111 3259 4150 vn.
3282 4095 3560 4164 Spiritum.
3588 4095 3730 4149 Joan.

2187 4182 2257 4220 tv.
2286 4165 2494 4219 liorem.
2523 4172 2677 4219 Osce.
2714 4181 2820 4218 MV.
2853 4166 3078 4220 Nubem.
3128 4168 3285 4220 Osee.
3307 4184 3377 4219 vr.
3411 4169 3511 4219 Per
3532 4184 3584 4220 se
3611 4166 3734 4230 lapi-

2183 4235 2299 4288 dem
2333 4236 2629 4288 αὑτόλιοον.
2659 4233 2748 4287 Ps.
2785 4249 2951 4287 Lxxx.
2987 4236 3119 4289 Esse
3151 4238 3293 4288 enim
3338 4236 3730 4290 fundauit-iitum

2182 4307 2412 4374 propria:
2439 4307 2677 4366 virtutis,
2708 4315 2760 4356 ct
2784 4319 2880 4372 per
2906 4320 2984 4369 se,
3009 4307 3226 4358 Christo
3256 4312 3507 4358 convenit
3529 4314 3731 4372 propter

2181 4376 2546 4432 divinitatem.
2579 4389 2700 4441 qua:
2742 4389 2845 4424 una
2882 4383 2936 4425 et
2982 4375 3164 4426 eadem
3199 4387 3283 4438 est
3325 4374 3378 4426 in
3413 4377 3586 4427 tribus
3613 4386 3727 4439 per-

2180 4447 2354 4506 sonis,
2383 4460 2502 4512 quae
2532 4444 2656 4495 fecit
2682 4445 2734 4493 in
2766 4444 2880 4508 ipso
2910 4441 3152 4506 Christo,
3181 4460 3395 4496 suoitno
3432 4442 3602 4512 lapide
3632 4456 3730 4512 ian-

2103 4498 2146 4552 ί)
2214 4498 2370 4578 ulari,
2403 4498 2654 4578 Intraque
2691 4498 2858 4563 unum
2889 4513 2974 4563 cui
3002 4498 3256 4564 convenit
3295 4527 3416 4564 esse
3442 4498 3722 4564 αὖτόλιοοιι,

2173 4529 2408 4634 f’etrum.
2474 4581 2632 4634 ICOt-.
2669 4596 2720 4632 χ.
2761 4579 2859 4632 Est
2887 4580 3049 4634 igitur
3081 4579 3144 4634 Β.
3192 4581 3384 4634 l’ctius
3419 4589 3500 4634 tut
3541 4579 3722 4634 nbiuue

2201 4584 2408 4634 ’etram.
2474 4581 2637 4648 ICOt'.
2669 4596 2720 4632 χ.
2761 4579 2859 4632 Est
2887 4580 3049 4648 igitur
3081 4579 3144 4635 Β.
3192 4581 3384 4634 l’ctius
3419 4589 3500 4648 (ut
3541 4579 3723 4644 ubique

2177 4651 2448 4705 haereticis
2475 4647 2646 4702 nostri
2672 4647 2931 4715 temporis
2958 4651 3347 4716 occurramus)
3379 4647 3525 4717 petra
3557 4651 3724 4717 lieute-

2175 4733 2291 4780 sae.
2334 4728 2390 4771 ιιι
2436 4714 2796 4787 Evangeliunr
2825 4726 3096 4782 testatur;
3129 4734 3236 4772 non
3269 4714 3448 4772 taitién
3480 4729 3558 4771 est
3583 4714 3721 4766 αὑτό-

2176 4787 2341 4851 λιους,
2369 4805 2465 4842 nec
2489 4789 2818 4854 αὑτοπὲτρα,
2845 4787 2894 4838 id
2931 4795 3035 4852 est,
3062 4804 3156 4854 per
3181 4803 3238 4841 se
3266 4788 3424 4856 lapis,
3453 4790 3529 4840 vel
3552 4801 3642 4853 per
3669 4797 3723 4835 se

2176 4869 2368 4923 petra;
2406 4873 2574 4929 neque
2603 4857 2647 4911 si
2681 4871 2918 4920 unquam
2958 4857 3008 4929 in
3058 4858 3347 4929 _b'criptura
3383 4868 3626 4929 vOratur,
3668 4860 3722 4929 ut

2170 4929 2422 4981 Christus
2459 4924 2602 4980 Deus
2656 4933 2860 4987 noster,
2897 4925 2988 4992 qui
3025 4927 3104 4978 sic
3133 4941 3215 4980 est
3241 4925 3628 4994 αὑτοθιμὸλιος,
3669 4924 3714 4970 ιιι

2164 5005 2268 5061 est,
2305 5012 2396 5062 per
2431 5013 2488 5051 se
2519 4999 2947 5058 tundatneutuni,
2990 5006 3180 5061 praeter
3225 5000 3368 5063 quod
3412 5012 3501 5064 per
3533 4997 3722 5064 seiun-

2165 5067 2478 5119 damcntnm
2539 5065 2684 5119 aliud
2740 5077 2902 5116 nemo
2945 5074 3119 5130 potest
3157 5062 3376 5132 potiere,
3414 5062 3715 5133 sicutApo-

2168 5138 2340 5188 stolus
2362 5137 2470 5192 ait:
2505 5139 2572 5192 de
2608 5138 2712 5190 hoc
2731 5135 2874 5185 enim
2896 5147 2992 5202 per
3027 5148 3084 5189 se
3115 5135 3525 5189 fundamentum
3559 5132 3718 5196 loqui-

2171 5212 2280 5259 tur.
