4058 6306
355 365 496 429 ³805

1024 473 1313 530 CAPUT].

369 592 526 657 v-Qua:
561 591 664 644 sint
698 591 750 644 in
781 591 1002 659 singulis
1037 587 1456 658 praprietatibus
1503 589 1804 644 divinorum
1867 607 1950 644 uo~

464 663 667 713 mitium
695 659 1034 713 observanda.

464 748 688 820 Magnus
717 750 1009 820 Dionysius
1039 767 1158 822 cap.
1181 751 1396 822 quinto,
1419 750 1489 805 De
1518 751 1704 804 divinis
1727 751 1964 804 nomini-

370 841 492 894 ~-bus
523 860 537 894 :
565 840 818 906 Tantum,
856 841 1052 914 inquit,
1107 841 1626 905 cetnmentabimutt,
1691 851 1960 912 quantum

395 931 660 1002 propositi
695 932 833 985 ratio
857 933 1145 1002 postulat;
1180 947 1285 988 non
1319 933 1464 987 enim
1508 933 1848 1003 propositum
1877 941 1960 987 est

396 1023 705 1078 substantia
763 1038 886 1092 quae
938 1031 1022 1077 est
1059 1038 1220 1092 supra
1251 1039 1412 1092 quam
1447 1024 1778 1087 substantia,
1816 1035 1965 1079 eate-

395 1129 498 1168 nus
516 1115 723 1182 aperire
761 1124 815 1170 et
836 1115 1139 1177 declarare,
1168 1122 1441 1183 quatenus
1467 1123 1552 1169 est
1595 1129 1758 1184 supra
1795 1133 1956 1184 quem

395 1207 703 1261 substantia
752 1207 880 1275 (hoc
907 1206 1067 1262 enim
1109 1205 1218 1260 dici
1255 1221 1360 1260 non
1392 1215 1586 1276 potest,
1629 1216 1684 1261 et
1713 1207 1958 1277 ignotum

394 1307 500 1359 est,
531 1306 582 1351 et
613 1297 832 1368 penitus
851 1297 1096 1366 expromi
1127 1312 1234 1350 non
1269 1306 1469 1365 potest,
1509 1305 1563 1350 et
1589 1296 1759 1362 ipsam
1789 1311 1960 1364 copu-

392 1388 652 1442 lationem
675 1388 750 1458 (l)
781 1391 979 1445 ruentis
1003 1387 1269 1459 superat),
1299 1389 1390 1444 sed
1422 1389 1602 1456 potius
1624 1388 1955 1456 propositum

390 1491 471 1533 est
497 1480 715 1534 laudare
731 1480 1052 1534 substantia:
1081 1479 1306 1542 deificrn,
1341 1487 1394 1532 et
1443 1494 1564 1548 qua:
1589 1479 1769 1534 omnis
1827 1479 1958 1532 sub-

392 1571 605 1624 stantiae
633 1571 959 1640 principium
993 1581 1099 1633 est,
1133 1571 1186 1624 in
1219 1570 1469 1625 universa
1503 1586 1626 1639 quas
1655 1578 1786 1624 sunt
1807 1586 1953 1622 enia-

393 1665 671 1718 nationem
747 1665 1178 1719 substantiarum
1227 1663 1605 1718 eﬂ‘ectricem:
1686 1663 1954 1732 siquidem

390 1770 589 1808 nomen
619 1754 742 1808 boni
789 1754 857 1808 de
879 1754 989 1807 Deo
1040 1754 1284 1808 declarat
1341 1768 1535 1807 omnes
1585 1755 1956 1806 emanationes

887 330 1140 422 nscas
1181 362 1248 422 v.
1282 361 1469 423 --’DE
1525 361 2193 426 PROPRIETATIBUS
2246 364 2692 426 .DIVINO'RUM
2741 364 3154 430 NOMINUM.

3537 371 3643 437 806

1986 481 2040 540 Α
2069 478 2328 548 pientiam
2351 479 2669 533 substantiae
2702 489 2754 532 ct
2784 481 2906 534 vitae
2941 482 3297 548 effectricem,
3331 495 3382 537 et
3414 499 3637 540 causam

2065 586 2184 639 quae
2215 570 2542 638 sapientiam
2561 570 2762 623 tribuit
2793 570 2858 623 iis
2886 587 3005 638 qua:
3047 574 3409 626 substantiam
3465 585 3521 628 et
3559 578 3641 627 vi-

2065 669 2172 712 tam
2205 669 2257 712 et
2292 669 2525 712 mentem
2563 669 2614 712 et
2648 661 2913 713 rationem
2942 669 2996 714 et
3024 675 3220 717 sensus
3279 664 3631 734 participant.

2064 767 2172 805 non
2197 753 2330 806 dicit
2354 753 2466 806 haec
2497 763 2680 806 nostra
2706 752 2958 806 tractatio
2987 753 3132 806 aliud
3159 769 3278 808 esse
3305 757 3502 809 bonum
3537 757 3638 825 (6),

2062 851 2116 895 et
2177 842 2322 894 aliud
2381 842 2678 906 exsisteus,
2731 841 3000 912 aliudque
3065 846 3250 904 vitam,
3301 846 3381 898 \el
3428 848 3642 915 sapien-

2050 936 2194 989 tiam
2231 949 2407 1003 neque
2433 934 2631 988 multas
2663 949 2884 997 causas,
2935 944 2987 988 et
3039 934 3176 989 alias
3219 937 3452 989 aliorum
3500 937 3641 990 reffe-

2048 1027 2262 1083 -ctrices
2311 1026 2651 1089 divinitates,
2710 1028 3024 1092 superiores
3087 1037 3138 1080 et
3179 1026 3499 1093 inferiores;
3545 1029 3638 1081 sed

2063 1119 2227 1172 unius
2261 1117 2350 1171 Dei
2389 1119 2678 1172 universas
2727 1117 2898 1172 bonas
2929 1119 3325 1181 emanatienes,
3369 1129 3424 1172 et
3454 1119 3637 1172 norni-

2062 1209 2314 1262 natioues
2337 1207 2428 1260 Dei
2470 1222 2498 1259 a
2533 1206 2695 1260 nobis
2759 1205 3006 1260 laudatas
3033 1247 3047 1269 ,
3075 1216 3239 1274 atque
3282 1220 3446 1259 unam
3496 1193 3641 1274 ‘qui-
3679 1205 3712 1259 ε.

2061 1301 2183 1350 dem
2217 1313 2340 1351 esse
2361 1312 2485 1365 quae
2515 1307 2684 1350 totam
2713 1297 3111 1365 providentiam
3151 1298 3314 1351 unius
3337 1296 3430 1350 Dei
3460 1299 3640 1351 decla-

2062 1397 2144 1440 rat
2179 1401 2194 1450 ;
2253 1386 2390 1440 alias
2423 1401 2552 1440 vero
2577 1391 2758 1454 magis
2813 1395 2867 1441 ot
2900 1388 3078 1442 minus
3117 1388 3399 1456 generales
3457 1390 3638 1455 protu-

2061 1477 2275 1530 dentias
2329 1477 2684 1544 patefaciunt.
2741 1477 2819 1530 Ει
2883 1479 3083 1546 quibus
3137 1478 3196 1530 fit
3268 1479 3637 1544 manifestum,

2061 1567 2272 1632 eﬂ‘erre,
2305 1568 2358 1624 id
2393 1577 2494 1632 est,
2529 1583 2871 1634 expromere,
2905 1578 2960 1623 et
3014 1570 3290 1622 subtiliter
3343 1585 3629 1633 enarrare,

2058 1669 2329 1728 quatenus
2361 1670 2607 1713 naturam
2635 1669 2689 1713 et
2719 1659 2903 1713 sedem
2929 1674 2992 1713 ac
3015 1658 3427 1715 fundamentum
3476 1662 3638 1716 ba-bi-t

2059 1754 2365 1808 substantia
2393 1766 2511 1821 qua:
2540 1760 2625 1805 est
2654 1765 2819 1819 supra
2859 1766 3024 1819 quam
3065 1754 3389 1814 substantia.
3416 1758 3638 1810 omrtino

381 1845 632 1899 auctoris
665 1846 945 1911 omnium,
977 1853 1030 1900 et
1057 1845 1356 1915 porrigitur
1387 1843 1463 1914 (2)
1492 1844 1606 1898 haec
1643 1843 1958 1897 nominatio
1989 1829 2176 1899 ΒίΙίιιί
2215 1859 2319 1898 non
2354 1853 2552 1912 potest,
2579 1859 2677 1898 nec
2710 1844 2957 1913 intelligi,
2986 1857 3315 1913 superatque
3358 1845 3632 1899 silentium

389 1935 483 1989 Dei
513 1952 541 1989 a
577 1935 721 1989 bono
744 1946 857 1992 tum
890 1937 954 1990 ad
985 1951 1048 1990 ea
1076 1949 1196 2006 quae
1249 1947 1401 2002 sunt,
1435 1944 1548 1988 tum
1584 1935 1649 1989 ad
1713 1949 1776 1988 ea
1833 1947 1953 2002 qua:
2046 1937 2212 2001 illud,
2241 1936 2382 2003 quod
2403 1934 2560 1989 nobis
2611 1949 2706 2002 per
2730 1933 2942 2002 plenam
2969 1947 3031 1987 ex
3087 1933 3237 1987 omni
3289 1943 3439 2003 parte
3481 1934 3647 2011 igne-7

372 2041 496 2080 non
527 2038 693 2091 sunt;
723 2037 916 2098 estque
950 2042 1116 2097 supra
1154 2041 1217 2081 ea
1279 2043 1403 2096 quze
1430 2033 1581 2089 sunt,
1607 2035 1671 2088 et
1700 2039 1868 2093 supra
1895 2038 1958 2077 ea

387 2133 512 2187 qua:
537 2135 642 2172 non
679 2128 832 2184 sunt,
859 2134 1073 2173 nomen
1105 2133 1232 2173 vero
1261 2120 1385 2173 vitae
1431 2118 1497 2172 de
1529 2116 1649 2170 Deo
1678 2115 1746 2170 ad
1773 2114 1956 2168 omnia

388 2215 625 2268 viventia
657 2213 917 2276 tenditur,
947 2223 1000 2268 et
1025 2227 1203 2282 supra
1228 2213 1466 2267 viventia
1506 2220 1614 2274 est,
1653 2211 1959 2264 nominatio

371 2297 487 2358 ’Βιςί
528 2320 558 2358 a
611 2305 884 2374 sapientia
938 2303 1230 2374 porrigitur
1260 2304 1328 2358 ad
1361 2302 1545 2358 omnia
1593 2316 1714 2370 quae
1757 2300 1959 2354 intelli—

373 2406 520 2464 gunt
544 2394 645 2464 (5),
668 2411 789 2465 qua:
810 2395 1208 2450 ratiocinantur
1232 2395 1331 2464 (4),
1359 2409 1478 2463 qua:
1495 2392 1740 2448 sentiunt
1763 2391 1839 2458 (5)
1857 2407 1882 2456 ς,
1907 2399 1960 2444 et

390 2500 555 2552 supra
586 2486 768 2540 omnia
799 2485 903 2541 ista
938 2494 1042 2540 est.
1073 2484 1181 2540 Has
1212 2485 1378 2555 igitur
1413 2484 1503 2538 Dei
1528 2483 1956 2548 nominationes,

385 2593 507 2643 qua:
532 2579 904 2646 providentias
933 2579 1026 2634 Dei
1082 2579 1356 2648 aperiunt,
1381 2577 1727 2646 .propositum
1751 2583 1834 2630 est
1863 2588 1958 2628 ce—

388 2670 630 2734 lebrare;
654 2683 761 2722 non
786 2672 932 2722 enim
959 2670 1208 2723 tractatio
1230 2678 1416 2723 nostra
1435 2666 1699 2737 promittit
1723 2665 1961 2719 enodare

388 2770 442 2814 et
461 2761 670 2830 aperire
692 2757 1126 2827 bonitatemDei,
1147 2773 1268 2828 qua
1289 2772 1452 2825 supra
1473 2756 1830 2824 substantiam
1853 2761 1957 2818 est,

381 2867 572 2923 neque
605 2852 968 2906 substantiam
1020 2862 1074 2905 et
1110 2851 1429 2919 sapientiam
1483 2848 1808 2912 divinitatis,
1840 2861 1960 2916 (pia:

389 2954 474 2999 est
498 2959 663 3012 supra
694 2960 856 3012 quam
900 2943 1224 3007 substantia,
1255 2950 1309 2996 et
1345 2956 1465 3010 quae
1498 2949 1580 2994 est
1608 2953 1771 3006 supra
1795 2950 1957 3004 quam

392 3035 566 3088 locata
593 3049 759 3103 supra
793 3048 1008 3087 omnem
1055 3031 1351 3088 bonitatem
1387 3039 1442 3085 et
1500 3029 1844 3083 divinitatem
1904 3034 1958 3079 et

2061 2028 2293 2080 rantiam
2319 2036 2372 2079 et
2395 2025 2732 2078 reticentiam
2755 2023 2998 2078 advenit.
3041 2022 3160 2078 Non
3187 2033 3268 2078 est
3299 2025 3461 2095 igitur
3487 2041 3635 2080 nunc

2045 2119 2221 2172 .nobis
2250 2133 2430 2171 sermo
2459 2118 2524 2170 de
2556 2133 2640 2181 ea,
2667 2132 2766 2172 nec
2813 2117 3150 2184 propositum
3199 2128 3281 2171 est
3321 2119 3485 2172 nobis
3536 2134 3634 2172 ex-

2047 2209 2288 2277 -plicare,
2323 2209 2540 2262 bonitas
2570 2222 2734 2276 supra
2785 2207 3175 2269 substantiam,
3211 2209 3490 2276 quomodo
3538 2224 3628 2263 se-

2049 2297 2301 2351 cundum
2333 2311 2392 2351 se
2424 2296 2495 2350 sit
2525 2297 2846 2362 subatantia,
2906 2298 2991 2351 vel
3037 2299 3168 2362 vita,
3201 2299 3284 2351 vel
3339 2298 3628 2367 sapientia,

2053 2397 2115 2442 et
2143 2389 2248 2442 alia
2280 2388 2486 2450 omnia,
2518 2402 2640 2456 qua:
2658 2387 2802 2442 Deus
2841 2395 3028 2440 noster
3053 2389 3356 2443 secundum
3412 2404 3470 2444 se
3507 2404 3633 2445 esse

2062 2478 2318 2536 creditur.
2348 2477 2478 2546 quin
2521 2476 2698 2546 patius
2723 2477 3150 2532 nominationem
3187 2477 3304 2542 Dei,
3356 2494 3480 2547 qua:
3534 2480 3630 2532 illa

2049 2585 2180 2640 quae
2203 2578 2332 2624 sunt
2367 2569 2512 2621 circa
2553 2569 2755 2636 ipsum,
2782 2567 3044 2634 declarat,
3072 2570 3194 2624 dico
3219 2570 3626 2624 esse'ordinent

2061 2677 2266 2726 rerum,
2295 2669 2348 2714 et
2371 2658 2794 2728 providentiam,
2849 2671 2902 2713 et
2927 2670 3107 2728 aptam
3155 2661 3393 2715 universi
3448 2662 3633 2730 dispo-

2061 2751 2492 2808 sitiorrernJloc
2529 2751 2694 2820 igitur
2722 2760 2806 2804 est
2829 2751 2985 2805 nobis
3038 2751 3093 2806 in
3154 2753 3256 2804 hac
3311 2753 3633 2806 tractatione

2054 2843 2422 2914 propositum,
2458 2841 2685 2896 laudare
2720 2842 2887 2895 Deum
2920 2842 2989 2896 ab
3011 2844 3358 2898 emanatione
3404 2843 3524 2912 ejus
3561 2845 3633 2899 ad

2053 2935 2245 2989 omnia
2273 2934 2519 2989 omnium
2548 2947 2730 2986 rerum
2759 2933 3035 2988 etfectrice
3055 2941 3110 2987 et
3137 2934 3364 2999 deities;
3395 2946 3634 2992 externa:

2053 3029 2202 3082 enim
2220 3027 2572 3096 providentiae
2607 3025 2696 3079 Dei
2727 3041 2852 3095 erga
2899 3041 3017 3091 nos,
3056 3037 3111 3081 et
3155 3027 3535 3084 emanatioues
3577 3032 3629 3082 in

389 3126 750 3180 substantiam
781 3136 836 3180 et
867 3125 1032 3178 vitam
1062 3134 1119 3178 et
1147 3125 1496 3193 sapientiam,
1525 3137 1653 3191 qua:
1673 3127 1779 3184 est,
1814 3119 2026 3217 sicutnc
2059 3121 2129 3176 iis
2157 3136 2278 3190 quae
2328 3119 2605 3190 produxit,
2671 3117 3005 3182 efficiuntur,
3065 3128 3119 3173 et
3181 3122 3476 3188 emanatio,
3519 3122 3634 3177 sive

386 3215 462 3266 ait
493 3211 796 3282 Scriptura,
830 3213 884 3266 in
909 3213 1235 3267 abscondito
1265 3213 1308 3244 “
1329 3213 1384 3276 ‘;
1418 3213 1548 3281 quin
1573 3210 1958 3280 potiusprovi-

385 3305 623 3358 dentiam
650 3303 994 3373 patefactam,
1017 3305 1282 3359 bonorum
1300 3304 1662 3368 eﬂ'ectricem,
1731 3303 1953 3357 bonita-

387 3405 492 3450 tem
517 3396 1052 3463 excellentissimam,
1079 3406 1133 3453 et
1159 3399 1424 3452 honorum
1450 3397 1693 3450 omnium
1728 3409 1949 3450 causam

375 3487 638 3579 laudibus
667 3489 943 3556 celebrat;
991 3498 1046 3544 et
1089 3490 1443 3547 exsistentem
1468 3499 1521 3544 et
1553 3489 1718 3542 vitam
1775 3497 1829 3542 et
1862 3500 1951 3540 sa-

456 3681 519 3714 ³⁸·
554 3681 656 3738 Job
689 3699 880 3747 XM'III,
917 3684 1001 3747 ll,
1039 3684 1121 3740 13.

2064 3212 2404 3282 providentia
2437 3211 2679 3266 effectrix
2712 3212 3052 3275 substantias,
3093 3210 3293 3266 dicitur
3321 3213 3438 3281 ipsa
3472 3211 3635 3268 effec-

2062 3305 2138 3359 tio
2188 3303 2512 3358 substantias
2557 3300 2803 3354 effectrix
2852 3301 3146 3365 bonitatis,
3199 3305 3315 3370 ipsa
3367 3304 3631 3356 bonorum

2059 3393 2296 3447 eﬁectio.
2355 3390 2634 3460 Θεαρχικὴ
2690 3391 2784 3442 καὶ
2840 3389 3068 3458 θεαρχία
3129 3391 3451 3459 principium
3517 3393 3632 3445 dei-

2059 3483 2352 3548 ficationis,
2400 3482 2548 3536 sicut
2597 3495 2747 3536 mors
2783 3479 3059 3550 θεαρχικὴ·
3103 3479 3378 3545 laudatur,
3415 3480 3467 3535 id
3526 3490 3630 3543 est,

1881 3849 2155 3914 Scholia.

461 4025 610 4094 (UE:
642 4028 809 4096 ipsam
863 4026 1269 4097 copulationem,
1300 4027 1351 4080 id
1377 4037 1476 4090 est,
1513 4028 1727 4083 excedit
1780 4028 1952 4097 ipsam

381 4100 793 4166 Coputationem
830 4097 1141 4152 intellecms
1185 4097 1492 4162 beatorum,
1531 4100 1624 4167 qui
1655 4100 1950 4153 essentiam

386 4170 482 4220 ιιι-ι
523 4168 710 4220 vident
758 4181 852 4235 per
892 4167 1296 4235 copnlationem
1352 4168 1436 4222 sui
1474 4170 1780 4221 intellectus
1827 4184 1949 4223 cum

380 4238 501 4303 ipsa
555 4238 642 4290 Dei
674 4239 909 4290 essentia
948 4254 962 4301 ;
1021 4238 1271 4302 quamvis
1325 4239 1468 4290 enim
1517 4241 1736 4290 videant
1773 4238 1948 4304 ipsum

382 4308 443 4358 υ.
463 4323 576 4369 um,
600 4321 705 4358 non
725 4316 906 4359 tamen
926 4315 1009 4360 est
1029 4317 1173 4359 tanta
1198 4305 1460 4372 perfectio
1488 4306 1734 4371 visionis,
1751 4318 1950 4376 quanta

379 4387 470 4429 εει
492 4378 758 4443 perfectio
787 4376 958 4441 ἱμειιιε
987 4390 1112 4440 esse
1143 4377 1334 4439 divini,
1367 4385 1420 4429 et
1462 4387 1664 4444 quanta
1711 4389 1793 4430 est
1831 4393 1953 4444 per-

383 4447 548 4498 fectio
597 4445 842 4507 visionis,
876 4461 982 4512 qua
1017 4445 1158 4498 Deus
1192 4461 1250 4499 se
1295 4447 1457 4509 videt,
1488 4463 1549 4499 ex
1594 4448 1650 4499 S.
1694 4445 1950 4500 Thomas.

459 4516 535 4579 (1)
568 4513 868 4581 Porrigiur
890 4515 1001 4566 Iuro
1027 4516 1317 4567 nominatio
1361 4515 1456 4568 Dei
1490 4532 1522 4568 α
1547 4517 1704 4578 bono,
1735 4527 1842 4566 tum
1881 4517 1951 4568 ad

383 4601 444 4636 ea
463 4600 577 4651 quis
604 4594 873 4653 annumin
908 4584 974 4647 nd_
1003 4601 1061 4636 ea
1086 4600 1199 4653 qua:
1230 4601 1330 4636 non
1359 4594 1498 4648 sunt,
1525 4598 1659 4638 etest
1677 4603 1836 4652 supra
1868 4601 1950 4639 ea.

390 4654 596 4705 \‘ot-are
630 4654 771 4705 solet
824 4651 1134 4720 Dionysius,
1167 4663 1226 4707 ut
1253 4664 1474 4708 sanctus
1498 4651 1765 4708 ltlartinuts
1798 4666 1952 4707 ιιυιιι-

388 4726 488 4779 vit.
517 4737 584 4774 ea
615 4738 733 4792 qure
759 4733 886 4773 sunt
919 4733 1160 4790 expertia
1197 4735 1435 4776 materiae
1465 4739 1481 4789 ;
1517 4741 1635 4789 quae
1669 4739 1946 4792 veioma-

390 4791 842 4862 loriatttthabetit,
877 4802 1038 4844 vocat
1073 4807 1194 4860 quas
1226 4809 1331 4844 non
1361 4805 1505 4856 sunt,
1544 4809 1758 4862 propter
1781 4791 1944 4846 inter-

391 4865 548 4914 itum.
595 4858 896 4931 l'orrigttur
950 4858 1112 4913 etiam
1172 4878 1368 4914 nomen
1427 4858 1556 4915 boni
1610 4858 1772 4916 adea
1820 4879 1941 4931 qua:

390 4946 498 4984 non
522 4937 670 4986 sunt,
719 4931 841 4994 quia
877 4929 1016 4982 Deus
1073 4939 1224 4983 meat
1269 4950 1331 4983 ea
1356 4947 1482 5000 qua:
1531 4948 1635 4986 neu
1670 4945 1796 4986 sunt
1824 4929 1940 4985 tan-

389 5016 551 5067 quam
575 5013 636 5049 ea
659 5013 778 5064 quae
803 5007 928 5050 sunt
953 5016 967 5064 ;
997 5002 1337 5070 participatio
1356 5003 1505 5054 enim
1528 5005 1647 5055 boni
1679 5017 1758 5056 est
1781 5018 1940 5070 posse

387 5085 532 5130 esse,
566 5079 622 5119 ιιι
652 5080 729 5119 ait
756 5081 978 5122 sanctus
1023 5067 1258 5131 Thomas
1285 5086 1299 5121 :
1338 5081 1432 5125 aut
1457 5074 1750 5141 porrigitur
1781 5067 1846 5123 ΞιιΙ
1877 5087 1938 5123 ea

388 5156 506 5207 qua:
537 5153 641 5189 non
676 5147 822 5197 Sunt,
858 5141 981 5203 quia
1021 5156 1122 5190 non
1148 5156 1264 5192 esse
1295 5143 1495 5194 bonum
1526 5154 1623 5202 est,
1655 5158 1777 5194 cum
1809 5158 1941 5194 cou-

392 5209 865 5270 t--tnpt:~.murtllud
907 5207 960 5259 in
992 5209 1122 5270 Deo,
1163 5211 1254 5276 qui
1286 5221 1368 5263 est
1408 5226 1571 5277 supra
1597 5226 1757 5264 omne
1794 5211 1939 5277 quod

389 5290 493 5338 est,
528 5288 586 5330 ut
609 5281 808 5328 bonunt
847 5289 928 5329 est
951 5293 1056 5328 non
1077 5294 1198 5332 esse
1233 5292 1553 5346 sapientem,
1583 5293 1856 5341 Sanctum,
1892 5293 1944 5332 et

393 5349 496 5400 alia
533 5350 869 5419 hujnsmodi,
902 5352 1079 5415 qualia
1111 5348 1164 5398 ia
1211 5350 1476 5402 creaturis
1537 5352 1940 5419 Cognoscimus,

392 5421 532 5481 quod
566 5418 670 5468 Deo
699 5430 973 5478 convenit,
1008 5433 1168 5486 aquo
1219 5420 1333 5470 hac
1366 5418 1730 5483 removentur,
1787 5431 1841 5473 ut
1869 5421 1942 5471 ait

394 5499 609 5538 sanctus
637 5487 876 5538 Thomas
901 5504 1006 5539 non
1032 5497 1249 5556 propter
1270 5489 1561 5555 defectum,
1595 5493 1689 5545 sed
1723 5502 1944 5559 prepter

393 5566 704 5631 excessum,
724 5566 820 5631 aut
849 5573 970 5610 esse
999 5574 1166 5631 supra
1192 5573 1259 5631 ea
1288 5570 1582 5625 quzesttnt,
1611 5574 1662 5614 et
1686 5577 1806 5631 qua:
1827 5576 1928 5612 ιιυιι

393 5632 541 5679 sunt,
576 5624 835 5688 significat
863 5643 980 5680 esse
1007 5629 1126 5700 loco
1146 5630 1228 5700 int
1250 5624 1718 5700 neunt-eripiunt,
1741 5635 1790 5686 td
1827 5639 1934 5693 cst,

394 5706 512 5741 esse
550 5701 764 5758 ubique,
796 5713 857 5746 es
892 5713 1080 5750 sancio
1115 5697 1370 5752 Μμλιιιυ.
1540 5697 1554 5700 ’
1625 5713 1628 5715 ‘

2140 4026 2212 4093 (ὃ)
2251 4024 2378 4099 Quae
2405 4027 2728 4093 intelligunt.
2774 4026 3002 4083 Nomine
3039 4029 3452 4099 intelligendum
3485 4050 3633 4090 corn-

2067 4096 2358 4166 preheudit
2414 4102 2634 4165 angelos
2664 4109 2716 4151 et
2755 4099 2987 4159 animas.
3019 4110 3069 4154 et
3112 4096 3236 4155 licet
3260 4104 3467 4158 atumas
3493 4107 3630 4166 solet

2074 4165 2362 4240 Dionysius
2397 4182 2591 4240 vorare
2623 4169 2836 4240 νοερᾲς.
2869 4169 2919 4220 id
2948 4181 3050 4235 est,
3088 4171 3471 4240 iulelligentes,
3505 4191 3628 4229 cum

2061 4248 2153 4312 eas
2185 4235 2474 4312 distinguit
2501 4240 2574 4312 ab.
2619 4238 2853 4312 angelis,
2876 4253 3013 4312 quos
3045 4256 3237 4312 vocare
3268 4235 3404 4312 solet
3439 4247 3626 4312 νοητὰ,

2061 4303 2112 4356 i.l
2139 4314 2238 4378 est.
2275 4304 2634 4378 intellectilia,
2664 4303 2790 4374 quia
2841 4303 3041 4362 habent
3088 4311 3262 4378 angeli
3298 4309 3438 4366 infra
3496 4303 3554 4366 s'e
3597 4303 3626 4368 εἰ

2057 4373 2260 4440 quibus
2310 4375 2705 4442 intelligantur,
2755 4390 2946 4443 nempe
2975 4373 3226 4442 animas;
3274 4382 3468 4435 aninne
3499 4397 3628 4435 vero

2061 4456 2167 4513 non
2202 4444 2442 4498 habent:
2495 4461 2637 4497 nunc
2694 4458 2896 4507 tamen,
2931 4456 2988 4500 ut
3045 4451 3179 4513 dixi,
3219 4454 3494 4504 communi
3532 4469 3630 4503 no-

2062 4512 2204 4586 mipe
2248 4513 2612 4586 intelligejites
2653 4515 2959 4586 vol-altum
3001 4519 3220 4584 angelos
3246 4531 3356 4572 tum
3391 4522 3625 4583 animas,

2057 4581 2328 4655 quiritium
2357 4581 2555 4655 angeli
2587 4594 2696 4636 tum
2746 4583 2940 4638 animae
2991 4581 3300 4655 intelligunt
3341 4587 3533 4654 Deum,
3574 4581 3628 4643 ιι

2054 4650 2408 4720 intelligendo
2447 4650 2610 4705 Deum
2647 4657 2710 4706 ad
2744 4668 2867 4720 eum
2906 4668 2964 4708 se
2997 4650 3342 4713 convertunt,

2129 4722 2205 4793 ti)
2233 4719 2364 4786 Qua!
2393 4724 2806 4788 ratiocinantur,
2830 4719 3088 4777 llornines
3129 4725 3408 4793 intelligit;
3443 4728 3621 4783 anima

2051 4790 2195 4842 enim
2226 4796 2353 4844 dum
2412 4793 2464 4844 in
2517 4799 2755 4865 corpore'
2780 4799 2882 4853 est,
2948 4797 3257 4847 ratiocinari
3306 4790 3496 4862 'pntest
3530 4815 3624 4865 per

2047 4875 2457 4914 conversionem
2507 4863 2573 4915 ad
2635 4864 3041 4932 phantasmata,
3074 4879 3182 4917 non
3223 4875 3406 4918 autem
3464 4863 3620 4936 sepa-

2047 4937 2183 4980 rata.

2121 4997 2197 5073 (5)
2241 4997 2370 5061 Qua:
2395 5000 2644 5073 sentiunt.
2685 5001 3116 5073 Animalia,.qute
3151 5020 3257 5059 non
3290 5008 3622 5072 participant

2047 5069 2329 5138 rationem,
2372 5085 2490 5137 quae
2524 5071 2842 5138 sapientiam
2883 5074 2972 5127 Dei
3007 5069 3058 5126 in
3116 5077 3168 5128 iu
3199 5069 3316 5130 suis
3366 5092 3393 5129 a
3422 5069 3618 5130 natura

2050 5137 2230 5210 insitis
2289 5137 2960 5210 conatibusparticrpant,
2993 5154 3050 5198 ut
3099 5145 3289 5200 beatus
3320 5145 3545 5201 Basilius
3568 5150 3620 5199 iu

2028 5205 2384 5292 alit-alacritero
2413 5217 2585 5292 docet,
2616 5205 2888 5292 itoirndicit
2924 5205 3090 5268 aliud.

2130 5277 2203 5345 (6)
2249 5275 2379 5330 lisse
2431 5281 2643 5332 bonum.
2710 5281 2819 5336 lloc
2856 5285 2990 5338 dicit
3048 5300 3155 5338 non
3210 5286 3402 5348 otiose,
3443 5284 3538 5336 sed
3562 5293 3620 5336 ut

2050 5349 2414 5420 reprehendat
2443 5365 2538 5402 eos
2574 5349 2954 5418 philosophos,
2987 5366 3036 5408 et
3068 5355 3344 5408 Simonem
3381 5353 3615 5420 Magum,

2051 5419 2140 5486 qui
2176 5423 2444 5484 ponebant
2485 5421 2616 5492 deos
2650 5427 3033 5492 κοσμοποιοὺς,
3068 5425 3117 5476 id
3139 5433 3222 5476 est
3249 5419 3620 5492 opificespar-

2055 5501 2183 5544 ttum
2210 5491 2416 5551 mundi,
2442 5490 2676 5557 majores
2699 5490 3098 5546 etvalentim'es
3119 5490 3385 5560 majorum
3406 5501 3620 5561 creatu-

2046 5576 2252 5622 rarum;
2274 5569 2326 5610 et
2345 5561 2670 5614 iutirmiores
2695 5562 3078 5623 inlirtniorum,
3101 5563 3397 5614 secundum
3414 5561 3615 5626 gradus

2045 5646 2175 5684 suos
2211 5633 2597 5701 descendentes
2632 5632 2683 5682 in
2727 5633 2945 5701 Opiticio
2984 5647 3084 5686 suo
3133 5644 3306 5699 usque
3343 5635 3407 5683 ad
3445 5640 3614 5685 matc-

2047 5716 2204 5766 rtam,
2233 5716 2295 5751 ex
2335 5699 2389 5752 S.
2429 5697 2682 5752 Slaxituo.
