4058 6306
1177 239 1240 268 Ἴ.

365 282 367 286 ’
432 307 549 372 807

441 432 564 482 qua:
585 415 724 470 facta
760 421 844 469 est
867 409 1197 484 principium
1262 411 1596 469 deilicatioui
1633 432 1648 468 :

443 505 750 577 ζωαρχικὸν
767 513 820 558 et
859 503 1121 570 θεοδόχον,
1145 503 1194 557 id
1213 512 1318 564 est,
1343 504 1485 572 quod
1507 503 1653 557 dedit
1680 503 2002 572 principium

362 650 365 653 .
443 601 586 661 vitae,
614 609 662 650 et
691 597 859 651 Deum
902 595 1104 663 recepit
1166 594 1286 664 (a).‘
1327 595 1369 646 Α
1437 593 1783 649 Providentia
1840 595 2005 664 igitur

446 690 708 742 honorum
773 685 1043 741 elici-trioa
1081 684 1133 737 in
1192 685 1462 739 creaturis
1519 694 1738 740 ostensa
1795 696 2008 755 Oportet

444 780 666 832 laudare
691 776 984 830 hooitatent
1019 775 1372 843 superlatam,
1396 791 1405 805 κ
1427 787 1480 831 et
1512 779 1760 832 omniunt
1830 779 2003 832 bono~

448 885 568 922 rum
601 882 838 924 causam.
883 868 1055 934 ipsum
1084 867 1304 934 inquam
1332 869 1495 921 Deum
1522 886 1536 931 ;
1575 868 2002 923 demonstratum

444 961 589 1014 enim
628 971 731 1022 est,
759 973 920 1026 quam
956 969 1202 1010 naturam
1242 959 1437 1012 habeat
1469 959 1630 1024 Deus,
1659 975 1765 1013 non
1820 960 1998 1014 solum

445 1065 568 1112 nos,
589 1049 680 1103 sed
714 1064 812 1102 nec
839 1049 1062 1117 angelos
1117 1063 1275 1115 posse
1331 1050 1596 1118 attingere
1656 1067 1670 1102 :
1733 1061 2008 1119 quatenus

441 1154 574 1194 vero
590 1139 773 1192 omnia
807 1153 874 1192 ex
899 1138 1067 1190 nihilo
1094 1137 1243 1202 fecit,
1274 1155 1302 1191 a
1337 1140 1494 1192 nobis
1561 1139 1867 1194 laudandus
1894 1150 2000 1195 est.

440 1233 626 1297 Quare
651 1231 702 1283 in
735 1230 966 1297 singulis
996 1229 1311 1283 divinorum
1361 1231 1646 1284 nominum
1705 1232 2011 1300 proprieta-

449 1320 593 1372 tibus
621 1327 834 1386 oportet
865 1317 1148 1370 attendere
1177 1327 1332 1371 ortus
1391 1333 1572 1372 rerum
1631 1320 1896 1384 universi,
1949 1329 2005 1374 et

439 1410 821 1462 etnanatioues
851 1408 998 1461 circa
1037 1422 1148 1466 eas.
1180 1419 1232 1461 et
1254 1409 1376 1462 inde
1431 1409 1522 1462 Dei
1551 1410 1742 1464 laudes
1808 1410 2008 1468 ducere

447 1507 505 1553 et
520 1497 819 1560 Celebrare,
854 1504 907 1550 et
938 1498 1227 1565 exquirere
1261 1513 1421 1567 quam
1449 1499 1836 1567 proprietatem
1873 1515 2008 1554 una-

436 1595 673 1660 quaeque
705 1590 1003 1644 nominatio
1032 1589 1122 1644 Dei
1150 1590 1351 1645 sortita
1415 1592 1506 1655 sit,
1537 1607 1658 1660 quas
1704 1601 1882 1645 autem
1935 1594 2011 1647 sit

447 1684 661 1738 bonitas
693 1681 812 1748 Dei,
843 1691 940 1736 attt
975 1683 1301 1746 substantia,
1332 1690 1426 1736 aut
1449 1683 1580 1746 vita,
1610 1683 1693 1736 vel
1718 1684 2007 1752 sapientia,
2044 1722 2084 1777 Β

442 1774 531 1828 1vel
556 1775 658 1828 alia
679 1775 979 1829 secundum
1014 1784 1263 1828 naturam
1297 1773 1438 1840 ejus,
1494 1772 1746 1829 funditus
1807 1789 2009 1829 caven-

439 1863 576 1918 dum
593 1874 751 1918 estut
775 1862 1170 1932 iuquiramus:
1211 1874 1459 1932 quaerere
1510 1864 1659 1916 enim
1696 1874 1754 1917 ut
1823 1864 2011 1932 expri-

443 1971 666 2011 aramus
684 1956 1044 2011 substantiam
1073 1953 1190 2020 Dei,
1232 1954 1454 2023 perinde
1485 1963 1647 2009 estut
1687 1956 1733 2009 si
1773 1956 2012 2011 .veliinns

437 2049 751 2117 exprimere
781 2048 904 2117 ejus
933 2049 1124 2112 vitam,
1157 2045 1244 2100 vel
1281 2046 1631 2115 sapientiam,
1688 2046 1775 2100 vel
1824 2057 2014 2115 poten-

445 2141 606 2204 tiam,
659 2140 744 2194 vel
785 2140 1105 2194 bonitatem.
1159 2138 1346 2192 Restat
1406 2138 1589 2207 igitur,
1657 2145 1716 2190 ut
1763 2137 2013 2192 laudetur

455 2230 598 2285 Deus
653 2230 830 2294 avita,
871 2243 1033 2297 quam
1072 2227 1350 2296 produxit.
1383 2235 1438 2281 et
1485 2241 1514 2280 a
1557 2227 1818 2296 sapientia
1861 2227 2014 2282 sitni-

449 2322 595 2387 liter,
639 2337 747 2376 nou
777 2331 959 2375 autem
1001 2335 1030 2372 a
1074 2319 1208 2382 vita,
1255 2327 1348 2372 aut
1381 2333 1410 2371 a
1462 2317 1749 2386 sapientia,
1783 2333 1902 2386 quae
1931 2329 2016 2374 est

447 2415 568 2485 ipse
619 2413 781 2468 Deus.
833 2412 1028 2467 Adhuc
1072 2427 1138 2465 ex
1185 2411 1268 2466 bis
1317 2411 1519 2477 liquet,
1570 2411 2011 2480 quandoquidem

449 2518 640 2576 postea
695 2505 935 2558 audituri
979 2516 1171 2558 sumus
1221 2501 1508 2570 principia,
1554 2513 1607 2556 et
1648 2502 2014 2571 participatio-

449 2610 574 2658 ncs,
623 2601 677 2648 et
732 2607 828 2662 per
871 2606 930 2647 se
976 2591 1444 2660 partieipationes,
1485 2598 1540 2644 et
1583 2590 1884 2660 sigillatim,
1918 2607 2014 2660 per

445 2701 511 2740 se
549 2687 738 2748 vitam,
785 2699 880 2752 per
913 2698 970 2736 se
1018 2682 1364 2748 sapientiam,
1420 2696 1516 2751 per
1572 2697 1630 2737 se
1677 2683 2014 2749 essentiam,

447 2776 918 2846 quenadmodum
970 2773 1263 2843 Dionysius
1320 2772 1618 2828 admonens
1670 2784 1724 2828 et
1775 2791 2014 2846 praemu-

448 2869 628 2932 itiens,
703 2865 964 2937 Oportet,
1041 2867 1258 2933 inquit,
1336 2864 1630 2918 observare
1711 2866 1765 2919 in
1851 2868 2013 2936 hujus

456 2962 603 3016 modi
633 2957 1096 3014 nominationibus
1128 2973 1234 3010 non
1265 2971 1388 3009 esse
1417 2957 1836 3013 existimandum
1867 2960 2012 3016 aliud

1630 298 1913 362 OANNIS
1947 296 2506 362 ΟῩΡΆΗῘΞΞΙΟΤᾸΞ

1703 424 1756 467 et
1811 427 2009 482 corpus
2047 418 2092 474 Α
2122 413 2499 467 existimemus
2533 408 2646 463 lieri
2670 407 3094 479 superlationem
3118 406 3172 460 in
3204 407 3288 462 sui
3315 407 3488 476 ipsius
3533 408 3692 462 boui-

3583 299 3693 361 808

2114 503 2720 559 tatem'etdivinitatem
2742 520 2764 566 .;
2799 500 3194 555 alienissimum
3226 509 3370 552 enlitt
3393 514 3422 552 a
3475 500 3686 552 ratione

2110 603 2217 659 est,
2243 595 2500 649 arbitrari
2522 609 2643 648 esse
2676 594 2840 646 Deum
2868 607 2928 647 se
2970 591 3090 659 ipso
3109 592 3475 659 superiorem,
3545 591 3678 659 quin

2113 687 2310 754 potius,
2343 694 2402 739 ut
2429 694 2656 740 sanctus
2687 683 2956 737 Maximus
2991 681 3238 751 Dionysii
3288 681 3454 736 verba
3513 697 3681 750 expo-

2111 779 2238 839 suit,
2263 776 2418 838 Nota,
2447 772 2721 844 inquiens,
2751 783 2895 827 recte
2930 773 3019 827 hic
3052 773 3160 827 dici
3195 771 3494 826 bonitatem
3517 787 3677 839 supra

2114 881 2329 920 onmem
2353 864 2654 919 bonitatem
2688 872 2744 917 et
2777 863 3127 916 divinitatem
3159 879 3173 918 :
3205 863 3489 917 inferiores
3520 862 3684 931 igitur

2124 955 2438 1009 divinitates
2493 952 2736 1020 intellige
2784 953 3129 1020 angelorum,
3166 961 3219 1005 et
3274 951 3553 1005 hominum
3601 954 3689 1018 ju-

2118 1051 2380 1109 stortnu;
2431 1051 2488 1098 et
2516 1043 2570 1096 in
2622 1042 2936 1097 universum
2978 1041 3272 1094 observare
3300 1041 3580 1102 debemus,
3630 1051 3689 1094 ut

2119 1153 2312 1193 rursus
2345 1136 2637 1206 Dionysius
2667 1134 2822 1197 dixit,
2837 1133 3074 1188 alienum
3100 1149 3127 1185 a
3160 1135 3372 1188 ratione
3398 1141 3453 1187 et
3490 1132 3684 1186 absur-

2109 1231 2244 1284 dum
2285 1242 2408 1283 esse
2436 1226 2754 1282 existimare
2813 1240 2917 1279 non
2947 1224 3227 1279 attendere
3251 1225 3358 1278 vim
3400 1225 3683 1294 propositi,

2119 1318 2213 1375 sed
2246 1333 2408 1372 voces
2443 1324 2653 1369 tantum
2693 1332 2709 1380 ;
2749 1315 2853 1368 hoc
2891 1313 3037 1369 enim
3095 1329 3203 1368 non
3254 1329 3377 1369 esse
3409 1317 3686 1384 proprium

2115 1407 2621 1477 eorutuquidivina
2665 1406 2853 1459 volunt
2901 1407 3217 1475 intelligere,
3251 1407 3341 1462 sed
3397 1409 3488 1475 qui
3544 1407 3688 1461 solos

2115 1502 2338 1556 sonitus
2373 1500 2711 1569 percipiunt,
2743 1506 2794 1551 et
2818 1499 2918 1552 hos
2953 1499 3174 1566 quidem
3201 1507 3354 1552 extra
3375 1512 3535 1552 aures
3551 1513 3684 1554 con-

2118 1593 2310 1654 tinent,
2341 1604 2442 1644 nec
2461 1589 2518 1643 iit
2543 1601 2637 1642 eas
2663 1596 2952 1656 penetrare
2977 1587 3187 1642 sinunt.

2734 1696 2971 1755 CAPUT
3005 1699 3070 1751 ll.

2113 1793 2192 1848 De
2227 1792 2461 1846 bonitate
2504 1801 2552 1845 et
2580 1791 2836 1858 pulchro;
2884 1803 2932 1844 et
2989 1792 3077 1844 ubi
3139 1791 3481 1860 copulantur,
3537 1799 3586 1843 et
3634 1791 3687 1844 in

2177 1863 2365 1927 quibus
2395 1863 2789 1928 discernuntur,
2821 1871 2872 1914 et
2898 1877 3015 1930 qua:
3043 1877 3228 1914 eorum
3249 1862 3570 1929 proprietas.

2193 1953 2511 2024 Dionysius,
2545 1953 2724 2022 capite
2772 1960 2988 2021 quarto,
3021 1951 3094 2005 De
3143 1952 3336 2005 divinis
3366 1952 3687 2014 nominibus,

2112 2049 2242 2117 Age,
2277 2047 2471 2117 inquit,
2505 2047 2571 2100 ad
2624 2045 2802 2113 ipsum
2860 2059 3060 2098 nomen
3097 2042 3228 2097 boni
3269 2044 3685 2111 progrediamur

2116 2138 2263 2210 quod
2303 2146 2556 2206 exempte
2591 2139 2658 2190 ab
2686 2134 2967 2198 omnibus,
3008 2135 3278 2190 divinitati
3343 2151 3512 2204 supra
3547 2134 3688 2188 divi-

2111 2236 2338 2287 nitatem
2369 2231 2674 2285 attribttunt
2711 2229 2971 2297 theologi,
3011 2237 3292 2291 vocantes,
3330 2238 3386 2280 ut
3431 2227 3686 2294 arbitror,

2113 2321 2410 2377 bonitatem
2448 2320 2621 2389 ipsam
2655 2320 2952 2375 essentiam
3003 2318 3369 2386 divinant“),
3431 2319 3688 2371 divinita-

2112 2413 2184 2468 tis
2206 2413 2413 2468 scilicet
2443 2422 2646 2466 creatae
2695 2410 2994 2481 originem:
3026 2420 3081 2466 et
3115 2411 3241 2480 quia
3305 2411 3387 2464 sic
3441 2411 3684 2464 essentia

2117 2517 2216 2557 sua
2246 2503 2425 2556 bonus
2442 2515 2523 2556 est
2556 2501 2722 2568 Deus,
2758 2511 2818 2555 ut
2859 2509 3118 2569 tanquam
3176 2499 3538 2556 subs‘tantiale
3592 2499 3688 2553 bo-

2115 2610 2243 2650 num
2280 2593 2577 2651 bonitatem
2625 2593 2682 2647 in
2731 2593 2912 2647 omnia
2960 2581 3226 2662 por'tigat.
3283 2592 3452 2658 Quem
3508 2593 3686 2645 locum

2113 2689 2384 2744 adnotaus
2425 2685 2717 2752 Maximus,
2777 2683 3175 2749 Subsmntiale,
3231 2684 3428 2753 inquit,
3483 2683 3684 2737 bonum

2113 2790 2272 2838 vocat
2304 2783 2480 2851 ipsum
2519 2780 2724 2844 Deum;
2760 2785 2814 2832 et
2860 2778 3025 2847 paulo
3072 2787 3239 2847 post:
3284 2777 3445 2842 Deus,
3489 2777 3678 2844 inquit,

2115 2875 2318 2929 bonum
2359 2872 2519 2926 habet
2555 2885 2662 2925 non
2705 2884 2770 2924 ex
2819 2870 3088 2925 accidenti
3144 2879 3398 2938 tanquam
3462 2869 3690 2937 qualita-

2117 2975 2222 3020 tem
2259 2963 2569 3033 quamdam,
2595 2962 2736 3017 sicut
2780 2975 2881 3015 nos
2921 2959 3187 3015 habemus
3233 2960 3502 3026 virtutes;
3557 2959 3684 3029 quin

454 3067 579 3106 esse
605 3052 834 3111 bonum,
873 3059 929 3102 et
958 3049 1104 3102 aliud
1134 3050 1424 3111 “sistens,
1459 3058 1511 3101 et
1546 3050 1690 3103 aliud
1722 3053 1905 3116 vitam,
1937 3061 2024 3117 Vel
2051 3057 2094 3118 ο
2132 3059 2240 3110 imo
2255 3053 2559 3110 substantia
2589 3052 2716 3108 boni
2751 3051 2865 3118 ipse
2908 3049 3053 3106 Deus
3078 3061 3185 3114 est,
3217 3051 3358 3105 sicut
3390 3051 3568 3103 lumen
3604 3059 3688 3102 est

446 3137 796 3206 sapientiam,
825 3152 999 3204 neque
1027 3139 1225 3192 multas
1277 3151 1401 3192 esse
1431 3155 1650 3203 causas,
1680 3155 1857 3210 neque
1878 3142 2014 3198 alias

445 3230 762 3289 divinitates
789 3229 926 3282 alias
947 3227 1326 3296 producentes,
1352 3229 1682 3298 superiores,
1719 3241 1773 3286 et
1795 3233 2016 3289 inferio-

441 3336 571 3388 res,
606 3320 698 3374 sed
735 3319 897 3373 unius
919 3318 1010 3372 Dei
1050 3327 1190 3373 totas
1219 3320 1592 3375 catenationes
1612 3319 1784 3378 bonas
1821 3338 2016 3379 secun-

443 3412 577 3467 dum
613 3411 832 3464 nomina
871 3408 960 3463 Dei
990 3425 1019 3463 a
1047 3410 1208 3463 nobis
1234 3409 1664 3480 laudatatatque
1689 3427 1858 3468 unum
1890 3417 2016 3484 qtti.

443 3501 740 3571 dem,quod
757 3501 1060 3558 universam
1079 3501 1466 3569 providentiam
1482 3501 1641 3556 unius
1655 3501 1745 3555 Dei
1760 3504 2017 3573 declarat,

449 3611 642 3665 nempe
684 3611 880 3649 nomen
913 3596 1061 3658 honi,
1088 3595 1196 3647 alia
1230 3605 1410 3647 autem
1461 3595 1678 3650 nomina
1713 3601 2012 3655 cmanatio-

453 3703 549 3741 nes
575 3688 743 3755 magis
779 3697 872 3740 aut
903 3687 1083 3739 minus
1111 3684 1414 3753 generales,
1442 3686 1582 3739 sicut
1616 3687 1731 3755 ipsa
1765 3704 2010 3761 progres-

447 3779 532 3841 sio
562 3779 829 3832 tractandi
885 3777 1204 3831 declarabit.
1241 3775 1354 3831 llue
1410 3787 1665 3845 praeterea
1717 3781 2011 3837 observ-an-

447 3869 576 3923 dum
596 3879 698 3930 est.
730 3883 852 3923 eum
919 3868 1205 3921 audiemus
1235 3868 1529 3922 bonitatem
1567 3884 1730 3936 supra
1786 3888 2002 3929 omnem

445 3960 767 4026 bonitatem,
807 3967 860 4019 et
884 3958 1223 4014 divinitatem
1293 3973 1459 4027 supra
1505 3955 1874 4028 divinitatem,
1937 3981 2006 4020 ne

2120 3146 2422 3203 substantia
2454 3145 2586 3199 solis
2616 3141 2717 3214 (2).
2773 3140 2921 3196 Idem
2987 3141 3272 3211 Dionysius
3317 3151 3511 3208 quarto
3559 3155 3677 3208 cap.

2121 3238 2200 3292 De
2223 3236 2412 3290 divinis
2451 3234 2788 3288 nominibus:
2817 3229 2949 3290 Hoc.
2984 3231 3178 3299 inquit,
3213 3231 3414 3282 bonum
3484 3229 3669 3281 lauda-

2122 3341 2211 3385 tur
2239 3344 2268 3384 a
2301 3329 2473 3385 sacris
2502 3327 2764 3397 theologis
2801 3336 2858 3380 ut
2886 3325 3194 3394 pulchrum,
3225 3333 3279 3378 et
3309 3332 3366 3376 ut
3435 3321 3671 3391 pulchri-

2121 3424 2252 3480 tudo
2279 3464 2294 3488 ,
2321 3437 2372 3478 et
2398 3429 2457 3476 ut
2481 3421 2718 3483 dilectio,
2751 3427 2805 3474 et
2853 3427 2909 3471 ut
2941 3417 3221 3479 dilectum,
3248 3423 3300 3468 et
3347 3427 3678 3484 qu:rcunqne

2122 3519 2226 3572 alia
2263 3525 2393 3571 sunt
2433 3513 2617 3567 divina
2668 3511 2909 3572 nomina,
2967 3507 3161 3574 quibus
3221 3508 3337 3576 ipse
3405 3505 3680 3574 speciosus

2118 3613 2303 3674 decor,
2341 3614 2396 3661 et
2446 3605 2671 3659 etIector
2733 3601 3154 3671 pulchritudinis
3199 3601 3454 3654 decenter
3511 3600 3683 3653 uomi-

2121 3705 2306 3750 natttr.
2347 3693 2641 3746 Pulchrum
2675 3699 2878 3753 autem,
2905 3701 2959 3743 et
3005 3688 3355 3758 pulchritudo
3396 3705 3498 3742 non
3553 3696 3682 3742 sunt

2122 3785 2502 3856 distinguenda
2535 3784 2588 3836 in
2613 3796 2776 3835 causa
2807 3795 2927 3850 quae
2956 3781 3214 3833 universa
3269 3779 3322 3833 in
3373 3794 3481 3832 uno
3535 3793 3685 3833 con;-

2115 3879 2270 3949 plexa
2299 3884 2415 3937 est;
2446 3875 2560 3928 haec
2588 3873 2729 3926 enim
2761 3871 2816 3924 in
2853 3871 3110 3924 omnibus
3156 3873 3321 3924 rebus
3348 3869 3402 3922 in
3464 3871 3685 3938 partici-

2115 3968 2364 4039 pationes
2393 3973 2446 4019 et
2471 3965 2524 4019 in
2548 3959 2926 4033 participautia
2985 3960 3314 4027 dividentes,
3382 3960 3672 4031 pulchrum

1933 4108 2207 4172 Scholia.

517 4224 592 4292 (l)
631 4218 1200 4292 Essmitiani_divinant.
1229 4217 1535 4292 ininitatis
1562 4222 1824 4289 originem
1858 4223 2010 4290 dit-it,

447 4295 500 4355 in
526 4287 805 4345 creaturis
829 4288 1056 4349 scilicet,
1090 4291 1212 4353 quia
1249 4287 1384 4340 Deus.
1418 4301 1492 4342 est
1535 4287 1723 4343 nitetur
1757 4287 2011 4346 divinita-l

443 4367 518 4429 tis
551 4363 602 4412 iu
639 4359 849 4429 cunctis
884 4359 1192 4429 horninibus
1223 4365 1277 4409 et
1301 4359 1532 4429 angelis,
1557 4361 1647 4424 qui
1691 4362 1856 4413 Deum
1891 4363 2013 4414 imi-

2119 4229 2252 4283 tium
2285 4234 2340 4283 et
2377 4225 2747 4296 conjunctum,
2776 4221 2920 4296 quod
2945 4229 3169 4296 vocatur
3199 4220 3488 4296 accidens,
3509 4235 3686 4292 neque

2120 4307 2378 4366 tanquam
2401 4292 2722 4366 sit'auimal,
2744 4295 2888 4348 velut
2905 4292 3161 4366 pmdiius
3187 4293 3388 4366 anima,
3411 4294 3686 4366 voluntate

2127 4360 2501 4422 benefaciendi
2533 4365 2680 4418 intus
2727 4360 2914 4414 lumen
2946 4362 3163 4427 accipit.
3193 4372 3248 4412 et
3271 4362 3322 4412 in
3350 4361 3532 4413 omnia
3573 4360 3687 4415 ds-

390 4461 403 4472 -
440 4426 653 4511 iunior,
683 4428 814 4511 et‘ei
846 4426 1241 4511 S!|.|.I!IICS__ﬁU‘".!-.
1281 4427 1346 4511 ille
1369 4428 2012 4511 ttlliliusnscriptttnt.est:
2051 4443 2095 4500 ι)
2130 4437 2294 4504 pet-tit
2343 4435 2547 4504 (potius
2578 4433 2722 4486 enim
2755 4440 2965 4511 contra,
3027 4426 3220 4511 neque
3248 4429 3522 4482 animatus
3578 4438 3683 4510 est,

444 4501 558 4570 Ego
585 4493 862 4570 ἀίξῃ-νινε
890 4494 962 4546 dii
993 4496 1124 4570 estis
1151 4492 1524 4570 (Psnl._t_._)t\xt,
1546 4499 1627 4570 ti).
1651 4492 1794 4551 unde
1823 4499 2010 4552 divini-

445 4564 608 4631 tatem
640 4566 780 4622 ιιι-ιη.
802 4580 912 4634 ani,
959 4574 1009 4616 et
1046 4564 1212 4634 Deum
1251 4565 1506 4618 deitietttu
1541 4565 1850 4634 frequenter
1885 4583 2010 4622 ver-

445 4641 632 4697 timus,
658 4637 813 4708 quod
867 4632 1151 4708 Dionysius
1181 4633 1529 4708 Oeqpxiavet
1564 4632 1800 4708 ὖπὶιρξιν
1849 4637 2019 4708 θεαρ-

447 4709 612 4778 χικῄν
640 4706 789 4778 d_iett,
831 4704 965 4778 sicut
991 4709 1173 4778 (uincit
1192 4705 1518 4778 substantia.

518 4773 596 4845 (‘2)
650 4775 812 4829 Solis.
867 4773 983 4845 Non
1039 4773 1307 4838 sigitilicat
1351 4775 1531 4845 lumen
1593 4789 1714 4829 esse
1781 4773 2012 4830 l'orniam

446 4843 859 4901 stilistatttialetn
887 4844 1015 4914 solis
1040 4845 1340 4914 (tton_enint
1367 4843 1694 4907 substantia,
1749 4848 1840 4900 Sed
1874 4862 2012 4914 qua-

447 4917 570 4969 litas
606 4927 688 4969 est
716 4912 946 4981 lumen),
976 4915 1067 4966 sed
1100 4910 1227 4978 quia
1263 4921 1453 4967 natura
1481 4914 1637 4975 solis,
1665 4917 1756 4982 qui
1785 4925 1867 4968 est
1891 4910 2024 4969 ξυμ

447 5002 548 5052 pus
576 4985 927 5040 luminosutn,
960 4997 1064 5034 non
1086 4983 1334 5052 consistit
1352 4983 1466 5035 sine
1492 4984 1714 5044 lumine,
1735 4983 1867 5038 dicit
1889 4985 2021 5037 sub-

441 5051 695 5114 sietttiant
733 5053 849 5123 ejus
873 5065 1012 5123 esse,
1049 5051 1239 5123 idest,
1271 5053 1537 5123 Διοιιιιδριιιιὶ
1570 5053 1889 5106 naturaliter
1918 5054 2025 5105 lor-

443 5141 586 5182 tttam
615 5119 1027 5176 substantialem
1052 5120 1201 5184 solis,
1237 5119 1381 5174 sicut
1403 5119 1553 5173 ealor
1582 5133 1665 5174 est
1689 5123 2024 5176 substantia-

439 5195 506 5252 ιίς
540 5195 670 5260 igni,
715 5192 886 5252 idest
914 5190 1230 5260 naturaliter
1254 5205 1595 5260 consequens
1622 5190 1847 5244 formant
1878 5192 2014 5243 sub-

442 5259 754 5318 διοιίιίιιιθιιι
777 5262 938 5328 ignis.
961 5260 1117 5319 Hunc
1135 5259 1297 5327 igitur
1313 5259 1491 5311 locum
1517 5261 1876 5322 interpretatis
1896 5275 2024 5312 sati-

439 5344 562 5386 rtus
593 5332 860 5385 Maximus
895 5346 908 5381 :
943 5330 1134 5384 Nemo.
1176 5330 1370 5394 inquit,
1409 5330 1736 5393 suspicetur,
1769 5329 2015 5389 judicare

438 5403 756 5470 Dionysium
783 5403 848 5453 de
881 5398 1231 5470 Deoomuitto
1257 5399 1320 5449 ad
1343 5399 1648 5464 exemplum
1675 5400 1840 5462 solis;
1873 5400 2003 5464 quiti

438 5469 617 5540 potius
661 5475 740 5524 sic
765 5469 1168 5536 intelligendum
1195 5475 1298 5526 est,
1333 5470 1474 5540 sicut
1518 5474 1623 5540 sol,
1660 5483 1780 5518 cum
1812 5483 1915 5540 non
1942 5471 2008 5540 sit

437 5536 580 5600 aliud
607 5553 959 5612 praeterquam
998 5542 1201 5600 lumen,
1226 5552 1333 5590 ttott
1361 5536 1522 5588 habet
1554 5538 1732 5589 luntet:
1761 5536 2007 5588 adventi—

2126 4499 2303 4573 neque
2345 4499 2676 4573 voluntatem
2713 4499 3316 4573 benefaciendihabet;
3363 4513 3509 4573 caret
3537 4499 3684 4573 enim

2120 4567 2352 4631 ratione.
2410 4587 2508 4626 nec
2541 4570 2761 4623 aliutttle
2795 4571 2974 4622 lumen
3024 4567 3242 4634 accipit;
3289 4576 3372 4620 est
3402 4569 3545 4619 enint
3582 4569 3686 4621 hoc

2120 4643 2296 4711 ipsum
2350 4641 2648 4711 lumcn,_et
2679 4639 2996 4706 illuminat),
3027 4638 3106 4690 sic
3132 4638 3217 4711 _iu_
3240 4636 3347 4711 Deo
3385 4635 3685 4705 intelligere

2116 4706 2352 4779 oportet,
2388 4713 2530 4777 unod
2560 4707 2702 4764 Deus
2757 4711 2964 4779 scilicet
2994 4721 3102 4760 non
3131 4706 3294 4779 habet
3329 4706 3527 4758 bonum
3554 4721 3686 4758 con-
3775 4764 3785 4773 _

2112 4775 2359 4850 junctum
2406 4775 2668 4850 tanquam
2711 4777 3021 4850 qualitatem
3051 4775 3364 4850 quamdam,
3395 4785 3538 4850 sicut
3586 4789 3687 4828 nos

2121 4844 2380 4904 habemus
2430 4844 2678 4911 virtutes,
2717 4844 2849 4914 quin
2900 4847 3082 4913 potius
3141 4844 3446 4896 substantia
3513 4844 3684 4910 ipsius

2126 4920 2250 4971 boni
2292 4919 2406 4984 ipse
2441 4916 2581 4969 Deus
2627 4913 2747 4978 est,
2781 4917 2924 4968 sicut
2960 4915 3152 4984 lumen
3192 4913 3498 4984 substantia
3526 4914 3681 4975 solis;

2125 4998 2178 5040 et
2244 4983 2499 5052 tanquam
2555 4986 2649 5053 qui
2717 4993 2798 5038 est.
2847 4986 3079 5053 ldlpstllll
3143 4983 3362 5053 bonum,
3400 4983 3682 5053 _l_'ulgorettt

2128 5049 2388 5109 bonitatis
2413 5055 2464 5107 itt
2491 5049 2670 5108 omnia
2713 5049 2959 5121 porrigit.
2995 5051 3266 5104 llactenus
3307 5050 3364 5102 S.
3395 5049 3681 5112 Maximus,

2128 5127 2373 5192 quicum
2434 5123 2507 5176 ait
2567 5123 2771 5184 ltttnen,
2831 5121 2978 5187 quod
3020 5121 3220 5192 alioqui
3280 5121 3519 5192 qualitas
3575 5130 3682 5182 est,

2129 5189 2490 5248 stilistatttiatn
2512 5193 2642 5246 Solis
2668 5207 2812 5254 esse,
2841 5205 2990 5242 inore
3021 5189 3360 5258 plttloSOprt
3379 5205 3467 5240 unt
3513 5191 3690 5255 loqui-

2133 5274 2240 5327 tur,
2297 5264 2388 5332 qui
2443 5265 2837 5332 proprietatem
2888 5257 3094 5311 natura:
3153 5257 3384 5332 alicujus
3442 5259 3685 5332 adeam

2131 5330 2453 5401 t'att'goi'iattt
2486 5331 2842 5401 reterunt,a:l
2873 5344 3045 5401 quam
3064 5335 3256 5401 natura
3295 5330 3381 5379 illa
3407 5330 3638 5401 pertinet
3665 5342 3682 5378 :

2121 5414 2174 5456 ιιι
2213 5395 2350 5455 iuvent
2380 5411 2602 5457 sanctus
2635 5400 2897 5454 Maximus
2932 5399 2984 5451 itt
3021 5395 3223 5451 Divinis
3255 5397 3549 5450 nominibus
3586 5413 3686 5449 no-

2117 5483 2270 5526 lat’tl.

512 5681 589 5748 ta)
615 5678 900 5748 Sumptnm
930 5688 1010 5732 est
1036 5693 1096 5732 ex
1130 5676 1386 5750 Diony:io
1418 5694 1462 5728 c.
1489 5677 1521 5729 5
1557 5677 1618 5728 de
1653 5676 1834 5730 diiinis
1868 5677 2181 5733 nominibus.
