4078 6274
327 353 437 415 803

999 348 1232 409 DECAS
1272 347 1336 406 V.
1380 356 1447 384 -'-
1490 344 1584 403 DE
1624 336 2289 407 PROPRIETA'I‘IBUS
2349 335 2583 394 DlViN.
2627 333 2892 394 NOMIN.

3462 328 3568 393 810

341 465 561 534 quidem
585 464 840 528 dicimus,
868 463 1011 532 quod
1046 459 1469 530 pulclu-ittnlinis
1498 457 1768 527 particeps
1783 464 1858 508 εει
1887 468 1901 517 ;
1936 457 1978 510 Α
2010 466 2104 504 nes
2134 462 2187 505 et
2216 452 2513 506 accidentia
2554 452 2604 505 in
2637 453 2797 505 rebus
2867 457 3174 512 censentur,
3198 449 3342 519 quod
3377 449 3430 501 in
3461 449 3571 500 Deo

346 555 811 626 pulchritudinem
839 570 968 609 vero
994 553 1464 624 participationem
1493 565 1669 605 causa:
1724 546 1907 599 omnia

347 651 573 718 pulchra
606 646 912 702 eﬂicicutis.
942 646 1137 712 Quoin
1178 646 1298 698 loco
1347 645 1423 697 ait
1463 652 1682 696 sanctus
1738 638 1909 692 Maxi~

348 753 500 793 Inus:
525 737 761 790 Pulcher
781 737 975 790 dicitur
1003 736 1144 791 Deus
1171 737 1220 789 in
1239 732 1464 790 Cantico
1480 734 1816 787 canticorum
1839 729 1910 793 ",

345 841 400 884 et
433 828 936 895 David:Speciostts
988 829 1159 897 forma
1214 842 1323 897 prie
1369 824 1494 894 ﬁliis
1562 819 1908 876 hominum”.

353 920 556 974 Dicitur
589 927 768 974 autem
794 921 1080 987 pulchrum
1114 928 1167 973 et
1201 916 1574 987 pulchritudo,
1610 915 1736 982 quia
1797 913 1910 965 dis-

351 1011 614 1078 tinguitur
645 1009 698 1062 in
733 1010 894 1063 rebus
946 1009 1000 1062 in
1061 1007 1432 1076 participautia
1488 1012 1540 1058 et
1573 1003 1912 1072 participata,

352 1101 406 1154 in
435 1099 543 1154 Deo
572 1110 755 1154 autem
790 1115 896 1154 non
931 1100 1008 1154 sic
1046 1117 1058 1152 :
1093 1099 1251 1161 καλὸς
1292 1112 1546 1165 namque,
1572 1096 1621 1150 id
1651 1104 1756 1159 est,
1801 1092 1916 1162 pul-

349 1191 485 1243 cher
516 1190 739 1254 dicitur,
769 1197 823 1244 et
853 1183 981 1258 quia
1039 1188 1230 1243 tribuit
1251 1189 1504 1242 omnibus
1551 1184 1912 1254 pulchritudi-

353 1296 499 1343 nem,
533 1289 586 1334 et
609 1281 735 1349 quia
759 1283 940 1334 omnia
973 1281 1039 1334 ad
1058 1293 1118 1334 se
1145 1277 1318 1344 καλεῖ,
1353 1281 1402 1331 id
1433 1289 1538 1351 εει,
1567 1286 1721 1331 vocat
1751 1295 1763 1341 ;
1802 1289 1920 1328 rur-

356 1388 452 1428 sus
482 1373 644 1426 καλὸν
670 1375 745 1435 ὡς
777 1374 863 1425 ἀεὶ
929 1372 1008 1436 ὃν,
1044 1374 1093 1425 id
1122 1381 1224 1434 est,
1293 1371 1579 1438 pulchrum
1640 1379 1916 1437 tamquam

356 1479 569 1533 semper
596 1465 891 1526 cxsistens,
921 1465 1216 1518 secundum
1266 1463 1438 1517 (ἶνιεεί
1510 1462 1746 1514 nominis
1805 1471 1920 1529 ety-

362 1557 672 1624 mologiam,
717 1564 902 1624 utpote
930 1568 1208 1620 nunquam
1225 1553 1569 1616 decrescens,
1606 1565 1703 1605 nec
1755 1565 1922 1618 auge-

357 1661 540 1701 scens.
587 1647 787 1700 ibidem
821 1649 982 1699 ctiam
1019 1644 1310 1714 Dionysius
1340 1663 1352 1696 :
1385 1643 1745 1708 Quamobrem
1779 1642 1919 1694 idem

357 1748 442 1792 est
475 1738 758 1806 pulchrum
789 1746 954 1806 atque
982 1739 1204 1800 bonum,
1230 1735 1489 1803 quoniam
1517 1736 1697 1786 omnia
1726 1747 1922 1786 secun-

359 1830 486 1882 dum
531 1811 756 1881 omnem
805 1842 1025 1882 causam
1076 1827 1358 1894 pulchrmn
1404 1833 1455 1878 et
1499 1825 1697 1878 bonum
1755 1837 1922 1891 appe-

362 1918 577 1989 tunt(5)
604 1936 617 1970 :
638 1927 691 1972 et
715 1919 846 1971 nihil
868 1927 951 1971 est
975 1919 1025 1970 in
1048 1931 1223 1970 rerum
1247 1928 1458 1981 natura,
1479 1917 1608 1985 quin
1631 1915 1918 1983 pulchrum

359 2021 411 2064 et
441 2011 968 2079 bonum‘parlicipet
1015 2024 1028 2061 :
1088 2007 1298 2062 audebo
1357 2009 1520 2061 etiam
1565 2007 1666 2060 hoc
1721 2005 1921 2068 dicere,

361 2101 504 2170 quod
532 2116 640 2154 non
679 2109 782 2164 est,
811 2100 1096 2169 pulchrum
1122 2099 1383 2152 ctbonum
1419 2099 1766 2167 participare,
1796 2104 1925 2151 tunc

361 2192 505 2247 enim
531 2199 615 2246 est
647 2192 843 2258 ipsum,
873 2191 1166 2259 pulchrum
1193 2201 1243 2244 et
1316 2191 1542 2253 bonum,
1600 2191 1820 2258 quando
1870 2189 1922 2242 in

367 2285 474 2340 Deo
493 2283 738 2338 laudatur
757 2298 918 2352 supra
944 2283 1300 2338 substantiam
1319 2283 1613 2336 auferendo
1630 2281 1808 2335 omnia
1829 2282 1924 2352 (4).

363 2377 517 2444 Quod
585 2384 762 2430 autem
822 2375 962 2428 idem
1026 2385 1110 2428 εει
1161 2376 1443 2440 pulchrum
1503 2387 1666 2444 atque
1722 2375 1921 2430 bonum

366 2469 420 2519 in
453 2467 580 2530 Deo,
604 2467 697 2536 qui
729 2477 811 2520 est
842 2482 1004 2533 supra
1061 2466 1424 2519 substantiam
1452 2485 1464 2529 ;
1495 2475 1548 2519 et
1608 2463 1752 2534 quod
1815 2468 1927 2520 haec

365 2572 489 2626 qua:
523 2557 882 2611 substantiam
907 2557 1020 2619 Dei,
1049 2570 1170 2624 qua}
1205 2565 1282 2608 est
1344 2559 1497 2625 origo
1546 2557 1926 2619 deilicationis,

367 2647 664 2711 declarant,
703 2647 768 2699 ad
795 2647 971 2715 ipsum
1011 2661 1104 2713 per
1133 2646 1321 2698 divina
1351 2646 1568 2697 non'iina
1619 2645 1833 2710 pulchri
1880 2654 1932 2696 et

369 2739 494 2793 boni
512 2739 780 2807 pertinent
811 2756 823 2790 :
853 2737 1076 2806 etquod
1135 2737 1199 2789 ad
1227 2751 1288 2788 ea
1321 2752 1442 2803 quae
1499 2737 1550 2787 in
1609 2736 1716 2789 Deo
1781 2745 1930 2800 sunt,

370 2845 480 2883 non
517 2831 928 2897 distinguuntur
956 2830 1010 2881 in
1044 2828 1494 2896 partieipatioucs
1524 2837 1573 2880 et
1638 2812 1932 2896 participa-

371 2933 446 2987 ta,
479 2923 650 2992 liquet
679 2937 746 2976 ex
769 2919 1466 2990 consensutheologorum.
1489 2918 1544 2973 In
1592 2922 1790 2989 quibus
1835 2936 1933 2975 au-

377 3028 483 3069 tem
518 3013 868 3085 distinguitur
899 3014 1134 3076 bonitas,
1164 3025 1216 3067 et
1242 3028 1336 3083 per
1365 3014 1529 3081 ipsam
1554 3014 1860 3081 pulchrum,
1884 3025 1937 3068 et

2016 556 2123 595 non
2164 542 2236 595 ita
2267 552 2374 606 est,
2408 547 2500 612 qui
2539 544 2717 596 omnia
2791 539 3084 596 antecellit.
3126 539 3338 594 Rursus
3385 539 3570 593 idem:

2015 631 2292 689 Desiderio
2341 634 2668 704 intelligendi
2711 645 2762 688 et
2813 634 3025 688 dicendi
3085 632 3288 702 aliquid
3334 631 3403 686 de
3465 629 3575 683 Deo

2015 742 2207 780 nomen
2241 727 2370 781 boni
2429 728 2684 798 Theologi
2739 727 2848 782 Deo
2910 727 3295 786 attribuerunt,
3357 725 3576 794 proprie

2014 818 2157 872 enim
2182 819 2322 874 Deus
2350 829 2431 873 est
2448 835 2606 888 supra
2623 836 2784 888 quam
2806 821 3002 880 bonus,
3022 830 3074 872 et
3100 833 3426 887 supraqnam
3453 818 3581 872 sub-
3621 880 3624 884 ,

2016 913 2237 974 stantia,
2271 911 2481 965 bonitas
2511 922 2686 966 autem
2719 928 2912 965 nomen
2937 921 3017 966 εει
3043 911 3427 964 venerationis.
3456 910 3580 961 item

2022 1003 2161 1058 idem
2197 1007 2518 1058 incumbens
2542 1008 2592 1058 in
2625 1021 2686 1058 ea
2717 1023 2836 1073 quae
2861 1017 2985 1058 sunt
3025 1005 3074 1058 in
3099 1013 3294 1073 quarto
3315 1005 3489 1070 capite
3519 1003 3585 1055 de

1989 1095 2222 1168 ‘eisdem
2304 1095 2506 1150 divinis
2583 1095 2940 1149 nominibus:
2985 1095 3218 1155 Bonum,
3278 1095 3476 1161 inquit,
3529 1103 3584 1145 et

2020 1188 2332 1256 pulchrum,
2359 1189 2501 1257 quod
2540 1189 2591 1241 in
2650 1189 2906 1242 omnibus
2967 1188 3131 1252 inest,
3169 1203 3275 1241 non
3307 1198 3390 1242 est
3453 1187 3582 1238 illurt

2022 1279 2256 1347 primum
2292 1280 2580 1347 pulchrum
2615 1292 2667 1334 et
2695 1279 2896 1334 bonum
2927 1280 3194 1340 omnium,
3243 1278 3398 1344 cujus
3463 1293 3587 1346 par~

2024 1371 2336 1439 ticipatione
2374 1374 2555 1425 oninia
2578 1382 2706 1427 sunt
2738 1373 2958 1441 pulchra
2988 1383 3041 1426 et
3078 1373 3236 1435 bona,
3268 1372 3408 1439 quod
3438 1371 3581 1422 enim

2023 1470 2106 1513 est
2139 1461 2192 1512 in
2229 1459 2392 1514 rebus
2417 1463 2706 1530 pulchrum
2739 1471 2792 1517 et
2825 1463 3049 1522 bonum,
3083 1478 3186 1513 non
3222 1472 3305 1514 cst
3332 1461 3587 1514 substan-

2025 1551 2120 1614 tia,
2154 1567 2518 1621 ncquegenns
2551 1554 2886 1616 substantiae,
2954 1556 3047 1608 sed
3104 1555 3381 1616 accidens,
3441 1554 3586 1621 quoi

2028 1643 2189 1697 habet
2219 1644 2634 1698 similitudinem
2676 1645 3073 1713 aliquantulum
3096 1644 3465 1712 cinijuuctam.
3513 1643 3586 1694 iis

2027 1728 2225 1804 quibus
2250 1737 2455 1804 patefit,
2515 1737 2975 1804 quemadmodum
3029 1737 3246 1790 bonitas
3293 1749 3348 1790 et
3408 1738 3584 1804 ipsum

2031 1826 2315 1894 pulchrum
2346 1827 2397 1880 in
2439 1827 2547 1882 Deo
2589 1830 2912 1897 copulantur
2943 1847 2956 1893 ;
2987 1829 3210 1882 ctidem
3249 1839 3330 1882 est
3385 1829 3586 1882 bonum

2031 1923 2192 1984 atque
2219 1915 2528 1983 pulchrum,
2566 1902 2716 1971 extra
2756 1917 2923 1971 Deum
2953 1933 3100 1981 vero;
3135 1927 3186 1972 et
3218 1920 3268 1971 in
3322 1920 3594 1974 creaturis

2031 2005 2150 2076 ejus
2181 2007 2414 2061 discreta
2448 2016 2596 2074 sunt,
2624 2008 3039 2078 passionesque,
3076 2017 3127 2062 et
3160 2010 3459 2063 accidentia
3486 2027 3586 2063 uu-

2034 2107 2336 2150 merantur.
2384 2096 2558 2150 Etiam
2625 2099 3010 2166 proprietatem
3079 2099 3275 2152 horum
3333 2101 3595 2170 intellige—

2036 2201 2180 2250 mus,
2216 2188 2261 2242 si
2303 2204 2423 2257 qua:
2454 2189 2586 2262 dicit
2637 2205 2890 2244 summus
2953 2191 3234 2260 theologus
3301 2191 3596 2262 Dionysius

2035 2279 2415 2334 advertimus:
2485 2276 2618 2333 Boni
2679 2283 2847 2345 enim,
2910 2281 3106 2350 inquit,
3173 2299 3396 2350 nomen,
3453 2285 3598 2352 quod

2039 2371 2317 2424 universas
2345 2373 2720 2427 emanaliones
2752 2375 2997 2428 auctoris
3041 2376 3287 2430 omnium
3336 2377 3598 2440 declarat,

2037 2461 2090 2513 ii:
2125 2477 2184 2514 ea
2218 2476 2339 2530 qua:
2378 2472 2525 2526 sunt,
2551 2471 2602 2516 et
2643 2479 2760 2532 qua:
2789 2480 2895 2518 non
2920 2463 3343 2530 sunt,'tenditur
3377 2478 3429 2522 et
3477 2483 3603 2536 por-

2041 2553 2268 2620 rigitur;
2301 2561 2354 2604 et
2386 2569 2546 2619 supra
2568 2553 2752 2606 omnia
2781 2569 2900 2622 quae
2929 2566 3077 2622 sunt,
3105 2569 3158 2610 et
3179 2573 3301 2626 qua:
3319 2573 3429 2612 non
3451 2569 3576 2612 sunt

2039 2649 2124 2694 est
2159 2660 2172 2696 :
2206 2645 2251 2697 si
2283 2654 2461 2695 autem
2497 2644 2698 2697 bonum
2729 2644 2966 2714 idipsum
3025 2662 3148 2700 eum
3208 2649 3432 2716 pulchro
3493 2661 3596 2710 est,

2041 2750 2385 2788 communem
2413 2737 2636 2789 omnino
2663 2751 2789 2790 cum
2823 2753 2886 2791 co
2921 2740 3306 2808 proprietatem
3346 2741 3600 2804 habebit;

2054 2828 2264 2893 eritque
2305 2830 2606 2897 proprietas
2640 2829 2853 2900 pulchri
2911 2831 3053 2884 tendi
3097 2833 3149 2884 in
3171 2848 3232 2885 ea
3288 2846 3410 2900 quae
3452 2845 3604 2899 sunt,

2041 2929 2094 2971 et
2120 2933 2242 2986 qua:
2266 2937 2368 2973 non
2400 2932 2546 2982 sunt,
2583 2931 2804 2992 propter
2839 2923 3122 2992 pulchrum
3158 2925 3300 2977 enim
3325 2934 3379 2978 et
3401 2926 3599 2979 bonum

2045 3021 2239 3065 cuneta
2275 3013 2536 3080 producta
2569 3009 2720 3078 sunt,
2762 3014 2872 3068 imo
2904 3025 3126 3084 pr0pter
3151 3016 3261 3068 haec.
3289 3017 3427 3084 ipsa,
3489 3018 3606 3086 pul-

379 3109 524 3178 quod
560 3111 613 3162 in
645 3117 896 3162 creatura
930 3105 1360 3175 distinguuntur,
1409 3116 1462 3159 et
1523 3121 1641 3175 quae
1696 3105 1933 3175 ipsorum
1968 3138 2013 3202 Ο
2049 3103 2239 3156 chrum
2273 3105 2392 3158 dico
2431 3113 2483 3159 et
2513 3105 2740 3170 bonum,
2774 3108 2904 3162 item
2935 3123 2997 3161 ea
3033 3125 3151 3177 qua),
3186 3126 3292 3162 non
3323 3119 3472 3174 sunt,
3504 3129 3608 3164 una

381 3202 661 3255 nominum
698 3199 1022 3267 proprietas,
1051 3211 1116 3252 ex
1160 3197 1243 3252 liis
1305 3195 1653 3252 manifestum
1702 3198 1792 3252 sit.
1843 3197 1942 3267 Sy-

379 3293 556 3346 nodus
588 3303 773 3346 contra
806 3288 1132 3344 Manichazos
1151 3290 1498 3359 abepiscopo
1553 3290 1732 3344 Caron
1785 3291 1940 3344 habio

381 3382 962 3453 ta‘quteinPanariis
1029 3383 1218 3444 fertur,
1274 3384 1386 3436 ait:
1449 3381 1657 3436 Bonum
1721 3383 1772 3434 in
1837 3383 1942 3435 Deo

381 3477 686 3529 substantia
737 3483 840 3537 εει,
895 3474 948 3526 in
1007 3475 1274 3528 creaturis
1327 3485 1505 3527 autem
1553 3474 1827 3527 accidens.
1880 3474 1945 3525 Et

386 3565 525 3618 idem
555 3564 755 3617 ibidem
793 3573 807 3616 :
835 3563 1058 3618 Bonitas
1085 3565 1254 3628 enim,
1290 3576 1411 3632 qua:
1441 3566 1492 3616 in
1529 3564 1782 3617 universo
1829 3580 1946 3617 cer-

386 3655 555 3716 nitur,
590 3656 949 3709 intensioncm
979 3664 1032 3708 et
1076 3655 1452 3709 remissionem
1489 3664 1546 3708 ut
1570 3655 1825 3709 accidens
1857 3671 1944 3709 re-

382 3746 536 3818 cipit.
573 3745 635 3798 Et
662 3744 954 3813 Dionysius
984 3745 1159 3813 capite
1192 3745 1402 3798 decimo
1430 3745 1588 3799 tertio
1631 3746 1702 3798 De
1757 3747 1946 3800 divinis

387 3836 707 3900 nominibus,
761 3834 872 3889 Nec
937 3839 1134 3904 ipsum,
1190 3836 1388 3905 inquit,
1449 3851 1645 3889 nomen
1695 3837 1950 3890 bonitatis

389 3926 660 3980 divinitati
724 3935 980 3994 tanquam
1040 3936 1224 3994 aptum
1301 3928 1802 3990 accommodamus,
1855 3927 1947 3983 sed

391 4018 664 4072 desiderio
690 4017 890 4085 aliquid
937 4017 1270 4087 intelligendi
1297 4027 1350 4071 et
1384 4018 1598 4071 dicendi
1631 4019 1697 4072 de
1756 4030 1950 4073 natura

394 4112 485 4162 illa
514 4123 712 4162 arcana
739 4121 792 4162 et
823 4108 1102 4171 ineifabili,
1151 4110 1295 4177 quod
1349 4117 1432 4162 est
1475 4111 1715 4162 omnium
1781 4115 1953 4165 nomi-

393 4216 521 4254 num
559 4201 792 4252 maxime
842 4199 1170 4263 venerabile,
1225 4201 1324 4269 ipsi
1375 4201 1610 4268 primum
1671 4213 1954 4256 consi~cra-

397 4291 650 4345 musUbi
681 4305 912 4345 sanctus
945 4292 1210 4344 Maximus
1246 4310 1258 4344 :
1293 4292 1372 4346 Ob
1403 4293 1541 4347 hanc
1567 4309 1810 4359 causam,
1868 4297 1954 4349 ἰη-

396 4383 535 4449 quit.
568 4399 760 4436 nomen
799 4385 1052 4437 boniaut
1086 4384 1294 4450 pulchri
1334 4400 1436 4436 non
1473 4387 1690 4453 proprie
1739 4402 1951 4442 accom-

2048 3203 2176 3247 sunt
2206 3197 2487 3264 producta,
2527 3200 2782 3266 quoniam
2810 3217 2950 3256 unus
2978 3202 3056 3256 sol
3084 3211 3303 3270 propter
3331 3203 3531 3256 bonum
3556 3213 3611 3256 et

2049 3289 2338 3353 pulchrum
2371 3290 2546 3345 factus
2579 3302 2682 3354 est,
2710 3302 2762 3344 et
2791 3289 2926 3346 alter
2967 3293 3046 3346 sol
3079 3295 3169 3360 qui
3202 3309 3305 3345 non
3356 3307 3456 3358 est,
3492 3311 3614 3364 pro-

2051 3385 2166 3444 pter
2200 3379 2396 3432 bonum
2428 3380 2553 3432 item
2588 3391 2639 3433 et
2667 3377 2952 3446 pulchrum
2977 3397 3083 3434 non
3121 3392 3203 3435 est
3257 3383 3430 3436 factus
3459 3401 3472 3436 :
3509 3385 3613 3436 ita-

2052 3487 2156 3538 que
2181 3474 2288 3524 duo
2323 3488 2426 3523 non
2455 3480 2580 3524 sunt
2611 3471 2736 3524 facti
2765 3480 2982 3540 propter
3003 3473 3249 3526 eamdem
3315 3474 3612 3527 bonitatem

2055 3573 2104 3616 et
2132 3564 2615 3628 pulchritudinem.
2645 3564 2700 3618 Si
2725 3565 2869 3617 enim
2903 3577 3072 3616 unum
3120 3565 3288 3617 solem
3326 3568 3376 3618 in
3423 3570 3616 3622 ardore

2056 3653 2198 3706 ferre
2226 3669 2330 3706 non
2368 3663 2680 3720 possumus,
2710 3657 2755 3708 si
2787 3655 2895 3708 duo
2922 3662 3124 3719 essent,
3163 3657 3285 3723 quis
3331 3674 3436 3712 non
3469 3675 3619 3714 com-

2056 3742 2251 3797 bustus
2298 3744 2660 3797 remaneret?
2714 3743 2943 3814 Propter
2993 3745 3286 3799 bonitatem
3353 3749 3516 3816 igitur
3565 3763 3619 3806 et

2058 3833 2522 3902 pulchritudinem
2550 3837 2714 3888 etiam
2745 3835 2888 3903 quod
2947 3849 3051 3889 n0n
3075 3845 3178 3900 est,
3219 3853 3323 3892 non
3361 3855 3446 3894 est
3501 3837 3614 3897 fac-

2059 3935 2192 3980 tum.
2219 3925 2393 3981 Simul
2411 3927 2838 3981 demonstratum
2861 3937 2962 3991 εει,
2981 3931 3162 3982 omnia
3186 3932 3406 3984 nomina
3430 3934 3482 3987 in
3512 3934 3622 3990 Deo

2061 4031 2167 4070 non
2203 4017 2367 4070 dividi
2407 4018 2459 4070 in
2509 4019 2960 4087 participationes
2987 4031 3042 4075 et
3072 4022 3388 4092 participata
3421 4043 3434 4078 :
3465 4038 3620 4079 cura

2063 4111 2231 4164 Deum
2271 4118 2473 4175 autem,
2509 4123 2633 4164 cum
2671 4112 2848 4178 agitur
2881 4115 2947 4166 de
2979 4115 3443 4179 emanationibus,
3490 4126 3620 4171 tunc

2062 4202 2603 4270 etpartieipatiunes,
2637 4213 2688 4256 et
2745 4205 3049 4272 passiones,
3091 4215 3146 4258 et
3196 4208 3496 4261 accidentia
3538 4226 3623 4262 re-

2063 4305 2323 4363 putantur
2352 4312 2366 4347 :
2393 4294 2535 4349 sicut
2565 4306 2745 4349 [notus
2773 4296 2824 4348 in
2887 4298 3199 4360 mobilibus,
3257 4309 3309 4352 et
3365 4302 3626 4368 opu-ratiu-

2064 4404 2160 4443 nes
2225 4388 2280 4440 in
2339 4386 2585 4452 eﬂ‘eetis;
2642 4403 2742 4442 nec
2800 4403 2917 4456 qua:
2969 4389 3091 4442 talia
3130 4401 3273 4452 sunt,
3310 4392 3628 4448 substantia;

400 4476 651 4528 tnodatur
678 4476 804 4536 lico,
845 4475 971 4543 quia
1007 4475 1118 4527 haec
1161 4475 1212 4526 in
1245 4475 1405 4530 rebus
1433 4479 1778 4544 reperiuntur
1812 4499 1824 4534 :
1877 4483 1956 4535 sic
1992 4489 2034 4542 υ
2063 4482 2346 4546 dicuntur,
2379 4482 2508 4551 quia
2543 4490 2601 4533 ut
2630 4493 2789 4536 antea
2840 4484 3271 4537 deitiOttslrat'tttii
3323 4497 3428 4549 est,
3500 4499 3630 4543 tunc

394 4567 555 4620 etiam
592 4570 845 4633 superius
875 4567 1082 4620 dictum
1109 4566 1367 4634 reperies.
1398 4568 1523 4636 quia
1583 4570 1696 4624 huc
1751 4573 1956 4638 passio-

471 4755 514 4786 "’
544 4755 699 4809 Cant.
735 4769 775 4820 t,
812 4754 898 4818 l5,
976 4752 1020 4784 ⁸⁸
1049 4747 1192 4808 Psal.
1220 4768 1360 4818 κων,
1394 4753 1444 4806 5.

2064 4582 2214 4637 sunt,
2247 4589 2366 4627 cum
2401 4572 2552 4626 ﬁunt.

1884 4872 2152 4932 Schoha.

478 4985 555 5052 (3)
594 4977 787 5037 Omnia
848 4987 1132 5052 secundum
1194 4991 1402 5052 omnem
1453 4991 1665 5029 causam
1697 4973 1972 5052 pulchrum

397 5065 449 5110 et
485 5045 679 5108 bonum
709 5060 976 5118 appetunt.
1016 5049 1155 5118 Quia
1213 5045 1356 5118 Deus
1380 5058 1460 5118 est
1501 5059 1659 5099 causa
1731 5047 1972 5118 omnium

402 5124 670 5185 effectrix,
709 5115 798 5187 qui
832 5135 953 5172 cum
993 5117 1248 5170 omnibus
1277 5116 1572 5187 bonitatem
1614 5123 1671 5187 et
1725 5115 1972 5187 pulchri-

401 5183 820 5249 tudinemsu’am
858 5188 1250 5248 communicat,
1275 5195 1327 5239 et
1366 5183 1490 5252 quia
1537 5184 1658 5238 linis
1705 5185 1972 5248 omnium,

403 5263 588 5316 omnia
623 5261 764 5313 enim
826 5259 966 5311 facta
1021 5266 1167 5317 sunt,
1205 5263 1262 5307 ut
1316 5254 1553 5307 divinam
1593 5255 1885 5306 bonitatem
1922 5263 1974 5305 et

409 5329 893 5401 pulchritudinem,
935 5338 994 5380 ut
1023 5325 1279 5401 quidun
1300 5324 1826 5401 potestnimitentur.
1857 5323 1972 5401 _Est

411 5393 670 5470 praeterea
710 5413 871 5452 causa
898 5393 1410 5470 esetnplarisDeus,
1433 5393 1556 5460 quia
1581 5394 1761 5470 omnia
1787 5394 1972 5470 prius.

407 5463 570 5538 {illam
615 5469 826 5532 ﬁerent,
860 5479 912 5538 et
937 5463 1077 5519 inter
1105 5479 1174 5538 se
1205 5463 1690 5538 distinguerentur,
1749 5463 1802 5515 in
1849 5465 1966 5538 ipso

409 5532 585 5599 ιῖι·;ιιιι,
614 5548 668 5591 et
697 5537 992 5591 secundum
1017 5534 1255 5588 rationes
1295 5541 1348 5586 et
1375 5532 1704 5600 exemplaria
1726 5535 1968 5586 omnium

409 5624 533 5674 qth
599 5609 652 5661 in
717 5622 776 5661 se
841 5606 1096 5668 habebat,
1168 5604 1351 5657 omnia
1423 5606 1562 5655 facta
1626 5612 1677 5656 et
1733 5604 1968 5658 discreta

412 5685 565 5731 sunt.

487 5746 561 5816 (4)
606 5744 834 5811 Quando
887 5743 939 5796 in
966 5740 1077 5797 Deo
1131 5741 1383 5794 laudatur
1423 5756 1581 5811 supra
1625 5743 1973 5798 substantiam

731 5839 998 5898 PATROL.
1046 5838 1159 5896 Gn.
1206 5836 1375 5899 CLII.

2074 4978 2359 5055 auferendo
2400 4982 2600 5055 omnia.
2651 4979 2881 5055 Exponit
2934 4985 3150 5053 quando
3203 4987 3346 5055 quod
3387 5002 3491 5043 non
3525 5000 3631 5053 est,

2075 5050 2368 5122 participat
2396 5051 2682 5122 pulchrum
2715 5050 3026 5122 etLbonuiu,
3054 5050 3274 5122 quando
3299 5059 3510 5113 scilicet
3538 5050 3634 5114 ali;

2074 5119 2196 5198 quis
2216 5118 2345 5198 dicit
2367 5119 2513 5198 :_H_uc.
2533 5134 2639 5172 non
2667 5130 2748 5174 est
2775 5120 2937 5198 Dens,
2957 5118 3054 5198 nec
3073 5118 3226 5198 illud,
3248 5129 3338 5180 sed
3364 5142 3446 5182 est
3473 5146 3637 5198 supra

2076 5190 2190 5262 irate
2218 5205 2232 5251 ;
2261 5189 2358 5241 hoc
2386 5190 2552 5262 igitur
2587 5205 2692 5262 non
2721 5206 2858 5251 esse,
2893 5193 3095 5247 ablatio
3123 5195 3340 5262 inquam
3371 5189 3636 5258 omnium,

2075 5259 2436 5332 siVe_negati_o
2463 5259 2746 5327 participat
2770 5263 3052 5328 pulchrum
3086 5275 3138 5318 et
3189 5259 3414 5324 bonum,
3447 5277 3630 5332 quate-

2075 5344 2176 5381 nus
2203 5327 2342 5381 Deus
2371 5329 2571 5383 dicitur
2610 5345 2712 5382 non
2748 5327 2888 5385 esse.
2948 5335 3131 5387 l’otest
3180 5339 3340 5387 etiam
3374 5327 3477 5388 dici
3555 5339 3642 5390 hic

2075 5413 2179 5450 non
2235 5414 2354 5452 esse
2389 5400 2702 5473 mater-iant
2731 5401 2833 5473 diei
2876 5404 3014 5456 solet
3060 5421 3089 5455 a
3121 5405 3397 5473 Dionysio,
3449 5415 3643 5471 quate-

2077 5483 2179 5519 nus
2208 5483 2406 5530 expers
2432 5479 2513 5522 est
2541 5470 2776 5537 pulchrae
2802 5471 3006 5532 formae,
3037 5483 3212 5539 potest
3245 5470 3367 5525 item
3393 5470 3496 5526 dici
3534 5490 3642 5528 non

2073 5552 2194 5590 esse
2226 5538 2448 5602 malum,
2480 5553 2538 5591 ut
2582 5541 2745 5592 etiam
2775 5543 2910 5594 aiias
2941 5538 3164 5605 dicitur,
3214 5552 3266 5594 et
3316 5545 3416 5596 hoc
3477 5545 3642 5598 etiam

2076 5609 2363 5682 participat
2422 5611 2642 5682 bonum,
2696 5613 2821 5682 quia
2880 5613 2935 5663 tit
2969 5624 3189 5682 p_r0pter
3234 5613 3463 5680 aliquid,
3498 5618 3646 5682 quod

2078 5677 2363 5750 pulchrum
2404 5689 2454 5730 et
2482 5679 2683 5735 bonum
2716 5679 2944 5735 videtur.
2970 5677 3084 5734 ’Ex'
3109 5681 3164 5734 S.
3212 5677 3471 5750 Max—imo,
3502 5677 3556 5741 ιΞι
3577 5703 3645 5740 ex

2071 5748 2419 5816 l’at'bymcw.

3259 5845 3334 5905 26
