4078 6274
372 304 476 368 813

1084 302 1316 367 DECAS
1359 303 1500 371 V,—
1543 308 1638 366 DE
1670 308 2327 370 i’ROPRlE'i‘ATiBUS
2373 311 2605 370 DIVl-N.
2652 307 2922 370 NOMIN.

3517 310 3624 376 814

375 431 520 468 nunc
557 430 682 468 vero
726 414 1010 468 amabilem
1066 427 1116 469 et
1156 417 1458 470 dilectum?
1493 419 1637 472 illius
1692 420 1934 486 quidem,
1969 437 2006 490 Α
2061 417 2327 484 principio
2355 417 2742 486 carenszquud
2777 418 2992 484 quidem
3019 416 3345 472 drsiderium
3371 429 3617 476 nostrum

379 507 428 556 id
462 513 567 567 est,
629 507 828 558 amoris
883 521 947 559 ac
980 506 1287 560 dilectionis
1320 518 1530 571 auctor,
1574 517 1627 562 et
1686 520 1943 575 tauquam

376 596 675 662 proJuctor
724 604 777 647 et
837 606 1126 664 generator
1175 607 1276 660 est;
1331 599 1433 651 hoc
1491 612 1694 662 autem,
1766 601 1815 651 id
1868 609 1952 653 est

379 687 632 740 amabilis
658 697 710 740 et
742 688 973 742 dilectus
1001 689 1113 756 ipse
1149 699 1249 752 est,
1307 690 1396 742 illo
1428 693 1668 758 quidem,
1736 693 1785 743 id
1847 703 1950 756 est,

381 793 567 830 amore
600 787 650 829 et
679 777 973 830 dilectione
1006 791 1288 841 movetur;
1346 779 1447 832 hoc
1497 791 1699 844 autem,
1748 783 1795 834 id
1847 791 1948 845 est,

391 875 448 918 ut
484 867 735 919 amabilis
767 877 817 919 et
848 867 1080 921 dilectus
1112 879 1308 932 movet,
1345 872 1466 936 quia
1491 886 1548 924 se
1578 871 1693 940 ipse
1709 873 1948 936 adducit,

382 972 435 1010 et
467 958 568 1011 sibi
594 957 814 1010 adducit
842 965 896 1010 et
920 967 1126 1011 movet:
1156 959 1255 1011 hac
1273 971 1450 1012 autem
1470 961 1676 1014 ratione
1693 961 1948 1014 dilectum

380 1058 432 1099 et
483 1048 767 1099 amabilem
818 1063 938 1098 eum
995 1057 1205 1112 vocant,
1257 1058 1504 1113 tanquam
1556 1048 1837 1114 pulchrum
1895 1060 1948 1099 et

385 1140 588 1192 bonum
623 1155 636 1188 :
672 1154 909 1190 amorctu
947 1152 1072 1190 vero
1146 1153 1336 1191 rursus
1378 1148 1428 1190 et
1461 1138 1800 1191 dilectionem
1830 1148 1948 1191 tan-

391 1246 552 1298 quam
581 1239 886 1283 moventem
921 1229 1019 1297 (ι),
1046 1245 1166 1282 eum
1198 1231 1406 1284 scilicet
1457 1232 1520 1282 ad
1577 1241 1872 1290 creaturas,
1901 1239 1953 1280 et

383 1323 449 1373 ad
481 1336 538 1374 se
568 1333 857 1374 erratur-as
891 1321 1267 1385 adducenttm,
1316 1323 1409 1388 qui
1454 1323 1601 1380 solus
1646 1333 1728 1377 est
1775 1325 1949 1390 ipsum

382 1422 606 1479 prepter
639 1427 699 1466 se
734 1414 1017 1480 pulchrum
1048 1420 1100 1464 et
1122 1412 1322 1465 bonum
1354 1423 1404 1464 et
1437 1424 1690 1482 tanquam
1717 1416 1945 1470 indit-em

385 1504 468 1556 sui
502 1504 669 1571 ipsius
720 1519 816 1571 per
873 1505 1134 1567 seipsum,
1169 1515 1221 1556 et
1273 1515 1326 1555 ut
1374 1506 1570 1558 bonum
1609 1521 1947 1576 progressum

385 1595 670 1662 superlata:
736 1595 977 1658 uuiouis,
1019 1605 1070 1648 et
1119 1598 1439 1648 amatorium
1497 1600 1785 1651 motionem
1847 1602 1946 1667 (‘2),

380 1685 708 1753 simplicem,
771 1701 864 1752 per
925 1701 983 1739 se
1023 1685 1298 1746 mobilem,
1351 1703 1445 1753 per
1495 1703 1551 1740 se
1609 1702 1944 1756 Oper-autem,

2067 511 2117 560 in
2157 511 2319 561 lirum
2353 508 2612 562 declarat.
2657 511 2888 563 Adverte
2917 521 3119 569 autem,
3161 512 3616 576 quemadmodum

2055 600 2320 652 circulum
2358 602 2486 652 dicit
2525 605 2576 653 in
2615 603 2778 665 bono,
2834 604 3213 670 progrediente
3265 604 3358 656 illo
3396 603 3614 672 quidem

2056 705 2109 742 in
2135 706 2197 743 ea
2225 706 2342 758 quae
2367 692 2469 744 sub
2487 691 2892 759 intelligentiam
2927 700 2980 745 et
3024 695 3125 746 sub
3145 710 3365 748 sensum
3392 696 3618 757 cadunt,

2054 792 2107 834 et
2156 797 2343 836 rursus
2377 785 2439 836 ad
2473 784 2712 852 seipsum
2774 785 2862 838 illa
2921 795 3291 852 eonvertente,
3347 797 3401 840 et
3446 803 3619 856 neque

2053 881 2324 934 cessante,
2360 889 2533 943 neque
2562 875 2798 930 tinieute.
2829 878 2906 932 Ac
2933 893 3122 932 rursus
3157 879 3296 934 idem
3332 881 3619 950 Dionysius

2063 965 2116 1017 in
2143 966 2332 1018 eodem
2356 966 2554 1034 capite.
2594 965 2656 1018 Et
2687 968 2809 1030 hoc,
2853 968 3048 1035 inquit,
3086 983 3210 1021 vere
3239 969 3505 1024 audemus
3537 973 3620 1022 di-

2055 1069 2202 1114 cere,
2241 1057 2383 1121 quod
2423 1057 2666 1124 ipse-qui
2717 1067 2797 1109 est
2855 1059 3098 1112 omnium
3151 1075 3337 1122 causa,
3401 1070 3620 1128 pmpter

2060 1150 2438 1202 excellentiam
2484 1151 2738 1203 bonitatis
2762 1153 2939 1202 omnia
2972 1161 3137 1213 amat,
3173 1152 3352 1204 omnia
3387 1154 3617 1221 perlicit,

2011 1270 2022 1281 υ
2069 1241 2249 1291 omnia
2285 1244 2548 1304 continet,
2583 1243 2762 1294 omnia
2795 1245 3062 1296 convertit
3088 1245 3152 1294 ad
3185 1260 3274 1308 se;
3307 1254 3358 1298 et
3378 1255 3462 1299 est
3483 1247 3621 1300 divi.

2055 1345 2159 1383 nus
2210 1346 2359 1383 amor
2391 1333 2567 1385 bonus
2604 1334 2726 1384 boni
2766 1341 2986 1401 propter
3037 1335 3258 1398 bonum,
3303 1335 3414 1402 ipse
3473 1339 3615 1390 enim

2052 1435 2204 1474 amor
2227 1422 2472 1485 divinus,
2522 1422 2612 1489 qui
2647 1423 2936 1475 bonitatem
2971 1424 3022 1476 in
3057 1424 3122 1475 iis
3153 1435 3270 1493 qua:
3299 1435 3442 1487 sunt,
3485 1443 3618 1496 ope-

2055 1521 2222 1570 ratur,
2269 1512 2394 1578 quia
2448 1511 2597 1579 prius
2624 1513 2826 1564 esttit
2866 1513 2917 1564 in
2971 1514 3114 1566 bono
3173 1515 3462 1583 super-late,
3510 1532 3614 1570 non

2056 1605 2182 1655 sivit
2204 1604 2377 1670 ipsum
2401 1603 2528 1656 inse
2561 1604 2678 1655 sine
2703 1603 2809 1656 fetu
2847 1618 3087 1664 manere,
3114 1606 3205 1658 sed
3244 1607 3420 1674 potius
3450 1609 3620 1660 movit

2055 1710 2178 1746 eum
2216 1696 2278 1746 ad
2309 1697 2641 1760 operandutn
2668 1694 2966 1748 secundum
2992 1696 3367 1751 excellentiam
3402 1700 3616 1754 virtutis

384 1778 534 1846 prius
557 1778 908 1830 exsistentem
943 1777 994 1829 in
1017 1776 1158 1830 bono
1183 1787 1313 1830 ctex
1352 1778 1491 1830 bono
1521 1779 1572 1830 in
1597 1794 1656 1830 ea
1683 1795 1803 1846 qua:
1824 1791 1948 1834 sunt
1984 1815 2019 1864 η
2051 1800 2161 1838 suae
2193 1786 2438 1838 ouinium
2491 1802 2671 1840 rerum
2727 1787 3039 1843 eliectricis.
3081 1788 3199 1854 Quo
3253 1790 3305 1842 in
3341 1791 3459 1844 loco
3487 1805 3617 1844 sano

387 1865 800 1928 redundantem,
835 1878 897 1917 ac
920 1878 1106 1916 rursus
1143 1863 1208 1916 ad
1257 1865 1456 1915 bonum
1485 1876 1864 1926 revertentem,
1892 1867 1950 1922 in

381 1972 488 2026 quo
520 1956 929 2023 perpetuitatem
964 1971 1144 2016 suam,
1173 1966 1226 2010 et
1250 1970 1433 2008 carere
1479 1970 1536 2008 se
1565 1955 1772 2021 origine
1807 1957 1945 2009 divi-

385 2061 488 2101 nus
536 2061 693 2100 amor
748 2049 1072 2100 excellenter
1126 2049 1479 2110 demonstrat,
1535 2047 1676 2100 sicut
1727 2047 1945 2116 quidam

385 2145 504 2190 acte:
525 2152 626 2190 nus
653 2137 912 2198 circulus,
947 2149 1164 2206 propter
1198 2137 1398 2190 bonum
1429 2141 1782 2193 conversione
1808 2141 1948 2194 iner-

382 2235 539 2282 rante
571 2228 1091 2288 circumambulans,
1116 2238 1168 2280 et
1191 2229 1242 2280 in
1269 2227 1456 2281 eodem
1483 2231 1778 2283 secundum
1804 2232 1942 2284 idem

378 2334 427 2376 et
469 2321 849 2390 progrediens,
886 2327 938 2373 ct
971 2334 1220 2383 manens,
1251 2330 1303 2373 et
1341 2333 1638 2376 revertens.
1687 2322 1944 2386 Quaedam

357 2427 444 2465 .ex
483 2414 566 2464 bis
607 2411 874 2472 adnotaus
906 2420 1130 2463 sanctus
1193 2410 1460 2465 Maximus
1526 2429 1539 2465 :
1609 2411 1944 2477 Dilectionis,

380 2501 578 2572 inquit,
597 2510 651 2554 et
689 2502 894 2555 amoris
920 2501 1095 2569 ipsum
1135 2500 1342 2555 scilicet
1382 2504 1545 2554 Deum
1583 2513 1739 2556 vocat
1778 2505 1945 2557 emis-

381 2590 586 2657 soren‘i,
613 2602 667 2645 et
703 2603 1027 2660 parentem:
1064 2593 1176 2660 ipse
1217 2592 1360 2645 enim
1398 2593 1530 2654 ha-e,
1561 2610 1680 2662 qua:
1731 2595 1782 2647 in
1833 2597 1948 2663 ipso

378 2696 554 2748 erant,
582 2683 837 2752 produxit
863 2683 914 2736 in
961 2699 1023 2736 ea
1053 2699 1170 2752 qua:
1211 2683 1364 2756 ieris
1395 2699 1544 2747 sunt,
1579 2685 1630 2737 id
1662 2695 1765 2747 est,
1803 2687 1945 2740 circa

379 2783 682 2826 creaturas.
732 2773 862 2825 Item
923 2773 1064 2824 idem
1114 2771 1310 2823 ibidem
1357 2772 1717 2828 :Autatorins
1766 2785 1946 2831 motus

379 2860 532 2929 prius
563 2860 830 2914 exsistens
876 2860 929 2912 in
966 2859 1130 2920 bono,
1182 2859 1432 2925 simplex,
1491 2874 1587 2926 per
1614 2876 1673 2914 se
1710 2865 1946 2927 mobilis,

381 2967 479 3021 per
526 2966 584 3005 se
634 2965 890 3019 operans,
954 2960 1138 3016 posma
1197 2949 1544 3017 providentiis
1600 2955 1840 3009 externis
1893 2957 1942 3010 iu

385 3053 671 3097 creaturas
705 3042 1055 3111 progrediens
1088 3055 1284 3095 rursus
1330 3043 1517 3097 eodem
1547 3045 1705 3110 redit,
1754 3048 1856 3102 line
1892 3062 1945 3105 et

2051 1887 2169 1928 ctus
2205 1876 2469 1931 Maximus
2501 1879 2728 1933 miriﬁce
2756 1880 2923 1944 dicit,
2977 1884 3119 1949 quod
3185 1883 3362 1935 bonus
3423 1897 3617 1946 amor,

2056 1970 2144 2035 qui
2183 1970 2516 2022 aiittfninnia
2559 1973 2609 2022 in
2645 1971 2787 2025 bono
2806 1973 3032 2031 exstitit,
3065 1987 3170 2025 non
3207 1975 3469 2027 remansit
3497 1968 3616 2028 sine

2053 2061 2182 2122 li-tu,
2221 2062 2311 2113 sed
2348 2063 2528 2128 potius
2561 2065 2760 2116 bonum
2787 2079 3026 2117 amorem
3063 2065 3218 2119 nobis
3268 2066 3491 2134 peperit,
3520 2079 3618 2132 per

2049 2167 2209 2218 quem
2239 2154 2524 2218 pulchrum
2555 2166 2607 2208 et
2635 2157 2833 2210 bonum
2861 2159 3184 2225 expetimus.
3216 2157 3456 2211 Observa
3490 2158 3615 2211 hinc

2049 2242 2291 2294 divinum
2329 2256 2554 2307 motum,
2584 2260 2738 2299 amor
2767 2246 2910 2300 enim
2954 2247 3217 2300 bonorum
3246 2247 3466 2301 eﬂ'ector
3496 2263 3614 2301 mo-

2051 2331 2128 2382 vit
2159 2331 2325 2382 Deum
2364 2333 2428 2384 ad
2467 2333 2858 2400 providendum
2895 2335 3073 2395 nobis,
3103 2341 3156 2387 et
3181 2346 3233 2388 ut
3269 2349 3366 2388 nos
3406 2334 3610 2388 consti-

2053 2431 2249 2485 lueret,
2285 2431 2339 2475 ut
2366 2438 2488 2476 cum
2527 2431 2854 2485 moveretur,
2885 2425 3226 2493 produceret,
3269 2433 3321 2476 et
3370 2439 3476 2476 non
3528 2440 3614 2474 re-

2051 2523 2288 2566 nzaneret
2310 2529 2503 2582 expers
2532 2516 2690 2568 l'etus.
2721 2516 2854 2569 Hinc
2879 2515 3058 2569 evadit
3077 2515 3442 2575 manifestum,
3469 2517 3612 2582 quod

2051 2621 2242 2657 nomen
2274 2608 2480 2660 amoris
2535 2608 2778 2660 divinum
2823 2617 2878 2660 et
2937 2609 3239 2662 venerabile
3279 2624 3306 2661 a
3353 2609 3614 2676 principio

2051 2697 2284 2765 theologi
2324 2699 2690 2763 celebrarunt;
2740 2713 2791 2754 et
2823 2702 2964 2769 qttod
2996 2700 3136 2753 idem
3185 2709 3286 2761 est,
3335 2700 3613 2752 eamdem-

2050 2803 2156 2855 que
2187 2790 2291 2841 vim
2322 2789 2484 2842 habet
2506 2805 2698 2844 nomen
2733 2791 2935 2845 amoris
2969 2799 3021 2844 et
3042 2791 3368 2852 dilectionis,
3395 2792 3611 2860 etquod

2055 2879 2324 2930 esteiiam
2385 2879 2678 2933 cistatieus
2705 2883 2860 2934 amor
2888 2879 3125 2943 divinus,
3177 2881 3267 2948 qui
3321 2894 3428 2932 non
3482 2881 3614 2934 sinit

2047 2979 2290 3021 amantes
2321 2984 2442 3021 esse
2473 2985 2624 3034 suos,
2654 2973 2743 3024 sed
2765 2988 2952 3025 eorum
2979 2988 3116 3041 quos
3147 2981 3348 3034 amant;
3385 2981 3438 3025 et
3463 2972 3608 3040 quod

2051 3059 2400 3126 providentur:
2441 3077 2622 3116 rerum
2661 3073 2813 3118 extra
2858 3064 3022 3118 Deum
3056 3074 3201 3128 sunt,
3229 3075 3280 3118 et
3312 3065 3608 3120 secundum

1881 3195 2150 3261 Schoﬂa.

385 3313 801 3404 Deusvcharit'as
825 3322 929 3373 est,
953 3319 1170 3392 propter
1203 3321 1482 3404 lcreaturas
1510 3331 1644 3404 quas
1670 3321 1938 3404 produxit,

2049 3333 2286 3385 secunda
2311 3336 2607 3402 proprietas
2629 3337 2906 3390 charitatis
2928 3345 3028 3396 est,
3055 3335 3195 3402 quod
3219 3334 3343 3388 facit
3364 3344 3421 3386 ut
3445 3333 3490 3389 is
3512 3337 3608 3404 qui

378 3397 462 3439 est
495 3384 696 3451 alioqui
732 3385 888 3452 lieus,
935 3398 999 3432 ne.
1032 3381 1155 3447 quis
1202 3381 1303 3433 hoc
1338 3385 1448 3434 tolli
1485 3381 1942 3452 putetz'absolute

379 3455 494 3523 ipsa
523 3469 610 3521 per
637 3467 694 3505 se
717 3451 951 3505 charitas
978 3452 1270 3519 superlata,
1312 3467 1418 3506 non
1466 3451 1668 3520 creata,
1704 3462 1793 3512 sed
1822 3477 1940 3511 on:—

380 3526 526 3576 nium
558 3523 809 3575 creatrix.

455 3592 532 3662 (5)
581 3589 1198 3662 (Tettquamjnorentem.
1239 3587 1554 3662 Observavit
1585 3594 1670 3647 hic
1696 3596 1750 3648 ὃ.
1797 3593 1941 3648 Tho-

383 3657 806 3733 nias‘triplieeur
825 3657 1075 3710 elici-lum
1097 3661 1471 3733 _amoris,sive
1497 3665 1796 3729 eliaritalis,
1834 3671 1943 3733 pri-

386 3746 507 3783 mus
530 3739 632 3792 est,
668 3727 809 3795 quod
838 3742 1012 3790 amor,
1064 3728 1176 3779 sive
1200 3729 1438 3782 charitas
1471 3744 1645 3784 movet
1671 3727 1940 3787 amaniem

389 3801 457 3852 ad
492 3810 882 3864 operationem,
915 3799 1055 3846 unde
1095 3795 1175 3863 (ιιι
1203 3797 1304 3849 hoc
1343 3799 1516 3851 obiter
1538 3801 1853 3856 observetur
1890 3807 1939 3855 in

391 3869 698 3933 btet-elices,
732 3867 824 3933 qui
860 3864 1131 3916 hominem
1156 3878 1248 3930 per
1272 3867 1438 3919 solam
1476 3869 1630 3922 [idem
1661 3871 1938 3936 justiﬁrari

385 3937 631 4004 tradunt)
667 3939 809 3988 sicut
855 3948 995 4001 aqua
1043 3936 1406 4000 operationem
1433 3938 1501 3990 ab
1546 3941 1686 4005 igne,
1740 3943 1942 3994 scilicet

380 4006 806 4079 calefacttonem
828 4005 1037 4079 recipit,
1061 4015 1114 4054 et
1140 4006 1612 4079 calelit_(operatio
1646 4012 1785 4061 enim
1803 4011 1942 4079 ignis

380 4090 576 4141 aquam
614 4076 838 4140 movet),
867 4074 1106 4145 sic_lidcs
1139 4077 1508 4145 Operationem
1541 4079 1775 4145 recipita
1807 4074 1938 4132 cha-

380 4157 561 4206 ruaze,
621 4159 726 4210 qua
763 4141 1072 4209 operatione
1113 4143 1277 4194 veluti
1307 4144 1616 4210 ivivilieatur
1652 4141 1717 4198 'et
1768 4151 1942 4203 calelit

383 4223 436 4264 et
463 4213 580 4264 sine
605 4209 666 4263 ea
696 4213 871 4278 friget,
905 4218 1050 4284 etuut
1084 4211 1158 4261 ait
1290 4209 1522 4267 Iacobus
1547 4219 1684 4282 (cap.
1708 4222 1770 4284 ιι)
1794 4234 1939 4271 mor-

380 4290 618 4356 tti:i__est_,
669 4296 733 4333 ex
784 4295 893 4356 quo
934 4280 1032 4356 _lit,
1081 4287 1147 4356 _ut
1191 4281 1500 4356 hujusmodi
1542 4280 1671 4356 tides
1695 4280 1782 4351 sit,
1821 4303 1939 4356 quae

383 4353 433 4402 in
474 4349 572 4426 tibi
592 4352 695 4402 isto
718 4351 876 4412 valet,
902 4350 1042 4400 sit-ut
1067 4351 1435 4426 Apostolusad
1460 4352 1677 4426 Galatas
1713 4349 1852 4423 (mp:
1886 4363 1934 4426 v)

380 4419 620 4484 seripsil,
668 4431 808 4484 qua},
873 4433 1113 4483 Inquam,
1180 4434 1271 4482 per
1323 4422 1640 4474 cbaritatem
1693 4419 1940 4480 movetur

377 4489 591 4539 scilicet
646 4501 772 4554 erga
829 4485 1031 4561 Deum;
1063 4491 1332 4540 secundus
1384 4491 1526 4540 enim
1565 4490 1784 4545 rﬂccttts
1831 4506 1933 4561 est,

375 4559 518 4624 quod
545 4567 720 4608 movet
759 4558 1122 4623 operationem
1185 4572 1306 4622 erga
1347 4569 1606 4625 amatum,
1663 4563 1804 4616 Unde
1861 4558 1938 4617 sic

378 4625 791 4704 intelligendum
815 4634 898 4676 est
919 4627 1064 4716 quod
1089 4625 1550 4716 idcmlApostolus
1599 4630 1729 4680 dixit
1758 4647 1769 4681 ε
1803 4631 1930 4716 the
1964 4663 2006 4716 Β

379 4711 472 4762 per
507 4696 900 4761 operationem,
937 4694 1156 4765 sellicet
1201 4694 1498 4757 cltaritatis,
1551 4694 1836 4765 operatur,
1879 4706 1926 4752 id

378 4775 485 4828 est,
513 4772 782 4825 movetur,
805 4763 1017 4830 passive
1045 4765 1187 4813 enim
1247 4763 1619 4830 accipiendum
1653 4779 1734 4818 est
1774 4763 1928 4821 voca-

379 4836 562 4885 bulum
594 4834 984 4900 ἐνεργουμένη,
1019 4834 1225 4884 utalias
1257 4847 1287 4883 a
1321 4835 1472 4886 nobis
1496 4837 1779 4901 probatum
1807 4851 1924 4901 est;

375 4903 567 4954 tertius
589 4901 831 4962 elfectus,
898 4901 1041 4967 quod
1084 4916 1240 4975 amor
1263 4903 1498 4975 seipsum
1532 4908 1765 4959 ostendit
1797 4923 1922 4975 erga

373 4987 524 5033 eum,
550 4987 673 5039 erga
717 4987 875 5046 quem
902 4973 1177 5046 csl,_u_ude_
1210 4972 1396 5023 lieatus
1417 4971 1648 5046 Jacobns
1668 4977 1805 5043 (cap.
1841 4971 1922 5046 ti),

374 5051 565 5094 contra
607 5056 729 5093 eutn
755 5042 845 5107 qui
881 5045 946 5091 de
1003 5042 1101 5092 lide
1136 5040 1252 5091 sine
1285 5046 1538 5106 Oper-ibus
1586 5040 1848 5109 gloriatur
1883 5040 1919 5097 ’ς

373 5109 608 5183 Ostende
639 5110 930 5183 tu,inqn_it,
953 5110 1108 5160 tidem
1135 5117 1278 5159 tuam
1305 5113 1424 5162 sine
1442 5115 1715 5179 operibus,
1738 5125 1792 5166 et
1821 5132 1917 5183 ego

371 5181 655 5232 ostendam
694 5180 787 5232 tibi
853 5181 1005 5230 iidem
1057 5193 1230 5229 meam
1282 5193 1346 5230 ex
1397 5182 1672 5246 operibus.
1716 5180 1917 5238 Deinde

368 5251 672 5300 observavit
714 5258 874 5300 etiam
912 5250 1047 5300 idem
1109 5246 1164 5320 S.
1211 5246 1447 5300 Thomas
1502 5254 1736 5319 quinque
1796 5271 1912 5320 pro.

367 5327 625 5384 prietates
651 5333 853 5370 amoris
879 5319 990 5370 sive
1015 5319 1297 5369 eharitatis
1337 5335 1388 5369 ιιι
1442 5322 1523 5370 his
1557 5337 1675 5386 quae
1724 5319 1808 5376 hic
1853 5341 1916 5376 ei.

369 5389 627 5455 Dionysio
646 5391 979 5450 recitantur;
1013 5391 1182 5454 prima
1218 5397 1320 5452 est,
1351 5388 1598 5455 progredi
1623 5395 1686 5441 ad
1723 5395 1919 5446 unien—

365 5460 492 5507 dum
527 5474 645 5508 cum
671 5472 761 5525 qur
787 5459 977 5525 diligit,
1019 5473 1138 5507 cum
1159 5472 1224 5508 co
1247 5473 1407 5525 quem
1433 5461 1623 5527 diligit;
1643 5475 1692 5512 et
1717 5475 1918 5527 quanto

361 5528 711 5579 eaeellentior
734 5537 816 5578 est
841 5544 1011 5591 amor,
1037 5537 1182 5577 tanto
1211 5531 1560 5580 excellentius
1593 5531 1738 5595 unit;
1773 5536 1914 5585 unde

362 5613 490 5661 qtna
519 5613 669 5646 amor
697 5611 750 5646 tn
784 5597 944 5648 Deum
982 5606 1064 5648 est
1099 5597 1389 5659 excellens,
1418 5598 1742 5652 excellenter
1782 5618 1907 5653 cum

362 5666 472 5718 Deo
501 5665 800 5733 conjungit;
843 5675 893 5718 ct
925 5681 1048 5734 erga
1080 5668 1248 5734 magis
1282 5678 1569 5737 conduucla
1603 5672 1772 5736 major
1793 5681 1904 5733 est,

2047 3415 2284 3474 amarem
2323 3407 2434 3457 sive
2458 3406 2772 3459 eharilatem
2801 3407 2975 3463 habet,
3010 3406 3072 3454 ad
3107 3420 3229 3456 eum
3261 3405 3608 3474 tcndal,erga

2047 3486 2203 3533 quem
2241 3472 2399 3525 habet
2429 3477 2765 3535 cbaritati-m,
2800 3486 2983 3527 contra
3009 3484 3169 3541 atque
3200 3474 3324 3525 facit
3346 3472 3601 3543 cognitio,

2047 3555 2291 3604 quaerent
2320 3544 2588 3610 cognitam
2631 3547 2791 3595 trahit
2846 3543 2909 3594 ad
2960 3551 3406 3606 cognoscentem;
3451 3557 3606 3596 amor

2048 3622 2173 3680 vero
2201 3611 2362 3662 trahit
2385 3623 2650 3663 amantem
2678 3614 2740 3663 ad
2761 3629 2880 3662 t-nm
2907 3628 3060 3678 quem
3092 3621 3263 3675 amat;
3303 3614 3455 3665 lertia
3483 3628 3607 3680 pro-

2047 3678 2245 3749 prietas
2275 3689 2378 3742 est,
2411 3697 2529 3734 esse
2563 3682 2857 3749 simplicem
2891 3689 3091 3732 motum
3143 3681 3444 3742 cbaritalis.
3475 3678 3603 3748 (μιὶιι

2045 3757 2125 3797 est
2163 3748 2567 3812 primusmotus
2594 3748 2861 3818 appetitus
2905 3768 2916 3802 :
2951 3749 3325 3816 etprimnmin
3352 3764 3603 3817 unoquo~

2046 3831 2149 3886 (μιν
2169 3831 2365 3884 genere
2393 3829 2599 3885 oportet
2629 3831 2678 3872 ut
2717 3821 2786 3873 sit
2811 3821 3059 3886 simplex,
3083 3820 3206 3886 quia
3230 3834 3290 3871 ex
3309 3834 3372 3871 eo
3401 3831 3594 3873 mulera

2047 3883 2098 3935 in
2129 3883 2192 3935 eo
2223 3901 2415 3950 genere
2429 3883 2737 3956 composita
2766 3883 3064 3954 exsistunt;
3093 3883 3280 3952 quarta
3301 3889 3601 3955 proprietas

2045 3963 2147 4017 est,
2191 3968 2308 4025 esse
2342 3971 2432 4023 per
2455 3972 2512 4009 se
2549 3959 2822 4019 mobilem,
2852 3960 2976 4024 quia
3030 3974 3080 4010 ιιι
3120 3973 3446 4025 unoquoque
3502 3974 3597 4025 ge-

2045 4023 2445 4096 nerepriuscSI
2480 4028 2619 4094 quod
2646 4040 2723 4079 est
2753 4043 2844 4094 per
2871 4023 2951 4088 se,
3007 4042 3164 4096 quam
3194 4023 3334 4095 quod
3363 4023 3446 4078 est
3505 4023 3598 4094 per

2045 4091 2212 4154 aliud;
2264 4095 2402 4146 unde
2463 4091 2512 4146 in
2565 4091 2765 4162 ευιιιιιὶ
2813 4109 2991 4149 tnolus
3024 4091 3329 4164 appetentis
3381 4091 3598 4163 oportet

2047 4171 2101 4212 ιιι
2136 4165 2345 4233 primus
2373 4177 2574 4226 motus,
2602 4167 2689 4232 qui
2721 4177 2802 4218 est
2827 4177 3093 4224 amor,stt
3125 4182 3217 4233 per
3246 4181 3304 4217 se
3357 4165 3593 4226 mobilis,

2046 4237 2189 4282 unde
2227 4232 2387 4284 timor
2426 4238 2551 4301 quia
2581 4247 2661 4287 est
2695 4238 2836 4287 sicut
2867 4247 3047 4288 motus
3082 4232 3348 4288 violentus
3391 4236 3599 4287 extrin-

2041 4314 2200 4352 secus
2255 4304 2541 4360 accedens,
2573 4321 2676 4355 non
2706 4315 2782 4356 «ει
2819 4305 2870 4356 in
2902 4307 3189 4368 charitaie,
3219 4306 3360 4358 sicut
3393 4306 3467 4356 ait
3507 4309 3570 4356 he

2041 4377 2162 4421 atus
2183 4368 2421 4425 Joannes
2446 4375 2494 4440 (Ι
2519 4372 2679 4425 Joan.
2716 4374 2809 4442 tv),
2859 4377 2948 4427 sed
2983 4375 3217 4442 perlecta
3251 4375 3487 4427 charitas
3521 4373 3598 4426 fo-

2043 4453 2129 4490 ras
2147 4441 2366 4504 expellit
2396 4444 2666 4498 timorem,
2686 4447 2810 4511 quia
2836 4441 3074 4496 cl'iari’tas
3107 4453 3284 4496 motus
3313 4457 3386 4496 est
3425 4445 3488 4495 ab
3509 4443 3595 4495 in-

2041 4514 2194 4580 timo,
2221 4520 2275 4560 ιιι
2303 4511 2374 4562 ait
2405 4524 2619 4564 sanctus
2644 4511 2896 4574 Theinas,
2920 4515 3245 4580 procedens;
3270 4517 3596 4580 quintapro-

2039 4579 2239 4650 prietas
2268 4581 2604 4648 est,operaii’
2628 4599 2720 4648 per
2750 4598 2828 4638 se,
2861 4579 3004 4648 quod
3040 4579 3313 4650 proprium
3349 4593 3432 4636 est
3461 4579 3594 4634 eba-

2040 4647 2235 4719 rttatis,
2275 4663 2324 4699 tn
2351 4647 2536 4716 quoat)
2559 4647 2653 4715 5pc
2674 4651 2874 4709 differt,
2907 4655 2998 4716 qui
3027 4647 3169 4702 enim
3197 4662 3415 4719 propter
3440 4667 3590 4718 Spem

2033 4716 2259 4789 alterius
2287 4730 2561 4782 operatur,
2600 4730 2771 4789 proptr
2797 4736 2820 4770 r
2854 4721 2997 4772 aliud
3033 4716 3309 4786 Opera—tur,
3358 4724 3450 4789 qui
3476 4716 3593 4772 Vau-

2030 4788 2135 4833 tem
2188 4789 2386 4852 (inquit
2414 4799 2636 4840 sanctus
2669 4787 2928 4846 'l‘hnmas)
2979 4804 3039 4841 ex
3081 4802 3265 4841 amore
3311 4787 3589 4858 operatur,

2026 4863 2124 4916 per
2161 4871 2216 4927 se
2254 4858 2433 4921 ipsum
2468 4867 2722 4923 Oper-alui-
2750 4858 2877 4927 illud
2916 4868 3168 4926 tanquam
3206 4859 3307 4911 sibi
3341 4867 3439 4912 hoc
3475 4861 3591 4927 pla--

2026 4931 2158 4996 ceat.
2192 4923 2408 4978 l’rtesrat
2433 4941 2571 4996 sene
2605 4941 2724 4991 quae
2750 4926 2942 4979 elliciat
2975 4923 3232 4989 eliaritas,
3257 4941 3308 4980 et
3342 4923 3589 4996 quzeZsiut

2025 4989 2145 5054 ejus
2205 4998 2417 5060 propria
2479 4995 2540 5044 ad
2597 4989 3033 5059 cognoscendum
3089 4989 3466 5051 excellentiam
3531 5009 3586 5051 et

2025 5069 2392 5136 praestantiam
2428 5064 2544 5127 ejus
2576 5081 2738 5131 supra
2773 5067 2927 5118 Iidem
2966 5069 3160 5126 solum,
3211 5084 3371 5136 quatit
3415 5075 3585 5121 lbere-

2022 5130 2108 5179 ttci
2145 5147 2276 5184 vane
2345 5130 2653 5194 .CIaut,tttui
2689 5136 3046 5205 intelligi-lites
3072 5153 3191 5206 qufe
3208 5130 3413 5201 dicunt,
3435 5154 3584 5205 ama-

2021 5206 2233 5252 tortam.

2095 5272 2168 5333 ((3)
2231 5271 2535 5324 Molioncm.
2588 5275 2868 5338 Quatenus
2932 5294 3086 5328 amor
3145 5279 3464 5330 etcltaritas
3515 5295 3576 5330 ex

2024 5337 2282 5413 ipsoveu
2309 5358 2526 5394 manant
2561 5337 2624 5396 ait
2656 5357 2957 5410 Cl'ttztltt-l‘ﬁ>,
2998 5363 3108 5413 Ipse
3134 5351 3336 5398 amoris
3367 5360 3418 5398 et
3444 5349 3579 5397 cliu—

2025 5410 2199 5461 rtlatis
2231 5422 2416 5464 auctor
2447 5417 2648 5465 moveri
2693 5416 2911 5475 dicitur,
2968 5410 3234 5482 quatenus
3295 5431 3422 5467 vero
3464 5419 3578 5482 ipse

2025 5491 2107 5530 est
2140 5483 2409 5546 mirabilis,
2440 5495 2490 5535 et
2526 5487 2845 5552 diligendus,
2880 5499 3057 5536 tumet
3091 5497 3142 5536 et
3174 5489 3277 5536 ciet
3310 5491 3372 5536 al
3420 5501 3581 5538 uino-

2025 5563 2132 5599 rem
2168 5568 2368 5614 omnia,
2432 5569 2627 5622 qtttbus
2667 5571 2742 5608 vrs
2771 5557 2985 5607 amanti
3028 5556 3416 5606 convenienter
3446 5555 3580 5624 ipsis

2021 5637 2177 5672 ιιιδιιίι
2201 5633 2299 5673 Chl.
