4058 6306
500 320 609 384 815

1678 330 1999 392 JOANNIS
2037 333 2599 398 CYPARISSIOTzE

3645 353 3767 417 826

498 450 592 491 eas
620 436 734 500 ipse
754 434 916 489 etiam
949 435 1089 492 Deus
1112 446 1262 492 extra
1302 454 1357 491 se
1386 447 1485 502 est,
1515 443 1872 497 conversione
1900 444 2061 517 ,iner-
2092 450 2137 503 Α
2167 448 2422 502 omnibus
2455 451 2640 503 tribuit
2670 461 2725 504 ut
2757 451 2863 506 sint
2912 461 3082 507 totum
3121 454 3171 507 id
3208 458 3350 525 quod
3388 470 3516 514 sunt
3540 502 3552 524 ,
3587 474 3640 516 et
3663 478 3763 521 ρει

498 530 654 577 rante
689 524 865 578 instar
909 526 1101 580 circuli
1160 528 1579 593 circummeans;
1632 541 1684 583 et
1717 531 1864 600 quod
1920 532 2063 589 Deus

502 626 671 665 anior
724 614 1042 681 prteexstitit
1079 615 1132 668 in
1170 613 1279 670 Deo
1330 616 1581 687 simplex,
1655 636 1751 691 per
1791 637 1850 677 se
1894 626 2066 679 mobi-

442 684 445 689 ’
512 702 602 769 lis,
632 718 728 773 per
752 720 810 759 se
834 718 1087 773 operans,
1124 716 1171 759 et
1198 710 1339 775 quod
1361 684 1480 764 erat
1502 684 1754 790 divinaet
1772 715 1923 769 beata
1948 716 2065 785 ejus

503 795 809 851 substantia
839 811 854 847 :
894 810 1064 866 quare
1099 804 1209 852 tota
1236 798 1473 855 Trinitas
1498 807 2061 874 suprasubstantialis,

500 897 624 952 quae
641 891 725 936 est
759 897 932 946 amor,
962 891 1016 936 et
1040 883 1290 947 dulcedo,
1324 896 1377 939 et
1405 887 1756 957 desiderium,
1784 909 1892 948 non
1941 897 2066 950 sivit

492 985 612 1024 eam
644 972 696 1025 in
720 986 778 1025 se
815 972 931 1041 ipsa
957 973 1078 1027 sine
1115 972 1459 1033 fecunditate
1490 994 1736 1049 manere,
1761 984 1854 1039 sed
1884 988 2065 1055 potius

491 1063 664 1116 movit
702 1078 762 1118 se
803 1063 920 1133 ipsa
950 1065 1015 1118 ad
1046 1064 1355 1122 facit-udum
1385 1079 1439 1124 et
1497 1074 1817 1131 creandum.
1871 1077 2061 1135 Provi-

486 1155 684 1209 dentia;
716 1154 881 1224 igitur
918 1153 1008 1239 Dei
1036 1168 1274 1213 externa:
1334 1160 1470 1214 nihil
1511 1164 1654 1219 aliud
1692 1178 1844 1233 sunt,
1897 1185 2059 1239 quam

490 1255 767 1310 creatura,
793 1255 847 1299 et
878 1234 1106 1313 creatio;
1146 1260 1202 1304 et
1228 1266 1291 1304 ex
1330 1252 1416 1306 his
1444 1254 1603 1322 plane
1622 1258 1776 1313 nobis
1805 1262 2061 1328 notescit,

483 1336 632 1405 quod
678 1335 857 1391 omnis
909 1346 1160 1392 creatura
1191 1338 1359 1394 Deum
1397 1343 1558 1399 habet
1589 1348 1973 1415 producentem
2008 1361 2062 1405 et

482 1436 862 1493 generantem,
890 1429 1005 1498 ipse
1028 1430 1172 1485 enim
1206 1431 1319 1486 haec
1341 1448 1464 1488 cum
1494 1435 1626 1491 inse
1655 1438 1895 1507 haberet,
1926 1457 2058 1510 pro-

480 1519 635 1573 duxit
662 1533 725 1574 ea
764 1519 937 1585 foras,
978 1521 1081 1576 hoc
1098 1530 1201 1584 est,
1228 1526 1432 1578 circum
1457 1538 1771 1584 creaturas:
1805 1533 2060 1600 quocirca

477 1624 678 1664 nomen
694 1611 897 1665 amoris
908 1613 1275 1668 etdilectionis
1298 1617 1349 1669 in
1371 1632 1536 1671 unum
1558 1627 1612 1673 et
1632 1619 1772 1674 idem
1793 1637 1915 1676 cum
1936 1625 2060 1694 pul-

478 1699 616 1755 chro
648 1711 701 1754 et
747 1702 889 1756 bono
915 1703 1058 1757 redit
1083 1719 1097 1767 ;
1120 1718 1354 1773 cumque
1382 1707 1434 1759 in
1470 1705 1576 1763 Deo
1595 1709 1726 1772 sint,
1747 1713 1881 1767 etad
1916 1727 2060 1769 eum-

476 1790 601 1845 dem
627 1792 957 1859 referantur,
1006 1795 1243 1851 divinam
1294 1806 1348 1851 et
1397 1797 1610 1853 beatam
1648 1802 1768 1872 ejus
1803 1805 2057 1861 substan-

484 1876 640 1946 tiam,
663 1883 808 1951 quod
842 1894 927 1939 est
973 1894 1204 1951 tantum,
1234 1900 1623 1957 reprmsentant
1655 1909 1666 1945 :
1699 1903 1852 1949 extra
1887 1896 2054 1953 Deum

476 1986 609 2026 vero
637 1987 760 2027 cum
804 1980 954 2040 sunt,
980 1974 1035 2028 in
1060 1976 1282 2045 negmio
1330 1989 1601 2034 creaturae
1628 1984 1917 2052 desinant;
1972 1988 2053 2041 id-

476 2064 625 2119 circo
674 2064 1047 2132 passionesset
1078 2067 1377 2122 accidentia
1418 2071 1563 2126 circa
1608 2088 1728 2128 eam
1763 2088 2055 2133 censentur

472 2162 529 2209 et
553 2164 928 2209 numerantur.
964 2156 1203 2225 Apparet
1261 2160 1427 2213 etiam
1486 2177 1586 2231 per
1619 2164 1756 2227 hac,
1810 2168 1956 2236 quod
1982 2171 2052 2226 ad

471 2245 860 2315 proprietatem
882 2246 1079 2302 horum
1118 2247 1401 2303 nominum
1433 2253 1686 2321 pertinet,
1720 2259 1863 2313 ratio
1900 2261 2046 2315 enim

472 2336 673 2390 amoris
693 2346 747 2389 et
784 2334 1095 2392 dilectionis
1129 2339 1313 2393 eadem
1347 2352 1433 2396 est
1469 2351 1631 2413 atque
1662 2348 1802 2403 ratio
1826 2350 2045 2408 bonita-

471 2427 543 2482 tis
574 2437 629 2481 et
659 2427 1104 2496 pulchritudinis.
1139 2427 1285 2486 Deus
1323 2433 1470 2487 enim
1502 2447 1728 2507 propter
1769 2442 2044 2499 excellen-

470 2528 579 2572 tem
600 2533 842 2574 amorem
872 2519 1056 2574 omnia
1094 2523 1372 2589 produxit;
1422 2532 1477 2580 et
1510 2536 1734 2598 propter
1787 2534 2041 2591 eumdem

470 2622 712 2685 amorezn
739 2646 756 2673 ,
781 2623 923 2677 .qua:
957 2624 1064 2663 non
1088 2621 1236 2677 sunt,
1266 2628 1376 2670 non
1402 2616 1681 2685 produxit,
1713 2620 1843 2676 dum
1874 2624 2039 2690 cavit,

468 2715 538 2754 ne
565 2699 937 2770 producendo,
962 2704 1259 2774 quidquam
1291 2721 1481 2762 eorum
1506 2724 1629 2779 qua;
1657 2714 1895 2778 amabat.
1948 2716 2040 2772 lae-

464 2790 639 2847 deret.
678 2792 863 2847 Potest
907 2804 1088 2849 autem
1138 2796 1368 2868 intelligi
1405 2800 1614 2871 aliquid
1650 2805 1815 2860 etiam
1862 2811 2036 2881 magis

464 2884 748 2951 speciatim
777 2886 1053 2955 proprium
1083 2928 1099 2953 ,
1133 2889 1279 2957 quod
1328 2891 1538 2948 scilicet
1586 2894 1780 2952 divina
1818 2902 2032 2957 bonitas

465 2976 520 3030 in
552 2976 828 3032 inﬁnitum
893 2979 1295 3047 progrediatur,
1331 2980 1551 3038 divinus
1585 3001 1713 3052 vero
1746 3003 1899 3044 amor
1945 2994 2030 3047 in-

2166 550 2293 591 vere
2320 537 2547 592 eﬁ'ector
2573 541 2903 594 exsistentize
2923 542 3023 612 (i),
3064 558 3310 612 persona:
3330 587 3344 610 ,
3378 550 3712 608 substantia:
3740 597 3756 615 .

2166 638 2412 696 naturae;
2458 631 2584 685 item
2617 632 2965 700 principium,
3013 645 3067 689 ct
3118 652 3368 693 mensura
3419 645 3756 699 saeculorum

2165 731 2217 775 et
2247 732 2550 791 temporum
2575 763 2589 785 ,
2621 734 2675 780 et
2705 724 2832 778 fac-it
2868 734 2926 779 ut
2970 729 3168 782 saecula
3203 738 3257 784 et
3289 741 3533 801 tempora
3582 737 3697 790 sint
3734 753 3750 790 ε

2165 822 2244 865 est
2285 814 2541 867 saeculum
2576 828 2764 869 eorum
2799 832 2918 886 qna:
2955 831 3080 872 sunt
3109 836 3123 871 :
3158 829 3368 889 tempus
3399 838 3587 877 eorum
3627 843 3757 896 qme

2167 902 2337 968 ﬁunt;
2368 914 2445 957 est
2476 919 2597 959 esse
2640 906 2708 960 iis
2751 922 2872 976 quae
2918 919 3043 963 sunt
3086 914 3614 985 quomodocnnque;
3662 929 3753 972 est

2165 995 2443 1060 generatio
2486 997 2982 1074 qumnotlocunque
3042 1003 3237 1069 genitis
3286 1019 3352 1057 ex
3394 1020 3461 1059 eo
3507 1010 3600 1076 qni
3633 1022 3744 1074 est;

2165 1085 2445 1145 sarculum,
2484 1072 2807 1149 substantia,
2832 1099 2886 1142 et
2922 1105 3088 1143 unum
3128 1107 3143 1145 :
3173 1102 3228 1146 et
3275 1072 3538 1164 tempus.—
3564 1107 3617 1150 et
3646 1072 3749 1165 ge-

2165 1173 2397 1240 neratio,
2426 1183 2480 1228 et
2513 1178 2657 1244 quod
2685 1178 2924 1249 gignitur
2954 1196 2970 1233 :
3002 1190 3086 1236 est
3118 1198 3180 1238 ea
3213 1199 3334 1253 quae
3386 1198 3514 1243 sunt
3561 1191 3612 1243 in
3667 1194 3741 1246 iis

2164 1275 2287 1329 qua».
2310 1272 2472 1329 sunt;
2509 1275 2562 1320 et
2596 1280 2717 1335 qum
2762 1282 3094 1340 quocunque
3136 1276 3298 1329 modo
3339 1278 3654 1346 exsistunt,
3686 1294 3748 1335 et

2165 1367 2286 1419 quae
2315 1367 2411 1421 per
2443 1370 2502 1408 se
2534 1356 2827 1412 exsistunt.
2864 1358 3009 1414 Deus
3040 1361 3184 1416 enim
3234 1380 3346 1439 non
3394 1367 3476 1421 sic
3523 1377 3629 1434 est,
3678 1381 3745 1426 ut

2164 1445 2237 1498 sit
2268 1446 2694 1514 quodammodo,
2730 1450 2823 1505 sed
2857 1452 3178 1521 simpliciter
3218 1464 3272 1510 et
3317 1458 3527 1514 inﬁnite
3565 1470 3739 1516 totum

2162 1551 2286 1591 esse
2338 1538 2391 1591 in
2441 1552 2501 1593 se
2547 1541 2862 1609 complexus
2889 1541 2989 1611 (‘2).
3023 1543 3091 1598 Et
3118 1548 3279 1614 paulo
3310 1558 3431 1616 post
3464 1567 3479 1605 :
3514 1550 3577 1604 Et
3613 1565 3741 1608 ante

2162 1628 2303 1683 alias
2342 1629 2459 1697 ejus
2501 1632 2945 1701 participationes
2979 1637 3303 1705 productum
3345 1651 3428 1697 est
3475 1657 3640 1705 esse,
3680 1654 3742 1700 et

2162 1728 2247 1773 est
2278 1720 2456 1789 ipsum
2491 1724 2791 1777 secundum
2841 1740 2900 1780 se
2944 1740 3067 1781 esse
3102 1730 3380 1800 antiquius
3406 1748 3568 1802 quam
3612 1751 3737 1789 esse

2162 1828 2260 1883 per
2292 1829 2351 1869 se
2388 1816 2552 1869 vitam
2580 1817 2682 1886 (5),
2713 1827 2767 1872 et
2806 1833 2904 1888 per
2948 1833 3006 1874 se
3051 1822 3373 1890 sapientiam
3401 1862 3418 1887 ,
3459 1833 3514 1880 et
3544 1841 3641 1895 per
3672 1841 3736 1883 se

2156 1906 2574 1963 similitudinem
2605 1907 2846 1964 divinam
2870 1962 2885 1987 ,
2918 1920 2971 1965 et
3003 1911 3130 1978 alia,
3168 1928 3401 1981 quorum
3439 1917 3735 1987 participa-

2161 1999 2365 2055 tionem
2397 2015 2518 2068 quae
2546 1999 2770 2067 habent,
2799 2011 2926 2057 ante
2957 2005 3201 2057 omnium
3249 2004 3467 2059 illorum
3510 2011 3735 2076 partici-

2158 2091 2441 2161 pationem
2487 2091 2817 2161 participant
2852 2107 2973 2148 esse
3014 2112 3029 2149 :
3074 2095 3183 2149 imo
3221 2111 3351 2151 vero
3383 2097 3497 2167 ipsa
3541 2096 3637 2169 per
3674 2117 3735 2156 se

2153 2183 2343 2237 omnia
2370 2197 2492 2251 quae
2522 2183 2591 2237 ab
2619 2182 2689 2238 iis
2729 2199 2851 2252 quae
2901 2195 3051 2250 sunt,
3097 2189 3516 2256 participantur,
3550 2191 3729 2260 ipsum

2150 2287 2248 2342 per
2287 2287 2345 2327 se
2377 2288 2499 2327 esse
2529 2273 2894 2343 participant;
2927 2284 2979 2328 et
3033 2277 3167 2330 nihil
3212 2289 3293 2333 est
3324 2279 3488 2349 cujus
3516 2297 3624 2336 non
3662 2286 3733 2338 sit

2148 2365 2479 2441 substantia,
2524 2375 2578 2420 et
2622 2367 2886 2421 szeeulum
2936 2369 3108 2437 ipsius
3157 2386 3254 2440 per
3298 2387 3358 2427 se
3397 2388 3538 2429 esse.
3589 2376 3731 2432 Dens

2146 2454 2313 2523 igitur
2353 2469 2477 2508 eum
2528 2456 2617 2518 sit,
2652 2465 2710 2510 ut
2739 2467 3133 2513 consentanum
3174 2469 3278 2526 est,
3300 2454 3569 2521 omnibus
3604 2468 3729 2521 aliis

2146 2545 2323 2614 magis
2355 2546 2717 2614 principialis.
2754 2547 2823 2601 ab
2853 2549 3158 2618 antiquiore
3195 2552 3340 2607 dono
3385 2570 3486 2609 suo
3536 2556 3728 2631 lauda-

2144 2646 2231 2692 tur
2261 2677 2274 2700 ,
2328 2635 2592 2706 siquidem
2667 2639 2817 2706 prius
2865 2653 2987 2694 esse
3019 2678 3035 2703 ,
3077 2650 3131 2695 et
3187 2643 3543 2702 excellentius
3603 2661 3724 2704 esse

2139 2741 2262 2781 cum
2339 2724 2490 2795 prius
2562 2727 2792 2794 habeat,
2831 2740 2886 2783 et
2935 2731 3283 2787 excellentius
3319 2733 3525 2790 habeat
3579 2738 3728 2806 prius

2137 2816 2268 2874 fecit
2330 2830 2452 2873 esse
2510 2818 2660 2888 quod
2721 2827 2859 2875 est:
2920 2820 3095 2890 ipsum
3129 2861 3143 2886 ,
3196 2824 3459 2894 inquam,
3528 2844 3625 2899 per
3665 2844 3727 2885 se

2134 2925 2278 2977 esse,
2314 2920 2366 2965 et
2395 2925 2489 2981 per
2519 2911 2697 2981 ipsum
2729 2927 2890 2967 omne
2916 2915 3064 2981 quod
3098 2915 3598 2988 quomodocunque
3618 2931 3721 2987 est,

2135 3004 2406 3059 exsistere
2456 3004 2604 3058 fecit.
2655 3003 2817 3073 Atqui
2863 3006 3130 3074 principia
3160 3022 3350 3061 eorum
3401 3026 3524 3080 qua
3549 3021 3719 3079 sunt,

466 3075 585 3123 star
617 3066 811 3122 circuli
837 3067 1166 3134 circumeat;
1218 3084 1343 3127 nam
1401 3087 1432 3127 θ
1481 3088 1542 3126 se.
1592 3078 1811 3145 quidem
1849 3084 2032 3157 incipit

2143 3096 2326 3150 omnia
2365 3096 2694 3165 participant
2726 3111 2866 3159 esse,
2904 3092 2957 3151 et
2986 3108 3132 3161 sunt,
3156 3109 3211 3153 et
3243 3101 3511 3171 principia
3540 3117 3668 3158 sunt
3695 3121 3711 3170 ;

461 3159 698 3227 operari,
729 3159 922 3213 deinde
962 3175 1057 3229 per
1094 3177 1157 3215 ea
1200 3177 1321 3231 quae
1367 3164 1644 3235 produxit,
1690 3178 2043 3243 providentiis

461 3249 579 3303 suis
607 3248 738 3303 foris
784 3263 1011 3304 manens
1058 3252 1162 3307 ﬁne
1196 3254 1448 3323 imposito
1479 3259 1545 3314 ad
1572 3275 1629 3317 se
1659 3278 1848 3324 rursus
1887 3276 2041 3333 redit.

1073 3360 1302 3417 CAPUT
1341 3364 1426 3420 IV.

457 3450 536 3507 De
563 3461 681 3507 ante
712 3458 761 3504 et
792 3452 851 3507 de
878 3453 1119 3542 partibus
1151 3454 1266 3536 ejus
1290 3495 1314 3542 ,Δ
1337 3467 1385 3510 et
1431 3474 1548 3542 quis
1599 3463 1669 3515 sit
1710 3465 1764 3519 in
1812 3469 1876 3524 iis
1925 3489 2043 3542 qum

925 3533 1074 3586 sunt,
1107 3533 1378 3593 propietas
1404 3533 1562 3585 entis.

528 3634 757 3704 Magnus
794 3633 1088 3705 Dionysius
1120 3638 1296 3706 capite
1326 3640 1540 3715 quinto,
1587 3647 1666 3701 De
1707 3649 1901 3705 divinis
1935 3669 2030 3706 no-

458 3729 684 3782 minibus
724 3744 743 3782 :
783 3727 916 3798 Age,
948 3728 1142 3797 inquit,
1186 3730 1472 3789 laudemus
1523 3737 1726 3794 bonum
1769 3752 2027 3814 tanquam

454 3821 599 3889 quod
638 3829 764 3874 vicre
794 3828 878 3875 est
906 3860 921 3882 ,
982 3828 1038 3875 et
1088 3823 1330 3877 omnium
1380 3826 1716 3886 subSIantias
1740 3833 1934 3900 eiiicit,
1978 3846 2032 3892 et

456 3912 757 3967 secundum
794 3913 901 3965 vim
939 3927 1094 3966 suam
1148 3929 1270 3983 quae
1317 3931 1481 3987 supra
1521 3921 1878 3978 substantiam
1926 3938 2028 3991 εει,

2142 3197 2194 3242 et
2225 3187 2458 3256 primum
2492 3197 2642 3252 sunt,
2684 3196 2737 3241 et
2777 3197 2963 3256 postea
3001 3189 3265 3259 principia
3297 3203 3440 3256 sunt,
3471 3203 3522 3247 et
3549 3196 3595 3247 si
3626 3196 3705 3250 vis

2142 3277 2463 3344 viventium,
2502 3289 2772 3348 quatenus
2803 3277 3013 3344 vivunt,
3048 3279 3370 3350 principium
3402 3280 3577 3337 dicere
3603 3297 3698 3350 per

2141 3385 2200 3425 se
2234 3369 2396 3424 vitam
2427 3387 2443 3424 :
2475 3375 2531 3422 et
2561 3369 2847 3431 similium,
2881 3379 3150 3439 quatenus
3183 3373 3381 3427 similia
3409 3380 3569 3441 sunt,
3605 3390 3698 3442 per

2139 3474 2199 3514 se
2225 3458 2641 3513 similitudinem
2675 3474 2689 3513 :
2719 3469 2775 3514 et
2806 3460 3202 3529 copulatorum,
3237 3475 3508 3534 quatenus
3537 3481 3707 3536 copu-

2139 3552 2245 3606 lata
2275 3558 2403 3606 sunt
2422 3590 2438 3617 ,
2471 3566 2568 3621 per
2597 3566 2657 3607 se
2687 3552 3087 3623 copulationem
3118 3570 3133 3619 ;
3183 3563 3239 3609 et
3290 3557 3666 3612 ordinatorum
3693 3598 3711 3624 ,

2136 3650 2409 3711 quatenus
2438 3643 2689 3695 ordinata
2725 3648 2889 3706 sunt,
2940 3655 3034 3710 per
3069 3656 3128 3697 se
3171 3644 3577 3700 ordinationem
3613 3663 3627 3701 :
3658 3657 3713 3701 et

2126 3736 2381 3791 similiter
2414 3737 2468 3789 in
2509 3734 2654 3798 aliis,
2685 3749 3023 3803 quascunque
3070 3734 3197 3801 hoc,
3251 3747 3347 3791 aut
3393 3739 3530 3794 illud
3559 3780 3575 3805 ,
3609 3749 3704 3794 aut

2128 3839 2443 3898 utrumque,
2479 3838 2575 3883 aut
2609 3828 2779 3882 multa
2806 3828 3180 3898 participant?
3203 3838 3254 3884 et
3284 3830 3408 3898 hoc,
3433 3842 3530 3886 aut
3555 3832 3703 3897 illud,

2129 3920 2214 3973 vel
2245 3926 2558 3988 utrumque.
2585 3930 2678 3972 aut
2709 3917 2879 3972 multa
2922 3933 3049 3972 sunt
3086 3918 3434 3990 participata,
3474 3928 3705 3991 reperies

1958 4039 2236 4103 Scholia.

521 4156 597 4224 (ι)
632 4152 725 4207 Est
754 4150 1106 4225 vere‘e/I'ector
1126 4155 1464 4225 eminentia,
1491 4171 1748 4225 persome,
1781 4162 2027 4217 substan-

454 4219 821 4299 i.‘¢é,'n_utnrw.
855 4219 986 4285 Qua:
1022 4219 1676 4299 exsistunt,considerari
1712 4219 1941 4299 possunt
1966 4246 2026 4289 ut

452 4290 774 4365 singularia.
806 4298 860 4342 et
879 4300 957 4365 _ut
988 4291 1233 4357 species;
1270 4294 1350 4346 vel
1382 4309 1572 4362 genus,
1613 4308 1667 4351 et
1698 4290 1753 4351 ut
1794 4314 2021 4365 natura,

451 4356 602 4434 verbi
637 4369 833 4427 gratia,
876 4356 1134 4413 Socrates
1163 4370 1247 4414 est
1289 4356 1740 4430 persona,'ltomo
1793 4356 2017 4434 animal,

452 4430 683 4508 species.
719 4437 771 4481 et
801 4442 969 4508 genus
994 4445 1007 4491 ;
1040 4444 1160 4508 qua:
1189 4440 1453 4508 potestate
1475 4435 1752 4508 continent
1778 4430 2015 4508 singula;

451 4497 557 4564 ria,
584 4497 711 4565 quia
740 4505 971 4563 possunt
995 4500 1219 4566 cogitari
1245 4502 1297 4553 in
1327 4501 1721 4571 singularibus,
1758 4497 2005 4564 humani-

450 4580 532 4642 tas
561 4577 642 4622 est
661 4575 887 4642 natura,
930 4581 1050 4642 qua1
1078 4583 1177 4622 nec
1202 4581 1346 4642 actu,
1384 4586 1559 4641 neque
1594 4583 1861 4642 potestate
1888 4594 2016 4634 con-

449 4640 588 4692 tinet
629 4635 948 4705 singularia,
1002 4636 1187 4705 itaque
1219 4639 1382 4695 homo
1428 4635 1726 4697 secundum
1760 4647 2015 4703 substan-

446 4710 582 4762 tiam
613 4712 825 4779 constat
858 4721 922 4759 ex
961 4705 1315 4774 humanitate,
1361 4726 1482 4779 quae
1513 4723 1596 4767 est
1643 4714 1881 4772 hominis
1911 4734 2010 4773 na-

446 4789 592 4840 tura,
620 4776 777 4847 cujus
804 4785 982 4840 partes
1010 4787 1137 4847 sunt
1165 4776 1458 4846 corpus-et
1499 4783 1679 4835 anima
1708 4785 1761 4836 ilt
1796 4789 2014 4842 univer-

445 4848 567 4913 sali;
597 4846 894 4924 secundum
917 4846 1288 4902 exsistenttam
1316 4861 1611 4924 constatex
1640 4855 1741 4908 hoc
1765 4870 2010 4924 corpore,

444 4926 499 4971 et
530 4933 597 4970 ex
638 4918 738 4992 hac
769 4915 970 4992 anima,
1020 4927 1206 4970 natura
1258 4923 1490 4987 generis,
1534 4924 1614 4976 vel
1661 4915 1901 4992 speciei,
1959 4915 2009 4981 id

442 4994 546 5063 est:
576 4984 939 5063 universabs,_
970 4999 1032 5038 ea
1082 4984 1291 5063 tantum
1331 5001 1452 5063 actu
1501 4984 1767 5057 continet,
1799 4984 1921 5063 quae
1955 4998 2009 5051 in

441 5055 808 5113 deﬁnitionem
842 5055 1043 5107 cadunt
1067 5093 1082 5116 ,
1117 5066 1177 5109 ut
1221 5057 1551 5126 humanitas,
1582 5077 1703 5130 quae
1734 5055 1840 5116 non
1875 5081 2006 5120 con-

439 5128 580 5180 tinet
606 5134 732 5177 aetu
760 5137 955 5195 carnes
987 5134 1038 5175 et
1069 5140 1192 5195 ossa
1215 5165 1230 5189 ,
1266 5142 1386 5195 quae
1419 5144 1527 5181 non
1565 5128 1765 5185 cadunt
1797 5136 1847 5187 in
1877 5137 2009 5189 deii-

439 5196 730 5256 nitionem,
766 5192 907 5266 sicut
928 5194 1189 5266 continet
1214 5192 1409 5260 hoino;
1440 5198 1564 5266 quia
1592 5213 1739 5255 notto
1769 5203 2004 5260 hominis

439 5283 550 5321 non
586 5262 855 5318 abstrahit
885 5265 954 5315 ab
982 5261 1119 5323 istis,
1148 5263 1291 5317 sicut
1322 5261 1591 5321 abstrahit
1632 5273 1778 5325 notio
1812 5274 2003 5326 burna.

438 5339 664 5399 uitatis;
711 5333 955 5410 continet
1008 5338 1186 5410 t_at_nen
1226 5337 1485 5410 potentia,
1521 5351 1716 5410 carnes
1750 5349 1802 5392 et
1849 5358 1998 5410 ossa,

436 5410 565 5477 quia
603 5399 1038 5477 potestAcogitari
1073 5399 1382 5477 humanitas
1427 5399 1480 5459 in
1521 5407 1739 5461 homine
1786 5399 1999 5465 univerl

436 5472 559 5539 sali,
593 5472 684 5552 qui
714 5472 990 5552 deﬁnitur,
1010 5472 1282 5552 principia
1315 5483 1492 5552 autem
1527 5477 1790 5552 individui
1822 5497 1998 5552 neque

437 5548 676 5615 potentia
713 5547 977 5607 continet,
1007 5545 1345 5615 humanitate
1376 5545 1522 5599 enim
1549 5558 1634 5600 est
1663 5550 1826 5602 homo
1852 5568 1867 5615 ;
1901 5545 1994 5606 sed

436 5634 542 5669 non
573 5626 680 5678 est,
713 5630 888 5685 neque
927 5614 1149 5682 cogitari
1178 5624 1351 5681 potest
1378 5631 1499 5669 esse
1539 5614 1875 5674 humanitate
1907 5623 1994 5674 hic

438 5687 623 5746 homo,
647 5700 709 5736 ex
735 5684 1013 5738 S.”I'hom.
1044 5685 1127 5758 rAtl
1160 5686 1303 5738 hunc
1336 5687 1551 5758 modum
1585 5702 1645 5740 se
1670 5689 1869 5742 habent
1900 5705 1995 5758 per

437 5770 493 5807 se
526 5754 891 5822 participatio,
916 5754 1283 5821 participatio,
1315 5765 1367 5809 et
1399 5756 1512 5810 haec
1537 5754 1913 5827 untiCIpatio;
1934 5771 1991 5815 ut

2133 4163 2284 4219 verbi
2325 4161 2533 4233 gratia,
2585 4175 2681 4230 per
2707 4173 2766 4233 se
2793 4159 2925 4233 vita,
2957 4158 3085 4233 vita,
3119 4168 3171 4213 et
3197 4161 3308 4212 haec
3352 4158 3484 4224 vita,
3517 4176 3612 4230 per
3641 4179 3699 4218 se

2132 4234 2242 4288 vita
2274 4228 2522 4287 naturam
2555 4228 2677 4284 vitae
2707 4229 2999 4299 signiﬁcat,
3030 4228 3083 4283 id
3105 4238 3209 4299 est,
3253 4242 3317 4282 ea
3357 4243 3479 4299 quae
3501 4228 3701 4289 catiunt

2133 4302 2187 4356 in
2222 4302 2592 4356 deﬁnitionem
2620 4301 2779 4370 vitae;
2829 4301 2959 4370 vita,
2992 4308 3083 4370 est
3121 4298 3427 4370 universale
3473 4303 3694 4370 speciei,

2132 4380 2190 4426 ttt
2218 4372 2323 4424 vita
2355 4370 2626 4431 hominis,
2671 4368 2789 4438 vita,
2811 4368 2971 4437 equi;
3008 4368 3087 4421 vel
3121 4368 3427 4438 universale
3457 4368 3691 4438 generis,

2128 4451 2187 4494 ut
2219 4442 2322 4501 vita
2352 4438 2552 4507 angeli,
2591 4435 3000 4507 hominis—equi
3027 4455 3039 4499 ;
3069 4445 3123 4490 et
3146 4436 3286 4489 sicut
3319 4435 3573 4493 Deus'est
3597 4456 3694 4493 au-

2043 4496 2095 4555 D
2120 4520 2238 4562 ctor
2257 4496 2352 4578 per
2377 4496 2721 4574 sevhominis,
2740 4507 2792 4561 id
2812 4496 3428 4573 est.immanitatisgest,
3449 4509 3689 4576 inquam,

2117 4594 2307 4644 causa,
2353 4588 2411 4632 ut
2442 4586 2638 4656 natura
2668 4578 2903 4656 hominis
2934 4579 3007 4656 sit
3042 4590 3163 4656 esse
3195 4578 3397 4628 animal
3425 4581 3692 4656 rationale

2119 4648 2434 4726 (heres-nitu
2469 4647 2712 4726 continet
2732 4645 3099 4726 humanitas),
3123 4655 3176 4699 et
3196 4655 3389 4726 auctor
3429 4647 3687 4726 hominis,

2114 4729 2167 4771 et
2196 4717 2354 4787 hujus
2391 4717 2664 4792 hominis;
2698 4717 2777 4770 sic
2806 4730 2973 4792 causa
2995 4724 3079 4769 est
3110 4729 3202 4782 per
3231 4727 3291 4766 se
3314 4717 3456 4792 vita),
3482 4724 3537 4769 et
3566 4717 3690 4770 vita:

2112 4795 2168 4840 et
2198 4786 2359 4855 hujus
2396 4786 2517 4840 vitae
2543 4826 2557 4850 ,
2605 4800 2711 4855 per
2742 4799 2801 4839 se
2837 4786 2943 4837 vita
2978 4799 3086 4838 non
3117 4793 3199 4855 est
3231 4786 3447 4850 proprie
3477 4793 3532 4855 et
3563 4800 3687 4840 vere

2113 4871 2209 4910 ens
2245 4853 2570 4919 subsistens,
2614 4853 2885 4932 uthomo,
2921 4855 3077 4921 lapis,
3110 4853 3251 4906 sicut
3277 4867 3453 4931 neque
3486 4854 3679 4932 huma-

2112 4928 2278 4989 nitas,
2325 4927 2418 4981 sed
2464 4939 2573 4993 quo
2620 4923 2825 4992 aliquid
2870 4935 2991 4987 est;
3026 4932 3083 4975 ut
3116 4935 3214 4992 per
3238 4934 3296 4975 se
3328 4926 3439 4975 vita
3473 4927 3681 4989 vivens,

2111 4996 2249 5050 sicut
2282 4997 2618 5048 humanitate
2652 4994 2837 5047 homo.
3490 5030 3493 5034 ι

2181 5065 2258 5134 (‘2)
2302 5063 2395 5117 Est
2426 5062 2736 5134 simpliciter
2761 5071 2810 5113 et
2840 5059 3056 5134 inﬁnite
3086 5057 3227 5115 Deus
3259 5068 3428 5114 totum
3457 5075 3570 5113 esse
3616 5061 3673 5112 in

2106 5150 2161 5187 se
2190 5129 2559 5202 complectens,
2587 5132 2714 5199 quia
2745 5132 3002 5184 omnibus
3026 5129 3131 5202 dat_
3147 5144 3268 5183 esse
3320 5145 3414 5202 per
3444 5144 3566 5183 esse
3596 5133 3680 5181 sui

2104 5198 2572 5272 participationem
2600 5198 2615 5263 ᾖ
2647 5210 2700 5255 et
2727 5203 2848 5272 ipse
2872 5209 2958 5254 est
2986 5198 3170 5253 omnia
3211 5201 3509 5254 secundum
3542 5213 3677 5272 cans

2104 5270 2256 5336 sam;
2292 5283 2347 5326 et
2395 5285 2498 5325 suo
2520 5286 2662 5349 nesse
2706 5271 2890 5349 omnia
2923 5283 3042 5338 quae
3099 5279 3249 5333 sunt,
3282 5278 3337 5323 et
3370 5270 3673 5349 quomodo-

2103 5356 2317 5413 cunqne
2343 5350 2486 5406 sunt,
2517 5340 2644 5394 facit
2675 5354 2816 5413 esse,
2848 5340 2926 5394 sic
2948 5347 3031 5393 est
3062 5353 3229 5413 causa
3266 5339 3485 5407 proprie
3512 5339 3675 5390 abso-

2101 5409 2825 5488 lutaZetminctrcumscripta.
2918 5476 2928 5488 _
3136 5409 3143 5413 ⁷
3315 5476 3326 5488 ⁸
3351 5476 3363 5488 ι
3511 5444 3545 5486 .,
3628 5474 3640 5486 θ

2171 5480 2244 5548 t5)
2289 5480 2391 5534 Per
2423 5496 2477 5534 se
2510 5494 2620 5532 esse
2656 5476 3026 5548 etsecundmn
3063 5491 3123 5532 se
3144 5492 3268 5548 esse
3303 5476 3463 5548 idem
3502 5476 3672 5548 signi-

2100 5542 2263 5604 ficant
2311 5552 2417 5612 hic,
2457 5558 2517 5616 ut
2547 5550 2607 5600 τὸ
2643 5547 2774 5599 αὐτὸ
2811 5542 2949 5600 εἶναι
2975 5587 2989 5611 ,
3030 5549 3062 5616 ἡ
3107 5547 3167 5599 τὸ
3194 5545 3316 5599 καθ’
3347 5545 3478 5598 αὐτὸ
3505 5543 3668 5616 εἶναι,

2098 5620 2190 5697 καὶ
2224 5621 2357 5697 esse
2388 5620 2449 5697 se
2477 5615 3120 5697 εἶναι..ιείιι-ιίιιὶιθῑκαρτὴ-
3145 5619 3177 5685 ἠ
3209 5617 3352 5697 ζωὴ).
3389 5617 3480 5697 καὶ
3570 5615 3669 5697 αρ-

2095 5689 2306 5763 τφξωὴ,Δ
2327 5691 2419 5763 uel.
2445 5691 2499 5763 _i}
2530 5687 2691 5763 ⁸κιιθξ
2713 5686 2906 5763 absim
2928 5684 3056 5763 ζωὴΔ
3096 5684 3265 5763 ἧχὸυν
3307 5687 3404 5754 ὅλη
3446 5684 3559 5763 (rei)
3588 5684 3665 5741 ὡς

2095 5761 2153 5812 τὸ
2186 5754 2307 5812 καθ’
2341 5754 2637 5813 αὑτὸέῐναι
2665 5756 2832 5826 ἤγουν
2863 5755 2982 5808 ὅ).ον
3011 5754 3069 5807 ~91
3097 5755 3253 5823 alvei,
3287 5754 3622 5824 progreditur
3641 5792 3656 5813 ,
