  <div class='ocr_page' id='page_1' title='image "/cluster/home/n/w/nwhite01/storage/ocr_20150623/152/mdp.39015078384735/416.png"; bbox 0 0 4058 6306; ppageno 0'>
   <div class='ocr_carea' id='block_1_1' title="bbox 338 416 444 478">
    <p class='ocr_par' dir='ltr' id='par_1_1' title="bbox 338 416 444 478">
     <span class='ocr_line' id='line_1_1' title="bbox 338 416 444 478; baseline -0.019 -1"><span class='ocrx_word' id='word_1_1' title='bbox 338 416 444 478; x_wconf 78' lang='grc' dir='ltr'><strong>8ἒ7</strong></span> 
     </span>
    </p>
   </div>
   <div class='ocr_carea' id='block_1_2' title="bbox 1010 422 2828 496">
    <p class='ocr_par' dir='ltr' id='par_1_2' title="bbox 1010 422 2828 496">
     <span class='ocr_line' id='line_1_2' title="bbox 1010 422 2828 496; baseline 0.008 -16"><span class='ocrx_word' id='word_1_2' title='bbox 1010 422 1246 484; x_wconf 74' lang='lat' dir='ltr'><strong>DECAS</strong></span> <span class='ocrx_word' id='word_1_3' title='bbox 1285 427 1346 488; x_wconf 68' lang='grc' dir='ltr'><strong>Υ.</strong></span> <span class='ocrx_word' id='word_1_4' title='bbox 1379 451 1442 460; x_wconf 90' lang='grc'><strong>-·</strong></span> <span class='ocrx_word' id='word_1_5' title='bbox 1481 426 1575 484; x_wconf 84' lang='lat' dir='ltr'><strong>DE</strong></span> <span class='ocrx_word' id='word_1_6' title='bbox 1607 425 2266 491; x_wconf 73' lang='lat' dir='ltr'><strong>PROPBIETATIBUS</strong></span> <span class='ocrx_word' id='word_1_7' title='bbox 2295 432 2527 496; x_wconf 79' lang='lat' dir='ltr'><strong>DlVlN.</strong></span> <span class='ocrx_word' id='word_1_8' title='bbox 2563 435 2828 496; x_wconf 77' lang='lat' dir='ltr'><strong>NOMlN.</strong></span> 
     </span>
    </p>
   </div>
   <div class='ocr_carea' id='block_1_3' title="bbox 3469 442 3572 503">
    <p class='ocr_par' dir='ltr' id='par_1_3' title="bbox 3469 442 3572 503">
     <span class='ocr_line' id='line_1_3' title="bbox 3469 442 3572 503; baseline 0.019 -2"><span class='ocrx_word' id='word_1_9' title='bbox 3469 442 3572 503; x_wconf 76' lang='lat'><strong>818</strong></span> 
     </span>
    </p>
   </div>
   <div class='ocr_carea' id='block_1_4' title="bbox 300 520 3576 617">
    <p class='ocr_par' dir='ltr' id='par_1_4' title="bbox 300 520 3576 617">
     <span class='ocr_line' id='line_1_4' title="bbox 300 520 3576 617; baseline 0.009 -40"><span class='ocrx_word' id='word_1_10' title='bbox 300 520 315 534; x_wconf 89' lang='grc'><strong><em>⁸</em></strong></span> <span class='ocrx_word' id='word_1_11' title='bbox 344 543 438 595; x_wconf 86' lang='lat' dir='ltr'><strong>p--r</strong></span> <span class='ocrx_word' id='word_1_12' title='bbox 486 541 543 580; x_wconf 87' lang='lat' dir='ltr'><strong>se</strong></span> <span class='ocrx_word' id='word_1_13' title='bbox 580 527 1024 596; x_wconf 74' lang='lat' dir='ltr'><strong>participationes</strong></span> <span class='ocrx_word' id='word_1_14' title='bbox 1059 534 1292 601; x_wconf 84' lang='lat' dir='ltr'><strong>primum</strong></span> <span class='ocrx_word' id='word_1_15' title='bbox 1325 537 1647 605; x_wconf 71' lang='lat' dir='ltr'><strong>participare</strong></span> <span class='ocrx_word' id='word_1_16' title='bbox 1674 537 1821 604; x_wconf 48' lang='lat' dir='ltr'><strong>esse,&quot;</strong></span> <span class='ocrx_word' id='word_1_17' title='bbox 1859 549 1911 594; x_wconf 91' lang='lat' dir='ltr'><strong>et</strong></span> <span class='ocrx_word' id='word_1_18' title='bbox 1939 546 1984 601; x_wconf 80' lang='grc' dir='ltr'>Α</span> <span class='ocrx_word' id='word_1_19' title='bbox 2017 543 2086 595; x_wconf 90' lang='lat' dir='ltr'><strong>tia</strong></span> <span class='ocrx_word' id='word_1_20' title='bbox 2120 559 2224 596; x_wconf 90' lang='lat' dir='ltr'><strong>non</strong></span> <span class='ocrx_word' id='word_1_21' title='bbox 2253 559 2415 613; x_wconf 86' lang='lat' dir='ltr'><strong>posse</strong></span> <span class='ocrx_word' id='word_1_22' title='bbox 2443 560 2458 598; x_wconf 88' lang='lat'><strong>:</strong></span> <span class='ocrx_word' id='word_1_23' title='bbox 2490 547 2581 614; x_wconf 88' lang='lat' dir='ltr'><strong>qui</strong></span> <span class='ocrx_word' id='word_1_24' title='bbox 2613 549 3082 615; x_wconf 62' lang='lat' dir='ltr'><strong>praedestinatione</strong></span> <span class='ocrx_word' id='word_1_25' title='bbox 3115 550 3440 617; x_wconf 80' lang='lat' dir='ltr'><strong>cognitionis</strong></span> <span class='ocrx_word' id='word_1_26' title='bbox 3465 568 3576 606; x_wconf 84' lang='lat' dir='ltr'><strong>suae</strong></span> 
     </span>
    </p>
   </div>
   <div class='ocr_carea' id='block_1_5' title="bbox 339 617 1903 694">
    <p class='ocr_par' dir='ltr' id='par_1_5' title="bbox 339 617 1903 694">
     <span class='ocr_line' id='line_1_5' title="bbox 339 617 1903 694; baseline 0.012 -29"><span class='ocrx_word' id='word_1_27' title='bbox 339 617 418 669; x_wconf 72' lang='lat' dir='ltr'><strong>sic</strong></span> <span class='ocrx_word' id='word_1_28' title='bbox 461 617 692 682; x_wconf 90' lang='lat' dir='ltr'><strong>primum</strong></span> <span class='ocrx_word' id='word_1_29' title='bbox 729 633 848 672; x_wconf 91' lang='lat' dir='ltr'><strong>esse</strong></span> <span class='ocrx_word' id='word_1_30' title='bbox 886 620 1026 688; x_wconf 89' lang='lat' dir='ltr'><strong>quod</strong></span> <span class='ocrx_word' id='word_1_31' title='bbox 1060 635 1182 675; x_wconf 91' lang='lat' dir='ltr'><strong>sunt</strong></span> <span class='ocrx_word' id='word_1_32' title='bbox 1212 662 1226 684; x_wconf 94' lang='lat'><strong>,</strong></span> <span class='ocrx_word' id='word_1_33' title='bbox 1260 624 1459 680; x_wconf 85' lang='lat' dir='ltr'><strong>deinde</strong></span> <span class='ocrx_word' id='word_1_34' title='bbox 1496 628 1674 694; x_wconf 85' lang='lat' dir='ltr'><strong>hujus,</strong></span> <span class='ocrx_word' id='word_1_35' title='bbox 1707 640 1800 683; x_wconf 88' lang='lat' dir='ltr'><strong>aut</strong></span> <span class='ocrx_word' id='word_1_36' title='bbox 1840 632 1903 683; x_wconf 87' lang='lat' dir='ltr'><strong>il-</strong></span> 
     </span>
    </p>
   </div>
   <div class='ocr_carea' id='block_1_6' title="bbox 343 707 1905 786">
    <p class='ocr_par' dir='ltr' id='par_1_6' title="bbox 343 707 1905 786">
     <span class='ocr_line' id='line_1_6' title="bbox 343 707 1905 786; baseline 0.011 -28"><span class='ocrx_word' id='word_1_37' title='bbox 343 707 446 758; x_wconf 86' lang='lat' dir='ltr'><strong>|.us</strong></span> <span class='ocrx_word' id='word_1_38' title='bbox 487 707 748 776; x_wconf 82' lang='lat' dir='ltr'><strong>principia</strong></span> <span class='ocrx_word' id='word_1_39' title='bbox 781 725 935 764; x_wconf 85' lang='lat' dir='ltr'><strong>esse:</strong></span> <span class='ocrx_word' id='word_1_40' title='bbox 966 721 1019 763; x_wconf 89' lang='lat' dir='ltr'><strong>et</strong></span> <span class='ocrx_word' id='word_1_41' title='bbox 1048 714 1421 781; x_wconf 86' lang='lat' dir='ltr'><strong>participando</strong></span> <span class='ocrx_word' id='word_1_42' title='bbox 1453 733 1593 780; x_wconf 91' lang='lat' dir='ltr'><strong>esse,</strong></span> <span class='ocrx_word' id='word_1_43' title='bbox 1621 722 1905 786; x_wconf 75' lang='lat' dir='ltr'><strong>exsistere,</strong></span> 
     </span>
    </p>
   </div>
   <div class='ocr_carea' id='block_1_7' title="bbox 339 798 1907 878">
    <p class='ocr_par' dir='ltr' id='par_1_7' title="bbox 339 798 1907 878">
     <span class='ocr_line' id='line_1_7' title="bbox 339 798 1907 878; baseline 0.011 -29"><span class='ocrx_word' id='word_1_44' title='bbox 339 808 391 849; x_wconf 89' lang='lat' dir='ltr'><strong>ct</strong></span> <span class='ocrx_word' id='word_1_45' title='bbox 426 798 761 866; x_wconf 67' lang='lat' dir='ltr'><strong>participari.</strong></span> <span class='ocrx_word' id='word_1_46' title='bbox 784 798 838 853; x_wconf 89' lang='lat' dir='ltr'><strong>Si</strong></span> <span class='ocrx_word' id='word_1_47' title='bbox 865 801 977 856; x_wconf 68' lang='lat' dir='ltr'><strong>bzec</strong></span> <span class='ocrx_word' id='word_1_48' title='bbox 1006 812 1210 870; x_wconf 88' lang='lat' dir='ltr'><strong>autem,</strong></span> <span class='ocrx_word' id='word_1_49' title='bbox 1240 822 1360 874; x_wconf 80' lang='lat' dir='ltr'><strong>qua:</strong></span> <span class='ocrx_word' id='word_1_50' title='bbox 1387 809 1614 862; x_wconf 91' lang='lat' dir='ltr'><strong>aliorum</strong></span> <span class='ocrx_word' id='word_1_51' title='bbox 1645 813 1907 878; x_wconf 88' lang='lat' dir='ltr'><strong>principia</strong></span> 
     </span>
    </p>
   </div>
   <div class='ocr_carea' id='block_1_8' title="bbox 339 899 1908 967">
    <p class='ocr_par' dir='ltr' id='par_1_8' title="bbox 339 899 1908 967">
     <span class='ocr_line' id='line_1_8' title="bbox 339 899 1908 967; baseline 0.01 -23"><span class='ocrx_word' id='word_1_52' title='bbox 339 902 715 956; x_wconf 71' lang='lat' dir='ltr'><strong>numerantur,</strong></span> <span class='ocrx_word' id='word_1_53' title='bbox 751 909 846 964; x_wconf 87' lang='lat' dir='ltr'><strong>per</strong></span> <span class='ocrx_word' id='word_1_54' title='bbox 877 899 1344 967; x_wconf 77' lang='lat' dir='ltr'><strong>participationem</strong></span> <span class='ocrx_word' id='word_1_55' title='bbox 1382 917 1501 956; x_wconf 89' lang='lat' dir='ltr'><strong>esse</strong></span> <span class='ocrx_word' id='word_1_56' title='bbox 1529 915 1657 957; x_wconf 91' lang='lat' dir='ltr'><strong>sunt</strong></span> <span class='ocrx_word' id='word_1_57' title='bbox 1685 944 1698 963; x_wconf 92' lang='lat'><strong>.</strong></span> <span class='ocrx_word' id='word_1_58' title='bbox 1737 907 1908 961; x_wconf 91' lang='lat' dir='ltr'><strong>multo</strong></span> 
     </span>
    </p>
   </div>
   <div class='ocr_carea' id='block_1_9' title="bbox 341 983 1906 1063">
    <p class='ocr_par' dir='ltr' id='par_1_9' title="bbox 341 983 1906 1063">
     <span class='ocr_line' id='line_1_9' title="bbox 341 983 1906 1063; baseline 0.01 -27"><span class='ocrx_word' id='word_1_59' title='bbox 341 983 511 1052; x_wconf 86' lang='lat' dir='ltr'><strong>magis</strong></span> <span class='ocrx_word' id='word_1_60' title='bbox 536 1000 652 1052; x_wconf 77' lang='lat' dir='ltr'><strong>qoze</strong></span> <span class='ocrx_word' id='word_1_61' title='bbox 697 986 811 1054; x_wconf 88' lang='lat' dir='ltr'><strong>ipsa</strong></span> <span class='ocrx_word' id='word_1_62' title='bbox 858 987 942 1039; x_wconf 90' lang='lat' dir='ltr'><strong>illa</strong></span> <span class='ocrx_word' id='word_1_63' title='bbox 980 991 1243 1059; x_wconf 81' lang='lat' dir='ltr'><strong>principia</strong></span> <span class='ocrx_word' id='word_1_64' title='bbox 1278 994 1630 1063; x_wconf 82' lang='lat' dir='ltr'><strong>participant.</strong></span> <span class='ocrx_word' id='word_1_65' title='bbox 1666 995 1906 1051; x_wconf 83' lang='lat' dir='ltr'><strong>Primum</strong></span> 
     </span>
    </p>
   </div>
   <div class='ocr_carea' id='block_1_10' title="bbox 342 1073 1910 1158">
    <p class='ocr_par' dir='ltr' id='par_1_10' title="bbox 342 1073 1910 1158">
     <span class='ocr_line' id='line_1_10' title="bbox 342 1073 1910 1158; baseline 0.01 -32"><span class='ocrx_word' id='word_1_66' title='bbox 342 1073 505 1141; x_wconf 55' lang='lat' dir='ltr'><strong>igitur</strong></span> <span class='ocrx_word' id='word_1_67' title='bbox 537 1075 734 1128; x_wconf 89' lang='lat' dir='ltr'><strong>donum</strong></span> <span class='ocrx_word' id='word_1_68' title='bbox 787 1091 880 1144; x_wconf 92' lang='lat' dir='ltr'><strong>per</strong></span> <span class='ocrx_word' id='word_1_69' title='bbox 935 1095 992 1132; x_wconf 89' lang='lat' dir='ltr'><strong>se</strong></span> <span class='ocrx_word' id='word_1_70' title='bbox 1043 1096 1185 1144; x_wconf 87' lang='lat' dir='ltr'><strong>esse,</strong></span> <span class='ocrx_word' id='word_1_71' title='bbox 1213 1097 1334 1136; x_wconf 91' lang='lat' dir='ltr'><strong>eum</strong></span> <span class='ocrx_word' id='word_1_72' title='bbox 1367 1101 1459 1152; x_wconf 89' lang='lat' dir='ltr'><strong>per</strong></span> <span class='ocrx_word' id='word_1_73' title='bbox 1497 1102 1555 1140; x_wconf 77' lang='lat' dir='ltr'><strong>se</strong></span> <span class='ocrx_word' id='word_1_74' title='bbox 1596 1089 1683 1141; x_wconf 91' lang='lat' dir='ltr'><strong>illa</strong></span> <span class='ocrx_word' id='word_1_75' title='bbox 1719 1104 1910 1158; x_wconf 90' lang='lat' dir='ltr'><strong>supra-</strong></span> 
     </span>
    </p>
   </div>
   <div class='ocr_carea' id='block_1_11' title="bbox 341 1165 1909 1248">
    <p class='ocr_par' dir='ltr' id='par_1_11' title="bbox 341 1165 1909 1248">
     <span class='ocr_line' id='line_1_11' title="bbox 341 1165 1909 1248; baseline 0.015 -36"><span class='ocrx_word' id='word_1_76' title='bbox 341 1181 499 1231; x_wconf 69' lang='lat' dir='ltr'><strong>quam</strong></span> <span class='ocrx_word' id='word_1_77' title='bbox 549 1165 760 1221; x_wconf 84' lang='lat' dir='ltr'><strong>bonitas</strong></span> <span class='ocrx_word' id='word_1_78' title='bbox 810 1169 1100 1237; x_wconf 85' lang='lat' dir='ltr'><strong>producat,</strong></span> <span class='ocrx_word' id='word_1_79' title='bbox 1148 1176 1342 1228; x_wconf 90' lang='lat' dir='ltr'><strong>merito</strong></span> <span class='ocrx_word' id='word_1_80' title='bbox 1382 1177 1450 1230; x_wconf 90' lang='lat' dir='ltr'><strong>ab</strong></span> <span class='ocrx_word' id='word_1_81' title='bbox 1501 1180 1810 1248; x_wconf 85' lang='lat' dir='ltr'><strong>antiquiore</strong></span> <span class='ocrx_word' id='word_1_82' title='bbox 1855 1189 1909 1234; x_wconf 90' lang='lat' dir='ltr'><strong>et</strong></span> 
     </span>
    </p>
   </div>
   <div class='ocr_carea' id='block_1_12' title="bbox 343 1257 1910 1340">
    <p class='ocr_par' dir='ltr' id='par_1_12' title="bbox 343 1257 1910 1340">
     <span class='ocr_line' id='line_1_12' title="bbox 343 1257 1910 1340; baseline 0.013 -34"><span class='ocrx_word' id='word_1_83' title='bbox 343 1257 510 1325; x_wconf 85' lang='lat' dir='ltr'><strong>prima</strong></span> <span class='ocrx_word' id='word_1_84' title='bbox 545 1259 784 1313; x_wconf 89' lang='lat' dir='ltr'><strong>omnium</strong></span> <span class='ocrx_word' id='word_1_85' title='bbox 824 1263 1296 1332; x_wconf 86' lang='lat' dir='ltr'><strong>participationum</strong></span> <span class='ocrx_word' id='word_1_86' title='bbox 1336 1268 1607 1326; x_wconf 75' lang='lat' dir='ltr'><strong>laudatur.</strong></span> <span class='ocrx_word' id='word_1_87' title='bbox 1649 1272 1711 1325; x_wconf 86' lang='lat' dir='ltr'><strong>Et</strong></span> <span class='ocrx_word' id='word_1_88' title='bbox 1748 1274 1910 1340; x_wconf 89' lang='lat' dir='ltr'><strong>paulo</strong></span> 
     </span>
    </p>
   </div>
   <div class='ocr_carea' id='block_1_13' title="bbox 343 1348 1910 1428">
    <p class='ocr_par' dir='ltr' id='par_1_13' title="bbox 343 1348 1910 1428">
     <span class='ocr_line' id='line_1_13' title="bbox 343 1348 1910 1428; baseline 0.014 -30"><span class='ocrx_word' id='word_1_89' title='bbox 343 1356 460 1407; x_wconf 88' lang='lat' dir='ltr'><strong>post</strong></span> <span class='ocrx_word' id='word_1_90' title='bbox 494 1364 506 1401; x_wconf 94' lang='lat'><strong>:</strong></span> <span class='ocrx_word' id='word_1_91' title='bbox 553 1348 609 1402; x_wconf 88' lang='lat' dir='ltr'><strong>Si</strong></span> <span class='ocrx_word' id='word_1_92' title='bbox 652 1363 835 1404; x_wconf 89' lang='lat' dir='ltr'><strong>autem</strong></span> <span class='ocrx_word' id='word_1_93' title='bbox 873 1354 982 1407; x_wconf 90' lang='lat' dir='ltr'><strong>vult</strong></span> <span class='ocrx_word' id='word_1_94' title='bbox 1009 1354 1264 1410; x_wconf 81' lang='lat' dir='ltr'><strong>Clemens</strong></span> <span class='ocrx_word' id='word_1_95' title='bbox 1301 1359 1662 1428; x_wconf 69' lang='lat' dir='ltr'><strong>pbilosotiltus</strong></span> <span class='ocrx_word' id='word_1_96' title='bbox 1694 1363 1760 1418; x_wconf 88' lang='lat' dir='ltr'><strong>ad</strong></span> <span class='ocrx_word' id='word_1_97' title='bbox 1810 1366 1910 1419; x_wconf 91' lang='lat' dir='ltr'><strong>ali-</strong></span> 
     </span>
    </p>
   </div>
   <div class='ocr_carea' id='block_1_14' title="bbox 343 1439 1907 1525">
    <p class='ocr_par' dir='ltr' id='par_1_14' title="bbox 343 1439 1907 1525">
     <span class='ocr_line' id='line_1_14' title="bbox 343 1439 1907 1525; baseline 0.015 -37"><span class='ocrx_word' id='word_1_98' title='bbox 343 1439 469 1506; x_wconf 88' lang='lat' dir='ltr'><strong>quid</strong></span> <span class='ocrx_word' id='word_1_99' title='bbox 501 1440 606 1494; x_wconf 86' lang='lat' dir='ltr'><strong>dici</strong></span> <span class='ocrx_word' id='word_1_100' title='bbox 638 1445 970 1513; x_wconf 79' lang='lat' dir='ltr'><strong>exemplaria</strong></span> <span class='ocrx_word' id='word_1_101' title='bbox 1004 1462 1123 1513; x_wconf 77' lang='lat' dir='ltr'><strong>qnze</strong></span> <span class='ocrx_word' id='word_1_102' title='bbox 1155 1458 1282 1503; x_wconf 83' lang='lat' dir='ltr'><strong>sunt</strong></span> <span class='ocrx_word' id='word_1_103' title='bbox 1332 1449 1384 1502; x_wconf 94' lang='lat' dir='ltr'><strong>in</strong></span> <span class='ocrx_word' id='word_1_104' title='bbox 1429 1453 1590 1508; x_wconf 87' lang='lat' dir='ltr'><strong>rebus</strong></span> <span class='ocrx_word' id='word_1_105' title='bbox 1633 1457 1907 1525; x_wconf 90' lang='lat' dir='ltr'><strong>principa-</strong></span> 
     </span>
    </p>
   </div>
   <div class='ocr_carea' id='block_1_15' title="bbox 343 1530 1908 1618">
    <p class='ocr_par' dir='ltr' id='par_1_15' title="bbox 343 1530 1908 1618">
     <span class='ocr_line' id='line_1_15' title="bbox 343 1530 1908 1618; baseline 0.015 -37"><span class='ocrx_word' id='word_1_106' title='bbox 343 1530 500 1604; x_wconf 55' lang='lat' dir='ltr'><strong>liora,</strong></span> <span class='ocrx_word' id='word_1_107' title='bbox 530 1536 874 1603; x_wconf 79' lang='lat' dir='ltr'><strong>progreditur</strong></span> <span class='ocrx_word' id='word_1_108' title='bbox 895 1537 1108 1606; x_wconf 78' lang='lat' dir='ltr'><strong>quidem</strong></span> <span class='ocrx_word' id='word_1_109' title='bbox 1141 1555 1263 1593; x_wconf 88' lang='lat' dir='ltr'><strong>cmn</strong></span> <span class='ocrx_word' id='word_1_110' title='bbox 1294 1543 1372 1597; x_wconf 91' lang='lat' dir='ltr'><strong>sic</strong></span> <span class='ocrx_word' id='word_1_111' title='bbox 1403 1544 1660 1614; x_wconf 84' lang='lat' dir='ltr'><strong>loquitur,</strong></span> <span class='ocrx_word' id='word_1_112' title='bbox 1684 1564 1789 1602; x_wconf 92' lang='lat' dir='ltr'><strong>non</strong></span> <span class='ocrx_word' id='word_1_113' title='bbox 1817 1566 1908 1618; x_wconf 92' lang='lat' dir='ltr'><strong>per</strong></span> 
     </span>
    </p>
   </div>
   <div class='ocr_carea' id='block_1_16' title="bbox 343 1622 1907 1709">
    <p class='ocr_par' dir='ltr' id='par_1_16' title="bbox 343 1622 1907 1709">
     <span class='ocr_line' id='line_1_16' title="bbox 343 1622 1907 1709; baseline 0.017 -40"><span class='ocrx_word' id='word_1_114' title='bbox 343 1622 559 1689; x_wconf 86' lang='lat' dir='ltr'><strong>prepria</strong></span> <span class='ocrx_word' id='word_1_115' title='bbox 591 1635 644 1676; x_wconf 89' lang='lat' dir='ltr'><strong>et</strong></span> <span class='ocrx_word' id='word_1_116' title='bbox 677 1627 911 1693; x_wconf 82' lang='lat' dir='ltr'><strong>perlecta</strong></span> <span class='ocrx_word' id='word_1_117' title='bbox 945 1638 998 1680; x_wconf 90' lang='lat' dir='ltr'><strong>et</strong></span> <span class='ocrx_word' id='word_1_118' title='bbox 1034 1631 1300 1699; x_wconf 84' lang='lat' dir='ltr'><strong>simplicia</strong></span> <span class='ocrx_word' id='word_1_119' title='bbox 1334 1636 1553 1689; x_wconf 90' lang='lat' dir='ltr'><strong>nomina</strong></span> <span class='ocrx_word' id='word_1_120' title='bbox 1587 1639 1664 1709; x_wconf 80' lang='lat' dir='ltr'><strong>(i)</strong></span> <span class='ocrx_word' id='word_1_121' title='bbox 1696 1655 1709 1689; x_wconf 88' lang='lat'>:</span> <span class='ocrx_word' id='word_1_122' title='bbox 1742 1641 1834 1694; x_wconf 89' lang='lat' dir='ltr'><strong>sed</strong></span> <span class='ocrx_word' id='word_1_123' title='bbox 1862 1642 1907 1696; x_wconf 90' lang='lat' dir='ltr'><strong>si</strong></span> 
     </span>
    </p>
   </div>
   <div class='ocr_carea' id='block_1_17' title="bbox 342 1713 1909 1792">
    <p class='ocr_par' dir='ltr' id='par_1_17' title="bbox 342 1713 1909 1792">
     <span class='ocr_line' id='line_1_17' title="bbox 342 1713 1909 1792; baseline 0.015 -30"><span class='ocrx_word' id='word_1_124' title='bbox 342 1713 702 1768; x_wconf 86' lang='lat' dir='ltr'><strong>concedamus</strong></span> <span class='ocrx_word' id='word_1_125' title='bbox 766 1727 908 1772; x_wconf 84' lang='lat' dir='ltr'><strong>recte</strong></span> <span class='ocrx_word' id='word_1_126' title='bbox 969 1721 1070 1774; x_wconf 88' lang='lat' dir='ltr'><strong>hoc</strong></span> <span class='ocrx_word' id='word_1_127' title='bbox 1123 1722 1271 1788; x_wconf 93' lang='lat' dir='ltr'><strong>diei,</strong></span> <span class='ocrx_word' id='word_1_128' title='bbox 1326 1734 1541 1792; x_wconf 89' lang='lat' dir='ltr'><strong>oportet</strong></span> <span class='ocrx_word' id='word_1_129' title='bbox 1595 1730 1909 1785; x_wconf 88' lang='lat' dir='ltr'><strong>meminisse</strong></span> 
     </span>
    </p>
   </div>
   <div class='ocr_carea' id='block_1_18' title="bbox 345 1801 1908 1888">
    <p class='ocr_par' dir='ltr' id='par_1_18' title="bbox 345 1801 1908 1888">
     <span class='ocr_line' id='line_1_18' title="bbox 345 1801 1908 1888; baseline 0.013 -36"><span class='ocrx_word' id='word_1_130' title='bbox 345 1801 657 1870; x_wconf 70' lang='lat' dir='ltr'><strong>Scripturze,</strong></span> <span class='ocrx_word' id='word_1_131' title='bbox 690 1821 807 1872; x_wconf 65' lang='lat' dir='ltr'><strong>quae</strong></span> <span class='ocrx_word' id='word_1_132' title='bbox 840 1809 912 1860; x_wconf 90' lang='lat' dir='ltr'><strong>ait</strong></span> <span class='ocrx_word' id='word_1_133' title='bbox 950 1827 963 1863; x_wconf 91' lang='lat'><strong>:</strong></span> <span class='ocrx_word' id='word_1_134' title='bbox 1004 1809 1121 1862; x_wconf 75' lang='lat' dir='ltr'><strong>Non</strong></span> <span class='ocrx_word' id='word_1_135' title='bbox 1150 1814 1351 1866; x_wconf 78' lang='lat' dir='ltr'><strong>ostendi</strong></span> <span class='ocrx_word' id='word_1_136' title='bbox 1384 1815 1479 1869; x_wconf 81' lang='lat' dir='ltr'><strong>illa</strong></span> <span class='ocrx_word' id='word_1_137' title='bbox 1512 1816 1605 1870; x_wconf 85' lang='lat' dir='ltr'><strong>tibi</strong></span> <span class='ocrx_word' id='word_1_138' title='bbox 1625 1817 1794 1888; x_wconf 73' lang='lat' dir='ltr'><strong>(2),ut</strong></span> <span class='ocrx_word' id='word_1_139' title='bbox 1820 1838 1908 1874; x_wconf 82' lang='lat' dir='ltr'><strong>eas</strong></span> 
     </span>
    </p>
   </div>
   <div class='ocr_carea' id='block_1_19' title="bbox 2015 635 3577 708">
    <p class='ocr_par' dir='ltr' id='par_1_19' title="bbox 2015 635 3577 708">
     <span class='ocr_line' id='line_1_19' title="bbox 2015 635 3577 708; baseline 0.004 -22"><span class='ocrx_word' id='word_1_140' title='bbox 2015 635 2308 692; x_wconf 85' lang='lat' dir='ltr'><strong>inelIabilis</strong></span> <span class='ocrx_word' id='word_1_141' title='bbox 2347 638 2528 691; x_wconf 87' lang='lat' dir='ltr'><strong>omnia</strong></span> <span class='ocrx_word' id='word_1_142' title='bbox 2564 639 2616 692; x_wconf 94' lang='lat' dir='ltr'><strong>in</strong></span> <span class='ocrx_word' id='word_1_143' title='bbox 2650 654 2707 692; x_wconf 92' lang='lat' dir='ltr'><strong>se</strong></span> <span class='ocrx_word' id='word_1_144' title='bbox 2743 640 2856 708; x_wconf 91' lang='lat' dir='ltr'><strong>ipse</strong></span> <span class='ocrx_word' id='word_1_145' title='bbox 2887 638 3201 706; x_wconf 72' lang='lat' dir='ltr'><strong>complcx’us</strong></span> <span class='ocrx_word' id='word_1_146' title='bbox 3232 651 3344 705; x_wconf 92' lang='lat' dir='ltr'><strong>cst,</strong></span> <span class='ocrx_word' id='word_1_147' title='bbox 3377 650 3428 696; x_wconf 93' lang='lat' dir='ltr'><strong>et</strong></span> <span class='ocrx_word' id='word_1_148' title='bbox 3457 657 3577 696; x_wconf 89' lang='lat' dir='ltr'><strong>om-</strong></span> 
     </span>
    </p>
   </div>
   <div class='ocr_carea' id='block_1_20' title="bbox 2013 725 3576 799">
    <p class='ocr_par' dir='ltr' id='par_1_20' title="bbox 2013 725 3576 799">
     <span class='ocr_line' id='line_1_20' title="bbox 2013 725 3576 799; baseline 0.007 -24"><span class='ocrx_word' id='word_1_149' title='bbox 2013 725 2099 776; x_wconf 85' lang='lat' dir='ltr'><strong>nia</strong></span> <span class='ocrx_word' id='word_1_150' title='bbox 2131 726 2184 778; x_wconf 93' lang='lat' dir='ltr'><strong>in</strong></span> <span class='ocrx_word' id='word_1_151' title='bbox 2217 741 2275 780; x_wconf 90' lang='lat' dir='ltr'><strong>se</strong></span> <span class='ocrx_word' id='word_1_152' title='bbox 2303 742 2366 780; x_wconf 89' lang='lat' dir='ltr'><strong>ex</strong></span> <span class='ocrx_word' id='word_1_153' title='bbox 2401 736 2510 781; x_wconf 92' lang='lat' dir='ltr'><strong>toto</strong></span> <span class='ocrx_word' id='word_1_154' title='bbox 2540 742 2658 782; x_wconf 87' lang='lat' dir='ltr'><strong>esse</strong></span> <span class='ocrx_word' id='word_1_155' title='bbox 2693 738 2949 797; x_wconf 90' lang='lat' dir='ltr'><strong>tanquam</strong></span> <span class='ocrx_word' id='word_1_156' title='bbox 2981 730 3033 782; x_wconf 88' lang='lat' dir='ltr'><strong>in</strong></span> <span class='ocrx_word' id='word_1_157' title='bbox 3064 732 3352 799; x_wconf 82' lang='lat' dir='ltr'><strong>exemplari</strong></span> <span class='ocrx_word' id='word_1_158' title='bbox 3379 738 3430 785; x_wconf 90' lang='lat' dir='ltr'><strong>et</strong></span> <span class='ocrx_word' id='word_1_159' title='bbox 3457 732 3576 786; x_wconf 84' lang='lat' dir='ltr'><strong>idca</strong></span> 
     </span>
    </p>
   </div>
   <div class='ocr_carea' id='block_1_21' title="bbox 2015 813 3576 885">
    <p class='ocr_par' dir='ltr' id='par_1_21' title="bbox 2015 813 3576 885">
     <span class='ocr_line' id='line_1_21' title="bbox 2015 813 3576 885; baseline 0.005 -19"><span class='ocrx_word' id='word_1_160' title='bbox 2015 813 2174 875; x_wconf 75' lang='lat' dir='ltr'><strong>fecit,</strong></span> <span class='ocrx_word' id='word_1_161' title='bbox 2212 814 2315 868; x_wconf 90' lang='lat' dir='ltr'><strong>hoc</strong></span> <span class='ocrx_word' id='word_1_162' title='bbox 2360 816 2502 869; x_wconf 91' lang='lat' dir='ltr'><strong>enim</strong></span> <span class='ocrx_word' id='word_1_163' title='bbox 2538 816 2720 870; x_wconf 90' lang='lat' dir='ltr'><strong>statim</strong></span> <span class='ocrx_word' id='word_1_164' title='bbox 2757 818 2928 885; x_wconf 81' lang='lat' dir='ltr'><strong>prima</strong></span> <span class='ocrx_word' id='word_1_165' title='bbox 2973 820 3194 872; x_wconf 90' lang='lat' dir='ltr'><strong>notione</strong></span> <span class='ocrx_word' id='word_1_166' title='bbox 3234 835 3387 874; x_wconf 91' lang='lat' dir='ltr'><strong>mens</strong></span> <span class='ocrx_word' id='word_1_167' title='bbox 3422 821 3576 884; x_wconf 69' lang='grc' dir='ltr'><strong>θοαὶ·</strong></span> 
     </span>
    </p>
   </div>
   <div class='ocr_carea' id='block_1_22' title="bbox 2012 906 3577 976">
    <p class='ocr_par' dir='ltr' id='par_1_22' title="bbox 2012 906 3577 976">
     <span class='ocr_line' id='line_1_22' title="bbox 2012 906 3577 976; baseline 0.002 -19"><span class='ocrx_word' id='word_1_168' title='bbox 2012 914 2110 966; x_wconf 88' lang='lat' dir='ltr'><strong>tat,</strong></span> <span class='ocrx_word' id='word_1_169' title='bbox 2153 920 2274 960; x_wconf 90' lang='lat' dir='ltr'><strong>esse</strong></span> <span class='ocrx_word' id='word_1_170' title='bbox 2318 906 2539 974; x_wconf 90' lang='lat' dir='ltr'><strong>inquam</strong></span> <span class='ocrx_word' id='word_1_171' title='bbox 2568 945 2583 969; x_wconf 89' lang='lat'><strong>,</strong></span> <span class='ocrx_word' id='word_1_172' title='bbox 2637 917 2822 976; x_wconf 90' lang='lat' dir='ltr'><strong>postea</strong></span> <span class='ocrx_word' id='word_1_173' title='bbox 2876 907 2998 971; x_wconf 88' lang='lat' dir='ltr'><strong>hoc,</strong></span> <span class='ocrx_word' id='word_1_174' title='bbox 3037 919 3128 962; x_wconf 88' lang='lat' dir='ltr'><strong>aut</strong></span> <span class='ocrx_word' id='word_1_175' title='bbox 3181 909 3294 970; x_wconf 91' lang='lat' dir='ltr'><strong>illo,</strong></span> <span class='ocrx_word' id='word_1_176' title='bbox 3328 917 3422 962; x_wconf 91' lang='lat' dir='ltr'><strong>aut</strong></span> <span class='ocrx_word' id='word_1_177' title='bbox 3470 911 3577 963; x_wconf 89' lang='lat' dir='ltr'><strong>alio</strong></span> 
     </span>
    </p>
   </div>
   <div class='ocr_carea' id='block_1_23' title="bbox 2015 996 3579 1069">
    <p class='ocr_par' dir='ltr' id='par_1_23' title="bbox 2015 996 3579 1069">
     <span class='ocr_line' id='line_1_23' title="bbox 2015 996 3579 1069; baseline 0.006 -23"><span class='ocrx_word' id='word_1_178' title='bbox 2015 996 2176 1050; x_wconf 74' lang='lat' dir='ltr'><strong>u:odo</strong></span> <span class='ocrx_word' id='word_1_179' title='bbox 2202 1012 2320 1051; x_wconf 90' lang='lat' dir='ltr'><strong>esse</strong></span> <span class='ocrx_word' id='word_1_180' title='bbox 2350 999 2774 1068; x_wconf 88' lang='lat' dir='ltr'><strong>contemplatur.</strong></span> <span class='ocrx_word' id='word_1_181' title='bbox 2807 998 2936 1054; x_wconf 87' lang='lat' dir='ltr'><strong>Esse</strong></span> <span class='ocrx_word' id='word_1_182' title='bbox 2971 1001 3131 1068; x_wconf 77' lang='lat' dir='ltr'><strong>igitur</strong></span> <span class='ocrx_word' id='word_1_183' title='bbox 3160 1001 3500 1069; x_wconf 91' lang='lat' dir='ltr'><strong>simpliciter,</strong></span> <span class='ocrx_word' id='word_1_184' title='bbox 3527 1015 3579 1055; x_wconf 86' lang='lat' dir='ltr'><strong>ct</strong></span> 
     </span>
    </p>
   </div>
   <div class='ocr_carea' id='block_1_24' title="bbox 2013 1088 3577 1160">
    <p class='ocr_par' dir='ltr' id='par_1_24' title="bbox 2013 1088 3577 1160">
     <span class='ocr_line' id='line_1_24' title="bbox 2013 1088 3577 1160; baseline 0.004 -20"><span class='ocrx_word' id='word_1_185' title='bbox 2013 1104 2116 1140; x_wconf 84' lang='lat' dir='ltr'><strong>non</strong></span> <span class='ocrx_word' id='word_1_186' title='bbox 2146 1088 2326 1156; x_wconf 89' lang='lat' dir='ltr'><strong>aliquo</strong></span> <span class='ocrx_word' id='word_1_187' title='bbox 2357 1089 2519 1142; x_wconf 90' lang='lat' dir='ltr'><strong>modo</strong></span> <span class='ocrx_word' id='word_1_188' title='bbox 2545 1104 2682 1153; x_wconf 90' lang='lat' dir='ltr'><strong>esse,</strong></span> <span class='ocrx_word' id='word_1_189' title='bbox 2717 1089 3010 1144; x_wconf 81' lang='lat' dir='ltr'><strong>declaravit</strong></span> <span class='ocrx_word' id='word_1_190' title='bbox 3037 1105 3156 1144; x_wconf 92' lang='lat' dir='ltr'><strong>cum</strong></span> <span class='ocrx_word' id='word_1_191' title='bbox 3188 1092 3348 1157; x_wconf 92' lang='lat' dir='ltr'><strong>dixit,</strong></span> <span class='ocrx_word' id='word_1_192' title='bbox 3388 1108 3484 1160; x_wconf 91' lang='lat' dir='ltr'><strong>per</strong></span> <span class='ocrx_word' id='word_1_193' title='bbox 3519 1108 3577 1146; x_wconf 87' lang='lat' dir='ltr'><strong>se</strong></span> 
     </span>
    </p>
   </div>
   <div class='ocr_carea' id='block_1_25' title="bbox 2011 1181 3583 1252">
    <p class='ocr_par' dir='ltr' id='par_1_25' title="bbox 2011 1181 3583 1252">
     <span class='ocr_line' id='line_1_25' title="bbox 2011 1181 3583 1252; baseline 0.002 -19"><span class='ocrx_word' id='word_1_194' title='bbox 2011 1195 2151 1244; x_wconf 87' lang='lat' dir='ltr'><strong>esse,</strong></span> <span class='ocrx_word' id='word_1_195' title='bbox 2186 1181 2328 1234; x_wconf 92' lang='lat' dir='ltr'><strong>sicut</strong></span> <span class='ocrx_word' id='word_1_196' title='bbox 2371 1181 2625 1249; x_wconf 75' lang='lat' dir='ltr'><strong>deinceps</strong></span> <span class='ocrx_word' id='word_1_197' title='bbox 2660 1181 2798 1235; x_wconf 82' lang='lat' dir='ltr'><strong>dixit</strong></span> <span class='ocrx_word' id='word_1_198' title='bbox 2849 1198 2944 1251; x_wconf 90' lang='lat' dir='ltr'><strong>per</strong></span> <span class='ocrx_word' id='word_1_199' title='bbox 2982 1198 3039 1238; x_wconf 91' lang='lat' dir='ltr'><strong>se</strong></span> <span class='ocrx_word' id='word_1_200' title='bbox 3075 1183 3264 1246; x_wconf 86' lang='lat' dir='ltr'><strong>vitam,</strong></span> <span class='ocrx_word' id='word_1_201' title='bbox 3299 1199 3394 1252; x_wconf 88' lang='lat' dir='ltr'><strong>per</strong></span> <span class='ocrx_word' id='word_1_202' title='bbox 3419 1199 3477 1239; x_wconf 89' lang='lat' dir='ltr'><strong>se</strong></span> <span class='ocrx_word' id='word_1_203' title='bbox 3509 1186 3583 1239; x_wconf 84' lang='lat' dir='ltr'><strong>si-</strong></span> 
     </span>
    </p>
   </div>
   <div class='ocr_carea' id='block_1_26' title="bbox 2014 1273 3580 1344">
    <p class='ocr_par' dir='ltr' id='par_1_26' title="bbox 2014 1273 3580 1344">
     <span class='ocr_line' id='line_1_26' title="bbox 2014 1273 3580 1344; baseline 0.004 -20"><span class='ocrx_word' id='word_1_204' title='bbox 2014 1273 2373 1327; x_wconf 89' lang='lat' dir='ltr'><strong>militudinem</strong></span> <span class='ocrx_word' id='word_1_205' title='bbox 2399 1313 2412 1333; x_wconf 94' lang='lat'><strong>,</strong></span> <span class='ocrx_word' id='word_1_206' title='bbox 2459 1283 2508 1328; x_wconf 90' lang='lat' dir='ltr'><strong>et</strong></span> <span class='ocrx_word' id='word_1_207' title='bbox 2564 1274 2664 1326; x_wconf 74' lang='lat' dir='ltr'><strong>alia</strong></span> <span class='ocrx_word' id='word_1_208' title='bbox 2696 1274 2984 1342; x_wconf 87' lang='lat' dir='ltr'><strong>ejusmodi,</strong></span> <span class='ocrx_word' id='word_1_209' title='bbox 3019 1289 3142 1330; x_wconf 89' lang='lat' dir='ltr'><strong>esse</strong></span> <span class='ocrx_word' id='word_1_210' title='bbox 3171 1274 3314 1328; x_wconf 91' lang='lat' dir='ltr'><strong>enim</strong></span> <span class='ocrx_word' id='word_1_211' title='bbox 3349 1288 3580 1344; x_wconf 88' lang='lat' dir='ltr'><strong>prorsus</strong></span> 
     </span>
    </p>
   </div>
   <div class='ocr_carea' id='block_1_27' title="bbox 2014 1363 3581 1436">
    <p class='ocr_par' dir='ltr' id='par_1_27' title="bbox 2014 1363 3581 1436">
     <span class='ocr_line' id='line_1_27' title="bbox 2014 1363 3581 1436; baseline 0.004 -22"><span class='ocrx_word' id='word_1_212' title='bbox 2014 1364 2178 1418; x_wconf 89' lang='lat' dir='ltr'><strong>vitam</strong></span> <span class='ocrx_word' id='word_1_213' title='bbox 2212 1364 2308 1432; x_wconf 80' lang='grc'><strong>(5),</strong></span> <span class='ocrx_word' id='word_1_214' title='bbox 2343 1376 2393 1417; x_wconf 90' lang='lat' dir='ltr'><strong>et</strong></span> <span class='ocrx_word' id='word_1_215' title='bbox 2438 1363 2764 1432; x_wconf 88' lang='lat' dir='ltr'><strong>simpliciter</strong></span> <span class='ocrx_word' id='word_1_216' title='bbox 2796 1369 2975 1419; x_wconf 82' lang='lat' dir='ltr'><strong>vivere</strong></span> <span class='ocrx_word' id='word_1_217' title='bbox 3001 1381 3106 1419; x_wconf 89' lang='lat' dir='ltr'><strong>non</strong></span> <span class='ocrx_word' id='word_1_218' title='bbox 3141 1365 3410 1436; x_wconf 82' lang='lat' dir='ltr'><strong>signiﬁcat</strong></span> <span class='ocrx_word' id='word_1_219' title='bbox 3440 1368 3581 1420; x_wconf 81' lang='lat' dir='ltr'><strong>lianc</strong></span> 
     </span>
    </p>
   </div>
   <div class='ocr_carea' id='block_1_28' title="bbox 2014 1455 3578 1526">
    <p class='ocr_par' dir='ltr' id='par_1_28' title="bbox 2014 1455 3578 1526">
     <span class='ocr_line' id='line_1_28' title="bbox 2014 1455 3578 1526; baseline -0.001 -16"><span class='ocrx_word' id='word_1_220' title='bbox 2014 1456 2173 1510; x_wconf 87' lang='lat' dir='ltr'><strong>talem</strong></span> <span class='ocrx_word' id='word_1_221' title='bbox 2208 1457 2414 1519; x_wconf 91' lang='lat' dir='ltr'><strong>vitam;</strong></span> <span class='ocrx_word' id='word_1_222' title='bbox 2468 1467 2520 1510; x_wconf 87' lang='lat' dir='ltr'><strong>ct</strong></span> <span class='ocrx_word' id='word_1_223' title='bbox 2573 1455 2823 1511; x_wconf 83' lang='lat' dir='ltr'><strong>similiter</strong></span> <span class='ocrx_word' id='word_1_224' title='bbox 2857 1457 2908 1508; x_wconf 93' lang='lat' dir='ltr'><strong>in</strong></span> <span class='ocrx_word' id='word_1_225' title='bbox 2960 1456 3125 1510; x_wconf 89' lang='lat' dir='ltr'><strong>aliis:</strong></span> <span class='ocrx_word' id='word_1_226' title='bbox 3165 1457 3305 1512; x_wconf 90' lang='lat' dir='ltr'><strong>sicut</strong></span> <span class='ocrx_word' id='word_1_227' title='bbox 3351 1459 3578 1526; x_wconf 83' lang='lat' dir='ltr'><strong>exempli</strong></span> 
     </span>
    </p>
   </div>
   <div class='ocr_carea' id='block_1_29' title="bbox 2013 1548 3583 1619">
    <p class='ocr_par' dir='ltr' id='par_1_29' title="bbox 2013 1548 3583 1619">
     <span class='ocr_line' id='line_1_29' title="bbox 2013 1548 3583 1619; baseline 0.003 -19"><span class='ocrx_word' id='word_1_228' title='bbox 2013 1550 2183 1618; x_wconf 85' lang='lat' dir='ltr'><strong>gratia</strong></span> <span class='ocrx_word' id='word_1_229' title='bbox 2226 1548 2302 1617; x_wconf 87' lang='grc'><strong>(4)</strong></span> <span class='ocrx_word' id='word_1_230' title='bbox 2337 1549 2389 1601; x_wconf 87' lang='grc' dir='ltr'>ἰιι</span> <span class='ocrx_word' id='word_1_231' title='bbox 2424 1549 2801 1619; x_wconf 85' lang='lat' dir='ltr'><strong>qualitatibus,</strong></span> <span class='ocrx_word' id='word_1_232' title='bbox 2843 1549 2992 1616; x_wconf 90' lang='lat' dir='ltr'><strong>prius</strong></span> <span class='ocrx_word' id='word_1_233' title='bbox 3045 1564 3140 1618; x_wconf 92' lang='lat' dir='ltr'><strong>per</strong></span> <span class='ocrx_word' id='word_1_234' title='bbox 3189 1565 3247 1603; x_wconf 89' lang='lat' dir='ltr'><strong>se</strong></span> <span class='ocrx_word' id='word_1_235' title='bbox 3295 1549 3583 1617; x_wconf 84' lang='lat' dir='ltr'><strong>qualitates</strong></span> 
     </span>
    </p>
   </div>
   <div class='ocr_carea' id='block_1_30' title="bbox 2016 1638 3586 1708">
    <p class='ocr_par' dir='ltr' id='par_1_30' title="bbox 2016 1638 3586 1708">
     <span class='ocr_line' id='line_1_30' title="bbox 2016 1638 3586 1708; baseline -0.001 -15"><span class='ocrx_word' id='word_1_236' title='bbox 2016 1640 2222 1703; x_wconf 91' lang='lat' dir='ltr'><strong>insunt,</strong></span> <span class='ocrx_word' id='word_1_237' title='bbox 2252 1650 2437 1708; x_wconf 89' lang='lat' dir='ltr'><strong>postea</strong></span> <span class='ocrx_word' id='word_1_238' title='bbox 2471 1639 2779 1695; x_wconf 87' lang='lat' dir='ltr'><strong>accidentes</strong></span> <span class='ocrx_word' id='word_1_239' title='bbox 2811 1648 3106 1708; x_wconf 88' lang='lat' dir='ltr'><strong>operantur</strong></span> <span class='ocrx_word' id='word_1_240' title='bbox 3128 1676 3145 1702; x_wconf 87' lang='lat'><strong>,</strong></span> <span class='ocrx_word' id='word_1_241' title='bbox 3194 1638 3260 1692; x_wconf 91' lang='lat' dir='ltr'><strong>ad</strong></span> <span class='ocrx_word' id='word_1_242' title='bbox 3294 1639 3438 1692; x_wconf 89' lang='lat' dir='ltr'><strong>hunc</strong></span> <span class='ocrx_word' id='word_1_243' title='bbox 3468 1655 3586 1692; x_wconf 91' lang='lat' dir='ltr'><strong>mo-</strong></span> 
     </span>
    </p>
   </div>
   <div class='ocr_carea' id='block_1_31' title="bbox 2013 1729 3580 1800">
    <p class='ocr_par' dir='ltr' id='par_1_31' title="bbox 2013 1729 3580 1800">
     <span class='ocr_line' id='line_1_31' title="bbox 2013 1729 3580 1800; baseline -0.001 -16"><span class='ocrx_word' id='word_1_244' title='bbox 2013 1730 2140 1784; x_wconf 93' lang='lat' dir='ltr'><strong>dum</strong></span> <span class='ocrx_word' id='word_1_245' title='bbox 2174 1730 2523 1800; x_wconf 89' lang='lat' dir='ltr'><strong>proportione</strong></span> <span class='ocrx_word' id='word_1_246' title='bbox 2549 1731 2602 1784; x_wconf 89' lang='lat' dir='ltr'><strong>in</strong></span> <span class='ocrx_word' id='word_1_247' title='bbox 2635 1731 2703 1785; x_wconf 89' lang='lat' dir='ltr'><strong>iis</strong></span> <span class='ocrx_word' id='word_1_248' title='bbox 2734 1745 2854 1800; x_wconf 63' lang='lat' dir='ltr'><strong>qua!</strong></span> <span class='ocrx_word' id='word_1_249' title='bbox 2879 1731 3138 1793; x_wconf 80' lang='lat' dir='ltr'><strong>diximus,</strong></span> <span class='ocrx_word' id='word_1_250' title='bbox 3171 1729 3580 1799; x_wconf 89' lang='lat' dir='ltr'><strong>intelligendum</strong></span> 
     </span>
    </p>
   </div>
   <div class='ocr_carea' id='block_1_32' title="bbox 2014 1818 3581 1890">
    <p class='ocr_par' dir='ltr' id='par_1_32' title="bbox 2014 1818 3581 1890">
     <span class='ocr_line' id='line_1_32' title="bbox 2014 1818 3581 1890; baseline -0.002 -16"><span class='ocrx_word' id='word_1_251' title='bbox 2014 1831 2115 1876; x_wconf 87' lang='lat' dir='ltr'><strong>est.</strong></span> <span class='ocrx_word' id='word_1_252' title='bbox 2141 1822 2273 1876; x_wconf 84' lang='lat' dir='ltr'><strong>Item</strong></span> <span class='ocrx_word' id='word_1_253' title='bbox 2305 1821 2436 1875; x_wconf 92' lang='lat' dir='ltr'><strong>dicit</strong></span> <span class='ocrx_word' id='word_1_254' title='bbox 2459 1821 2512 1874; x_wconf 93' lang='lat' dir='ltr'><strong>in</strong></span> <span class='ocrx_word' id='word_1_255' title='bbox 2545 1820 2724 1890; x_wconf 88' lang='lat' dir='ltr'><strong>primo</strong></span> <span class='ocrx_word' id='word_1_256' title='bbox 2750 1835 2875 1890; x_wconf 89' lang='lat' dir='ltr'><strong>cap.</strong></span> <span class='ocrx_word' id='word_1_257' title='bbox 2907 1819 3048 1874; x_wconf 91' lang='lat' dir='ltr'><strong>idem</strong></span> <span class='ocrx_word' id='word_1_258' title='bbox 3076 1819 3342 1874; x_wconf 83' lang='lat' dir='ltr'><strong>Maximus</strong></span> <span class='ocrx_word' id='word_1_259' title='bbox 3374 1835 3388 1873; x_wconf 92' lang='lat'><strong>:</strong></span> <span class='ocrx_word' id='word_1_260' title='bbox 3416 1818 3581 1874; x_wconf 84' lang='lat' dir='ltr'><strong>Crea-</strong></span> 
     </span>
    </p>
   </div>
   <div class='ocr_carea' id='block_1_33' title="bbox 344 1885 3584 1988">
    <p class='ocr_par' dir='ltr' id='par_1_33' title="bbox 344 1885 3584 1988">
     <span class='ocr_line' id='line_1_33' title="bbox 344 1885 3584 1988; baseline 0.006 -43"><span class='ocrx_word' id='word_1_261' title='bbox 344 1904 456 1988; x_wconf 79' lang='lat' dir='ltr'><strong>post</strong></span> <span class='ocrx_word' id='word_1_262' title='bbox 498 1896 587 1948; x_wconf 84' lang='lat' dir='ltr'><strong>illa</strong></span> <span class='ocrx_word' id='word_1_263' title='bbox 620 1897 700 1964; x_wconf 78' lang='lat'><strong>&quot;;</strong></span> <span class='ocrx_word' id='word_1_264' title='bbox 759 1899 850 1952; x_wconf 86' lang='lat' dir='ltr'><strong>sed</strong></span> <span class='ocrx_word' id='word_1_265' title='bbox 894 1908 952 1952; x_wconf 92' lang='lat' dir='ltr'><strong>ut</strong></span> <span class='ocrx_word' id='word_1_266' title='bbox 999 1916 1093 1969; x_wconf 90' lang='lat' dir='ltr'><strong>per</strong></span> <span class='ocrx_word' id='word_1_267' title='bbox 1130 1906 1534 1973; x_wconf 90' lang='lat' dir='ltr'><strong>proportionem</strong></span> <span class='ocrx_word' id='word_1_268' title='bbox 1581 1885 1910 1988; x_wconf 81' lang='lat' dir='ltr'><strong>cognitionis</strong></span> <span class='ocrx_word' id='word_1_269' title='bbox 1943 1885 1980 1938; x_wconf 70' lang='grc' dir='ltr'><strong><em>Β</em></strong></span> <span class='ocrx_word' id='word_1_270' title='bbox 2013 1916 2213 1967; x_wconf 86' lang='lat' dir='ltr'><strong>tionem</strong></span> <span class='ocrx_word' id='word_1_271' title='bbox 2257 1913 2398 1977; x_wconf 76' lang='lat' dir='ltr'><strong>vitae,</strong></span> <span class='ocrx_word' id='word_1_272' title='bbox 2432 1921 2486 1967; x_wconf 90' lang='lat' dir='ltr'><strong>et</strong></span> <span class='ocrx_word' id='word_1_273' title='bbox 2523 1885 2852 1966; x_wconf 74' lang='lat' dir='ltr'><strong>creationem</strong></span> <span class='ocrx_word' id='word_1_274' title='bbox 2887 1912 3240 1975; x_wconf 61' lang='lat' dir='ltr'><strong>substantiae,</strong></span> <span class='ocrx_word' id='word_1_275' title='bbox 3280 1911 3330 1964; x_wconf 89' lang='lat' dir='ltr'><strong>id</strong></span> <span class='ocrx_word' id='word_1_276' title='bbox 3359 1921 3463 1972; x_wconf 89' lang='lat' dir='ltr'><strong>est,</strong></span> <span class='ocrx_word' id='word_1_277' title='bbox 3498 1927 3584 1966; x_wconf 86' lang='lat' dir='ltr'><strong>res</strong></span> 
     </span>
    </p>
   </div>
   <div class='ocr_carea' id='block_1_34' title="bbox 345 1985 1907 2070">
    <p class='ocr_par' dir='ltr' id='par_1_34' title="bbox 345 1985 1907 2070">
     <span class='ocr_line' id='line_1_34' title="bbox 345 1985 1907 2070; baseline 0.013 -34"><span class='ocrx_word' id='word_1_278' title='bbox 345 1985 534 2038; x_wconf 88' lang='lat' dir='ltr'><strong>borum</strong></span> <span class='ocrx_word' id='word_1_279' title='bbox 572 1988 636 2041; x_wconf 91' lang='lat' dir='ltr'><strong>ad</strong></span> <span class='ocrx_word' id='word_1_280' title='bbox 668 1994 1102 2057; x_wconf 79' lang='lat' dir='ltr'><strong>cognoscendam</strong></span> <span class='ocrx_word' id='word_1_281' title='bbox 1147 1997 1392 2051; x_wconf 93' lang='lat' dir='ltr'><strong>omnium</strong></span> <span class='ocrx_word' id='word_1_282' title='bbox 1438 1985 1907 2070; x_wconf 27' lang='lat' dir='ltr'><strong>causampqnoad</strong></span> 
     </span>
    </p>
   </div>
   <div class='ocr_carea' id='block_1_35' title="bbox 346 2083 1909 2160">
    <p class='ocr_par' dir='ltr' id='par_1_35' title="bbox 346 2083 1909 2160">
     <span class='ocr_line' id='line_1_35' title="bbox 346 2083 1909 2160; baseline 0.015 -33"><span class='ocrx_word' id='word_1_283' title='bbox 346 2095 654 2144; x_wconf 83' lang='lat' dir='ltr'><strong>possumus,</strong></span> <span class='ocrx_word' id='word_1_284' title='bbox 685 2083 1040 2140; x_wconf 89' lang='lat' dir='ltr'><strong>adducamur.</strong></span> <span class='ocrx_word' id='word_1_285' title='bbox 1070 2086 1194 2142; x_wconf 67' lang='lat' dir='ltr'><strong>llaec</strong></span> <span class='ocrx_word' id='word_1_286' title='bbox 1217 2089 1488 2146; x_wconf 85' lang='lat' dir='ltr'><strong>adnotans</strong></span> <span class='ocrx_word' id='word_1_287' title='bbox 1521 2091 1581 2147; x_wconf 91' lang='lat' dir='ltr'><strong>S.</strong></span> <span class='ocrx_word' id='word_1_288' title='bbox 1619 2093 1909 2160; x_wconf 79' lang='lat' dir='ltr'><strong>Maximus,</strong></span> 
     </span>
    </p>
   </div>
   <div class='ocr_carea' id='block_1_36' title="bbox 347 2171 1907 2248">
    <p class='ocr_par' dir='ltr' id='par_1_36' title="bbox 347 2171 1907 2248">
     <span class='ocr_line' id='line_1_36' title="bbox 347 2171 1907 2248; baseline 0.012 -24"><span class='ocrx_word' id='word_1_289' title='bbox 347 2171 458 2225; x_wconf 84' lang='lat' dir='ltr'><strong>Hoc</strong></span> <span class='ocrx_word' id='word_1_290' title='bbox 495 2188 710 2234; x_wconf 83' lang='lat' dir='ltr'><strong>nomen,</strong></span> <span class='ocrx_word' id='word_1_291' title='bbox 740 2175 936 2244; x_wconf 90' lang='lat' dir='ltr'><strong>inquit,</strong></span> <span class='ocrx_word' id='word_1_292' title='bbox 969 2179 1226 2248; x_wconf 89' lang='lat' dir='ltr'><strong>imposuit</strong></span> <span class='ocrx_word' id='word_1_293' title='bbox 1252 2181 1353 2234; x_wconf 91' lang='lat' dir='ltr'><strong>sibi</strong></span> <span class='ocrx_word' id='word_1_294' title='bbox 1379 2183 1539 2247; x_wconf 87' lang='lat' dir='ltr'><strong>Deus,</strong></span> <span class='ocrx_word' id='word_1_295' title='bbox 1575 2199 1696 2238; x_wconf 88' lang='lat' dir='ltr'><strong>cum</strong></span> <span class='ocrx_word' id='word_1_296' title='bbox 1724 2186 1858 2240; x_wconf 60' lang='lat' dir='ltr'><strong>dixit</strong></span> <span class='ocrx_word' id='word_1_297' title='bbox 1893 2206 1907 2242; x_wconf 89' lang='lat'><strong>:</strong></span> 
     </span>
    </p>
   </div>
   <div class='ocr_carea' id='block_1_37' title="bbox 347 2260 1908 2339">
    <p class='ocr_par' dir='ltr' id='par_1_37' title="bbox 347 2260 1908 2339">
     <span class='ocr_line' id='line_1_37' title="bbox 347 2260 1908 2339; baseline 0.013 -26"><span class='ocrx_word' id='word_1_298' title='bbox 347 2260 458 2330; x_wconf 79' lang='lat' dir='ltr'><strong>Ego</strong></span> <span class='ocrx_word' id='word_1_299' title='bbox 488 2282 624 2319; x_wconf 69' lang='lat' dir='ltr'><strong>sui».</strong></span> <span class='ocrx_word' id='word_1_300' title='bbox 656 2269 745 2334; x_wconf 81' lang='lat' dir='ltr'><strong>qui</strong></span> <span class='ocrx_word' id='word_1_301' title='bbox 779 2285 893 2321; x_wconf 78' lang='lat' dir='ltr'><strong>sum</strong></span> <span class='ocrx_word' id='word_1_302' title='bbox 937 2271 1026 2334; x_wconf 76' lang='lat'><strong>&quot;&#39;,</strong></span> <span class='ocrx_word' id='word_1_303' title='bbox 1053 2287 1080 2324; x_wconf 91' lang='lat' dir='ltr'><strong>a</strong></span> <span class='ocrx_word' id='word_1_304' title='bbox 1115 2288 1221 2339; x_wconf 90' lang='lat' dir='ltr'><strong>quo</strong></span> <span class='ocrx_word' id='word_1_305' title='bbox 1262 2285 1629 2329; x_wconf 75' lang='lat' dir='ltr'><strong>consentanea</strong></span> <span class='ocrx_word' id='word_1_306' title='bbox 1656 2278 1908 2332; x_wconf 86' lang='lat' dir='ltr'><strong>laudatur</strong></span> 
     </span>
    </p>
   </div>
   <div class='ocr_carea' id='block_1_38' title="bbox 344 2358 1904 2434">
    <p class='ocr_par' dir='ltr' id='par_1_38' title="bbox 344 2358 1904 2434">
     <span class='ocr_line' id='line_1_38' title="bbox 344 2358 1904 2434; baseline 0.012 -27"><span class='ocrx_word' id='word_1_307' title='bbox 344 2364 468 2407; x_wconf 87' lang='lat' dir='ltr'><strong>ante</strong></span> <span class='ocrx_word' id='word_1_308' title='bbox 507 2358 606 2410; x_wconf 85' lang='lat' dir='ltr'><strong>alia</strong></span> <span class='ocrx_word' id='word_1_309' title='bbox 637 2374 756 2426; x_wconf 71' lang='lat' dir='ltr'><strong>quae</strong></span> <span class='ocrx_word' id='word_1_310' title='bbox 790 2361 854 2414; x_wconf 89' lang='lat' dir='ltr'><strong>de</strong></span> <span class='ocrx_word' id='word_1_311' title='bbox 885 2362 1001 2429; x_wconf 87' lang='lat' dir='ltr'><strong>ipso</strong></span> <span class='ocrx_word' id='word_1_312' title='bbox 1032 2364 1310 2430; x_wconf 91' lang='lat' dir='ltr'><strong>dicuntur,</strong></span> <span class='ocrx_word' id='word_1_313' title='bbox 1339 2369 1520 2434; x_wconf 88' lang='lat' dir='ltr'><strong>qualia</strong></span> <span class='ocrx_word' id='word_1_314' title='bbox 1553 2380 1676 2423; x_wconf 88' lang='lat' dir='ltr'><strong>sunt</strong></span> <span class='ocrx_word' id='word_1_315' title='bbox 1707 2386 1904 2424; x_wconf 91' lang='lat' dir='ltr'><strong>nomen</strong></span> 
     </span>
    </p>
   </div>
   <div class='ocr_carea' id='block_1_39' title="bbox 344 2449 1908 2531">
    <p class='ocr_par' dir='ltr' id='par_1_39' title="bbox 344 2449 1908 2531">
     <span class='ocr_line' id='line_1_39' title="bbox 344 2449 1908 2531; baseline 0.013 -34"><span class='ocrx_word' id='word_1_316' title='bbox 344 2449 484 2510; x_wconf 82' lang='lat' dir='ltr'><strong>vit:e,</strong></span> <span class='ocrx_word' id='word_1_317' title='bbox 513 2449 809 2518; x_wconf 61' lang='lat' dir='ltr'><strong>sapientiae,</strong></span> <span class='ocrx_word' id='word_1_318' title='bbox 835 2462 886 2507; x_wconf 91' lang='lat' dir='ltr'><strong>et</strong></span> <span class='ocrx_word' id='word_1_319' title='bbox 915 2456 1021 2508; x_wconf 90' lang='lat' dir='ltr'><strong>alia</strong></span> <span class='ocrx_word' id='word_1_320' title='bbox 1050 2456 1340 2523; x_wconf 87' lang='lat' dir='ltr'><strong>ejusmodi,</strong></span> <span class='ocrx_word' id='word_1_321' title='bbox 1365 2459 1494 2513; x_wconf 89' lang='lat' dir='ltr'><strong>illud</strong></span> <span class='ocrx_word' id='word_1_322' title='bbox 1527 2472 1732 2527; x_wconf 90' lang='lat' dir='ltr'><strong>autem,</strong></span> <span class='ocrx_word' id='word_1_323' title='bbox 1754 2463 1908 2531; x_wconf 89' lang='lat' dir='ltr'><strong>prius</strong></span> 
     </span>
    </p>
   </div>
   <div class='ocr_carea' id='block_1_40' title="bbox 344 2545 1906 2613">
    <p class='ocr_par' dir='ltr' id='par_1_40' title="bbox 344 2545 1906 2613">
     <span class='ocr_line' id='line_1_40' title="bbox 344 2545 1906 2613; baseline 0.01 -23"><span class='ocrx_word' id='word_1_324' title='bbox 344 2553 484 2603; x_wconf 81' lang='lat' dir='ltr'><strong>esse,</strong></span> <span class='ocrx_word' id='word_1_325' title='bbox 515 2549 568 2592; x_wconf 86' lang='lat' dir='ltr'><strong>et</strong></span> <span class='ocrx_word' id='word_1_326' title='bbox 606 2557 766 2610; x_wconf 87' lang='lat' dir='ltr'><strong>supra</strong></span> <span class='ocrx_word' id='word_1_327' title='bbox 803 2560 925 2599; x_wconf 84' lang='lat' dir='ltr'><strong>esse</strong></span> <span class='ocrx_word' id='word_1_328' title='bbox 955 2545 1252 2601; x_wconf 87' lang='lat' dir='ltr'><strong>declaravit</strong></span> <span class='ocrx_word' id='word_1_329' title='bbox 1304 2565 1424 2604; x_wconf 88' lang='lat' dir='ltr'><strong>esse</strong></span> <span class='ocrx_word' id='word_1_330' title='bbox 1457 2550 1622 2604; x_wconf 84' lang='lat' dir='ltr'><strong>Deum</strong></span> <span class='ocrx_word' id='word_1_331' title='bbox 1651 2595 1663 2613; x_wconf 88' lang='lat'><strong>,</strong></span> <span class='ocrx_word' id='word_1_332' title='bbox 1715 2567 1906 2605; x_wconf 81' lang='lat' dir='ltr'><strong>carere</strong></span> 
     </span>
    </p>
   </div>
   <div class='ocr_carea' id='block_1_41' title="bbox 345 2629 1908 2708">
    <p class='ocr_par' dir='ltr' id='par_1_41' title="bbox 345 2629 1908 2708">
     <span class='ocr_line' id='line_1_41' title="bbox 345 2629 1908 2708; baseline 0.008 -28"><span class='ocrx_word' id='word_1_333' title='bbox 345 2629 607 2698; x_wconf 86' lang='lat' dir='ltr'><strong>principio</strong></span> <span class='ocrx_word' id='word_1_334' title='bbox 630 2669 647 2696; x_wconf 91' lang='lat'><strong>,</strong></span> <span class='ocrx_word' id='word_1_335' title='bbox 679 2643 732 2685; x_wconf 88' lang='lat' dir='ltr'><strong>et</strong></span> <span class='ocrx_word' id='word_1_336' title='bbox 758 2636 919 2688; x_wconf 91' lang='lat' dir='ltr'><strong>Deum</strong></span> <span class='ocrx_word' id='word_1_337' title='bbox 948 2639 1161 2705; x_wconf 82' lang='lat' dir='ltr'><strong>penitus</strong></span> <span class='ocrx_word' id='word_1_338' title='bbox 1185 2641 1573 2708; x_wconf 84' lang='lat' dir='ltr'><strong>comprehendi</strong></span> <span class='ocrx_word' id='word_1_339' title='bbox 1606 2642 1908 2708; x_wconf 76' lang='lat' dir='ltr'><strong>intelligen-</strong></span> 
     </span>
    </p>
   </div>
   <div class='ocr_carea' id='block_1_42' title="bbox 418 2767 1491 2840">
    <p class='ocr_par' dir='ltr' id='par_1_42' title="bbox 418 2767 1491 2840">
     <span class='ocr_line' id='line_1_42' title="bbox 418 2767 1491 2840; baseline 0.008 -21"><span class='ocrx_word' id='word_1_340' title='bbox 418 2768 462 2800; x_wconf 73' lang='grc'>⁸³</span> <span class='ocrx_word' id='word_1_341' title='bbox 491 2767 658 2824; x_wconf 91' lang='lat' dir='ltr'><strong>Exod.</strong></span> <span class='ocrx_word' id='word_1_342' title='bbox 685 2786 808 2834; x_wconf 92' lang='lat' dir='ltr'><strong>xxv,</strong></span> <span class='ocrx_word' id='word_1_343' title='bbox 834 2773 924 2825; x_wconf 89' lang='grc'><strong>40.</strong></span> <span class='ocrx_word' id='word_1_344' title='bbox 999 2774 1065 2805; x_wconf 74' lang='grc'><strong>⁸³*</strong></span> <span class='ocrx_word' id='word_1_345' title='bbox 1087 2774 1252 2827; x_wconf 86' lang='lat' dir='ltr'><strong>Exod.</strong></span> <span class='ocrx_word' id='word_1_346' title='bbox 1289 2791 1368 2840; x_wconf 88' lang='grc' dir='ltr'>ιιι,</span> <span class='ocrx_word' id='word_1_347' title='bbox 1406 2777 1491 2828; x_wconf 81' lang='lat' dir='ltr'><strong>ll.</strong></span> 
     </span>
    </p>
   </div>
   <div class='ocr_carea' id='block_1_43' title="bbox 2016 2001 3582 2074">
    <p class='ocr_par' dir='ltr' id='par_1_43' title="bbox 2016 2001 3582 2074">
     <span class='ocr_line' id='line_1_43' title="bbox 2016 2001 3582 2074; baseline -0.002 -17"><span class='ocrx_word' id='word_1_348' title='bbox 2016 2006 2157 2074; x_wconf 89' lang='lat' dir='ltr'><strong>ipsas</strong></span> <span class='ocrx_word' id='word_1_349' title='bbox 2189 2003 2316 2058; x_wconf 80' lang='lat' dir='ltr'><strong>fecit</strong></span> <span class='ocrx_word' id='word_1_350' title='bbox 2341 2003 2483 2058; x_wconf 90' lang='lat' dir='ltr'><strong>Deus</strong></span> <span class='ocrx_word' id='word_1_351' title='bbox 2515 2003 2798 2058; x_wconf 85' lang='lat' dir='ltr'><strong>exsistere.</strong></span> <span class='ocrx_word' id='word_1_352' title='bbox 2831 2001 3073 2056; x_wconf 85' lang='lat' dir='ltr'><strong>Primum</strong></span> <span class='ocrx_word' id='word_1_353' title='bbox 3113 2002 3276 2072; x_wconf 79' lang='lat' dir='ltr'><strong>igitur</strong></span> <span class='ocrx_word' id='word_1_354' title='bbox 3306 2004 3582 2056; x_wconf 85' lang='lat' dir='ltr'><strong>notionem</strong></span> 
     </span>
    </p>
   </div>
   <div class='ocr_carea' id='block_1_44' title="bbox 2013 2094 3576 2167">
    <p class='ocr_par' dir='ltr' id='par_1_44' title="bbox 2013 2094 3576 2167">
     <span class='ocr_line' id='line_1_44' title="bbox 2013 2094 3576 2167; baseline -0.003 -17"><span class='ocrx_word' id='word_1_355' title='bbox 2013 2098 2086 2151; x_wconf 89' lang='lat' dir='ltr'><strong>rei</strong></span> <span class='ocrx_word' id='word_1_356' title='bbox 2131 2097 2299 2167; x_wconf 88' lang='lat' dir='ltr'><strong>ipsius</strong></span> <span class='ocrx_word' id='word_1_357' title='bbox 2334 2097 2501 2151; x_wconf 91' lang='lat' dir='ltr'><strong>menti</strong></span> <span class='ocrx_word' id='word_1_358' title='bbox 2553 2095 2919 2149; x_wconf 74' lang='lat' dir='ltr'><strong>informamus</strong></span> <span class='ocrx_word' id='word_1_359' title='bbox 2949 2112 2964 2158; x_wconf 89' lang='lat'><strong>;</strong></span> <span class='ocrx_word' id='word_1_360' title='bbox 2994 2103 3182 2163; x_wconf 89' lang='lat' dir='ltr'><strong>postea</strong></span> <span class='ocrx_word' id='word_1_361' title='bbox 3215 2094 3576 2149; x_wconf 82' lang='lat' dir='ltr'><strong>univcrsalem</strong></span> 
     </span>
    </p>
   </div>
   <div class='ocr_carea' id='block_1_45' title="bbox 2009 2173 3584 2254">
    <p class='ocr_par' dir='ltr' id='par_1_45' title="bbox 2009 2173 3584 2254">
     <span class='ocr_line' id='line_1_45' title="bbox 2009 2173 3584 2254; baseline -0.005 -12"><span class='ocrx_word' id='word_1_362' title='bbox 2009 2188 2127 2254; x_wconf 88' lang='lat' dir='ltr'><strong>ejus</strong></span> <span class='ocrx_word' id='word_1_363' title='bbox 2145 2187 2220 2241; x_wconf 91' lang='lat' dir='ltr'><strong>rei</strong></span> <span class='ocrx_word' id='word_1_364' title='bbox 2241 2186 2540 2250; x_wconf 89' lang='lat' dir='ltr'><strong>notionem,</strong></span> <span class='ocrx_word' id='word_1_365' title='bbox 2583 2193 2640 2238; x_wconf 90' lang='lat' dir='ltr'><strong>ut</strong></span> <span class='ocrx_word' id='word_1_366' title='bbox 2669 2173 2946 2238; x_wconf 66' lang='lat' dir='ltr'><strong>notionem</strong></span> <span class='ocrx_word' id='word_1_367' title='bbox 2970 2183 3096 2238; x_wconf 80' lang='lat' dir='ltr'><strong>vitae</strong></span> <span class='ocrx_word' id='word_1_368' title='bbox 3143 2182 3223 2235; x_wconf 91' lang='lat' dir='ltr'><strong>vel</strong></span> <span class='ocrx_word' id='word_1_369' title='bbox 3262 2177 3584 2237; x_wconf 71' lang='lat' dir='ltr'><strong>substantia:</strong></span> 
     </span>
    </p>
   </div>
   <div class='ocr_carea' id='block_1_46' title="bbox 2015 2272 3586 2340">
    <p class='ocr_par' dir='ltr' id='par_1_46' title="bbox 2015 2272 3586 2340">
     <span class='ocr_line' id='line_1_46' title="bbox 2015 2272 3586 2340; baseline -0.001 -12"><span class='ocrx_word' id='word_1_370' title='bbox 2015 2274 2266 2329; x_wconf 86' lang='lat' dir='ltr'><strong>universe</strong></span> <span class='ocrx_word' id='word_1_371' title='bbox 2289 2273 2710 2335; x_wconf 90' lang='lat' dir='ltr'><strong>consideratam,</strong></span> <span class='ocrx_word' id='word_1_372' title='bbox 2731 2272 2920 2325; x_wconf 92' lang='lat' dir='ltr'><strong>deinde</strong></span> <span class='ocrx_word' id='word_1_373' title='bbox 2954 2273 3003 2326; x_wconf 91' lang='lat' dir='ltr'><strong>id</strong></span> <span class='ocrx_word' id='word_1_374' title='bbox 3033 2281 3204 2340; x_wconf 86' lang='lat' dir='ltr'><strong>parte,</strong></span> <span class='ocrx_word' id='word_1_375' title='bbox 3221 2272 3272 2326; x_wconf 91' lang='lat' dir='ltr'><strong>id</strong></span> <span class='ocrx_word' id='word_1_376' title='bbox 3292 2281 3393 2331; x_wconf 90' lang='lat' dir='ltr'><strong>est.</strong></span> <span class='ocrx_word' id='word_1_377' title='bbox 3419 2273 3586 2327; x_wconf 90' lang='lat' dir='ltr'><strong>notio-</strong></span> 
     </span>
    </p>
   </div>
   <div class='ocr_carea' id='block_1_47' title="bbox 2015 2363 3583 2433">
    <p class='ocr_par' dir='ltr' id='par_1_47' title="bbox 2015 2363 3583 2433">
     <span class='ocr_line' id='line_1_47' title="bbox 2015 2363 3583 2433; baseline -0.002 -14"><span class='ocrx_word' id='word_1_378' title='bbox 2015 2383 2136 2420; x_wconf 89' lang='lat' dir='ltr'><strong>nem</strong></span> <span class='ocrx_word' id='word_1_379' title='bbox 2161 2364 2460 2420; x_wconf 90' lang='lat' dir='ltr'><strong>secundum</strong></span> <span class='ocrx_word' id='word_1_380' title='bbox 2489 2364 2732 2433; x_wconf 88' lang='lat' dir='ltr'><strong>singulas</strong></span> <span class='ocrx_word' id='word_1_381' title='bbox 2753 2363 2962 2432; x_wconf 86' lang='lat' dir='ltr'><strong>species</strong></span> <span class='ocrx_word' id='word_1_382' title='bbox 2989 2363 3315 2430; x_wconf 78' lang='lat' dir='ltr'><strong>accepimus,</strong></span> <span class='ocrx_word' id='word_1_383' title='bbox 3342 2373 3399 2417; x_wconf 86' lang='lat' dir='ltr'><strong>ut</strong></span> <span class='ocrx_word' id='word_1_384' title='bbox 3427 2364 3583 2430; x_wconf 72' lang='lat' dir='ltr'><strong>vitm;</strong></span> 
     </span>
    </p>
   </div>
   <div class='ocr_carea' id='block_1_48' title="bbox 2014 2452 3587 2524">
    <p class='ocr_par' dir='ltr' id='par_1_48' title="bbox 2014 2452 3587 2524">
     <span class='ocr_line' id='line_1_48' title="bbox 2014 2452 3587 2524; baseline 0 -16"><span class='ocrx_word' id='word_1_385' title='bbox 2014 2458 2096 2510; x_wconf 86' lang='lat' dir='ltr'><strong>vel</strong></span> <span class='ocrx_word' id='word_1_386' title='bbox 2125 2455 2442 2510; x_wconf 81' lang='lat' dir='ltr'><strong>substantiae</strong></span> <span class='ocrx_word' id='word_1_387' title='bbox 2471 2455 2728 2524; x_wconf 73' lang='lat' dir='ltr'><strong>angelica:</strong></span> <span class='ocrx_word' id='word_1_388' title='bbox 2755 2494 2769 2518; x_wconf 94' lang='lat'><strong>,</strong></span> <span class='ocrx_word' id='word_1_389' title='bbox 2798 2453 2880 2508; x_wconf 93' lang='lat' dir='ltr'><strong>vel</strong></span> <span class='ocrx_word' id='word_1_390' title='bbox 2931 2452 3201 2514; x_wconf 60' lang='lat' dir='ltr'><strong>humana,</strong></span> <span class='ocrx_word' id='word_1_391' title='bbox 3233 2462 3323 2506; x_wconf 91' lang='lat' dir='ltr'><strong>aut</strong></span> <span class='ocrx_word' id='word_1_392' title='bbox 3351 2453 3587 2521; x_wconf 88' lang='lat' dir='ltr'><strong>reliquo-</strong></span> 
     </span>
    </p>
   </div>
   <div class='ocr_carea' id='block_1_49' title="bbox 2014 2543 3584 2614">
    <p class='ocr_par' dir='ltr' id='par_1_49' title="bbox 2014 2543 3584 2614">
     <span class='ocr_line' id='line_1_49' title="bbox 2014 2543 3584 2614; baseline -0.003 -13"><span class='ocrx_word' id='word_1_393' title='bbox 2014 2564 2132 2601; x_wconf 79' lang='lat' dir='ltr'><strong>rum</strong></span> <span class='ocrx_word' id='word_1_394' title='bbox 2160 2546 2210 2599; x_wconf 94' lang='lat' dir='ltr'><strong>in</strong></span> <span class='ocrx_word' id='word_1_395' title='bbox 2239 2546 2491 2600; x_wconf 89' lang='lat' dir='ltr'><strong>universa</strong></span> <span class='ocrx_word' id='word_1_396' title='bbox 2523 2545 2722 2614; x_wconf 86' lang='lat' dir='ltr'><strong>specie.</strong></span> <span class='ocrx_word' id='word_1_397' title='bbox 2748 2543 3013 2598; x_wconf 58' lang='lat' dir='ltr'><strong>Praeterea</strong></span> <span class='ocrx_word' id='word_1_398' title='bbox 3041 2544 3183 2597; x_wconf 90' lang='lat' dir='ltr'><strong>idem</strong></span> <span class='ocrx_word' id='word_1_399' title='bbox 3211 2558 3270 2597; x_wconf 91' lang='lat' dir='ltr'><strong>ca</strong></span> <span class='ocrx_word' id='word_1_400' title='bbox 3290 2558 3342 2611; x_wconf 88' lang='lat' dir='ltr'><strong>p.</strong></span> <span class='ocrx_word' id='word_1_401' title='bbox 3367 2544 3584 2612; x_wconf 91' lang='lat' dir='ltr'><strong>quinto,</strong></span> 
     </span>
    </p>
   </div>
   <div class='ocr_carea' id='block_1_50' title="bbox 2013 2637 3582 2708">
    <p class='ocr_par' dir='ltr' id='par_1_50' title="bbox 2013 2637 3582 2708">
     <span class='ocr_line' id='line_1_50' title="bbox 2013 2637 3582 2708; baseline -0.001 -18"><span class='ocrx_word' id='word_1_402' title='bbox 2013 2639 2456 2708; x_wconf 86' lang='lat' dir='ltr'><strong>participationcs</strong></span> <span class='ocrx_word' id='word_1_403' title='bbox 2486 2637 2636 2702; x_wconf 91' lang='lat' dir='ltr'><strong>dicit,</strong></span> <span class='ocrx_word' id='word_1_404' title='bbox 2660 2650 2794 2703; x_wconf 89' lang='lat' dir='ltr'><strong>quas</strong></span> <span class='ocrx_word' id='word_1_405' title='bbox 2820 2651 2882 2690; x_wconf 90' lang='lat' dir='ltr'><strong>ea</strong></span> <span class='ocrx_word' id='word_1_406' title='bbox 2915 2649 3035 2703; x_wconf 52' lang='lat' dir='ltr'><strong>quas</strong></span> <span class='ocrx_word' id='word_1_407' title='bbox 3061 2645 3210 2705; x_wconf 69' lang='lat' dir='ltr'><strong>sunt,</strong></span> <span class='ocrx_word' id='word_1_408' title='bbox 3240 2637 3582 2705; x_wconf 88' lang='lat' dir='ltr'><strong>participant,</strong></span> 
     </span>
    </p>
   </div>
   <div class='ocr_carea' id='block_1_51' title="bbox 1838 2867 2106 2932">
    <p class='ocr_par' dir='ltr' id='par_1_51' title="bbox 1838 2867 2106 2932">
     <span class='ocr_line' id='line_1_51' title="bbox 1838 2867 2106 2932; baseline -0.004 -3"><span class='ocrx_word' id='word_1_409' title='bbox 1838 2867 2106 2932; x_wconf 82' lang='lat' dir='ltr'><strong>Scholia.</strong></span> 
     </span>
    </p>
   </div>
   <div class='ocr_carea' id='block_1_52' title="bbox 425 2971 1907 3042">
    <p class='ocr_par' dir='ltr' id='par_1_52' title="bbox 425 2971 1907 3042">
     <span class='ocr_line' id='line_1_52' title="bbox 425 2971 1907 3042; baseline -0.001 -15"><span class='ocrx_word' id='word_1_410' title='bbox 425 2972 502 3039; x_wconf 77' lang='lat' dir='ltr'><strong>ll)</strong></span> <span class='ocrx_word' id='word_1_411' title='bbox 550 2972 666 3026; x_wconf 80' lang='lat' dir='ltr'><strong>Non</strong></span> <span class='ocrx_word' id='word_1_412' title='bbox 705 2988 786 3039; x_wconf 62' lang='lat' dir='ltr'><strong>pe:</strong></span> <span class='ocrx_word' id='word_1_413' title='bbox 825 2976 1039 3040; x_wconf 81' lang='lat' dir='ltr'><strong>propria</strong></span> <span class='ocrx_word' id='word_1_414' title='bbox 1071 2984 1116 3026; x_wconf 86' lang='lat' dir='ltr'><strong>et</strong></span> <span class='ocrx_word' id='word_1_415' title='bbox 1147 2975 1375 3042; x_wconf 79' lang='lat' dir='ltr'><strong>perfecta</strong></span> <span class='ocrx_word' id='word_1_416' title='bbox 1424 2981 1474 3025; x_wconf 87' lang='lat' dir='ltr'><strong>et</strong></span> <span class='ocrx_word' id='word_1_417' title='bbox 1517 2971 1782 3040; x_wconf 79' lang='lat' dir='ltr'><strong>simplicia</strong></span> <span class='ocrx_word' id='word_1_418' title='bbox 1811 2987 1907 3025; x_wconf 82' lang='lat' dir='ltr'><strong>no-</strong></span> 
     </span>
    </p>
   </div>
   <div class='ocr_carea' id='block_1_53' title="bbox 357 3043 1908 3110">
    <p class='ocr_par' dir='ltr' id='par_1_53' title="bbox 357 3043 1908 3110">
     <span class='ocr_line' id='line_1_53' title="bbox 357 3043 1908 3110; baseline 0.001 -18"><span class='ocrx_word' id='word_1_419' title='bbox 357 3045 516 3094; x_wconf 85' lang='lat' dir='ltr'><strong>mina.</strong></span> <span class='ocrx_word' id='word_1_420' title='bbox 551 3043 600 3092; x_wconf 90' lang='lat' dir='ltr'><strong>id</strong></span> <span class='ocrx_word' id='word_1_421' title='bbox 633 3053 735 3097; x_wconf 65' lang='lat' dir='ltr'><strong>est.</strong></span> <span class='ocrx_word' id='word_1_422' title='bbox 766 3058 860 3110; x_wconf 86' lang='lat' dir='ltr'><strong>per</strong></span> <span class='ocrx_word' id='word_1_423' title='bbox 893 3058 950 3094; x_wconf 87' lang='lat' dir='ltr'><strong>se</strong></span> <span class='ocrx_word' id='word_1_424' title='bbox 989 3059 1130 3103; x_wconf 74' lang='lat' dir='ltr'><strong>esse,</strong></span> <span class='ocrx_word' id='word_1_425' title='bbox 1162 3052 1213 3096; x_wconf 82' lang='lat' dir='ltr'><strong>et</strong></span> <span class='ocrx_word' id='word_1_426' title='bbox 1244 3059 1335 3104; x_wconf 90' lang='lat' dir='ltr'><strong>per</strong></span> <span class='ocrx_word' id='word_1_427' title='bbox 1369 3058 1426 3095; x_wconf 88' lang='lat' dir='ltr'><strong>se</strong></span> <span class='ocrx_word' id='word_1_428' title='bbox 1456 3044 1597 3103; x_wconf 86' lang='lat' dir='ltr'><strong>vita;</strong></span> <span class='ocrx_word' id='word_1_429' title='bbox 1632 3051 1686 3092; x_wconf 79' lang='lat' dir='ltr'><strong>e‘t</strong></span> <span class='ocrx_word' id='word_1_430' title='bbox 1718 3057 1810 3110; x_wconf 89' lang='lat' dir='ltr'><strong>per</strong></span> <span class='ocrx_word' id='word_1_431' title='bbox 1849 3057 1908 3094; x_wconf 85' lang='lat' dir='ltr'><strong>se</strong></span> 
     </span>
    </p>
   </div>
   <div class='ocr_carea' id='block_1_54' title="bbox 356 3111 1907 3178">
    <p class='ocr_par' dir='ltr' id='par_1_54' title="bbox 356 3111 1907 3178">
     <span class='ocr_line' id='line_1_54' title="bbox 356 3111 1907 3178; baseline 0.001 -15"><span class='ocrx_word' id='word_1_432' title='bbox 356 3111 640 3176; x_wconf 53' lang='lat' dir='ltr'><strong>sapientia,</strong></span> <span class='ocrx_word' id='word_1_433' title='bbox 679 3120 731 3165; x_wconf 86' lang='lat' dir='ltr'><strong>et</strong></span> <span class='ocrx_word' id='word_1_434' title='bbox 768 3112 965 3165; x_wconf 86' lang='lat' dir='ltr'><strong>similia</strong></span> <span class='ocrx_word' id='word_1_435' title='bbox 1002 3129 1120 3174; x_wconf 74' lang='lat' dir='ltr'><strong>qua:</strong></span> <span class='ocrx_word' id='word_1_436' title='bbox 1151 3121 1278 3166; x_wconf 92' lang='lat' dir='ltr'><strong>sunt</strong></span> <span class='ocrx_word' id='word_1_437' title='bbox 1320 3111 1582 3178; x_wconf 85' lang='lat' dir='ltr'><strong>principia</strong></span> <span class='ocrx_word' id='word_1_438' title='bbox 1630 3119 1681 3163; x_wconf 91' lang='lat' dir='ltr'><strong>et</strong></span> <span class='ocrx_word' id='word_1_439' title='bbox 1729 3126 1907 3164; x_wconf 66' lang='lat' dir='ltr'><strong>causa!</strong></span> 
     </span>
    </p>
   </div>
   <div class='ocr_carea' id='block_1_55' title="bbox 353 3180 1904 3248">
    <p class='ocr_par' dir='ltr' id='par_1_55' title="bbox 353 3180 1904 3248">
     <span class='ocr_line' id='line_1_55' title="bbox 353 3180 1904 3248; baseline -0.001 -14"><span class='ocrx_word' id='word_1_440' title='bbox 353 3196 540 3234; x_wconf 89' lang='lat' dir='ltr'><strong>eorum</strong></span> <span class='ocrx_word' id='word_1_441' title='bbox 591 3196 710 3246; x_wconf 73' lang='lat' dir='ltr'><strong>quze</strong></span> <span class='ocrx_word' id='word_1_442' title='bbox 761 3191 906 3241; x_wconf 88' lang='lat' dir='ltr'><strong>sunt,</strong></span> <span class='ocrx_word' id='word_1_443' title='bbox 963 3199 1082 3248; x_wconf 73' lang='lat' dir='ltr'><strong>qua!</strong></span> <span class='ocrx_word' id='word_1_444' title='bbox 1114 3182 1322 3242; x_wconf 87' lang='lat' dir='ltr'><strong>vivunt,</strong></span> <span class='ocrx_word' id='word_1_445' title='bbox 1375 3190 1428 3234; x_wconf 86' lang='lat' dir='ltr'><strong>et</strong></span> <span class='ocrx_word' id='word_1_446' title='bbox 1484 3196 1604 3247; x_wconf 71' lang='lat' dir='ltr'><strong>quae</strong></span> <span class='ocrx_word' id='word_1_447' title='bbox 1643 3180 1904 3247; x_wconf 80' lang='lat' dir='ltr'><strong>Sapientia</strong></span> 
     </span>
    </p>
   </div>
   <div class='ocr_carea' id='block_1_56' title="bbox 354 3249 1904 3317">
    <p class='ocr_par' dir='ltr' id='par_1_56' title="bbox 354 3249 1904 3317">
     <span class='ocr_line' id='line_1_56' title="bbox 354 3249 1904 3317; baseline 0.002 -18"><span class='ocrx_word' id='word_1_448' title='bbox 354 3250 575 3317; x_wconf 82' lang='lat' dir='ltr'><strong>przcdita</strong></span> <span class='ocrx_word' id='word_1_449' title='bbox 608 3261 752 3315; x_wconf 89' lang='lat' dir='ltr'><strong>sunt,</strong></span> <span class='ocrx_word' id='word_1_450' title='bbox 781 3267 885 3302; x_wconf 85' lang='lat' dir='ltr'><strong>non</strong></span> <span class='ocrx_word' id='word_1_451' title='bbox 910 3261 1136 3313; x_wconf 86' lang='lat' dir='ltr'><strong>possunt</strong></span> <span class='ocrx_word' id='word_1_452' title='bbox 1165 3252 1268 3304; x_wconf 89' lang='lat' dir='ltr'><strong>dici</strong></span> <span class='ocrx_word' id='word_1_453' title='bbox 1303 3250 1517 3317; x_wconf 75' lang='lat' dir='ltr'><strong>proprie</strong></span> <span class='ocrx_word' id='word_1_454' title='bbox 1542 3249 1904 3316; x_wconf 76' lang='lat' dir='ltr'><strong>eXemplaria;</strong></span> 
     </span>
    </p>
   </div>
   <div class='ocr_carea' id='block_1_57' title="bbox 353 3318 1908 3386">
    <p class='ocr_par' dir='ltr' id='par_1_57' title="bbox 353 3318 1908 3386">
     <span class='ocr_line' id='line_1_57' title="bbox 353 3318 1908 3386; baseline -0.001 -14"><span class='ocrx_word' id='word_1_455' title='bbox 353 3320 477 3386; x_wconf 85' lang='lat' dir='ltr'><strong>quia</strong></span> <span class='ocrx_word' id='word_1_456' title='bbox 535 3336 784 3383; x_wconf 86' lang='lat' dir='ltr'><strong>quorum.</strong></span> <span class='ocrx_word' id='word_1_457' title='bbox 824 3320 925 3372; x_wconf 86' lang='lat' dir='ltr'><strong>ista</strong></span> <span class='ocrx_word' id='word_1_458' title='bbox 982 3331 1107 3372; x_wconf 87' lang='lat' dir='ltr'><strong>sunt</strong></span> <span class='ocrx_word' id='word_1_459' title='bbox 1169 3321 1459 3386; x_wconf 84' lang='lat' dir='ltr'><strong>principia,</strong></span> <span class='ocrx_word' id='word_1_460' title='bbox 1515 3334 1619 3370; x_wconf 90' lang='lat' dir='ltr'><strong>non</strong></span> <span class='ocrx_word' id='word_1_461' title='bbox 1668 3318 1804 3371; x_wconf 88' lang='lat' dir='ltr'><strong>liunt</strong></span> <span class='ocrx_word' id='word_1_462' title='bbox 1852 3329 1908 3371; x_wconf 91' lang='grc' dir='ltr'><strong>ιιι</strong></span> 
     </span>
    </p>
   </div>
   <div class='ocr_carea' id='block_1_58' title="bbox 354 3388 1907 3457">
    <p class='ocr_par' dir='ltr' id='par_1_58' title="bbox 354 3388 1907 3457">
     <span class='ocr_line' id='line_1_58' title="bbox 354 3388 1907 3457; baseline 0 -17"><span class='ocrx_word' id='word_1_463' title='bbox 354 3390 633 3441; x_wconf 70' lang='lat' dir='ltr'><strong>imitentur</strong></span> <span class='ocrx_word' id='word_1_464' title='bbox 667 3392 755 3442; x_wconf 88' lang='lat' dir='ltr'><strong>illa</strong></span> <span class='ocrx_word' id='word_1_465' title='bbox 781 3390 894 3454; x_wconf 83' lang='lat' dir='ltr'><strong>ipsa</strong></span> <span class='ocrx_word' id='word_1_466' title='bbox 927 3391 1210 3457; x_wconf 82' lang='lat' dir='ltr'><strong>principia,</strong></span> <span class='ocrx_word' id='word_1_467' title='bbox 1239 3389 1331 3444; x_wconf 87' lang='lat' dir='ltr'><strong>sed</strong></span> <span class='ocrx_word' id='word_1_468' title='bbox 1361 3390 1490 3442; x_wconf 85' lang='lat' dir='ltr'><strong>liunt</strong></span> <span class='ocrx_word' id='word_1_469' title='bbox 1527 3397 1585 3441; x_wconf 93' lang='lat' dir='ltr'><strong>ut</strong></span> <span class='ocrx_word' id='word_1_470' title='bbox 1617 3388 1907 3452; x_wconf 86' lang='lat' dir='ltr'><strong>impleatur</strong></span> 
     </span>
    </p>
   </div>
   <div class='ocr_carea' id='block_1_59' title="bbox 355 3457 1906 3527">
    <p class='ocr_par' dir='ltr' id='par_1_59' title="bbox 355 3457 1906 3527">
     <span class='ocr_line' id='line_1_59' title="bbox 355 3457 1906 3527; baseline -0.001 -17"><span class='ocrx_word' id='word_1_471' title='bbox 355 3460 408 3510; x_wconf 88' lang='lat' dir='ltr'><strong>in</strong></span> <span class='ocrx_word' id='word_1_472' title='bbox 469 3460 546 3511; x_wconf 89' lang='lat' dir='ltr'><strong>eis</strong></span> <span class='ocrx_word' id='word_1_473' title='bbox 599 3460 742 3524; x_wconf 90' lang='lat' dir='ltr'><strong>quod</strong></span> <span class='ocrx_word' id='word_1_474' title='bbox 798 3460 974 3512; x_wconf 88' lang='lat' dir='ltr'><strong>divina</strong></span> <span class='ocrx_word' id='word_1_475' title='bbox 1042 3460 1316 3527; x_wconf 78' lang='lat' dir='ltr'><strong>Sapientia</strong></span> <span class='ocrx_word' id='word_1_476' title='bbox 1368 3457 1662 3516; x_wconf 80' lang='lat' dir='ltr'><strong>ordinavit,</strong></span> <span class='ocrx_word' id='word_1_477' title='bbox 1702 3457 1752 3510; x_wconf 89' lang='lat' dir='ltr'><strong>id</strong></span> <span class='ocrx_word' id='word_1_478' title='bbox 1800 3466 1906 3517; x_wconf 89' lang='lat' dir='ltr'><strong>est,</strong></span> 
     </span>
    </p>
   </div>
   <div class='ocr_carea' id='block_1_60' title="bbox 355 3529 1909 3595">
    <p class='ocr_par' dir='ltr' id='par_1_60' title="bbox 355 3529 1909 3595">
     <span class='ocr_line' id='line_1_60' title="bbox 355 3529 1909 3595; baseline 0.001 -20"><span class='ocrx_word' id='word_1_479' title='bbox 355 3529 494 3592; x_wconf 86' lang='lat' dir='ltr'><strong>quod</strong></span> <span class='ocrx_word' id='word_1_480' title='bbox 525 3539 639 3580; x_wconf 72' lang='lat' dir='ltr'><strong>erat</strong></span> <span class='ocrx_word' id='word_1_481' title='bbox 678 3532 730 3581; x_wconf 89' lang='lat' dir='ltr'><strong>in</strong></span> <span class='ocrx_word' id='word_1_482' title='bbox 783 3529 900 3581; x_wconf 86' lang='lat' dir='ltr'><strong>idea</strong></span> <span class='ocrx_word' id='word_1_483' title='bbox 935 3539 987 3582; x_wconf 90' lang='lat' dir='ltr'><strong>et</strong></span> <span class='ocrx_word' id='word_1_484' title='bbox 1023 3530 1316 3595; x_wconf 89' lang='lat' dir='ltr'><strong>exemplari</strong></span> <span class='ocrx_word' id='word_1_485' title='bbox 1366 3529 1573 3587; x_wconf 84' lang='lat' dir='ltr'><strong>divino,</strong></span> <span class='ocrx_word' id='word_1_486' title='bbox 1627 3542 1733 3580; x_wconf 91' lang='lat' dir='ltr'><strong>non</strong></span> <span class='ocrx_word' id='word_1_487' title='bbox 1782 3535 1909 3579; x_wconf 88' lang='lat' dir='ltr'><strong>sunt</strong></span> 
     </span>
    </p>
   </div>
   <div class='ocr_carea' id='block_1_61' title="bbox 356 3596 1908 3662">
    <p class='ocr_par' dir='ltr' id='par_1_61' title="bbox 356 3596 1908 3662">
     <span class='ocr_line' id='line_1_61' title="bbox 356 3596 1908 3662; baseline -0.002 -15"><span class='ocrx_word' id='word_1_488' title='bbox 356 3597 516 3648; x_wconf 85' lang='lat' dir='ltr'><strong>etiam</strong></span> <span class='ocrx_word' id='word_1_489' title='bbox 553 3598 785 3662; x_wconf 78' lang='lat' dir='ltr'><strong>perfecta</strong></span> <span class='ocrx_word' id='word_1_490' title='bbox 823 3599 1173 3660; x_wconf 83' lang='lat' dir='ltr'><strong>exemplaria,</strong></span> <span class='ocrx_word' id='word_1_491' title='bbox 1217 3613 1338 3650; x_wconf 87' lang='lat' dir='ltr'><strong>cum</strong></span> <span class='ocrx_word' id='word_1_492' title='bbox 1395 3597 1510 3662; x_wconf 83' lang='lat' dir='ltr'><strong>ipsa</strong></span> <span class='ocrx_word' id='word_1_493' title='bbox 1547 3596 1672 3648; x_wconf 88' lang='lat' dir='ltr'><strong>aliis</strong></span> <span class='ocrx_word' id='word_1_494' title='bbox 1719 3609 1908 3648; x_wconf 88' lang='lat' dir='ltr'><strong>exem-</strong></span> 
     </span>
    </p>
   </div>
   <div class='ocr_carea' id='block_1_62' title="bbox 359 3662 1908 3734">
    <p class='ocr_par' dir='ltr' id='par_1_62' title="bbox 359 3662 1908 3734">
     <span class='ocr_line' id='line_1_62' title="bbox 359 3662 1908 3734; baseline -0.001 -19"><span class='ocrx_word' id='word_1_495' title='bbox 359 3667 596 3728; x_wconf 76' lang='lat' dir='ltr'><strong>plaribus</strong></span> <span class='ocrx_word' id='word_1_496' title='bbox 630 3668 924 3734; x_wconf 76' lang='lat' dir='ltr'><strong>indigeant,</strong></span> <span class='ocrx_word' id='word_1_497' title='bbox 972 3682 1078 3719; x_wconf 89' lang='lat' dir='ltr'><strong>non</strong></span> <span class='ocrx_word' id='word_1_498' title='bbox 1109 3675 1232 3718; x_wconf 88' lang='lat' dir='ltr'><strong>sunt</strong></span> <span class='ocrx_word' id='word_1_499' title='bbox 1266 3666 1562 3732; x_wconf 85' lang='lat' dir='ltr'><strong>simplicia,</strong></span> <span class='ocrx_word' id='word_1_500' title='bbox 1595 3665 1721 3734; x_wconf 88' lang='lat' dir='ltr'><strong>quia</strong></span> <span class='ocrx_word' id='word_1_501' title='bbox 1748 3662 1908 3717; x_wconf 88' lang='lat' dir='ltr'><strong>simul</strong></span> 
     </span>
    </p>
   </div>
   <div class='ocr_carea' id='block_1_63' title="bbox 358 3735 1909 3801">
    <p class='ocr_par' dir='ltr' id='par_1_63' title="bbox 358 3735 1909 3801">
     <span class='ocr_line' id='line_1_63' title="bbox 358 3735 1909 3801; baseline -0.002 -14"><span class='ocrx_word' id='word_1_502' title='bbox 358 3746 482 3787; x_wconf 89' lang='lat' dir='ltr'><strong>sunt</strong></span> <span class='ocrx_word' id='word_1_503' title='bbox 533 3737 808 3798; x_wconf 81' lang='lat' dir='ltr'><strong>exemplar</strong></span> <span class='ocrx_word' id='word_1_504' title='bbox 853 3741 916 3788; x_wconf 90' lang='lat' dir='ltr'><strong>ad</strong></span> <span class='ocrx_word' id='word_1_505' title='bbox 968 3735 1196 3786; x_wconf 73' lang='lat' dir='ltr'><strong>formata</strong></span> <span class='ocrx_word' id='word_1_506' title='bbox 1254 3736 1396 3801; x_wconf 57' lang='lat' dir='ltr'><strong>(qua:</strong></span> <span class='ocrx_word' id='word_1_507' title='bbox 1423 3735 1582 3794; x_wconf 74' lang='lat' dir='ltr'><strong>vulgo</strong></span> <span class='ocrx_word' id='word_1_508' title='bbox 1644 3743 1909 3785; x_wconf 86' lang='lat' dir='ltr'><strong>vocantur</strong></span> 
     </span>
    </p>
   </div>
   <div class='ocr_carea' id='block_1_64' title="bbox 357 3801 1731 3868">
    <p class='ocr_par' dir='ltr' id='par_1_64' title="bbox 357 3801 1731 3868">
     <span class='ocr_line' id='line_1_64' title="bbox 357 3801 1731 3868; baseline -0.001 -10"><span class='ocrx_word' id='word_1_509' title='bbox 357 3807 684 3868; x_wconf 81' lang='lat' dir='ltr'><strong>exempla&#39;a)</strong></span> <span class='ocrx_word' id='word_1_510' title='bbox 720 3813 771 3856; x_wconf 78' lang='lat' dir='ltr'><strong>t-t</strong></span> <span class='ocrx_word' id='word_1_511' title='bbox 809 3805 1162 3868; x_wconf 81' lang='lat' dir='ltr'><strong>exemplaria,</strong></span> <span class='ocrx_word' id='word_1_512' title='bbox 1191 3819 1254 3857; x_wconf 79' lang='lat' dir='ltr'><strong>ex</strong></span> <span class='ocrx_word' id='word_1_513' title='bbox 1289 3813 1476 3855; x_wconf 88' lang='lat' dir='ltr'><strong>sancto</strong></span> <span class='ocrx_word' id='word_1_514' title='bbox 1501 3801 1731 3856; x_wconf 81' lang='lat' dir='ltr'><strong>Tlioma.</strong></span> 
     </span>
    </p>
   </div>
   <div class='ocr_carea' id='block_1_65' title="bbox 430 3871 1910 3940">
    <p class='ocr_par' dir='ltr' id='par_1_65' title="bbox 430 3871 1910 3940">
     <span class='ocr_line' id='line_1_65' title="bbox 430 3871 1910 3940; baseline -0.003 -14"><span class='ocrx_word' id='word_1_515' title='bbox 430 3874 504 3940; x_wconf 76' lang='lat'><strong>(‘2)</strong></span> <span class='ocrx_word' id='word_1_516' title='bbox 551 3873 669 3924; x_wconf 77' lang='lat' dir='ltr'><strong>Non</strong></span> <span class='ocrx_word' id='word_1_517' title='bbox 725 3875 924 3925; x_wconf 72' lang='lat' dir='ltr'><strong>ostendi</strong></span> <span class='ocrx_word' id='word_1_518' title='bbox 980 3875 1076 3927; x_wconf 79' lang='lat' dir='ltr'><strong>illa</strong></span> <span class='ocrx_word' id='word_1_519' title='bbox 1139 3876 1254 3926; x_wconf 78' lang='lat' dir='ltr'><strong>tibi.</strong></span> <span class='ocrx_word' id='word_1_520' title='bbox 1309 3872 1508 3926; x_wconf 80' lang='lat' dir='ltr'><strong>Locum</strong></span> <span class='ocrx_word' id='word_1_521' title='bbox 1575 3871 1744 3924; x_wconf 72' lang='lat' dir='ltr'><strong>Exod.</strong></span> <span class='ocrx_word' id='word_1_522' title='bbox 1806 3885 1910 3940; x_wconf 71' lang='lat' dir='ltr'><strong>xxv</strong></span> 
     </span>
    </p>
   </div>
   <div class='ocr_carea' id='block_1_66' title="bbox 359 3939 1910 4013">
    <p class='ocr_par' dir='ltr' id='par_1_66' title="bbox 359 3939 1910 4013">
     <span class='ocr_line' id='line_1_66' title="bbox 359 3939 1910 4013; baseline -0.002 -18"><span class='ocrx_word' id='word_1_523' title='bbox 359 3939 486 3996; x_wconf 84' lang='lat' dir='ltr'><strong>citat</strong></span> <span class='ocrx_word' id='word_1_524' title='bbox 525 3945 811 4010; x_wconf 72' lang='lat' dir='ltr'><strong>Dionysius</strong></span> <span class='ocrx_word' id='word_1_525' title='bbox 859 3943 918 3994; x_wconf 79' lang='grc' dir='ltr'>οὐ</span> <span class='ocrx_word' id='word_1_526' title='bbox 967 3944 1108 3996; x_wconf 76' lang='grc' dir='ltr'><strong>κατὰ</strong></span> <span class='ocrx_word' id='word_1_527' title='bbox 1137 3944 1196 3995; x_wconf 74' lang='grc' dir='ltr'><strong>τὸ</strong></span> <span class='ocrx_word' id='word_1_528' title='bbox 1247 3941 1603 4013; x_wconf 42' lang='lat' dir='ltr'><strong>peramans</strong></span> <span class='ocrx_word' id='word_1_529' title='bbox 1633 3940 1771 4013; x_wconf 64' lang='grc' dir='ltr'><strong>δεατὰ</strong></span> <span class='ocrx_word' id='word_1_530' title='bbox 1812 3939 1910 4008; x_wconf 82' lang='grc' dir='ltr'><strong>τὴν</strong></span> 
     </span>
    </p>
   </div>
   <div class='ocr_carea' id='block_1_67' title="bbox 359 4009 1909 4077">
    <p class='ocr_par' dir='ltr' id='par_1_67' title="bbox 359 4009 1909 4077">
     <span class='ocr_line' id='line_1_67' title="bbox 359 4009 1909 4077; baseline -0.004 -11"><span class='ocrx_word' id='word_1_531' title='bbox 359 4014 616 4075; x_wconf 77' lang='grc' dir='ltr'>διάνοιαν,</span> <span class='ocrx_word' id='word_1_532' title='bbox 659 4009 709 4065; x_wconf 89' lang='lat' dir='ltr'><strong>id</strong></span> <span class='ocrx_word' id='word_1_533' title='bbox 744 4019 845 4077; x_wconf 86' lang='lat' dir='ltr'><strong>est,</strong></span> <span class='ocrx_word' id='word_1_534' title='bbox 879 4028 985 4065; x_wconf 88' lang='lat' dir='ltr'><strong>non</strong></span> <span class='ocrx_word' id='word_1_535' title='bbox 1021 4009 1316 4066; x_wconf 82' lang='lat' dir='ltr'><strong>secundum</strong></span> <span class='ocrx_word' id='word_1_536' title='bbox 1353 4011 1534 4073; x_wconf 80' lang='lat' dir='ltr'><strong>verba,</strong></span> <span class='ocrx_word' id='word_1_537' title='bbox 1574 4009 1666 4065; x_wconf 89' lang='lat' dir='ltr'><strong>sed</strong></span> <span class='ocrx_word' id='word_1_538' title='bbox 1716 4026 1909 4064; x_wconf 89' lang='lat' dir='ltr'><strong>secun-</strong></span> 
     </span>
    </p>
   </div>
   <div class='ocr_carea' id='block_1_68' title="bbox 361 4080 1910 4148">
    <p class='ocr_par' dir='ltr' id='par_1_68' title="bbox 361 4080 1910 4148">
     <span class='ocr_line' id='line_1_68' title="bbox 361 4080 1910 4148; baseline -0.002 -13"><span class='ocrx_word' id='word_1_539' title='bbox 361 4087 484 4136; x_wconf 83' lang='lat' dir='ltr'><strong>dum</strong></span> <span class='ocrx_word' id='word_1_540' title='bbox 539 4097 782 4142; x_wconf 76' lang='lat' dir='ltr'><strong>sensum.</strong></span> <span class='ocrx_word' id='word_1_541' title='bbox 838 4083 917 4135; x_wconf 91' lang='lat' dir='ltr'><strong>sic</strong></span> <span class='ocrx_word' id='word_1_542' title='bbox 974 4083 1254 4146; x_wconf 83' lang='lat' dir='ltr'><strong>apostolici</strong></span> <span class='ocrx_word' id='word_1_543' title='bbox 1315 4083 1561 4148; x_wconf 90' lang='lat' dir='ltr'><strong>discipuli</strong></span> <span class='ocrx_word' id='word_1_544' title='bbox 1625 4097 1651 4132; x_wconf 93' lang='lat' dir='ltr'><strong>a</strong></span> <span class='ocrx_word' id='word_1_545' title='bbox 1710 4080 1910 4133; x_wconf 89' lang='lat' dir='ltr'><strong>sanctis</strong></span> 
     </span>
    </p>
   </div>
   <div class='ocr_carea' id='block_1_69' title="bbox 359 4151 1906 4218">
    <p class='ocr_par' dir='ltr' id='par_1_69' title="bbox 359 4151 1906 4218">
     <span class='ocr_line' id='line_1_69' title="bbox 359 4151 1906 4218; baseline -0.004 -13"><span class='ocrx_word' id='word_1_546' title='bbox 359 4152 618 4215; x_wconf 83' lang='lat' dir='ltr'><strong>apostolis</strong></span> <span class='ocrx_word' id='word_1_547' title='bbox 670 4152 976 4205; x_wconf 85' lang='lat' dir='ltr'><strong>didicerunt</strong></span> <span class='ocrx_word' id='word_1_548' title='bbox 1006 4152 1174 4206; x_wconf 88' lang='lat' dir='ltr'><strong>citare</strong></span> <span class='ocrx_word' id='word_1_549' title='bbox 1215 4151 1506 4218; x_wconf 89' lang='lat' dir='ltr'><strong>aliquando</strong></span> <span class='ocrx_word' id='word_1_550' title='bbox 1546 4151 1906 4218; x_wconf 88' lang='lat' dir='ltr'><strong>Scripturam,</strong></span> 
     </span>
    </p>
   </div>
   <div class='ocr_carea' id='block_1_70' title="bbox 359 4219 1911 4289">
    <p class='ocr_par' dir='ltr' id='par_1_70' title="bbox 359 4219 1911 4289">
     <span class='ocr_line' id='line_1_70' title="bbox 359 4219 1911 4289; baseline -0.004 -13"><span class='ocrx_word' id='word_1_551' title='bbox 359 4226 499 4276; x_wconf 84' lang='lat' dir='ltr'><strong>sicut</strong></span> <span class='ocrx_word' id='word_1_552' title='bbox 548 4221 646 4289; x_wconf 88' lang='lat' dir='ltr'><strong>ipsi</strong></span> <span class='ocrx_word' id='word_1_553' title='bbox 709 4222 878 4274; x_wconf 85' lang='lat' dir='ltr'><strong>sancti</strong></span> <span class='ocrx_word' id='word_1_554' title='bbox 933 4223 1162 4289; x_wconf 89' lang='lat' dir='ltr'><strong>apostoli</strong></span> <span class='ocrx_word' id='word_1_555' title='bbox 1223 4221 1494 4274; x_wconf 88' lang='lat' dir='ltr'><strong>interdum</strong></span> <span class='ocrx_word' id='word_1_556' title='bbox 1535 4221 1774 4280; x_wconf 77' lang='lat' dir='ltr'><strong>faciunt,</strong></span> <span class='ocrx_word' id='word_1_557' title='bbox 1834 4219 1911 4272; x_wconf 83' lang='lat' dir='ltr'><strong>sic</strong></span> 
     </span>
    </p>
   </div>
   <div class='ocr_carea' id='block_1_71' title="bbox 358 4289 1906 4358">
    <p class='ocr_par' dir='ltr' id='par_1_71' title="bbox 358 4289 1906 4358">
     <span class='ocr_line' id='line_1_71' title="bbox 358 4289 1906 4358; baseline -0.005 -11"><span class='ocrx_word' id='word_1_558' title='bbox 358 4293 498 4347; x_wconf 90' lang='lat' dir='ltr'><strong>enim</strong></span> <span class='ocrx_word' id='word_1_559' title='bbox 561 4292 634 4343; x_wconf 87' lang='lat' dir='ltr'><strong>ait</strong></span> <span class='ocrx_word' id='word_1_560' title='bbox 689 4291 964 4358; x_wconf 87' lang='lat' dir='ltr'><strong>Scriptura</strong></span> <span class='ocrx_word' id='word_1_561' title='bbox 1013 4309 1024 4343; x_wconf 92' lang='lat'>:</span> <span class='ocrx_word' id='word_1_562' title='bbox 1079 4291 1308 4358; x_wconf 82' lang='lat' dir='ltr'><strong>Inspice,</strong></span> <span class='ocrx_word' id='word_1_563' title='bbox 1356 4299 1411 4343; x_wconf 87' lang='lat' dir='ltr'><strong>et</strong></span> <span class='ocrx_word' id='word_1_564' title='bbox 1467 4290 1550 4355; x_wconf 84' lang='lat' dir='ltr'><strong>lac</strong></span> <span class='ocrx_word' id='word_1_565' title='bbox 1610 4289 1906 4342; x_wconf 85' lang='lat' dir='ltr'><strong>secundum</strong></span> 
     </span>
    </p>
   </div>
   <div class='ocr_carea' id='block_1_72' title="bbox 363 4360 1910 4427">
    <p class='ocr_par' dir='ltr' id='par_1_72' title="bbox 363 4360 1910 4427">
     <span class='ocr_line' id='line_1_72' title="bbox 363 4360 1910 4427; baseline -0.001 -15"><span class='ocrx_word' id='word_1_566' title='bbox 363 4361 650 4424; x_wconf 87' lang='lat' dir='ltr'><strong>exemplar,</strong></span> <span class='ocrx_word' id='word_1_567' title='bbox 704 4361 848 4427; x_wconf 90' lang='lat' dir='ltr'><strong>quod</strong></span> <span class='ocrx_word' id='word_1_568' title='bbox 911 4360 1008 4412; x_wconf 85' lang='lat' dir='ltr'><strong>tibi</strong></span> <span class='ocrx_word' id='word_1_569' title='bbox 1066 4369 1425 4413; x_wconf 83' lang='lat' dir='ltr'><strong>monstratum</strong></span> <span class='ocrx_word' id='word_1_570' title='bbox 1482 4369 1564 4412; x_wconf 87' lang='lat' dir='ltr'><strong>est</strong></span> <span class='ocrx_word' id='word_1_571' title='bbox 1625 4361 1677 4410; x_wconf 91' lang='lat' dir='ltr'><strong>in</strong></span> <span class='ocrx_word' id='word_1_572' title='bbox 1729 4368 1910 4410; x_wconf 90' lang='lat' dir='ltr'><strong>monte</strong></span> 
     </span>
    </p>
   </div>
   <div class='ocr_carea' id='block_1_73' title="bbox 363 4428 1910 4497">
    <p class='ocr_par' dir='ltr' id='par_1_73' title="bbox 363 4428 1910 4497">
     <span class='ocr_line' id='line_1_73' title="bbox 363 4428 1910 4497; baseline -0.003 -14"><span class='ocrx_word' id='word_1_573' title='bbox 363 4432 558 4496; x_wconf 77' lang='lat' dir='ltr'><strong>(Exod.</strong></span> <span class='ocrx_word' id='word_1_574' title='bbox 597 4446 722 4488; x_wconf 79' lang='lat' dir='ltr'><strong>xxv.</strong></span> <span class='ocrx_word' id='word_1_575' title='bbox 753 4430 869 4493; x_wconf 87' lang='grc'><strong>40).</strong></span> <span class='ocrx_word' id='word_1_576' title='bbox 917 4429 1052 4482; x_wconf 88' lang='lat' dir='ltr'><strong>Cum</strong></span> <span class='ocrx_word' id='word_1_577' title='bbox 1085 4431 1180 4489; x_wconf 89' lang='lat' dir='ltr'><strong>ait,</strong></span> <span class='ocrx_word' id='word_1_578' title='bbox 1215 4430 1440 4497; x_wconf 84' lang='lat' dir='ltr'><strong>inspice,</strong></span> <span class='ocrx_word' id='word_1_579' title='bbox 1484 4437 1535 4481; x_wconf 92' lang='lat' dir='ltr'><strong>et</strong></span> <span class='ocrx_word' id='word_1_580' title='bbox 1586 4428 1666 4480; x_wconf 80' lang='lat' dir='ltr'><strong>fac</strong></span> <span class='ocrx_word' id='word_1_581' title='bbox 1713 4443 1910 4497; x_wconf 83' lang='lat' dir='ltr'><strong>secun-</strong></span> 
     </span>
    </p>
   </div>
   <div class='ocr_carea' id='block_1_74' title="bbox 2019 2965 3578 3043">
    <p class='ocr_par' dir='ltr' id='par_1_74' title="bbox 2019 2965 3578 3043">
     <span class='ocr_line' id='line_1_74' title="bbox 2019 2965 3578 3043; baseline 0.002 -17"><span class='ocrx_word' id='word_1_582' title='bbox 2019 2974 2305 3043; x_wconf 86' lang='lat' dir='ltr'><strong>principia.</strong></span> <span class='ocrx_word' id='word_1_583' title='bbox 2333 2965 2594 3043; x_wconf 71' lang='lat' dir='ltr'><strong>nt&#39;causaa</strong></span> <span class='ocrx_word' id='word_1_584' title='bbox 2620 2971 2684 3025; x_wconf 87' lang='lat' dir='ltr'><strong>ad</strong></span> <span class='ocrx_word' id='word_1_585' title='bbox 2711 2970 2927 3043; x_wconf 78' lang='lat' dir='ltr'><strong>eli&#39;ecta.</strong></span> <span class='ocrx_word' id='word_1_586' title='bbox 2954 2980 3007 3025; x_wconf 86' lang='lat' dir='ltr'><strong>et</strong></span> <span class='ocrx_word' id='word_1_587' title='bbox 3039 2972 3225 3025; x_wconf 73' lang='lat' dir='ltr'><strong>ell‘ecta</strong></span> <span class='ocrx_word' id='word_1_588' title='bbox 3246 2974 3329 3028; x_wconf 77' lang='lat' dir='ltr'><strong>ad</strong></span> <span class='ocrx_word' id='word_1_589' title='bbox 3359 2987 3578 3036; x_wconf 87' lang='lat' dir='ltr'><strong>causas,</strong></span> 
     </span>
    </p>
   </div>
   <div class='ocr_carea' id='block_1_75' title="bbox 2016 3039 3576 3105">
    <p class='ocr_par' dir='ltr' id='par_1_75' title="bbox 2016 3039 3576 3105">
     <span class='ocr_line' id='line_1_75' title="bbox 2016 3039 3576 3105; baseline 0 -9"><span class='ocrx_word' id='word_1_590' title='bbox 2016 3039 2060 3097; x_wconf 84' lang='lat' dir='ltr'><strong>si</strong></span> <span class='ocrx_word' id='word_1_591' title='bbox 2099 3045 2177 3096; x_wconf 88' lang='lat' dir='ltr'><strong>sic</strong></span> <span class='ocrx_word' id='word_1_592' title='bbox 2204 3039 2413 3102; x_wconf 84' lang='lat' dir='ltr'><strong>accepit</strong></span> <span class='ocrx_word' id='word_1_593' title='bbox 2441 3039 2711 3104; x_wconf 86' lang='lat' dir='ltr'><strong>Clemens,</strong></span> <span class='ocrx_word' id='word_1_594' title='bbox 2742 3050 2799 3093; x_wconf 92' lang='lat' dir='ltr'><strong>ut</strong></span> <span class='ocrx_word' id='word_1_595' title='bbox 2835 3041 2990 3105; x_wconf 81' lang='lat' dir='ltr'><strong>plane</strong></span> <span class='ocrx_word' id='word_1_596' title='bbox 3030 3043 3305 3105; x_wconf 87' lang='lat' dir='ltr'><strong>accepisse</strong></span> <span class='ocrx_word' id='word_1_597' title='bbox 3333 3045 3576 3104; x_wconf 86' lang='lat' dir='ltr'><strong>videtur,</strong></span> 
     </span>
    </p>
   </div>
   <div class='ocr_carea' id='block_1_76' title="bbox 2014 3109 3581 3181">
    <p class='ocr_par' dir='ltr' id='par_1_76' title="bbox 2014 3109 3581 3181">
     <span class='ocr_line' id='line_1_76' title="bbox 2014 3109 3581 3181; baseline 0.001 -16"><span class='ocrx_word' id='word_1_598' title='bbox 2014 3125 2159 3166; x_wconf 80' lang='lat' dir='ltr'><strong>recte</strong></span> <span class='ocrx_word' id='word_1_599' title='bbox 2187 3113 2427 3180; x_wconf 86' lang='lat' dir='ltr'><strong>accepit;</strong></span> <span class='ocrx_word' id='word_1_600' title='bbox 2460 3119 2514 3164; x_wconf 90' lang='lat' dir='ltr'><strong>et</strong></span> <span class='ocrx_word' id='word_1_601' title='bbox 2554 3111 2633 3164; x_wconf 84' lang='lat' dir='ltr'><strong>sic</strong></span> <span class='ocrx_word' id='word_1_602' title='bbox 2663 3112 2824 3163; x_wconf 90' lang='lat' dir='ltr'><strong>etiam</strong></span> <span class='ocrx_word' id='word_1_603' title='bbox 2859 3110 2962 3163; x_wconf 88' lang='lat' dir='ltr'><strong>ista</strong></span> <span class='ocrx_word' id='word_1_604' title='bbox 2997 3109 3426 3181; x_wconf 76' lang='lat' dir='ltr'><strong>principialiora,</strong></span> <span class='ocrx_word' id='word_1_605' title='bbox 3458 3129 3581 3181; x_wconf 64' lang='lat' dir='ltr'><strong>quae</strong></span> 
     </span>
    </p>
   </div>
   <div class='ocr_carea' id='block_1_77' title="bbox 2012 3179 3578 3248">
    <p class='ocr_par' dir='ltr' id='par_1_77' title="bbox 2012 3179 3578 3248">
     <span class='ocr_line' id='line_1_77' title="bbox 2012 3179 3578 3248; baseline 0.001 -13"><span class='ocrx_word' id='word_1_606' title='bbox 2012 3181 2343 3246; x_wconf 84' lang='lat' dir='ltr'><strong>exemplaria</strong></span> <span class='ocrx_word' id='word_1_607' title='bbox 2374 3188 2548 3241; x_wconf 89' lang='lat' dir='ltr'><strong>vocat,</strong></span> <span class='ocrx_word' id='word_1_608' title='bbox 2580 3189 2760 3248; x_wconf 80' lang='lat' dir='ltr'><strong>creata</strong></span> <span class='ocrx_word' id='word_1_609' title='bbox 2797 3189 2942 3240; x_wconf 88' lang='lat' dir='ltr'><strong>sunt,</strong></span> <span class='ocrx_word' id='word_1_610' title='bbox 2968 3180 3110 3235; x_wconf 92' lang='lat' dir='ltr'><strong>sicut</strong></span> <span class='ocrx_word' id='word_1_611' title='bbox 3143 3179 3235 3234; x_wconf 89' lang='lat' dir='ltr'><strong>illa</strong></span> <span class='ocrx_word' id='word_1_612' title='bbox 3269 3179 3578 3248; x_wconf 82' lang='lat' dir='ltr'><strong>spiritualia</strong></span> 
     </span>
    </p>
   </div>
   <div class='ocr_carea' id='block_1_78' title="bbox 2011 3247 3580 3320">
    <p class='ocr_par' dir='ltr' id='par_1_78' title="bbox 2011 3247 3580 3320">
     <span class='ocr_line' id='line_1_78' title="bbox 2011 3247 3580 3320; baseline 0.002 -17"><span class='ocrx_word' id='word_1_613' title='bbox 2011 3251 2336 3318; x_wconf 86' lang='lat' dir='ltr'><strong>exemplaria</strong></span> <span class='ocrx_word' id='word_1_614' title='bbox 2388 3257 2604 3303; x_wconf 78' lang='lat' dir='ltr'><strong>ostensa</strong></span> <span class='ocrx_word' id='word_1_615' title='bbox 2641 3247 2823 3320; x_wconf 78' lang='lat' dir='ltr'><strong>Moysi</strong></span> <span class='ocrx_word' id='word_1_616' title='bbox 2859 3249 2910 3320; x_wconf 86' lang='lat' dir='ltr'><strong>in</strong></span> <span class='ocrx_word' id='word_1_617' title='bbox 2948 3260 3154 3314; x_wconf 89' lang='lat' dir='ltr'><strong>monte,</strong></span> <span class='ocrx_word' id='word_1_618' title='bbox 3204 3247 3314 3303; x_wconf 89' lang='lat' dir='ltr'><strong>non</strong></span> <span class='ocrx_word' id='word_1_619' title='bbox 3359 3252 3580 3320; x_wconf 89' lang='lat' dir='ltr'><strong>quidem</strong></span> 
     </span>
    </p>
   </div>
   <div class='ocr_carea' id='block_1_79' title="bbox 2011 3318 3580 3387">
    <p class='ocr_par' dir='ltr' id='par_1_79' title="bbox 2011 3318 3580 3387">
     <span class='ocr_line' id='line_1_79' title="bbox 2011 3318 3580 3387; baseline 0.002 -14"><span class='ocrx_word' id='word_1_620' title='bbox 2011 3330 2268 3386; x_wconf 84' lang='lat' dir='ltr'><strong>tanquam</strong></span> <span class='ocrx_word' id='word_1_621' title='bbox 2305 3320 2635 3385; x_wconf 85' lang='lat' dir='ltr'><strong>exemplaria</strong></span> <span class='ocrx_word' id='word_1_622' title='bbox 2671 3318 2758 3387; x_wconf 88' lang='lat' dir='ltr'><strong>illa</strong></span> <span class='ocrx_word' id='word_1_623' title='bbox 2795 3318 3000 3379; x_wconf 88' lang='lat' dir='ltr'><strong>divina.</strong></span> <span class='ocrx_word' id='word_1_624' title='bbox 3031 3335 3152 3387; x_wconf 73' lang='lat' dir='ltr'><strong>qua:</strong></span> <span class='ocrx_word' id='word_1_625' title='bbox 3188 3330 3316 3373; x_wconf 86' lang='lat' dir='ltr'><strong>sunt</strong></span> <span class='ocrx_word' id='word_1_626' title='bbox 3344 3318 3580 3377; x_wconf 87' lang='lat' dir='ltr'><strong>iucrcata</strong></span> 
     </span>
    </p>
   </div>
   <div class='ocr_carea' id='block_1_80' title="bbox 2010 3386 3582 3457">
    <p class='ocr_par' dir='ltr' id='par_1_80' title="bbox 2010 3386 3582 3457">
     <span class='ocr_line' id='line_1_80' title="bbox 2010 3386 3582 3457; baseline 0.001 -14"><span class='ocrx_word' id='word_1_627' title='bbox 2010 3399 2061 3443; x_wconf 90' lang='lat' dir='ltr'><strong>et</strong></span> <span class='ocrx_word' id='word_1_628' title='bbox 2091 3398 2316 3452; x_wconf 70' lang='lat' dir='ltr'><strong>aeterna,</strong></span> <span class='ocrx_word' id='word_1_629' title='bbox 2365 3388 2654 3441; x_wconf 85' lang='lat' dir='ltr'><strong>invisibilia</strong></span> <span class='ocrx_word' id='word_1_630' title='bbox 2692 3386 2805 3450; x_wconf 85' lang='lat' dir='ltr'><strong>Dei,</strong></span> <span class='ocrx_word' id='word_1_631' title='bbox 2860 3396 2910 3440; x_wconf 89' lang='lat' dir='ltr'><strong>et</strong></span> <span class='ocrx_word' id='word_1_632' title='bbox 2947 3386 3250 3449; x_wconf 82' lang='lat' dir='ltr'><strong>adoranda,</strong></span> <span class='ocrx_word' id='word_1_633' title='bbox 3299 3405 3422 3457; x_wconf 70' lang='lat' dir='ltr'><strong>quae</strong></span> <span class='ocrx_word' id='word_1_634' title='bbox 3455 3400 3582 3444; x_wconf 88' lang='lat' dir='ltr'><strong>sunt</strong></span> 
     </span>
    </p>
   </div>
   <div class='ocr_carea' id='block_1_81' title="bbox 2010 3457 3576 3538">
    <p class='ocr_par' dir='ltr' id='par_1_81' title="bbox 2010 3457 3576 3538">
     <span class='ocr_line' id='line_1_81' title="bbox 2010 3457 3576 3538; baseline 0.002 -29"><span class='ocrx_word' id='word_1_635' title='bbox 2010 3459 2124 3525; x_wconf 82' lang='lat' dir='ltr'><strong>ipse.</strong></span> <span class='ocrx_word' id='word_1_636' title='bbox 2154 3459 2295 3512; x_wconf 88' lang='lat' dir='ltr'><strong>Deus</strong></span> <span class='ocrx_word' id='word_1_637' title='bbox 2332 3457 2794 3538; x_wconf 72' lang='lat' dir='ltr'><strong>simplicissimus,</strong></span> <span class='ocrx_word' id='word_1_638' title='bbox 2825 3458 3224 3538; x_wconf 61' lang='lat' dir='ltr'><strong>sedntanquatn</strong></span> <span class='ocrx_word' id='word_1_639' title='bbox 3244 3461 3576 3538; x_wconf 70' lang='lat' dir='ltr'><strong>exemplaria</strong></span> 
     </span>
    </p>
   </div>
   <div class='ocr_carea' id='block_1_82' title="bbox 2009 3524 3582 3596">
    <p class='ocr_par' dir='ltr' id='par_1_82' title="bbox 2009 3524 3582 3596">
     <span class='ocr_line' id='line_1_82' title="bbox 2009 3524 3582 3596; baseline 0.001 -16"><span class='ocrx_word' id='word_1_640' title='bbox 2009 3524 2192 3580; x_wconf 89' lang='lat' dir='ltr'><strong>creata</strong></span> <span class='ocrx_word' id='word_1_641' title='bbox 2247 3536 2300 3580; x_wconf 89' lang='lat' dir='ltr'><strong>et</strong></span> <span class='ocrx_word' id='word_1_642' title='bbox 2354 3527 2640 3596; x_wconf 80' lang='lat' dir='ltr'><strong>informata</strong></span> <span class='ocrx_word' id='word_1_643' title='bbox 2702 3525 2868 3578; x_wconf 89' lang='lat' dir='ltr'><strong>menti</strong></span> <span class='ocrx_word' id='word_1_644' title='bbox 2913 3524 3112 3596; x_wconf 74' lang='lat' dir='ltr'><strong>Moysis</strong></span> <span class='ocrx_word' id='word_1_645' title='bbox 3173 3524 3458 3588; x_wconf 85' lang='lat' dir='ltr'><strong>divinitus,</strong></span> <span class='ocrx_word' id='word_1_646' title='bbox 3522 3537 3582 3582; x_wconf 91' lang='lat' dir='ltr'><strong>ut</strong></span> 
     </span>
    </p>
   </div>
   <div class='ocr_carea' id='block_1_83' title="bbox 2009 3593 3583 3664">
    <p class='ocr_par' dir='ltr' id='par_1_83' title="bbox 2009 3593 3583 3664">
     <span class='ocr_line' id='line_1_83' title="bbox 2009 3593 3583 3664; baseline 0.001 -15"><span class='ocrx_word' id='word_1_647' title='bbox 2009 3597 2308 3649; x_wconf 84' lang='lat' dir='ltr'><strong>secundum</strong></span> <span class='ocrx_word' id='word_1_648' title='bbox 2355 3610 2416 3647; x_wconf 89' lang='lat' dir='ltr'><strong>ea</strong></span> <span class='ocrx_word' id='word_1_649' title='bbox 2451 3593 2674 3660; x_wconf 83' lang='lat' dir='ltr'><strong>faceret,</strong></span> <span class='ocrx_word' id='word_1_650' title='bbox 2732 3608 2852 3664; x_wconf 77' lang='lat' dir='ltr'><strong>qnze</strong></span> <span class='ocrx_word' id='word_1_651' title='bbox 2905 3593 3088 3664; x_wconf 83' lang='lat' dir='ltr'><strong>facere</strong></span> <span class='ocrx_word' id='word_1_652' title='bbox 3129 3596 3268 3649; x_wconf 84' lang='lat' dir='ltr'><strong>Deus</strong></span> <span class='ocrx_word' id='word_1_653' title='bbox 3302 3598 3350 3650; x_wconf 88' lang='lat' dir='ltr'><strong>ei</strong></span> <span class='ocrx_word' id='word_1_654' title='bbox 3389 3599 3583 3664; x_wconf 68' lang='lat' dir='ltr'><strong>prazci-</strong></span> 
     </span>
    </p>
   </div>
   <div class='ocr_carea' id='block_1_84' title="bbox 2010 3663 3579 3733">
    <p class='ocr_par' dir='ltr' id='par_1_84' title="bbox 2010 3663 3579 3733">
     <span class='ocr_line' id='line_1_84' title="bbox 2010 3663 3579 3733; baseline 0.003 -17"><span class='ocrx_word' id='word_1_655' title='bbox 2010 3666 2212 3733; x_wconf 89' lang='lat' dir='ltr'><strong>piebat,</strong></span> <span class='ocrx_word' id='word_1_656' title='bbox 2253 3679 2382 3733; x_wconf 81' lang='lat' dir='ltr'><strong>quae</strong></span> <span class='ocrx_word' id='word_1_657' title='bbox 2407 3674 2562 3718; x_wconf 87' lang='lat' dir='ltr'><strong>erant</strong></span> <span class='ocrx_word' id='word_1_658' title='bbox 2595 3663 2787 3733; x_wconf 86' lang='lat' dir='ltr'><strong>omnia</strong></span> <span class='ocrx_word' id='word_1_659' title='bbox 2836 3663 3098 3732; x_wconf 81' lang='lat' dir='ltr'><strong>imagines</strong></span> <span class='ocrx_word' id='word_1_660' title='bbox 3131 3667 3369 3718; x_wconf 89' lang='lat' dir='ltr'><strong>tenuiter</strong></span> <span class='ocrx_word' id='word_1_661' title='bbox 3392 3663 3449 3720; x_wconf 86' lang='lat' dir='ltr'><strong>et</strong></span> <span class='ocrx_word' id='word_1_662' title='bbox 3484 3667 3579 3720; x_wconf 81' lang='lat' dir='ltr'><strong>ob-</strong></span> 
     </span>
    </p>
   </div>
   <div class='ocr_carea' id='block_1_85' title="bbox 2012 3732 3584 3799">
    <p class='ocr_par' dir='ltr' id='par_1_85' title="bbox 2012 3732 3584 3799">
     <span class='ocr_line' id='line_1_85' title="bbox 2012 3732 3584 3799; baseline 0.003 -13"><span class='ocrx_word' id='word_1_663' title='bbox 2012 3732 2169 3788; x_wconf 67' lang='lat' dir='ltr'><strong>Scitre</strong></span> <span class='ocrx_word' id='word_1_664' title='bbox 2203 3732 2541 3787; x_wconf 75' lang='lat' dir='ltr'><strong>adumbrata:</strong></span> <span class='ocrx_word' id='word_1_665' title='bbox 2591 3732 2805 3785; x_wconf 90' lang='lat' dir='ltr'><strong>illorum</strong></span> <span class='ocrx_word' id='word_1_666' title='bbox 2836 3733 3254 3799; x_wconf 84' lang='lat' dir='ltr'><strong>exemplarium.</strong></span> <span class='ocrx_word' id='word_1_667' title='bbox 3294 3735 3393 3788; x_wconf 85' lang='lat' dir='ltr'><strong>Alii</strong></span> <span class='ocrx_word' id='word_1_668' title='bbox 3437 3737 3584 3791; x_wconf 87' lang='lat' dir='ltr'><strong>hunc</strong></span> 
     </span>
    </p>
   </div>
   <div class='ocr_carea' id='block_1_86' title="bbox 2010 3801 3578 3868">
    <p class='ocr_par' dir='ltr' id='par_1_86' title="bbox 2010 3801 3578 3868">
     <span class='ocr_line' id='line_1_86' title="bbox 2010 3801 3578 3868; baseline 0.001 -14"><span class='ocrx_word' id='word_1_669' title='bbox 2010 3803 2188 3857; x_wconf 89' lang='lat' dir='ltr'><strong>locum</strong></span> <span class='ocrx_word' id='word_1_670' title='bbox 2231 3819 2257 3855; x_wconf 92' lang='lat' dir='ltr'><strong>a</strong></span> <span class='ocrx_word' id='word_1_671' title='bbox 2291 3801 2550 3868; x_wconf 81' lang='lat' dir='ltr'><strong>Dionysio</strong></span> <span class='ocrx_word' id='word_1_672' title='bbox 2577 3803 2800 3854; x_wconf 90' lang='lat' dir='ltr'><strong>citatum</strong></span> <span class='ocrx_word' id='word_1_673' title='bbox 2843 3817 2907 3854; x_wconf 91' lang='lat' dir='ltr'><strong>ex</strong></span> <span class='ocrx_word' id='word_1_674' title='bbox 2944 3801 3104 3855; x_wconf 91' lang='lat' dir='ltr'><strong>Deut.</strong></span> <span class='ocrx_word' id='word_1_675' title='bbox 3158 3817 3276 3868; x_wconf 86' lang='lat' dir='ltr'><strong>cap.</strong></span> <span class='ocrx_word' id='word_1_676' title='bbox 3323 3820 3393 3866; x_wconf 85' lang='lat' dir='ltr'><strong>iv,</strong></span> <span class='ocrx_word' id='word_1_677' title='bbox 3423 3821 3578 3858; x_wconf 81' lang='lat' dir='ltr'><strong>sum-</strong></span> 
     </span>
    </p>
   </div>
   <div class='ocr_carea' id='block_1_87' title="bbox 2012 3871 3583 3943">
    <p class='ocr_par' dir='ltr' id='par_1_87' title="bbox 2012 3871 3583 3943">
     <span class='ocr_line' id='line_1_87' title="bbox 2012 3871 3583 3943; baseline -0.001 -17"><span class='ocrx_word' id='word_1_678' title='bbox 2012 3883 2161 3943; x_wconf 84' lang='lat' dir='ltr'><strong>ptum</strong></span> <span class='ocrx_word' id='word_1_679' title='bbox 2193 3887 2357 3943; x_wconf 26' lang='lat' dir='ltr'><strong>esse‘</strong></span> <span class='ocrx_word' id='word_1_680' title='bbox 2391 3871 2828 3943; x_wconf 67' lang='lat' dir='ltr'><strong>adnotaverunt;</strong></span> <span class='ocrx_word' id='word_1_681' title='bbox 2895 3872 2985 3925; x_wconf 90' lang='lat' dir='ltr'><strong>sed</strong></span> <span class='ocrx_word' id='word_1_682' title='bbox 3024 3871 3166 3924; x_wconf 91' lang='lat' dir='ltr'><strong>nulla</strong></span> <span class='ocrx_word' id='word_1_683' title='bbox 3201 3874 3409 3927; x_wconf 88' lang='lat' dir='ltr'><strong>ratione</strong></span> <span class='ocrx_word' id='word_1_684' title='bbox 3441 3890 3583 3943; x_wconf 78' lang='lat' dir='ltr'><strong>qua-</strong></span> 
     </span>
    </p>
   </div>
   <div class='ocr_carea' id='block_1_88' title="bbox 2012 3940 3576 4011">
    <p class='ocr_par' dir='ltr' id='par_1_88' title="bbox 2012 3940 3576 4011">
     <span class='ocr_line' id='line_1_88' title="bbox 2012 3940 3576 4011; baseline 0 -15"><span class='ocrx_word' id='word_1_685' title='bbox 2012 3942 2153 3996; x_wconf 82' lang='lat' dir='ltr'><strong>drat.</strong></span> <span class='ocrx_word' id='word_1_686' title='bbox 2184 3942 2291 4011; x_wconf 85' lang='lat' dir='ltr'><strong>Ego</strong></span> <span class='ocrx_word' id='word_1_687' title='bbox 2321 3940 2607 4010; x_wconf 87' lang='lat' dir='ltr'><strong>Georgium</strong></span> <span class='ocrx_word' id='word_1_688' title='bbox 2641 3941 3035 4011; x_wconf 72' lang='lat' dir='ltr'><strong>Pacbymerum</strong></span> <span class='ocrx_word' id='word_1_689' title='bbox 3068 3950 3288 3996; x_wconf 89' lang='lat' dir='ltr'><strong>secutus</strong></span> <span class='ocrx_word' id='word_1_690' title='bbox 3316 3940 3576 4010; x_wconf 22' lang='lat' dir='ltr'><strong>sum,uni</strong></span> 
     </span>
    </p>
   </div>
   <div class='ocr_carea' id='block_1_89' title="bbox 2012 4010 3580 4077">
    <p class='ocr_par' dir='ltr' id='par_1_89' title="bbox 2012 4010 3580 4077">
     <span class='ocr_line' id='line_1_89' title="bbox 2012 4010 3580 4077; baseline 0 -12"><span class='ocrx_word' id='word_1_691' title='bbox 2012 4012 2076 4065; x_wconf 90' lang='lat' dir='ltr'><strong>ad</strong></span> <span class='ocrx_word' id='word_1_692' title='bbox 2111 4010 2258 4065; x_wconf 87' lang='lat' dir='ltr'><strong>illum</strong></span> <span class='ocrx_word' id='word_1_693' title='bbox 2289 4011 2466 4064; x_wconf 92' lang='lat' dir='ltr'><strong>locum</strong></span> <span class='ocrx_word' id='word_1_694' title='bbox 2507 4010 2680 4063; x_wconf 86' lang='lat' dir='ltr'><strong>Exodi</strong></span> <span class='ocrx_word' id='word_1_695' title='bbox 2729 4025 2832 4062; x_wconf 88' lang='lat' dir='ltr'><strong>xxv</strong></span> <span class='ocrx_word' id='word_1_696' title='bbox 2857 4010 3060 4074; x_wconf 88' lang='lat' dir='ltr'><strong>retulit,</strong></span> <span class='ocrx_word' id='word_1_697' title='bbox 3094 4025 3250 4077; x_wconf 91' lang='lat' dir='ltr'><strong>quem</strong></span> <span class='ocrx_word' id='word_1_698' title='bbox 3303 4013 3412 4064; x_wconf 88' lang='lat' dir='ltr'><strong>dixi</strong></span> <span class='ocrx_word' id='word_1_699' title='bbox 3447 4013 3580 4066; x_wconf 89' lang='lat' dir='ltr'><strong>cita-</strong></span> 
     </span>
    </p>
   </div>
   <div class='ocr_carea' id='block_1_90' title="bbox 2012 4078 3573 4148">
    <p class='ocr_par' dir='ltr' id='par_1_90' title="bbox 2012 4078 3573 4148">
     <span class='ocr_line' id='line_1_90' title="bbox 2012 4078 3573 4148; baseline 0.001 -14"><span class='ocrx_word' id='word_1_700' title='bbox 2012 4093 2125 4134; x_wconf 89' lang='lat' dir='ltr'><strong>tum</strong></span> <span class='ocrx_word' id='word_1_701' title='bbox 2155 4096 2277 4135; x_wconf 89' lang='lat' dir='ltr'><strong>esse</strong></span> <span class='ocrx_word' id='word_1_702' title='bbox 2309 4095 2338 4133; x_wconf 90' lang='lat' dir='ltr'><strong>a</strong></span> <span class='ocrx_word' id='word_1_703' title='bbox 2373 4078 2627 4148; x_wconf 83' lang='lat' dir='ltr'><strong>Dionysio</strong></span> <span class='ocrx_word' id='word_1_704' title='bbox 2663 4079 2960 4132; x_wconf 91' lang='lat' dir='ltr'><strong>secundum</strong></span> <span class='ocrx_word' id='word_1_705' title='bbox 3000 4094 3245 4141; x_wconf 88' lang='lat' dir='ltr'><strong>sensum,</strong></span> <span class='ocrx_word' id='word_1_706' title='bbox 3283 4081 3423 4135; x_wconf 88' lang='lat' dir='ltr'><strong>sicut</strong></span> <span class='ocrx_word' id='word_1_707' title='bbox 3469 4083 3573 4135; x_wconf 86' lang='lat' dir='ltr'><strong>ali-</strong></span> 
     </span>
    </p>
   </div>
   <div class='ocr_carea' id='block_1_91' title="bbox 2011 4148 3576 4218">
    <p class='ocr_par' dir='ltr' id='par_1_91' title="bbox 2011 4148 3576 4218">
     <span class='ocr_line' id='line_1_91' title="bbox 2011 4148 3576 4218; baseline 0.001 -15"><span class='ocrx_word' id='word_1_708' title='bbox 2011 4153 2230 4218; x_wconf 84' lang='lat' dir='ltr'><strong>quando</strong></span> <span class='ocrx_word' id='word_1_709' title='bbox 2257 4150 2435 4204; x_wconf 90' lang='lat' dir='ltr'><strong>solent</strong></span> <span class='ocrx_word' id='word_1_710' title='bbox 2478 4148 2740 4218; x_wconf 85' lang='lat' dir='ltr'><strong>apostoli,</strong></span> <span class='ocrx_word' id='word_1_711' title='bbox 2761 4157 2815 4218; x_wconf 89' lang='lat' dir='ltr'><strong>et</strong></span> <span class='ocrx_word' id='word_1_712' title='bbox 2860 4151 3033 4202; x_wconf 89' lang='lat' dir='ltr'><strong>sancti</strong></span> <span class='ocrx_word' id='word_1_713' title='bbox 3069 4148 3276 4214; x_wconf 81' lang='lat' dir='ltr'><strong>Patres,</strong></span> <span class='ocrx_word' id='word_1_714' title='bbox 3324 4151 3576 4206; x_wconf 78' lang='lat' dir='ltr'><strong>similiter</strong></span> 
     </span>
    </p>
   </div>
   <div class='ocr_carea' id='block_1_92' title="bbox 2011 4217 3574 4287">
    <p class='ocr_par' dir='ltr' id='par_1_92' title="bbox 2011 4217 3574 4287">
     <span class='ocr_line' id='line_1_92' title="bbox 2011 4217 3574 4287; baseline 0 -15"><span class='ocrx_word' id='word_1_715' title='bbox 2011 4217 2197 4273; x_wconf 82' lang='lat' dir='ltr'><strong>citavit</strong></span> <span class='ocrx_word' id='word_1_716' title='bbox 2250 4221 2410 4273; x_wconf 85' lang='lat' dir='ltr'><strong>etiam</strong></span> <span class='ocrx_word' id='word_1_717' title='bbox 2474 4218 2668 4287; x_wconf 89' lang='lat' dir='ltr'><strong>ibidem</strong></span> <span class='ocrx_word' id='word_1_718' title='bbox 2701 4217 3016 4287; x_wconf 81' lang='lat' dir='ltr'><strong>Dionysius</strong></span> <span class='ocrx_word' id='word_1_719' title='bbox 3080 4219 3256 4272; x_wconf 90' lang='lat' dir='ltr'><strong>locum</strong></span> <span class='ocrx_word' id='word_1_720' title='bbox 3310 4221 3472 4287; x_wconf 89' lang='lat' dir='ltr'><strong>epist.</strong></span> <span class='ocrx_word' id='word_1_721' title='bbox 3507 4221 3574 4274; x_wconf 78' lang='lat' dir='ltr'><strong>ad</strong></span> 
     </span>
    </p>
   </div>
   <div class='ocr_carea' id='block_1_93' title="bbox 2016 4286 3574 4356">
    <p class='ocr_par' dir='ltr' id='par_1_93' title="bbox 2016 4286 3574 4356">
     <span class='ocr_line' id='line_1_93' title="bbox 2016 4286 3574 4356; baseline 0 -15"><span class='ocrx_word' id='word_1_722' title='bbox 2016 4288 2170 4341; x_wconf 81' lang='lat' dir='ltr'><strong>Rom.</strong></span> <span class='ocrx_word' id='word_1_723' title='bbox 2209 4305 2328 4356; x_wconf 91' lang='lat' dir='ltr'><strong>cap.</strong></span> <span class='ocrx_word' id='word_1_724' title='bbox 2362 4302 2379 4339; x_wconf 89' lang='grc' dir='ltr'><strong>ι</strong></span> <span class='ocrx_word' id='word_1_725' title='bbox 2420 4304 2434 4340; x_wconf 89' lang='lat'><strong>:</strong></span> <span class='ocrx_word' id='word_1_726' title='bbox 2472 4286 2768 4341; x_wconf 90' lang='lat' dir='ltr'><strong>lnvisibilia</strong></span> <span class='ocrx_word' id='word_1_727' title='bbox 2804 4287 2973 4353; x_wconf 90' lang='lat' dir='ltr'><strong>ipsius</strong></span> <span class='ocrx_word' id='word_1_728' title='bbox 3016 4302 3043 4339; x_wconf 89' lang='lat' dir='ltr'><strong>a</strong></span> <span class='ocrx_word' id='word_1_729' title='bbox 3095 4286 3352 4341; x_wconf 87' lang='lat' dir='ltr'><strong>creatura</strong></span> <span class='ocrx_word' id='word_1_730' title='bbox 3390 4290 3574 4344; x_wconf 84' lang='lat' dir='ltr'><strong>mumli</strong></span> 
     </span>
    </p>
   </div>
   <div class='ocr_carea' id='block_1_94' title="bbox 2016 4356 3572 4426">
    <p class='ocr_par' dir='ltr' id='par_1_94' title="bbox 2016 4356 3572 4426">
     <span class='ocr_line' id='line_1_94' title="bbox 2016 4356 3572 4426; baseline -0.002 -15"><span class='ocrx_word' id='word_1_731' title='bbox 2016 4375 2108 4425; x_wconf 90' lang='lat' dir='ltr'><strong>per</strong></span> <span class='ocrx_word' id='word_1_732' title='bbox 2151 4374 2212 4412; x_wconf 88' lang='lat' dir='ltr'><strong>ea</strong></span> <span class='ocrx_word' id='word_1_733' title='bbox 2242 4374 2361 4424; x_wconf 74' lang='lat' dir='ltr'><strong>quae</strong></span> <span class='ocrx_word' id='word_1_734' title='bbox 2413 4356 2555 4410; x_wconf 78' lang='lat' dir='ltr'><strong>facta</strong></span> <span class='ocrx_word' id='word_1_735' title='bbox 2613 4366 2757 4420; x_wconf 85' lang='lat' dir='ltr'><strong>sunt,</strong></span> <span class='ocrx_word' id='word_1_736' title='bbox 2813 4356 3082 4409; x_wconf 91' lang='lat' dir='ltr'><strong>intellecta</strong></span> <span class='ocrx_word' id='word_1_737' title='bbox 3118 4359 3572 4426; x_wconf 79' lang='lat' dir='ltr'><strong>conspiciuntur;</strong></span> 
     </span>
    </p>
   </div>
   <div class='ocr_carea' id='block_1_95' title="bbox 2014 4426 3570 4495">
    <p class='ocr_par' dir='ltr' id='par_1_95' title="bbox 2014 4426 3570 4495">
     <span class='ocr_line' id='line_1_95' title="bbox 2014 4426 3570 4495; baseline -0.001 -14"><span class='ocrx_word' id='word_1_738' title='bbox 2014 4428 2221 4491; x_wconf 88' lang='lat' dir='ltr'><strong>citavit,</strong></span> <span class='ocrx_word' id='word_1_739' title='bbox 2257 4429 2497 4495; x_wconf 83' lang='lat' dir='ltr'><strong>inquam,</strong></span> <span class='ocrx_word' id='word_1_740' title='bbox 2548 4427 2693 4495; x_wconf 87' lang='lat' dir='ltr'><strong>hunc</strong></span> <span class='ocrx_word' id='word_1_741' title='bbox 2739 4427 2912 4478; x_wconf 92' lang='lat' dir='ltr'><strong>locum</strong></span> <span class='ocrx_word' id='word_1_742' title='bbox 2968 4426 3266 4479; x_wconf 88' lang='lat' dir='ltr'><strong>secundum</strong></span> <span class='ocrx_word' id='word_1_743' title='bbox 3325 4444 3570 4489; x_wconf 89' lang='lat' dir='ltr'><strong>sensum,</strong></span> 
     </span>
    </p>
   </div>
   <div class='ocr_carea' id='block_1_96' title="bbox 362 4493 3576 4568">
    <p class='ocr_par' dir='ltr' id='par_1_96' title="bbox 362 4493 3576 4568">
     <span class='ocr_line' id='line_1_96' title="bbox 362 4493 3576 4568; baseline -0.001 -16"><span class='ocrx_word' id='word_1_744' title='bbox 362 4493 485 4555; x_wconf 80' lang='lat' dir='ltr'><strong>dum</strong></span> <span class='ocrx_word' id='word_1_745' title='bbox 540 4499 814 4566; x_wconf 87' lang='lat' dir='ltr'><strong>exemplar</strong></span> <span class='ocrx_word' id='word_1_746' title='bbox 871 4499 1036 4568; x_wconf 16' lang='lat' dir='ltr'><strong>(sive,</strong></span> <span class='ocrx_word' id='word_1_747' title='bbox 1059 4493 1405 4562; x_wconf 72' lang='lat' dir='ltr'><strong>exemplaria,</strong></span> <span class='ocrx_word' id='word_1_748' title='bbox 1459 4514 1565 4552; x_wconf 88' lang='lat' dir='ltr'><strong>non</strong></span> <span class='ocrx_word' id='word_1_749' title='bbox 1622 4498 1768 4549; x_wconf 89' lang='lat' dir='ltr'><strong>enim</strong></span> <span class='ocrx_word' id='word_1_750' title='bbox 1810 4495 1908 4568; x_wconf 81' lang='lat' dir='ltr'><strong>fuit</strong></span> <span class='ocrx_word' id='word_1_751' title='bbox 1942 4499 1984 4553; x_wconf 91' lang='lat' dir='ltr'><strong>D</strong></span> <span class='ocrx_word' id='word_1_752' title='bbox 2015 4501 2104 4564; x_wconf 87' lang='lat' dir='ltr'><strong>qui</strong></span> <span class='ocrx_word' id='word_1_753' title='bbox 2135 4507 2240 4568; x_wconf 78' lang='lat' dir='ltr'><strong>est,</strong></span> <span class='ocrx_word' id='word_1_754' title='bbox 2272 4493 2344 4550; x_wconf 18' lang='lat' dir='ltr'><strong>uti</strong></span> <span class='ocrx_word' id='word_1_755' title='bbox 2368 4497 2444 4548; x_wconf 87' lang='lat' dir='ltr'><strong>ait</strong></span> <span class='ocrx_word' id='word_1_756' title='bbox 2475 4493 2909 4568; x_wconf 80' lang='lat' dir='ltr'><strong>Dionysius,_per</strong></span> <span class='ocrx_word' id='word_1_757' title='bbox 2943 4497 3344 4568; x_wconf 87' lang='lat' dir='ltr'><strong>proportionem</strong></span> <span class='ocrx_word' id='word_1_758' title='bbox 3389 4501 3576 4566; x_wconf 76' lang='lat' dir='ltr'><strong>cogni—</strong></span> 
     </span>
    </p>
   </div>
   <div class='ocr_carea' id='block_1_97' title="bbox 365 4567 1905 4634">
    <p class='ocr_par' dir='ltr' id='par_1_97' title="bbox 365 4567 1905 4634">
     <span class='ocr_line' id='line_1_97' title="bbox 365 4567 1905 4634; baseline -0.003 -12"><span class='ocrx_word' id='word_1_759' title='bbox 365 4587 527 4622; x_wconf 83' lang='lat' dir='ltr'><strong>unum</strong></span> <span class='ocrx_word' id='word_1_760' title='bbox 586 4567 895 4634; x_wconf 79' lang='lat' dir='ltr'><strong>exemplar,</strong></span> <span class='ocrx_word' id='word_1_761' title='bbox 947 4567 1041 4622; x_wconf 88' lang='lat' dir='ltr'><strong>sed</strong></span> <span class='ocrx_word' id='word_1_762' title='bbox 1095 4569 1297 4634; x_wconf 90' lang='lat' dir='ltr'><strong>multa)</strong></span> <span class='ocrx_word' id='word_1_763' title='bbox 1359 4568 1452 4622; x_wconf 88' lang='lat' dir='ltr'><strong>tibi</strong></span> <span class='ocrx_word' id='word_1_764' title='bbox 1512 4576 1788 4620; x_wconf 68' lang='lat' dir='ltr'><strong>ostensum</strong></span> <span class='ocrx_word' id='word_1_765' title='bbox 1854 4567 1905 4617; x_wconf 92' lang='lat' dir='ltr'><strong>in</strong></span> 
     </span>
    </p>
   </div>
   <div class='ocr_carea' id='block_1_98' title="bbox 367 4636 1909 4702">
    <p class='ocr_par' dir='ltr' id='par_1_98' title="bbox 367 4636 1909 4702">
     <span class='ocr_line' id='line_1_98' title="bbox 367 4636 1909 4702; baseline -0.002 -11"><span class='ocrx_word' id='word_1_766' title='bbox 367 4647 581 4696; x_wconf 85' lang='lat' dir='ltr'><strong>monte.</strong></span> <span class='ocrx_word' id='word_1_767' title='bbox 632 4638 763 4690; x_wconf 91' lang='lat' dir='ltr'><strong>satis</strong></span> <span class='ocrx_word' id='word_1_768' title='bbox 810 4637 953 4690; x_wconf 89' lang='lat' dir='ltr'><strong>clare</strong></span> <span class='ocrx_word' id='word_1_769' title='bbox 1001 4637 1150 4696; x_wconf 88' lang='lat' dir='ltr'><strong>dicit,</strong></span> <span class='ocrx_word' id='word_1_770' title='bbox 1198 4638 1409 4691; x_wconf 91' lang='lat' dir='ltr'><strong>ostendi</strong></span> <span class='ocrx_word' id='word_1_771' title='bbox 1459 4636 1755 4702; x_wconf 86' lang='lat' dir='ltr'><strong>exemplar,</strong></span> <span class='ocrx_word' id='word_1_772' title='bbox 1791 4637 1909 4689; x_wconf 88' lang='lat' dir='ltr'><strong>sive</strong></span> 
     </span>
    </p>
   </div>
   <div class='ocr_carea' id='block_1_99' title="bbox 365 4704 1905 4774">
    <p class='ocr_par' dir='ltr' id='par_1_99' title="bbox 365 4704 1905 4774">
     <span class='ocr_line' id='line_1_99' title="bbox 365 4704 1905 4774; baseline -0.003 -14"><span class='ocrx_word' id='word_1_773' title='bbox 365 4707 690 4774; x_wconf 83' lang='lat' dir='ltr'><strong>exeutplaria</strong></span> <span class='ocrx_word' id='word_1_774' title='bbox 725 4722 829 4758; x_wconf 89' lang='lat' dir='ltr'><strong>non</strong></span> <span class='ocrx_word' id='word_1_775' title='bbox 865 4707 928 4759; x_wconf 90' lang='lat' dir='ltr'><strong>ad</strong></span> <span class='ocrx_word' id='word_1_776' title='bbox 961 4706 1244 4759; x_wconf 85' lang='lat' dir='ltr'><strong>colendum</strong></span> <span class='ocrx_word' id='word_1_777' title='bbox 1291 4707 1380 4759; x_wconf 92' lang='lat' dir='ltr'><strong>illa</strong></span> <span class='ocrx_word' id='word_1_778' title='bbox 1429 4704 1554 4772; x_wconf 89' lang='lat' dir='ltr'><strong>(hoc</strong></span> <span class='ocrx_word' id='word_1_779' title='bbox 1584 4708 1729 4770; x_wconf 85' lang='lat' dir='ltr'><strong>enim</strong></span> <span class='ocrx_word' id='word_1_780' title='bbox 1767 4714 1905 4768; x_wconf 88' lang='lat' dir='ltr'><strong>erat,</strong></span> 
     </span>
    </p>
   </div>
   <div class='ocr_carea' id='block_1_100' title="bbox 364 4774 1909 4843">
    <p class='ocr_par' dir='ltr' id='par_1_100' title="bbox 364 4774 1909 4843">
     <span class='ocr_line' id='line_1_100' title="bbox 364 4774 1909 4843; baseline -0.003 -12"><span class='ocrx_word' id='word_1_781' title='bbox 364 4778 442 4831; x_wconf 89' lang='lat' dir='ltr'><strong>ire</strong></span> <span class='ocrx_word' id='word_1_782' title='bbox 471 4785 588 4841; x_wconf 87' lang='lat' dir='ltr'><strong>post</strong></span> <span class='ocrx_word' id='word_1_783' title='bbox 628 4791 710 4836; x_wconf 87' lang='lat' dir='ltr'><strong>ea,</strong></span> <span class='ocrx_word' id='word_1_784' title='bbox 744 4776 922 4828; x_wconf 89' lang='lat' dir='ltr'><strong>colere</strong></span> <span class='ocrx_word' id='word_1_785' title='bbox 955 4777 1062 4840; x_wconf 91' lang='lat' dir='ltr'><strong>illa,</strong></span> <span class='ocrx_word' id='word_1_786' title='bbox 1083 4787 1135 4828; x_wconf 92' lang='lat' dir='ltr'><strong>et</strong></span> <span class='ocrx_word' id='word_1_787' title='bbox 1166 4777 1363 4828; x_wconf 87' lang='lat' dir='ltr'><strong>habere</strong></span> <span class='ocrx_word' id='word_1_788' title='bbox 1395 4789 1458 4828; x_wconf 90' lang='lat' dir='ltr'><strong>ea</strong></span> <span class='ocrx_word' id='word_1_789' title='bbox 1489 4791 1585 4843; x_wconf 91' lang='lat' dir='ltr'><strong>pro</strong></span> <span class='ocrx_word' id='word_1_790' title='bbox 1631 4774 1782 4843; x_wconf 90' lang='lat' dir='ltr'><strong>diis),</strong></span> <span class='ocrx_word' id='word_1_791' title='bbox 1817 4775 1909 4827; x_wconf 88' lang='lat' dir='ltr'><strong>sed</strong></span> 
     </span>
    </p>
   </div>
   <div class='ocr_carea' id='block_1_101' title="bbox 365 4844 1908 4911">
    <p class='ocr_par' dir='ltr' id='par_1_101' title="bbox 365 4844 1908 4911">
     <span class='ocr_line' id='line_1_101' title="bbox 365 4844 1908 4911; baseline -0.001 -13"><span class='ocrx_word' id='word_1_792' title='bbox 365 4849 572 4899; x_wconf 50' lang='lat' dir='ltr'><strong>ostendi</strong></span> <span class='ocrx_word' id='word_1_793' title='bbox 609 4845 933 4911; x_wconf 86' lang='lat' dir='ltr'><strong>exemplaria</strong></span> <span class='ocrx_word' id='word_1_794' title='bbox 969 4845 1034 4898; x_wconf 91' lang='lat' dir='ltr'><strong>ad</strong></span> <span class='ocrx_word' id='word_1_795' title='bbox 1084 4844 1408 4898; x_wconf 87' lang='lat' dir='ltr'><strong>l&#39;aciendum-</strong></span> <span class='ocrx_word' id='word_1_796' title='bbox 1448 4844 1742 4897; x_wconf 90' lang='lat' dir='ltr'><strong>secundum</strong></span> <span class='ocrx_word' id='word_1_797' title='bbox 1801 4845 1908 4905; x_wconf 93' lang='lat' dir='ltr'><strong>illa,</strong></span> 
     </span>
    </p>
   </div>
   <div class='ocr_carea' id='block_1_102' title="bbox 367 4913 1912 4982">
    <p class='ocr_par' dir='ltr' id='par_1_102' title="bbox 367 4913 1912 4982">
     <span class='ocr_line' id='line_1_102' title="bbox 367 4913 1912 4982; baseline 0.001 -17"><span class='ocrx_word' id='word_1_798' title='bbox 367 4927 485 4982; x_wconf 68' lang='lat' dir='ltr'><strong>illlu‘.</strong></span> <span class='ocrx_word' id='word_1_799' title='bbox 524 4914 758 4965; x_wconf 85' lang='lat' dir='ltr'><strong>facienda</strong></span> <span class='ocrx_word' id='word_1_800' title='bbox 795 4925 920 4967; x_wconf 92' lang='lat' dir='ltr'><strong>sunt</strong></span> <span class='ocrx_word' id='word_1_801' title='bbox 955 4916 1006 4966; x_wconf 93' lang='lat' dir='ltr'><strong>in</strong></span> <span class='ocrx_word' id='word_1_802' title='bbox 1041 4915 1390 4982; x_wconf 85' lang='lat' dir='ltr'><strong>tabernaculo</strong></span> <span class='ocrx_word' id='word_1_803' title='bbox 1416 4923 1467 4967; x_wconf 89' lang='lat' dir='ltr'><strong>et</strong></span> <span class='ocrx_word' id='word_1_804' title='bbox 1503 4915 1644 4967; x_wconf 86' lang='lat' dir='ltr'><strong>vasis</strong></span> <span class='ocrx_word' id='word_1_805' title='bbox 1676 4913 1811 4979; x_wconf 74' lang='lat' dir='ltr'><strong>ejus,</strong></span> <span class='ocrx_word' id='word_1_806' title='bbox 1859 4927 1912 4966; x_wconf 92' lang='lat' dir='ltr'><strong>et</strong></span> 
     </span>
    </p>
   </div>
   <div class='ocr_carea' id='block_1_103' title="bbox 309 4981 1912 5046">
    <p class='ocr_par' dir='ltr' id='par_1_103' title="bbox 309 4981 1912 5046">
     <span class='ocr_line' id='line_1_103' title="bbox 309 4981 1912 5046; baseline -0.002 -9"><span class='ocrx_word' id='word_1_807' title='bbox 309 4987 314 4993; x_wconf 87' lang='grc'><em>’</em></span> <span class='ocrx_word' id='word_1_808' title='bbox 367 4981 420 5037; x_wconf 82' lang='lat' dir='ltr'><strong>in</strong></span> <span class='ocrx_word' id='word_1_809' title='bbox 447 4985 814 5036; x_wconf 60' lang='lat' dir='ltr'><strong>sacerdotibus</strong></span> <span class='ocrx_word' id='word_1_810' title='bbox 845 4995 898 5036; x_wconf 90' lang='lat' dir='ltr'><strong>et</strong></span> <span class='ocrx_word' id='word_1_811' title='bbox 925 4997 1113 5035; x_wconf 90' lang='lat' dir='ltr'><strong>eorum</strong></span> <span class='ocrx_word' id='word_1_812' title='bbox 1145 4981 1448 5044; x_wconf 75' lang='lat' dir='ltr'><strong>sacrificiis,</strong></span> <span class='ocrx_word' id='word_1_813' title='bbox 1481 4993 1532 5036; x_wconf 91' lang='lat' dir='ltr'><strong>et</strong></span> <span class='ocrx_word' id='word_1_814' title='bbox 1563 4984 1612 5035; x_wconf 89' lang='lat' dir='ltr'><strong>in</strong></span> <span class='ocrx_word' id='word_1_815' title='bbox 1648 4983 1788 5046; x_wconf 90' lang='lat' dir='ltr'><strong>aliis,</strong></span> <span class='ocrx_word' id='word_1_816' title='bbox 1829 4983 1912 5036; x_wconf 89' lang='lat' dir='ltr'><strong>lex</strong></span> 
     </span>
    </p>
   </div>
   <div class='ocr_carea' id='block_1_104' title="bbox 365 5051 1916 5114">
    <p class='ocr_par' dir='ltr' id='par_1_104' title="bbox 365 5051 1916 5114">
     <span class='ocr_line' id='line_1_104' title="bbox 365 5051 1916 5114; baseline -0.001 -8"><span class='ocrx_word' id='word_1_817' title='bbox 365 5056 506 5107; x_wconf 84' lang='lat' dir='ltr'><strong>enim</strong></span> <span class='ocrx_word' id='word_1_818' title='bbox 542 5052 786 5105; x_wconf 86' lang='lat' dir='ltr'><strong>umbram</strong></span> <span class='ocrx_word' id='word_1_819' title='bbox 818 5053 1043 5107; x_wconf 80' lang='lat' dir='ltr'><strong>habebat</strong></span> <span class='ocrx_word' id='word_1_820' title='bbox 1068 5051 1369 5106; x_wconf 80' lang='lat' dir='ltr'><strong>futurorum</strong></span> <span class='ocrx_word' id='word_1_821' title='bbox 1398 5054 1688 5114; x_wconf 89' lang='lat' dir='ltr'><strong>bonorum,</strong></span> <span class='ocrx_word' id='word_1_822' title='bbox 1709 5053 1916 5106; x_wconf 83' lang='lat' dir='ltr'><strong>scilicet</strong></span> 
     </span>
    </p>
   </div>
   <div class='ocr_carea' id='block_1_105' title="bbox 369 5121 1912 5190">
    <p class='ocr_par' dir='ltr' id='par_1_105' title="bbox 369 5121 1912 5190">
     <span class='ocr_line' id='line_1_105' title="bbox 369 5121 1912 5190; baseline -0.002 -14"><span class='ocrx_word' id='word_1_823' title='bbox 369 5122 754 5186; x_wconf 79' lang='lat' dir='ltr'><strong>Spiritualiutn,</strong></span> <span class='ocrx_word' id='word_1_824' title='bbox 795 5137 914 5190; x_wconf 67' lang='lat' dir='ltr'><strong>qua:</strong></span> <span class='ocrx_word' id='word_1_825' title='bbox 958 5121 1169 5188; x_wconf 87' lang='lat' dir='ltr'><strong>quidem</strong></span> <span class='ocrx_word' id='word_1_826' title='bbox 1207 5132 1426 5175; x_wconf 84' lang='lat' dir='ltr'><strong>ostensa</strong></span> <span class='ocrx_word' id='word_1_827' title='bbox 1477 5130 1606 5175; x_wconf 91' lang='lat' dir='ltr'><strong>sunt</strong></span> <span class='ocrx_word' id='word_1_828' title='bbox 1654 5121 1822 5189; x_wconf 78' lang='lat' dir='ltr'><strong>Moysi</strong></span> <span class='ocrx_word' id='word_1_829' title='bbox 1860 5122 1912 5173; x_wconf 87' lang='lat' dir='ltr'><strong>in</strong></span> 
     </span>
    </p>
   </div>
   <div class='ocr_carea' id='block_1_106' title="bbox 368 5191 1917 5260">
    <p class='ocr_par' dir='ltr' id='par_1_106' title="bbox 368 5191 1917 5260">
     <span class='ocr_line' id='line_1_106' title="bbox 368 5191 1917 5260; baseline -0.002 -14"><span class='ocrx_word' id='word_1_830' title='bbox 368 5195 579 5259; x_wconf 79' lang='lat' dir='ltr'><strong>Spiritu,</strong></span> <span class='ocrx_word' id='word_1_831' title='bbox 616 5207 844 5258; x_wconf 90' lang='lat' dir='ltr'><strong>quorum</strong></span> <span class='ocrx_word' id='word_1_832' title='bbox 882 5191 1266 5256; x_wconf 87' lang='lat' dir='ltr'><strong>exemplarium</strong></span> <span class='ocrx_word' id='word_1_833' title='bbox 1303 5191 1563 5260; x_wconf 82' lang='lat' dir='ltr'><strong>imagines</strong></span> <span class='ocrx_word' id='word_1_834' title='bbox 1605 5200 1760 5260; x_wconf 74' lang='lat' dir='ltr'><strong>erant</strong></span> <span class='ocrx_word' id='word_1_835' title='bbox 1803 5206 1917 5243; x_wconf 79' lang='lat' dir='ltr'><strong>om—</strong></span> 
     </span>
    </p>
   </div>
   <div class='ocr_carea' id='block_1_107' title="bbox 371 5258 1914 5330">
    <p class='ocr_par' dir='ltr' id='par_1_107' title="bbox 371 5258 1914 5330">
     <span class='ocr_line' id='line_1_107' title="bbox 371 5258 1914 5330; baseline -0.001 -17"><span class='ocrx_word' id='word_1_836' title='bbox 371 5258 453 5313; x_wconf 75' lang='lat' dir='ltr'><strong>nia</strong></span> <span class='ocrx_word' id='word_1_837' title='bbox 499 5277 622 5330; x_wconf 67' lang='lat' dir='ltr'><strong>quae</strong></span> <span class='ocrx_word' id='word_1_838' title='bbox 659 5262 712 5314; x_wconf 91' lang='lat' dir='ltr'><strong>in</strong></span> <span class='ocrx_word' id='word_1_839' title='bbox 745 5261 859 5328; x_wconf 91' lang='lat' dir='ltr'><strong>lege</strong></span> <span class='ocrx_word' id='word_1_840' title='bbox 889 5260 1104 5324; x_wconf 79' lang='lat' dir='ltr'><strong>ﬁebant,</strong></span> <span class='ocrx_word' id='word_1_841' title='bbox 1147 5262 1308 5330; x_wconf 72' lang='lat' dir='ltr'><strong>sicut</strong></span> <span class='ocrx_word' id='word_1_842' title='bbox 1336 5258 1583 5330; x_wconf 11' lang='lat' dir='ltr'><strong>aitiiﬁdem</strong></span> <span class='ocrx_word' id='word_1_843' title='bbox 1607 5258 1914 5330; x_wconf 36' lang='lat' dir='ltr'><strong>‘Dionysius</strong></span> 
     </span>
    </p>
   </div>
   <div class='ocr_carea' id='block_1_108' title="bbox 369 5328 1917 5398">
    <p class='ocr_par' dir='ltr' id='par_1_108' title="bbox 369 5328 1917 5398">
     <span class='ocr_line' id='line_1_108' title="bbox 369 5328 1917 5398; baseline 0 -17"><span class='ocrx_word' id='word_1_844' title='bbox 369 5332 420 5382; x_wconf 87' lang='lat' dir='ltr'><strong>in</strong></span> <span class='ocrx_word' id='word_1_845' title='bbox 460 5328 700 5384; x_wconf 78' lang='lat' dir='ltr'><strong>extrema</strong></span> <span class='ocrx_word' id='word_1_846' title='bbox 734 5332 924 5397; x_wconf 87' lang='lat' dir='ltr'><strong>pagina</strong></span> <span class='ocrx_word' id='word_1_847' title='bbox 955 5344 1073 5398; x_wconf 84' lang='lat' dir='ltr'><strong>cap.</strong></span> <span class='ocrx_word' id='word_1_848' title='bbox 1102 5333 1135 5383; x_wconf 80' lang='grc'><strong>4</strong></span> <span class='ocrx_word' id='word_1_849' title='bbox 1187 5328 1385 5381; x_wconf 76' lang='lat' dir='ltr'><strong>Eccles.</strong></span> <span class='ocrx_word' id='word_1_850' title='bbox 1417 5329 1560 5382; x_wconf 85' lang='lat' dir='ltr'><strong>Hier.</strong></span> <span class='ocrx_word' id='word_1_851' title='bbox 1595 5328 1729 5393; x_wconf 86' lang='lat' dir='ltr'><strong>Quia</strong></span> <span class='ocrx_word' id='word_1_852' title='bbox 1754 5329 1917 5396; x_wconf 78' lang='lat' dir='ltr'><strong>igitur</strong></span> 
     </span>
    </p>
   </div>
   <div class='ocr_carea' id='block_1_109' title="bbox 370 5398 1914 5466">
    <p class='ocr_par' dir='ltr' id='par_1_109' title="bbox 370 5398 1914 5466">
     <span class='ocr_line' id='line_1_109' title="bbox 370 5398 1914 5466; baseline -0.001 -15"><span class='ocrx_word' id='word_1_853' title='bbox 370 5401 616 5454; x_wconf 77' lang='lat' dir='ltr'><strong>Clemens</strong></span> <span class='ocrx_word' id='word_1_854' title='bbox 670 5401 887 5453; x_wconf 87' lang='lat' dir='ltr'><strong>videbat</strong></span> <span class='ocrx_word' id='word_1_855' title='bbox 940 5400 1009 5452; x_wconf 75' lang='grc' dir='ltr'><strong>τὰ</strong></span> <span class='ocrx_word' id='word_1_856' title='bbox 1060 5402 1259 5462; x_wconf 78' lang='grc' dir='ltr'><strong>νοητὰ,</strong></span> <span class='ocrx_word' id='word_1_857' title='bbox 1328 5400 1376 5450; x_wconf 90' lang='lat' dir='ltr'><strong>id</strong></span> <span class='ocrx_word' id='word_1_858' title='bbox 1435 5408 1552 5461; x_wconf 78' lang='lat' dir='ltr'><strong>est,</strong></span> <span class='ocrx_word' id='word_1_859' title='bbox 1610 5398 1914 5466; x_wconf 73' lang='lat' dir='ltr'><strong>spiritualia</strong></span> 
     </span>
    </p>
   </div>
   <div class='ocr_carea' id='block_1_110' title="bbox 372 5466 1898 5538">
    <p class='ocr_par' dir='ltr' id='par_1_110' title="bbox 372 5466 1898 5538">
     <span class='ocr_line' id='line_1_110' title="bbox 372 5466 1898 5538; baseline -0.001 -19"><span class='ocrx_word' id='word_1_860' title='bbox 372 5478 584 5522; x_wconf 90' lang='lat' dir='ltr'><strong>ostensa</strong></span> <span class='ocrx_word' id='word_1_861' title='bbox 620 5467 789 5538; x_wconf 81' lang='lat' dir='ltr'><strong>Moysi</strong></span> <span class='ocrx_word' id='word_1_862' title='bbox 821 5469 998 5521; x_wconf 90' lang='lat' dir='ltr'><strong>vocari</strong></span> <span class='ocrx_word' id='word_1_863' title='bbox 1038 5469 1089 5520; x_wconf 91' lang='lat' dir='ltr'><strong>in</strong></span> <span class='ocrx_word' id='word_1_864' title='bbox 1134 5466 1411 5529; x_wconf 73' lang='lat' dir='ltr'><strong>Scriptura</strong></span> <span class='ocrx_word' id='word_1_865' title='bbox 1454 5467 1622 5538; x_wconf 83' lang='lat' dir='ltr'><strong>Exodi</strong></span> <span class='ocrx_word' id='word_1_866' title='bbox 1658 5467 1898 5535; x_wconf 71' lang='grc' dir='ltr'>παραδεί-</span> 
     </span>
    </p>
   </div>
   <div class='ocr_carea' id='block_1_111' title="bbox 374 5536 1916 5606">
    <p class='ocr_par' dir='ltr' id='par_1_111' title="bbox 374 5536 1916 5606">
     <span class='ocr_line' id='line_1_111' title="bbox 374 5536 1916 5606; baseline 0.001 -18"><span class='ocrx_word' id='word_1_867' title='bbox 374 5552 575 5606; x_wconf 73' lang='grc' dir='ltr'><strong>γματα,</strong></span> <span class='ocrx_word' id='word_1_868' title='bbox 611 5536 729 5606; x_wconf 70' lang='lat' dir='ltr'><strong>qua:</strong></span> <span class='ocrx_word' id='word_1_869' title='bbox 768 5549 893 5592; x_wconf 90' lang='lat' dir='ltr'><strong>sunt</strong></span> <span class='ocrx_word' id='word_1_870' title='bbox 940 5539 1003 5589; x_wconf 91' lang='lat' dir='ltr'><strong>ad</strong></span> <span class='ocrx_word' id='word_1_871' title='bbox 1056 5539 1280 5605; x_wconf 81' lang='lat' dir='ltr'><strong>aliquid,</strong></span> <span class='ocrx_word' id='word_1_872' title='bbox 1329 5540 1455 5606; x_wconf 85' lang='lat' dir='ltr'><strong>quia</strong></span> <span class='ocrx_word' id='word_1_873' title='bbox 1494 5536 1802 5590; x_wconf 80' lang='lat' dir='ltr'><strong>referuntur</strong></span> <span class='ocrx_word' id='word_1_874' title='bbox 1849 5538 1916 5589; x_wconf 88' lang='lat' dir='ltr'><strong>ad</strong></span> 
     </span>
    </p>
   </div>
   <div class='ocr_carea' id='block_1_112' title="bbox 341 5605 1914 5676">
    <p class='ocr_par' dir='ltr' id='par_1_112' title="bbox 341 5605 1914 5676">
     <span class='ocr_line' id='line_1_112' title="bbox 341 5605 1914 5676; baseline 0.002 -20"><span class='ocrx_word' id='word_1_875' title='bbox 341 5648 344 5650; x_wconf 88' lang='lat'><strong>.</strong></span> <span class='ocrx_word' id='word_1_876' title='bbox 373 5605 637 5672; x_wconf 82' lang='lat' dir='ltr'><strong>imagines</strong></span> <span class='ocrx_word' id='word_1_877' title='bbox 667 5609 960 5676; x_wconf 86' lang='lat' dir='ltr'><strong>(exemplar</strong></span> <span class='ocrx_word' id='word_1_878' title='bbox 991 5608 1134 5659; x_wconf 92' lang='lat' dir='ltr'><strong>enim</strong></span> <span class='ocrx_word' id='word_1_879' title='bbox 1176 5605 1375 5660; x_wconf 82' lang='lat' dir='ltr'><strong>dicitur</strong></span> <span class='ocrx_word' id='word_1_880' title='bbox 1401 5608 1670 5675; x_wconf 87' lang='lat' dir='ltr'><strong>imaginis,</strong></span> <span class='ocrx_word' id='word_1_881' title='bbox 1697 5615 1750 5658; x_wconf 89' lang='lat' dir='ltr'><strong>et</strong></span> <span class='ocrx_word' id='word_1_882' title='bbox 1776 5607 1914 5659; x_wconf 87' lang='lat' dir='ltr'><strong>ima-</strong></span> 
     </span>
    </p>
   </div>
   <div class='ocr_carea' id='block_1_113' title="bbox 374 5677 1917 5745">
    <p class='ocr_par' dir='ltr' id='par_1_113' title="bbox 374 5677 1917 5745">
     <span class='ocr_line' id='line_1_113' title="bbox 374 5677 1917 5745; baseline 0.002 -19"><span class='ocrx_word' id='word_1_883' title='bbox 374 5677 818 5745; x_wconf 14' lang='lat' dir='ltr'><strong>gorexemplaris),</strong></span> <span class='ocrx_word' id='word_1_884' title='bbox 841 5678 1088 5730; x_wconf 88' lang='lat' dir='ltr'><strong>similiter</strong></span> <span class='ocrx_word' id='word_1_885' title='bbox 1109 5678 1356 5732; x_wconf 75' lang='lat' dir='ltr'><strong>Clemens</strong></span> <span class='ocrx_word' id='word_1_886' title='bbox 1381 5691 1501 5745; x_wconf 65' lang='lat' dir='ltr'><strong>quae</strong></span> <span class='ocrx_word' id='word_1_887' title='bbox 1525 5686 1650 5730; x_wconf 83' lang='lat' dir='ltr'><strong>Stllll</strong></span> <span class='ocrx_word' id='word_1_888' title='bbox 1678 5677 1728 5728; x_wconf 91' lang='lat' dir='ltr'><strong>in</strong></span> <span class='ocrx_word' id='word_1_889' title='bbox 1759 5677 1917 5729; x_wconf 72' lang='lat' dir='ltr'><strong>rebus</strong></span> 
     </span>
    </p>
   </div>
   <div class='ocr_carea' id='block_1_114' title="bbox 377 5744 1915 5812">
    <p class='ocr_par' dir='ltr' id='par_1_114' title="bbox 377 5744 1915 5812">
     <span class='ocr_line' id='line_1_114' title="bbox 377 5744 1915 5812; baseline 0.003 -20"><span class='ocrx_word' id='word_1_890' title='bbox 377 5744 796 5811; x_wconf 81' lang='lat' dir='ltr'><strong>principialiora,</strong></span> <span class='ocrx_word' id='word_1_891' title='bbox 834 5747 1158 5812; x_wconf 78' lang='lat' dir='ltr'><strong>exemplaria</strong></span> <span class='ocrx_word' id='word_1_892' title='bbox 1191 5747 1293 5797; x_wconf 76' lang='lat' dir='ltr'><strong>dici</strong></span> <span class='ocrx_word' id='word_1_893' title='bbox 1341 5744 1532 5811; x_wconf 83' lang='lat' dir='ltr'><strong>voluit,</strong></span> <span class='ocrx_word' id='word_1_894' title='bbox 1561 5762 1680 5810; x_wconf 63' lang='lat' dir='ltr'><strong>quae.</strong></span> <span class='ocrx_word' id='word_1_895' title='bbox 1723 5746 1786 5798; x_wconf 90' lang='lat' dir='ltr'><strong>ad</strong></span> <span class='ocrx_word' id='word_1_896' title='bbox 1821 5747 1915 5798; x_wconf 88' lang='lat' dir='ltr'><strong>ali-</strong></span> 
     </span>
    </p>
   </div>
   <div class='ocr_carea' id='block_1_115' title="bbox 373 5815 1918 5883">
    <p class='ocr_par' dir='ltr' id='par_1_115' title="bbox 373 5815 1918 5883">
     <span class='ocr_line' id='line_1_115' title="bbox 373 5815 1918 5883; baseline 0.001 -20"><span class='ocrx_word' id='word_1_897' title='bbox 373 5816 499 5878; x_wconf 81' lang='lat' dir='ltr'><strong>quid</strong></span> <span class='ocrx_word' id='word_1_898' title='bbox 568 5815 891 5875; x_wconf 84' lang='lat' dir='ltr'><strong>referuntur,</strong></span> <span class='ocrx_word' id='word_1_899' title='bbox 945 5817 1011 5869; x_wconf 88' lang='lat' dir='ltr'><strong>ad</strong></span> <span class='ocrx_word' id='word_1_900' title='bbox 1067 5817 1154 5869; x_wconf 85' lang='lat' dir='ltr'><strong>illa</strong></span> <span class='ocrx_word' id='word_1_901' title='bbox 1208 5817 1432 5883; x_wconf 77' lang='lat' dir='ltr'><strong>scilicet,</strong></span> <span class='ocrx_word' id='word_1_902' title='bbox 1489 5830 1719 5883; x_wconf 85' lang='lat' dir='ltr'><strong>quorum</strong></span> <span class='ocrx_word' id='word_1_903' title='bbox 1793 5829 1918 5869; x_wconf 78' lang='lat' dir='ltr'><strong>sum</strong></span> 
     </span>
    </p>
   </div>
   <div class='ocr_carea' id='block_1_116' title="bbox 2013 4563 3572 4632">
    <p class='ocr_par' dir='ltr' id='par_1_116' title="bbox 2013 4563 3572 4632">
     <span class='ocr_line' id='line_1_116' title="bbox 2013 4563 3572 4632; baseline 0.001 -14"><span class='ocrx_word' id='word_1_904' title='bbox 2013 4563 2176 4619; x_wconf 81' lang='lat' dir='ltr'><strong>tionis</strong></span> <span class='ocrx_word' id='word_1_905' title='bbox 2214 4576 2589 4619; x_wconf 87' lang='lat' dir='ltr'><strong>creaturarum</strong></span> <span class='ocrx_word' id='word_1_906' title='bbox 2619 4563 2818 4618; x_wconf 80' lang='lat' dir='ltr'><strong>adduci</strong></span> <span class='ocrx_word' id='word_1_907' title='bbox 2865 4577 2983 4629; x_wconf 90' lang='lat' dir='ltr'><strong>nos,</strong></span> <span class='ocrx_word' id='word_1_908' title='bbox 3026 4566 3204 4631; x_wconf 89' lang='lat' dir='ltr'><strong>quoad</strong></span> <span class='ocrx_word' id='word_1_909' title='bbox 3261 4563 3572 4632; x_wconf 76' lang='lat' dir='ltr'><strong>possumus,</strong></span> 
     </span>
    </p>
   </div>
   <div class='ocr_carea' id='block_1_117' title="bbox 2013 4632 3574 4704">
    <p class='ocr_par' dir='ltr' id='par_1_117' title="bbox 2013 4632 3574 4704">
     <span class='ocr_line' id='line_1_117' title="bbox 2013 4632 3574 4704; baseline -0.001 -15"><span class='ocrx_word' id='word_1_910' title='bbox 2013 4639 2078 4689; x_wconf 89' lang='lat' dir='ltr'><strong>ad</strong></span> <span class='ocrx_word' id='word_1_911' title='bbox 2135 4633 2568 4704; x_wconf 90' lang='lat' dir='ltr'><strong>cognoscendum</strong></span> <span class='ocrx_word' id='word_1_912' title='bbox 2617 4648 2840 4704; x_wconf 89' lang='lat' dir='ltr'><strong>causam</strong></span> <span class='ocrx_word' id='word_1_913' title='bbox 2871 4634 3162 4704; x_wconf 84' lang='lat' dir='ltr'><strong>omnium.</strong></span> <span class='ocrx_word' id='word_1_914' title='bbox 3216 4632 3399 4703; x_wconf 88' lang='lat' dir='ltr'><strong>Itaque</strong></span> <span class='ocrx_word' id='word_1_915' title='bbox 3450 4649 3574 4690; x_wconf 91' lang='lat' dir='ltr'><strong>com</strong></span> 
     </span>
    </p>
   </div>
   <div class='ocr_carea' id='block_1_118' title="bbox 2012 4703 3573 4776">
    <p class='ocr_par' dir='ltr' id='par_1_118' title="bbox 2012 4703 3573 4776">
     <span class='ocr_line' id='line_1_118' title="bbox 2012 4703 3573 4776; baseline -0.001 -18"><span class='ocrx_word' id='word_1_916' title='bbox 2012 4707 2145 4759; x_wconf 88' lang='lat' dir='ltr'><strong>dixit</strong></span> <span class='ocrx_word' id='word_1_917' title='bbox 2175 4703 2718 4776; x_wconf 55' lang='lat' dir='ltr'><strong>{invisibiliajpsius</strong></span> <span class='ocrx_word' id='word_1_918' title='bbox 2753 4703 2836 4776; x_wconf 76' lang='lat' dir='ltr'><strong>(ut</strong></span> <span class='ocrx_word' id='word_1_919' title='bbox 2869 4703 2970 4776; x_wconf 76' lang='lat' dir='ltr'><strong>hoc</strong></span> <span class='ocrx_word' id='word_1_920' title='bbox 3001 4703 3573 4776; x_wconf 77' lang='lat' dir='ltr'><strong>obiterobservetur),</strong></span> 
     </span>
    </p>
   </div>
   <div class='ocr_carea' id='block_1_119' title="bbox 2017 4772 3577 4842">
    <p class='ocr_par' dir='ltr' id='par_1_119' title="bbox 2017 4772 3577 4842">
     <span class='ocr_line' id='line_1_119' title="bbox 2017 4772 3577 4842; baseline 0.002 -16"><span class='ocrx_word' id='word_1_921' title='bbox 2017 4776 2229 4829; x_wconf 89' lang='lat' dir='ltr'><strong>videtur</strong></span> <span class='ocrx_word' id='word_1_922' title='bbox 2290 4775 2448 4842; x_wconf 79' lang='lat' dir='ltr'><strong>plane</strong></span> <span class='ocrx_word' id='word_1_923' title='bbox 2516 4773 2714 4827; x_wconf 86' lang='lat' dir='ltr'><strong>Paulus</strong></span> <span class='ocrx_word' id='word_1_924' title='bbox 2788 4772 3124 4827; x_wconf 83' lang='lat' dir='ltr'><strong>intellexisse</strong></span> <span class='ocrx_word' id='word_1_925' title='bbox 3191 4775 3279 4826; x_wconf 85' lang='lat' dir='ltr'><strong>illa</strong></span> <span class='ocrx_word' id='word_1_926' title='bbox 3349 4774 3405 4828; x_wconf 87' lang='lat' dir='ltr'><strong>in</strong></span> <span class='ocrx_word' id='word_1_927' title='bbox 3469 4776 3577 4829; x_wconf 90' lang='lat' dir='ltr'><strong>Deo</strong></span> 
     </span>
    </p>
   </div>
   <div class='ocr_carea' id='block_1_120' title="bbox 2014 4842 3574 4910">
    <p class='ocr_par' dir='ltr' id='par_1_120' title="bbox 2014 4842 3574 4910">
     <span class='ocr_line' id='line_1_120' title="bbox 2014 4842 3574 4910; baseline 0.001 -12"><span class='ocrx_word' id='word_1_928' title='bbox 2014 4846 2342 4910; x_wconf 85' lang='lat' dir='ltr'><strong>exemplaria</strong></span> <span class='ocrx_word' id='word_1_929' title='bbox 2390 4853 2613 4904; x_wconf 64' lang='lat' dir='ltr'><strong>interna,</strong></span> <span class='ocrx_word' id='word_1_930' title='bbox 2644 4859 2763 4910; x_wconf 67' lang='lat' dir='ltr'><strong>qure</strong></span> <span class='ocrx_word' id='word_1_931' title='bbox 2793 4842 2927 4894; x_wconf 75' lang='lat' dir='ltr'><strong>idea:</strong></span> <span class='ocrx_word' id='word_1_932' title='bbox 2961 4851 3238 4904; x_wconf 83' lang='lat' dir='ltr'><strong>vocantur,</strong></span> <span class='ocrx_word' id='word_1_933' title='bbox 3274 4845 3574 4899; x_wconf 89' lang='lat' dir='ltr'><strong>secundum</strong></span> 
     </span>
    </p>
   </div>
   <div class='ocr_carea' id='block_1_121' title="bbox 2015 4911 3580 4982">
    <p class='ocr_par' dir='ltr' id='par_1_121' title="bbox 2015 4911 3580 4982">
     <span class='ocr_line' id='line_1_121' title="bbox 2015 4911 3580 4982; baseline 0.001 -16"><span class='ocrx_word' id='word_1_934' title='bbox 2015 4930 2152 4982; x_wconf 89' lang='lat' dir='ltr'><strong>quas</strong></span> <span class='ocrx_word' id='word_1_935' title='bbox 2182 4915 2363 4966; x_wconf 86' lang='lat' dir='ltr'><strong>omnia</strong></span> <span class='ocrx_word' id='word_1_936' title='bbox 2412 4913 2848 4982; x_wconf 14' lang='lat' dir='ltr'><strong>perressentiam</strong></span> <span class='ocrx_word' id='word_1_937' title='bbox 2893 4925 3046 4963; x_wconf 82' lang='lat' dir='ltr'><strong>suam</strong></span> <span class='ocrx_word' id='word_1_938' title='bbox 3121 4911 3580 4981; x_wconf 85' lang='lat' dir='ltr'><strong>simplicissimam</strong></span> 
     </span>
    </p>
   </div>
   <div class='ocr_carea' id='block_1_122' title="bbox 2017 4981 3573 5051">
    <p class='ocr_par' dir='ltr' id='par_1_122' title="bbox 2017 4981 3573 5051">
     <span class='ocr_line' id='line_1_122' title="bbox 2017 4981 3573 5051; baseline -0.001 -15"><span class='ocrx_word' id='word_1_939' title='bbox 2017 4981 2316 5051; x_wconf 78' lang='lat' dir='ltr'><strong>Cognoscit,</strong></span> <span class='ocrx_word' id='word_1_940' title='bbox 2349 4994 2401 5036; x_wconf 89' lang='lat' dir='ltr'><strong>et</strong></span> <span class='ocrx_word' id='word_1_941' title='bbox 2436 4981 2560 5035; x_wconf 79' lang='lat' dir='ltr'><strong>fecit</strong></span> <span class='ocrx_word' id='word_1_942' title='bbox 2603 4981 2785 5034; x_wconf 91' lang='lat' dir='ltr'><strong>omnia</strong></span> <span class='ocrx_word' id='word_1_943' title='bbox 2823 4989 3078 5048; x_wconf 83' lang='lat' dir='ltr'><strong>tanquam</strong></span> <span class='ocrx_word' id='word_1_944' title='bbox 3119 4996 3214 5050; x_wconf 88' lang='lat' dir='ltr'><strong>per</strong></span> <span class='ocrx_word' id='word_1_945' title='bbox 3248 4983 3573 5050; x_wconf 87' lang='lat' dir='ltr'><strong>principium</strong></span> 
     </span>
    </p>
   </div>
   <div class='ocr_carea' id='block_1_123' title="bbox 2015 5051 3579 5116">
    <p class='ocr_par' dir='ltr' id='par_1_123' title="bbox 2015 5051 3579 5116">
     <span class='ocr_line' id='line_1_123' title="bbox 2015 5051 3579 5116; baseline 0.001 -12"><span class='ocrx_word' id='word_1_946' title='bbox 2015 5062 2068 5105; x_wconf 89' lang='lat' dir='ltr'><strong>et</strong></span> <span class='ocrx_word' id='word_1_947' title='bbox 2122 5067 2341 5107; x_wconf 87' lang='lat' dir='ltr'><strong>causam</strong></span> <span class='ocrx_word' id='word_1_948' title='bbox 2398 5054 2665 5116; x_wconf 90' lang='lat' dir='ltr'><strong>omnium,</strong></span> <span class='ocrx_word' id='word_1_949' title='bbox 2719 5062 2770 5104; x_wconf 90' lang='lat' dir='ltr'><strong>et</strong></span> <span class='ocrx_word' id='word_1_950' title='bbox 2832 5059 2915 5104; x_wconf 87' lang='lat' dir='ltr'><strong>est</strong></span> <span class='ocrx_word' id='word_1_951' title='bbox 2965 5051 3186 5116; x_wconf 79' lang='lat' dir='ltr'><strong>omnia,</strong></span> <span class='ocrx_word' id='word_1_952' title='bbox 3243 5061 3301 5106; x_wconf 89' lang='lat' dir='ltr'><strong>ut</strong></span> <span class='ocrx_word' id='word_1_953' title='bbox 3332 5055 3579 5108; x_wconf 89' lang='lat' dir='ltr'><strong>omnium</strong></span> 
     </span>
    </p>
   </div>
   <div class='ocr_carea' id='block_1_124' title="bbox 2017 5135 2846 5174">
    <p class='ocr_par' dir='ltr' id='par_1_124' title="bbox 2017 5135 2846 5174">
     <span class='ocr_line' id='line_1_124' title="bbox 2017 5135 2846 5174; baseline 0 0"><span class='ocrx_word' id='word_1_954' title='bbox 2017 5137 2200 5174; x_wconf 89' lang='lat' dir='ltr'><strong>causa.</strong></span> <span class='ocrx_word' id='word_1_955' title='bbox 2833 5135 2846 5146; x_wconf 88' lang='grc'><em>’</em></span> 
     </span>
    </p>
   </div>
   <div class='ocr_carea' id='block_1_125' title="bbox 2089 5189 3576 5260">
    <p class='ocr_par' dir='ltr' id='par_1_125' title="bbox 2089 5189 3576 5260">
     <span class='ocr_line' id='line_1_125' title="bbox 2089 5189 3576 5260; baseline 0.001 -16"><span class='ocrx_word' id='word_1_956' title='bbox 2089 5191 2166 5260; x_wconf 76' lang='lat'><strong>(5)</strong></span> <span class='ocrx_word' id='word_1_957' title='bbox 2217 5189 2413 5242; x_wconf 83' lang='lat' dir='ltr'><strong>Vitam.</strong></span> <span class='ocrx_word' id='word_1_958' title='bbox 2447 5189 2618 5242; x_wconf 73' lang='lat' dir='ltr'><strong>Vitam</strong></span> <span class='ocrx_word' id='word_1_959' title='bbox 2649 5190 2799 5258; x_wconf 91' lang='lat' dir='ltr'><strong>dicit,</strong></span> <span class='ocrx_word' id='word_1_960' title='bbox 2828 5205 2950 5260; x_wconf 89' lang='lat' dir='ltr'><strong>cum</strong></span> <span class='ocrx_word' id='word_1_961' title='bbox 2980 5189 3085 5242; x_wconf 89' lang='lat' dir='ltr'><strong>vita</strong></span> <span class='ocrx_word' id='word_1_962' title='bbox 3116 5190 3364 5245; x_wconf 89' lang='lat' dir='ltr'><strong>absolute</strong></span> <span class='ocrx_word' id='word_1_963' title='bbox 3392 5193 3576 5247; x_wconf 87' lang='lat' dir='ltr'><strong>consi-</strong></span> 
     </span>
    </p>
   </div>
   <div class='ocr_carea' id='block_1_126' title="bbox 2019 5259 3578 5326">
    <p class='ocr_par' dir='ltr' id='par_1_126' title="bbox 2019 5259 3578 5326">
     <span class='ocr_line' id='line_1_126' title="bbox 2019 5259 3578 5326; baseline 0.001 -12"><span class='ocrx_word' id='word_1_964' title='bbox 2019 5262 2275 5326; x_wconf 90' lang='lat' dir='ltr'><strong>deratur;</strong></span> <span class='ocrx_word' id='word_1_965' title='bbox 2322 5262 2394 5313; x_wconf 89' lang='lat' dir='ltr'><strong>ita</strong></span> <span class='ocrx_word' id='word_1_966' title='bbox 2448 5270 2505 5312; x_wconf 93' lang='lat' dir='ltr'><strong>ut</strong></span> <span class='ocrx_word' id='word_1_967' title='bbox 2559 5269 2670 5312; x_wconf 90' lang='lat' dir='ltr'><strong>tota</strong></span> <span class='ocrx_word' id='word_1_968' title='bbox 2726 5259 3087 5314; x_wconf 85' lang='lat' dir='ltr'><strong>consideratio</strong></span> <span class='ocrx_word' id='word_1_969' title='bbox 3148 5261 3220 5314; x_wconf 84' lang='lat' dir='ltr'><strong>sit</strong></span> <span class='ocrx_word' id='word_1_970' title='bbox 3272 5265 3408 5324; x_wconf 67' lang='lat' dir='ltr'><strong>vitae,</strong></span> <span class='ocrx_word' id='word_1_971' title='bbox 3472 5276 3578 5315; x_wconf 88' lang='lat' dir='ltr'><strong>non</strong></span> 
     </span>
    </p>
   </div>
   <div class='ocr_carea' id='block_1_127' title="bbox 2018 5330 3569 5400">
    <p class='ocr_par' dir='ltr' id='par_1_127' title="bbox 2018 5330 3569 5400">
     <span class='ocr_line' id='line_1_127' title="bbox 2018 5330 3569 5400; baseline 0 -18"><span class='ocrx_word' id='word_1_972' title='bbox 2018 5339 2286 5400; x_wconf 83' lang='lat' dir='ltr'><strong>quatenus</strong></span> <span class='ocrx_word' id='word_1_973' title='bbox 2338 5339 2420 5382; x_wconf 84' lang='lat' dir='ltr'><strong>est</strong></span> <span class='ocrx_word' id='word_1_974' title='bbox 2447 5330 2711 5393; x_wconf 88' lang='lat' dir='ltr'><strong>omnium,</strong></span> <span class='ocrx_word' id='word_1_975' title='bbox 2765 5330 3341 5400; x_wconf 32' lang='lat' dir='ltr'><strong>au‘t_particularium,</strong></span> <span class='ocrx_word' id='word_1_976' title='bbox 3378 5333 3424 5383; x_wconf 85' lang='lat' dir='ltr'><strong>id</strong></span> <span class='ocrx_word' id='word_1_977' title='bbox 3465 5341 3569 5396; x_wconf 87' lang='lat' dir='ltr'><strong>est,</strong></span> 
     </span>
    </p>
   </div>
   <div class='ocr_carea' id='block_1_128' title="bbox 2021 5395 3578 5466">
    <p class='ocr_par' dir='ltr' id='par_1_128' title="bbox 2021 5395 3578 5466">
     <span class='ocr_line' id='line_1_128' title="bbox 2021 5395 3578 5466; baseline 0.001 -14"><span class='ocrx_word' id='word_1_978' title='bbox 2021 5395 2126 5452; x_wconf 83' lang='lat' dir='ltr'><strong>nou</strong></span> <span class='ocrx_word' id='word_1_979' title='bbox 2183 5401 2559 5453; x_wconf 87' lang='lat' dir='ltr'><strong>consideratur</strong></span> <span class='ocrx_word' id='word_1_980' title='bbox 2629 5395 2972 5465; x_wconf 69' lang='lat' dir='ltr'><strong>generaljlél‘,</strong></span> <span class='ocrx_word' id='word_1_981' title='bbox 3039 5410 3218 5464; x_wconf 74' lang='lat' dir='ltr'><strong>neque</strong></span> <span class='ocrx_word' id='word_1_982' title='bbox 3283 5395 3578 5466; x_wconf 84' lang='lat' dir='ltr'><strong>particula-</strong></span> 
     </span>
    </p>
   </div>
   <div class='ocr_carea' id='block_1_129' title="bbox 2021 5467 3579 5536">
    <p class='ocr_par' dir='ltr' id='par_1_129' title="bbox 2021 5467 3579 5536">
     <span class='ocr_line' id='line_1_129' title="bbox 2021 5467 3579 5536; baseline 0 -14"><span class='ocrx_word' id='word_1_983' title='bbox 2021 5471 2188 5532; x_wconf 85' lang='lat' dir='ltr'><strong>riter;</strong></span> <span class='ocrx_word' id='word_1_984' title='bbox 2249 5471 2343 5523; x_wconf 88' lang='lat' dir='ltr'><strong>sed</strong></span> <span class='ocrx_word' id='word_1_985' title='bbox 2383 5468 2702 5535; x_wconf 89' lang='lat' dir='ltr'><strong>simpliciter</strong></span> <span class='ocrx_word' id='word_1_986' title='bbox 2756 5468 2886 5536; x_wconf 76' lang='lat' dir='ltr'><strong>vita,</strong></span> <span class='ocrx_word' id='word_1_987' title='bbox 2939 5482 3062 5534; x_wconf 76' lang='lat' dir='ltr'><strong>qua:</strong></span> <span class='ocrx_word' id='word_1_988' title='bbox 3115 5467 3312 5520; x_wconf 88' lang='lat' dir='ltr'><strong>dicitur</strong></span> <span class='ocrx_word' id='word_1_989' title='bbox 3370 5483 3464 5536; x_wconf 91' lang='lat' dir='ltr'><strong>per</strong></span> <span class='ocrx_word' id='word_1_990' title='bbox 3519 5484 3579 5522; x_wconf 84' lang='lat' dir='ltr'><strong>se</strong></span> 
     </span>
    </p>
   </div>
   <div class='ocr_carea' id='block_1_130' title="bbox 2022 5541 2149 5591">
    <p class='ocr_par' dir='ltr' id='par_1_130' title="bbox 2022 5541 2149 5591">
     <span class='ocr_line' id='line_1_130' title="bbox 2022 5541 2149 5591; baseline 0.039 -6"><span class='ocrx_word' id='word_1_991' title='bbox 2022 5541 2149 5591; x_wconf 76' lang='lat' dir='ltr'><strong>\ilﬂ.</strong></span> 
     </span>
    </p>
   </div>
   <div class='ocr_carea' id='block_1_131' title="bbox 2090 5604 3577 5678">
    <p class='ocr_par' dir='ltr' id='par_1_131' title="bbox 2090 5604 3577 5678">
     <span class='ocr_line' id='line_1_131' title="bbox 2090 5604 3577 5678; baseline 0.001 -18"><span class='ocrx_word' id='word_1_992' title='bbox 2090 5608 2167 5674; x_wconf 85' lang='grc'><strong>(4)</strong></span> <span class='ocrx_word' id='word_1_993' title='bbox 2220 5606 2372 5660; x_wconf 83' lang='lat' dir='ltr'><strong>Verbi</strong></span> <span class='ocrx_word' id='word_1_994' title='bbox 2407 5608 2601 5678; x_wconf 84' lang='lat' dir='ltr'><strong>gratia.</strong></span> <span class='ocrx_word' id='word_1_995' title='bbox 2647 5607 2762 5676; x_wconf 90' lang='lat' dir='ltr'><strong>Ipsa</strong></span> <span class='ocrx_word' id='word_1_996' title='bbox 2814 5622 2910 5673; x_wconf 72' lang='lat' dir='ltr'><strong>rer</strong></span> <span class='ocrx_word' id='word_1_997' title='bbox 2944 5619 3000 5657; x_wconf 76' lang='lat' dir='ltr'><strong>se</strong></span> <span class='ocrx_word' id='word_1_998' title='bbox 3038 5604 3341 5670; x_wconf 87' lang='lat' dir='ltr'><strong>corporalis</strong></span> <span class='ocrx_word' id='word_1_999' title='bbox 3377 5606 3577 5662; x_wconf 82' lang='lat' dir='ltr'><strong>albedo</strong></span> 
     </span>
    </p>
   </div>
   <div class='ocr_carea' id='block_1_132' title="bbox 2022 5678 3579 5745">
    <p class='ocr_par' dir='ltr' id='par_1_132' title="bbox 2022 5678 3579 5745">
     <span class='ocr_line' id='line_1_132' title="bbox 2022 5678 3579 5745; baseline 0.001 -17"><span class='ocrx_word' id='word_1_1000' title='bbox 2022 5679 2313 5730; x_wconf 85' lang='lat' dir='ltr'><strong>adveniens</strong></span> <span class='ocrx_word' id='word_1_1001' title='bbox 2345 5679 2558 5744; x_wconf 86' lang='lat' dir='ltr'><strong>corpori</strong></span> <span class='ocrx_word' id='word_1_1002' title='bbox 2593 5679 2768 5745; x_wconf 61' lang='lat' dir='ltr'><strong>album</strong></span> <span class='ocrx_word' id='word_1_1003' title='bbox 2807 5678 2934 5745; x_wconf 71' lang='lat' dir='ltr'><strong>facit</strong></span> <span class='ocrx_word' id='word_1_1004' title='bbox 2963 5688 3183 5743; x_wconf 84' lang='lat' dir='ltr'><strong>corpus,</strong></span> <span class='ocrx_word' id='word_1_1005' title='bbox 3212 5685 3266 5729; x_wconf 88' lang='lat' dir='ltr'><strong>et</strong></span> <span class='ocrx_word' id='word_1_1006' title='bbox 3297 5689 3579 5744; x_wconf 66' lang='lat' dir='ltr'><strong>postquam</strong></span> 
     </span>
    </p>
   </div>
   <div class='ocr_carea' id='block_1_133' title="bbox 2022 5743 3582 5818">
    <p class='ocr_par' dir='ltr' id='par_1_133' title="bbox 2022 5743 3582 5818">
     <span class='ocr_line' id='line_1_133' title="bbox 2022 5743 3582 5818; baseline 0.001 -18"><span class='ocrx_word' id='word_1_1007' title='bbox 2022 5748 2218 5802; x_wconf 88' lang='lat' dir='ltr'><strong>accidit</strong></span> <span class='ocrx_word' id='word_1_1008' title='bbox 2268 5743 2500 5814; x_wconf 83' lang='lat' dir='ltr'><strong>corpori,</strong></span> <span class='ocrx_word' id='word_1_1009' title='bbox 2551 5743 2822 5814; x_wconf 78' lang='lat' dir='ltr'><strong>disgi-cgat</strong></span> <span class='ocrx_word' id='word_1_1010' title='bbox 2856 5743 3052 5808; x_wconf 85' lang='lat' dir='ltr'><strong>visum,</strong></span> <span class='ocrx_word' id='word_1_1011' title='bbox 3089 5757 3211 5813; x_wconf 74' lang='lat' dir='ltr'><strong>qua:</strong></span> <span class='ocrx_word' id='word_1_1012' title='bbox 3246 5743 3326 5800; x_wconf 80' lang='lat' dir='ltr'><strong>est</strong></span> <span class='ocrx_word' id='word_1_1013' title='bbox 3361 5743 3582 5818; x_wconf 83' lang='lat' dir='ltr'><strong>propria</strong></span> 
     </span>
    </p>
   </div>
   <div class='ocr_carea' id='block_1_134' title="bbox 2021 5821 2436 5885">
    <p class='ocr_par' dir='ltr' id='par_1_134' title="bbox 2021 5821 2436 5885">
     <span class='ocr_line' id='line_1_134' title="bbox 2021 5821 2436 5885; baseline -0.005 -14"><span class='ocrx_word' id='word_1_1014' title='bbox 2021 5821 2140 5885; x_wconf 83' lang='lat' dir='ltr'><strong>ejus</strong></span> <span class='ocrx_word' id='word_1_1015' title='bbox 2173 5821 2436 5885; x_wconf 84' lang='lat' dir='ltr'><strong>operatio.</strong></span> 
     </span>
    </p>
   </div>
  </div>
