4078 6274
477 371 507 431 8
521 371 586 434 1'9

1643 376 1881 437 JOANN
1896 376 1963 434 {S
2005 376 2185 435 CYPA
2204 378 2249 436 Β
2265 378 2275 434 t
2289 376 2570 437 SSlOT.‘E

3615 375 3723 441 820

479 488 640 553 quale
674 495 757 541 rst
789 488 965 557 ipsum
1008 504 1100 558 per
1139 506 1195 542 se
1234 504 1375 549 esse,
1412 487 1580 555 ipsam
1615 505 1707 556 per
1741 504 1798 542 se
1839 490 2003 543 vitam
2033 529 2047 551 .
2080 496 2122 547 Α
2157 492 2519 560 antiquiorem
2571 491 2692 545 aliis
2729 489 2930 544 divinis
2965 489 3121 543 donis
3153 487 3230 542 ait
3257 501 3380 543 esse.
3412 489 3720 557 proprieta-
3750 501 3770 518 '

478 576 653 642 ipsam
681 577 1021 645 sapientiam,
1052 578 1226 646 ipsum
1258 578 1526 640 ordinem,
1564 581 1889 649 ct‘reiiqua;
1927 596 2047 650 qua:

479 667 695 737 quidem
763 668 1205 736 participationes
1263 670 1441 722 divina
1494 672 1632 725 dona
1689 681 1854 737 sunt,
1910 688 2047 739 quas

480 757 741 826 principia
771 773 957 812 eorum
988 774 1110 826 quas
1157 771 1304 822 sunt,
1356 762 1585 816 vocavit.
1621 763 1698 817 Ex
1740 764 1824 818 his
1879 763 2046 833 igitur

478 855 709 906 constat,
738 847 1190 914 quemadmodum
1222 849 1360 904 Deus
1394 852 1689 905 secundum
1723 864 2044 921 potestatem

477 938 592 991 sive
624 937 873 991 virtutem
907 953 1083 1004 suam,
1126 956 1247 1009 qua:
1291 956 1455 1007 supra
1508 942 1868 997 substantiam
1918 954 2000 996 est
2026 984 2040 1003 ,

474 1044 639 1083 causa
672 1037 754 1084 est
783 1028 1027 1085 eii’ectrix
1057 1042 1105 1086 et
1140 1035 1370 1086 creatrix
1416 1034 1584 1088 totius
1629 1050 1771 1097 esse,
1819 1046 1871 1089 et
1916 1051 2044 1104 par-

476 1119 608 1171 timn
650 1119 790 1189 ejus,
830 1121 1161 1176 exsistentian
1186 1163 1201 1187 ,
1236 1138 1482 1191 personae
1506 1164 1519 1188 ,
1553 1124 1870 1178 substantia:
1895 1166 1907 1187 ,
1948 1142 2046 1178 na-

479 1220 635 1275 turae,
665 1220 759 1266 aut
787 1214 990 1281 s:rculi,
1022 1225 1074 1269 et
1103 1217 1383 1282 temporis.
1418 1216 1571 1281 Quoi
1607 1217 1650 1271 si
1703 1217 1840 1271 Deus
1874 1218 2045 1271 totius

476 1315 597 1355 esse
635 1302 859 1356 effector
887 1314 1001 1369 est;
1038 1305 1178 1357 haud
1210 1304 1457 1364 dubium.
1491 1306 1619 1370 quin
1659 1306 1891 1373 partium
1925 1306 2045 1375 ejus

477 1390 700 1446 eli‘ector
730 1395 823 1455 sit,
872 1404 926 1447 ct
978 1403 1147 1447 totum
1198 1395 1415 1463 penitus
1444 1396 1674 1459 etiiiziat,
1710 1405 1876 1449 totum
1919 1413 2046 1452 vero

477 1498 600 1538 esse
638 1496 745 1551 est,
777 1486 921 1553 quod
957 1486 1140 1541 statim
1178 1487 1354 1557 prima
1407 1488 1626 1542 notione
1678 1503 1830 1543 mens
1876 1488 2048 1544 infor-

479 1585 631 1642 mat;
669 1577 967 1633 secundum
999 1594 1160 1649 quam
1194 1581 1421 1649 primam
1454 1580 1727 1635 notionem
1759 1595 1958 1650 genera
1989 1581 2043 1635 iu

476 1668 943 1737 disputationibus
968 1672 1429 1740 contemplamur;
1456 1684 1641 1741 postea
1670 1686 1849 1743 partes
1877 1674 2046 1728 totius

475 1761 667 1814 ordine
692 1757 1062 1828 expromimus
1089 1801 1103 1825 ,
1135 1772 1189 1817 et
1217 1764 1360 1818 sicut
1389 1763 1559 1833 logice
1588 1779 1617 1817 a
1648 1764 1940 1832 generibus
1975 1763 2043 1817 ad

2147 591 2253 634 tem
2289 581 2383 633 τοῦ
2412 581 2584 643 ὄντος,
2622 582 2671 634 id
2698 593 2798 645 est,
2834 582 2975 636 entis
3014 597 3027 631 :
3064 580 3332 648 siquidem
3363 579 3579 635 bonitas
3613 597 3717 634 non

2147 672 2311 725 habet
2359 672 2592 725 similem
2644 672 2909 725 rationem
2943 673 2995 725 in
3037 671 3231 726 ordine
3264 673 3555 737 donorum,
3587 686 3722 739 quo-

2145 764 2289 816 niam
2340 763 2636 832 porrigitur
2670 772 2723 817 et
2756 763 2995 818 tenditur
3041 778 3205 829 supra
3264 776 3328 816 ea
3378 777 3499 830 quae
3542 771 3718 817 sunt:

2144 861 2400 921 praeterea
2430 860 2602 919 potest
2634 866 2754 906 esse
2784 851 3086 921 proprietas
3115 851 3233 919 ejus
3259 849 3401 919 quod
3427 858 3510 905 est
3537 865 3629 919 per
3661 865 3721 905 se

2145 958 2286 1003 esse,
2328 944 2453 1012 quia
2491 945 2593 998 hoc
2624 952 2749 997 ante
2791 943 2892 997 alia
2942 958 3064 1011 qua:
3108 950 3237 998 sunt
3284 942 3542 1012 produxit
3580 942 3720 996 Deus

2147 1035 2332 1099 prius:
2383 1032 2576 1087 deinde
2612 1032 2713 1085 hoc
2763 1047 2858 1100 per
2904 1047 2961 1086 se
3004 1046 3123 1088 esse
3153 1073 3169 1095 ,
3221 1042 3480 1100 tanquam
3524 1040 3719 1085 natura

2145 1122 2379 1189 quadam
2439 1134 2619 1183 utens,
2669 1122 3533 1191 universum,quomodocunque
3610 1133 3713 1187 est,

2145 1212 2439 1280 produxit;
2473 1211 2682 1275 adhaec,
2729 1211 2833 1264 alia
2887 1227 3068 1266 rerum
3119 1212 3388 1282 principia
3442 1226 3721 1281 nunquam

2147 1310 2373 1371 possunt
2400 1317 2543 1366 esse,
2572 1302 2701 1371 quin
2731 1301 2800 1355 sit
2830 1302 3008 1370 ipsum
3053 1316 3147 1370 per
3194 1317 3252 1356 se
3301 1316 3423 1357 esse
3451 1319 3464 1354 :
3492 1302 3595 1357 hoc
3622 1317 3722 1357 au—

2148 1401 2253 1444 tem
2287 1392 2406 1446 sine
2435 1391 2542 1445 illis
2575 1400 2693 1455 est,
2721 1390 2916 1446 deinde
2946 1390 3362 1461 participatione
3407 1389 3569 1459 hujus
3605 1389 3725 1443 alia:

2147 1484 2405 1537 dicuntur
2447 1482 2913 1551 participationes,
2946 1491 3001 1535 et
3033 1496 3128 1550 per
3165 1497 3223 1535 se
3255 1481 3719 1549 participationes,

2147 1580 2199 1626 et
2230 1572 2485 1626 dicuntur
2526 1587 2648 1627 esse
2678 1580 2732 1625 et
2783 1587 3024 1626 manere.
3073 1571 3189 1626 Hoc
3232 1581 3415 1626 autem
3469 1571 3721 1633 sublato.

2149 1664 2295 1717 nulla
2341 1663 2445 1718 erit
2476 1663 2857 1733 participatio;
2909 1673 3021 1717 tum
3081 1664 3243 1718 etiam
3296 1665 3472 1732 ipsum
3525 1679 3619 1732 per
3665 1677 3724 1716 se

2148 1767 2292 1816 esse,
2341 1768 2462 1822 quae
2509 1761 2591 1808 est
2638 1752 2985 1822 participatio
3017 1753 3216 1826 prima,
3251 1768 3279 1806 a
3315 1753 3462 1805 nullo
3497 1759 3621 1805 ante
3663 1765 3724 1804 se

477 1852 708 1919 species,
743 1853 821 1908 sic
846 1862 929 1907 est
960 1868 1054 1923 per
1079 1869 1138 1908 se
1168 1855 1391 1944 essebid
1419 1862 1505 1909 est
1530 1895 1544 1917 ,
1579 1862 1748 1910 totum
1790 1871 1947 1919 esse;
1984 1865 2040 1910 et

2151 1844 2516 1913 participatur,
2550 1843 2733 1899 omnia
2765 1854 2945 1898 autem
2977 1853 3099 1912 post
3129 1859 3251 1897 eum
3280 1854 3330 1896 et
3369 1843 3720 1912 participant,

477 1942 545 1993 ad
577 1943 726 2008 quod
756 1942 1160 2013 intelligendum
1200 1942 1351 1999 mens
1380 1946 1618 2015 primum
1655 1948 1761 1999 vim
1791 1947 2040 2011 intendit,

476 2032 755 2098 antiquius
788 2044 870 2087 est
909 2035 1031 2090 aliis
1073 2049 1194 2104 qua:
1240 2046 1422 2103 postea
1460 2052 1614 2090 mens
1654 2037 2036 2105 cntemplatur.

474 2117 592 2174 Non
633 2124 774 2176 enim
814 2139 1102 2193 possumus
1143 2128 1305 2180 vitam
1356 2126 1656 2180 secundum
1691 2141 1748 2180 se
1798 2137 2043 2180 contem-

477 2210 637 2278 plari,
668 2224 760 2266 aut
797 2216 1145 2282 sapientiam,
1183 2226 1275 2269 aut
1303 2216 1751 2281 similitudinem,
1790 2217 1889 2270 nisi
1927 2217 2039 2286 pri-

480 2320 628 2358 mutn
670 2320 790 2359 esse
837 2322 1126 2375 ponamus,
1180 2316 1266 2362 est
1314 2308 1457 2361 enim
1507 2309 1617 2361 vita
1665 2310 1939 2377 primum;
1990 2307 2044 2362 et

477 2403 607 2450 tunc
642 2398 941 2451 seconduut
972 2412 1031 2451 se
1068 2400 1515 2467 contemplantes,
1567 2401 1641 2464 ὡς
1691 2403 1754 2455 τὸ
1787 2403 1839 2453 τι
1881 2406 1998 2456 ἐστι
2027 2446 2041 2467 ,

479 2501 737 2541 vocamus
767 2502 864 2555 per
898 2501 957 2542 se
983 2491 1143 2542 vitam
1171 2490 1254 2554 ;si
1287 2489 1448 2559 igitur
1478 2492 1666 2546 subter
1694 2508 1832 2556 esse,
1861 2508 1954 2562 per
1985 2510 2044 2549 se

477 2575 613 2642 vita,
647 2586 697 2629 et
753 2592 848 2645 per
898 2592 957 2630 se
1005 2578 1294 2645 sapientia,
1324 2588 1378 2633 et
1416 2595 1511 2648 per
1545 2594 1604 2634 se
1639 2581 1961 2648 similitudo,
1994 2593 2046 2637 et

477 2670 583 2722 alia
615 2669 973 2731 collocantur,
1001 2671 1165 2725 tutius
1196 2683 1374 2725 autem
1403 2687 1522 2726 esse
1555 2681 1746 2729 auctor
1776 2682 1859 2728 est
1882 2672 2042 2737 Deus,

476 2760 754 2827 quomodo
776 2776 883 2816 non
918 2764 1022 2815 erit
1052 2772 1242 2816 auctor
1268 2763 1460 2816 ltorum
1494 2778 1612 2833 qua:
1640 2780 1734 2833 per
1764 2780 1822 2820 se
1857 2765 2045 2820 dicun—

477 2866 588 2920 tur,
625 2854 740 2908 sive
783 2868 844 2908 ea
897 2862 1165 2908 vocentur
1205 2863 1462 2923 tanquam
1515 2859 1830 2913 exsistentia
1862 2899 1875 2917 .
1931 2860 2049 2912 sive

479 2958 731 3015 tauquam
766 2957 966 3009 motus,
1004 2948 1262 3002 formatio
1303 2939 1464 3011 vita,
1498 2948 1751 3003 formatio
1785 2951 2044 3005 suhStau-

481 3039 588 3102 tize,
622 3039 997 3094 similitudinis
1033 3041 1289 3103 imitatio,
1338 3048 1391 3093 et
1421 3040 1567 3093 alia?
1611 3038 1852 3094 Primum
1901 3042 2044 3095 enim

472 3128 609 3182 {crit
637 3127 780 3182 Deus
807 3144 930 3183 esse
960 3144 1046 3183 res
1076 3131 1242 3197 ipsas,
1270 3139 1455 3197 postea
1484 3144 1603 3183 esse
1628 3133 1931 3198 generalem
1964 3147 2053 3185 ea.
2082 3170 2125 3230 Ο

479 3234 602 3274 rum
637 3219 916 3273 notionem
947 3262 961 3283 ,
995 3219 1157 3288 quale
1187 3229 1269 3273 est
1295 3220 1657 3289 contemplari
1713 3223 1877 3275 vitam
1904 3262 1919 3285 ,
1970 3219 2058 3276 vel

478 3312 847 3365 substantiam
880 3312 933 3364 in
968 3312 1114 3364 omni
1151 3327 1367 3382 genere,
1394 3323 1448 3366 et
1473 3312 1729 3367 omnibus
1758 3312 1957 3367 modis.
1986 3311 2061 3365 Ex

478 3405 565 3460 his
612 3404 884 3459 sententia
943 3403 1179 3474 Dionysii
1234 3405 1408 3461 notior
1444 3405 1670 3470 exstitit,
1727 3407 1873 3474 quod
1918 3406 2065 3460 sicut

480 3497 624 3550 Deus
651 3504 844 3549 auctor
876 3506 956 3549 est
986 3510 1176 3550 eorum
1219 3511 1340 3565 qua?
1375 3495 1669 3564 singularia
1705 3506 1828 3549 sunt
1855 3536 1868 3557 ,
1902 3497 1981 3551 sic
2010 3505 2065 3551 et

480 3603 669 3641 nurum
717 3603 837 3657 quae
881 3588 1059 3655 prima
1095 3598 1272 3652 sunt,
1316 3603 1378 3640 ex
1415 3589 1612 3655 quibus
1660 3588 2055 3641 dubitationem

479 3678 779 3735 Clementis
810 3679 1118 3749 philosophi
1149 3680 1215 3733 de
1250 3678 1315 3733 iis
1346 3696 1467 3747 que
1519 3679 1689 3746 magis
1735 3678 2055 3748 principalia

483 3769 536 3821 in
571 3768 735 3839 rebus
765 3769 1063 3835 exsistunt,
1091 3769 1142 3823 id
1181 3778 1267 3823 est
1290 3810 1303 3833 ,
1336 3773 1403 3823 de
1437 3770 1647 3824 naturis
1691 3784 1904 3834 earum,
1930 3769 2064 3825 dua-

480 3862 580 3914 hus
626 3861 1045 3915 auctoritatibus
1074 3860 1373 3928 Scripturre
1406 3861 1566 3914 solvit
1601 3879 1614 3923 ;
1644 3875 1748 3913 una
1799 3870 1881 3915 est
1905 3877 1919 3912 :
1943 3861 2062 3915 Non

479 3952 693 4008 ostendi
737 3954 852 4007 haec
884 3953 1000 4016 tibi,
1037 3962 1094 4007 ut
1121 3970 1214 4007 eas
1255 3962 1373 4021 post
1410 3967 1508 4019 ea;
1545 3954 1711 4007 altera
1743 3963 1827 4006 est
1865 3969 1878 4004 :
1914 3951 2058 4007 Iuvi-

478 4046 659 4099 sibilia
701 4045 793 4099 Dei
821 4062 912 4114 per
934 4026 1015 4099 oea
1065 4062 1181 4113 qua:
1215 4047 1357 4113 facta
1386 4055 1528 4111 sunt,
1551 4044 1820 4098 intellecta
1857 4046 2058 4113 conspi-

481 4142 692 4192 ciuntur
727 4138 794 4201 ⁸³,
828 4155 894 4192 ex
944 4138 1320 4207 magnitudine
1367 4136 1512 4190 enim
1549 4145 1608 4190 et
1649 4137 2057 4206 pulchritudine

480 4241 857 4285 creaturarum
887 4229 1236 4297 proportione
1263 4227 1490 4282 effector
1527 4228 1926 4306 consideratur,
1952 4230 2057 4283 hoc

481 4323 625 4375 enim
664 4320 934 4389 signiticat
972 4318 1117 4388 quod
1170 4318 1344 4382 dixit,
1382 4326 1441 4377 ut
1503 4332 1598 4387 per
1653 4320 2057 4388 proportionem

483 4410 814 4479 cognitionis
841 4411 1032 4464 horum
1072 4409 1138 4462 ad
1177 4410 1619 4480 cognoscendum
1647 4411 1892 4465 omnium
1929 4426 2060 4464 cau-

2143 1944 2195 1988 et
2231 1935 2359 1990 ﬁunt
2394 1934 2517 1989 aliis
2547 1934 2708 2000 infra,
2746 1935 3215 2004 participationes.
3270 1932 3479 1988 liabent
3532 1946 3721 1987 autem

2146 2027 2258 2081 haec
2293 2042 2400 2080 non
2440 2041 2659 2096 parvam
2692 2027 3084 2096 qutestionem,
3122 2025 3397 2094 quomodo
3433 2023 3725 2094 Dionysius

2144 2132 2267 2171 cum
2300 2117 2735 2188 praemunitione.
2774 2115 2830 2171 Si
2883 2117 2986 2181 vis,
3019 2116 3218 2185 inquit,
3271 2116 3567 2170 viventium
3602 2128 3722 2169 tan-

2144 2225 2305 2277 quam
2339 2209 2638 2264 virentium
2677 2196 3009 2278 principium
3051 2207 3232 2262 dicere
3264 2222 3357 2276 per
3403 2222 3461 2261 se
3504 2208 3673 2260 vitam
3697 2245 3714 2268 ,

2146 2311 2415 2366 quatenus
2454 2298 2663 2355 scilicet
2696 2296 3046 2354 manifestum
3088 2307 3212 2362 est,
3265 2298 3377 2351 [nec
3421 2298 3672 2351 absoluta
3701 2337 3719 2361 ,

2148 2407 2251 2446 non
2280 2391 2496 2462 proprie
2524 2390 2773 2445 absoluta
2810 2404 2953 2453 esse,
2991 2390 3140 2445 solus
3168 2390 3312 2444 enim
3345 2391 3484 2444 Deus
3523 2389 3723 2443 borum

2146 2491 2335 2535 auctor
2371 2481 2616 2537 absoluta
2657 2494 2822 2535 causa
2854 2481 3094 2536 dicitur:
3127 2494 3250 2550 quae
3284 2488 3468 2534 autem
3507 2480 3574 2534 ab
3601 2481 3727 2550 ipso

2145 2572 2333 2626 eiiecta
2348 2581 2496 2637 sunt,
2522 2573 2787 2628 voluntati
2808 2574 3157 2644 permittitur,
3191 2574 3346 2629 utsic
3363 2589 3424 2627 ea
3458 2574 3726 2636 nominet,

2148 2677 2333 2717 verum
2364 2678 2485 2718 cum
2507 2663 2873 2733 adiunctione,
2899 2666 3192 2720 viventium
3212 2675 3482 2735 quatenus
3510 2667 3729 2731 vivunt,

2147 2752 2475 2821 principium
2504 2768 2626 2809 esse
2652 2768 2749 2822 per
2785 2769 2843 2808 se
2867 2754 3059 2816 vitam,
3085 2767 3192 2808 non
3218 2762 3398 2808 autem
3444 2760 3730 2821 quatenus

2146 2842 2466 2897 substantia:
2496 2855 2648 2907 sunt,
2688 2853 2783 2897 aut
2824 2844 3108 2913 sapientiae
3133 2884 3149 2908 ,
3183 2855 3277 2897 aut
3310 2845 3573 2905 rationes,
3610 2843 3730 2897 haec

2147 2932 2289 2991 enim
2317 2922 2505 2987 subter
2535 2933 2683 2989 aliud
2713 2941 2766 2989 et
2799 2934 2944 2988 aliud
3006 2934 3329 3003 principium
3362 2933 3727 2998 collocantur,

2147 3025 2288 3091 quod
2319 3023 2536 3093 quidem
2576 3025 2629 3077 in
2661 3024 2769 3080 Deo
2795 3024 2995 3079 efferre
3020 3041 3126 3080 non
3154 3035 3238 3080 est
3269 3034 3724 3089 consentaneum,

2157 3128 2261 3166 una
2290 3113 2555 3180 siquidem
2582 3128 2745 3167 causa
2771 3122 2824 3167 et
2866 3128 2975 3169 uno
3005 3116 3274 3186 principio
3301 3117 3485 3171 omnia
3522 3117 3725 3186 produ-

2160 3205 2252 3269 cit,
2296 3213 2353 3257 ut
2390 3204 2873 3261 demonstrabit-ur.

2154 3361 2427 3425 Quomodo
2480 3361 2617 3434 Deus
2647 3293 2987 3431 dicittﬂppgrr
3019 3294 3094 3420 Σ.
3119 3382 3250 3426 esse,
3283 3376 3327 3417 et
3359 3381 3449 3431 per
3494 3381 3547 3419 se
3586 3366 3723 3434 ait»,

2221 3441 2269 3484 et
2294 3448 2383 3499 per
2414 3448 2468 3504 se
2496 3433 2784 3504 sapientia,
2831 3443 2880 3485 et
2912 3436 3170 3504 quomodo
3216 3451 3401 3489 rursus
3440 3436 3574 3488 idem
3609 3433 3725 3489 Ἰιοέ

2229 3516 2345 3553 rum
2374 3501 2587 3569 effector
2615 3503 2832 3555 dicitur.

2225 3586 2452 3653 Magnus
2487 3587 2778 3657 Dionysius
2814 3604 2934 3659 cap.
2963 3591 3016 3657 9,
3056 3591 3130 3646 De
3162 3592 3353 3645 divinis
3383 3592 3683 3645 nominibus
3705 3607 3725 3645 :

2158 3677 2261 3731 Sed
2295 3679 2447 3747 quia,
2493 3678 2691 3748 inquit,
2728 3679 2862 3734 alias
2902 3696 2988 3736 me
3020 3697 3115 3749 per
3148 3683 3433 3751 epistolam
3484 3683 3723 3737 interro-

2155 3770 2311 3840 gasti.
2345 3769 2477 3839 quid
2504 3772 2768 3840 appellem
2797 3787 2893 3841 per
2924 3787 2984 3827 se
3016 3788 3158 3837 esse,
3190 3789 3286 3843 per
3312 3787 3371 3827 se
3403 3775 3586 3840 vitam,
3625 3787 3723 3842 per

2156 3877 2214 3916 se
2268 3862 2614 3931 sapientiam,
2645 3875 2701 3917 et
2749 3874 2924 3919 tecum
2979 3864 3062 3919 ais
3099 3865 3395 3933 dubitasse,
3446 3866 3724 3936 quomodo

2156 3954 2327 4008 Deum
2368 3953 2658 4023 aliquando
2696 3955 2916 4024 quidem
2972 3970 3109 4011 voco
3158 3972 3253 4027 per
3303 3972 3360 4013 se
3390 3959 3579 4024 vitam,
3621 3960 3724 4013 aii-

2155 4048 2374 4118 quando
2401 4062 2529 4101 vero
2559 4046 2868 4103 eﬁectorem
2925 4064 3020 4118 per
3053 4064 3111 4104 se
3143 4050 3298 4117 vitae;
3352 4052 3719 4106 necessarium

2154 4152 2277 4192 esse
2307 4137 2604 4191 arbitratus
2633 4152 2777 4203 sum,
2815 4138 2980 4193 homo
3010 4137 3100 4193 Dei
3129 4149 3343 4204 sancte,
3378 4140 3446 4196 ab
3477 4141 3581 4195 bac
3625 4144 3725 4195 du-

2156 4230 2422 4283 bitatione
2474 4230 2650 4297 quoad
2701 4229 2909 4298 possim
2964 4242 3017 4284 te
3070 4219 3322 4285 liberare.
3359 4232 3438 4285 Ac
3482 4231 3719 4300 primum

2153 4318 2396 4387 quidem,
2451 4328 2511 4372 ut
2572 4333 2716 4373 nunc
2767 4328 3076 4389 repetamus
3130 4335 3254 4389 quae
3320 4320 3517 4375 millies
3577 4321 3725 4374 dicta

2156 4420 2303 4473 sunt,
2331 4422 2438 4462 non
2467 4416 2709 4478 pugnant
2734 4424 2919 4463 secum
2954 4408 3122 4464 Deum
3154 4424 3251 4478 per
3285 4425 3343 4464 se
3371 4419 3723 4479 potestatem,

483 4515 599 4555 sam
638 4499 1009 4567 adducamur.
1041 4498 1133 4556 Sic
1165 4514 1343 4555 autem
1377 4496 1610 4555 solvisSe
1638 4500 2058 4566 dubitationem,
2094 4498 2140 4556 Ι)
2166 4512 2220 4556 et
2260 4515 2355 4569 per
2382 4514 2441 4555 se
2480 4503 2684 4566 vitam;
2718 4510 2771 4555 et
2797 4502 2977 4555 dicere
3006 4500 3174 4555 Deum
3203 4510 3508 4555 creatorem
3542 4516 3635 4568 per
3662 4515 3728 4554 se

480 4593 758 4662 quomodo
803 4608 912 4646 non
940 4593 1289 4662 apertissime
1323 4591 1581 4661 patefacit
1618 4604 1798 4647 creata
1837 4608 1960 4647 esse
1993 4609 2054 4649 ea

481 4698 603 4752 qua
632 4683 712 4737 sic
742 4692 872 4739 sunt
910 4685 964 4737 iu
999 4685 1162 4739 rebus
1193 4688 1363 4763 magis
1399 4684 1740 4754 principalia,
1772 4699 1894 4752 quae
1924 4698 2059 4738 con—

482 4775 624 4829 cedit
646 4774 752 4829 dici
776 4774 1104 4843 exemplaria
1133 4776 1200 4829 ad
1236 4776 1443 4845 aliquid
1469 4815 1484 4840 ,
1518 4785 1576 4828 ttt
1608 4789 1704 4844 per
1729 4789 1793 4829 ea
1832 4789 2059 4843 propor-

484 4868 630 4922 tione
661 4867 895 4936 quadam
924 4905 940 4932 ,
990 4876 1249 4936 tanquam
1291 4883 1387 4936 per
1421 4868 1641 4934 specula
1679 4879 1735 4921 et
1765 4869 2055 4938 aenigmata

482 4972 878 5025 cognoscamus
912 4957 1137 5012 divina“!
1170 4959 1244 5011 Ex
1294 4958 1362 5012 iis
1405 4958 1569 5012 etiam
1604 4973 1725 5027 qua:
1763 4967 1920 5012 antea
1962 4957 2057 5011 de-

490 5057 794 5103 monstrata
846 5056 1016 5116 sunt,
1073 5058 1299 5131 apparet
1352 5051 1494 5118 quod
1548 5052 1612 5104 ad
1668 5050 2055 5118 proprietatem

482 5142 722 5214 pertinet
758 5155 773 5194 :
815 5142 870 5195 in
903 5142 1009 5196 illis
1039 5145 1204 5206 enim,
1239 5143 1445 5197 scilicet
1473 5142 1617 5196 bono
1643 5152 1695 5196 et
1729 5141 1979 5211 pulchro,
2006 5141 2061 5193 in

480 5250 547 5287 ea
574 5248 696 5303 quae
731 5244 883 5296 sunt,
924 5245 978 5287 et
1008 5250 1127 5302 qua:
1153 5249 1264 5289 non
1297 5244 1448 5300 sunt,
1480 5233 1721 5287 tenditur
1753 5231 2061 5302 proprietas

484 5323 726 5379 nominis
760 5324 883 5378 Itoni
917 5333 972 5378 et
1002 5325 1212 5394 pulchri
1240 5341 1255 5387 ;
1304 5326 1357 5378 in
1408 5326 1497 5378 his
1525 5331 1732 5384 autem,
1774 5324 1830 5375 in
1861 5337 1923 5376 ea
1969 5337 2063 5377 so-

484 5416 596 5473 lum
633 5432 752 5486 qua:
785 5424 915 5471 sunt
937 5456 952 5475 ,
987 5430 1182 5470 nomen
1216 5416 1455 5470 divinum
1505 5414 1598 5467 τοῦ
1643 5414 1814 5479 ὄντος,
1854 5415 1904 5468 id
1933 5423 2015 5470 est
2039 5454 2051 5465 .

487 5506 652 5565 cutis.
686 5507 1002 5576 porrigitur.
1044 5506 1110 5561 Et
1145 5508 1258 5562 haec
1286 5515 1371 5561 est
1411 5507 1709 5575 prolirietas
1744 5508 1883 5574 ejus.
1920 5505 2054 5560 Nota

489 5603 667 5650 tamen
705 5600 868 5652 etiam
902 5599 1006 5653 hoc
1027 5638 1039 5662 ,
1072 5610 1197 5652 esse
1228 5599 1454 5666 primam
1488 5598 1954 5667 participationem
2001 5605 2054 5649 rt

578 5772 625 5815 ’⁵³
655 5773 810 5829 Boni.
852 5792 888 5842 t,
922 5775 1010 5829 ΞΟ.

2158 4594 2300 4656 vitae,
2340 4592 2419 4644 vel
2468 4605 2563 4660 per
2602 4605 2662 4645 se
2696 4592 2864 4660 pacis,
2894 4592 2976 4646 vel
3010 4605 3117 4661 per.
3148 4608 3208 4647 se
3262 4595 3569 4662 potestatis,
3612 4596 3728 4645 lucc

2157 4684 2300 4739 enim
2329 4683 2537 4748 dicitur;
2579 4681 2723 4738 Deus
2751 4699 2813 4737 ex
2849 4683 2913 4739 iis
2945 4699 3066 4752 quae
3096 4692 3246 4746 sunt,
3278 4696 3332 4738 ct
3381 4685 3617 4737 maxime
3656 4697 3726 4737 ex

2160 4776 2225 4829 iis
2257 4788 2378 4845 quae
2414 4772 2588 4842 prima
2617 4781 2768 4836 sunt,
2803 4782 3059 4842 tanquam
3097 4789 3262 4829 causa
3311 4775 3556 4829 omnium
3602 4788 3725 4842 qua

2157 4879 2322 4931 sunt;
2352 4868 2440 4919 illa
2481 4876 2660 4921 autem
2697 4867 2918 4930 dicitur,
2953 4875 3209 4936 tanquam
3255 4882 3375 4937 qua:
3419 4867 3489 4922 sit
3525 4882 3723 4935 supra-

2158 4958 2592 5012 suhstantialiter
2620 4973 2779 5026 supra
2811 4962 2994 5012 omnia
3027 4973 3147 5026 qua:
3178 4968 3325 5022 sunt,
3357 4970 3411 5011 et
3461 4973 3580 5027 qua:
3613 4957 3749 5022 pri-v

2163 5066 2252 5102 mo
2287 5062 2433 5102 sunt.
2471 5048 2680 5114 Qua-ris
2720 5057 2900 5103 autem
2932 5048 3075 5117 quod
3109 5063 3330 5116 prorsus
3359 5049 3593 5103 dicimus
3630 5062 3729 5116 per

2163 5153 2223 5193 se
2259 5153 2400 5200 esse,
2453 5144 2547 5190 aut
2599 5152 2693 5205 per
2732 5151 2790 5191 se
2830 5136 3018 5203 vitam,
3081 5145 3175 5190 aut
3203 5151 3540 5205 quzecuuque
3567 5138 3730 5191 abso-

2164 5230 2274 5284 lute
2331 5240 2385 5284 et
2422 5227 2797 5298 principaliter
2836 5243 2980 5292 esse,
3025 5237 3075 5283 et
3135 5244 3199 5282 ex
3262 5229 3370 5282 Deo
3427 5243 3492 5281 ac
3548 5227 3729 5296 primo

2164 5330 2349 5375 creata
2394 5335 2516 5375 esse
2547 5320 2821 5387 ponimus.
2855 5319 3293 5389 Respondemus.
3324 5312 3433 5372 non
3471 5333 3594 5373 esse
3625 5319 3734 5373 hoc

2165 5418 2493 5472 contortum,
2530 5409 2625 5464 sed
2663 5419 2893 5474 rectum,
2927 5417 2983 5462 et
3028 5408 3327 5478 simplicem
3380 5409 3584 5464 habens
3628 5423 3729 5462 ex.

2164 5503 2553 5571 planationem,
2614 5516 2718 5555 non
2754 5501 2901 5559 enim
2936 5516 3031 5571 per
3078 5516 3137 5556 se
3183 5516 3304 5557 esse
3354 5499 3730 5557 substantiam

2162 5596 2452 5663 quamdam
2506 5593 2746 5649 divinam
2786 5604 2880 5649 aut
2934 5595 3233 5663 angelicam
3284 5608 3403 5651 esse
3464 5592 3729 5663 dicimus,
