4058 6306
1129 331 1144 358 ι

339 429 435 492 iet

1000 428 1232 486 Di-‘Iilftb‘
1263 428 1323 484 V.
1352 452 1418 459 -—
1458 425 1552 482 DE
1594 417 2256 482 l’l‘tiJPRIETi‘t'I‘lDUS
2294 419 2528 479 Dl\'i.\'.
2569 420 2834 478 NOMIN.

3473 414 3580 506 sea

344 559 466 612 quae
513 545 582 596 sit
636 558 798 596 causa
853 551 911 594 ut
965 545 1073 595 sint
1124 539 1304 592 omnia
1355 553 1474 605 qua:
1523 547 1648 590 sunt
1707 536 1901 600 (solum
1939 537 1979 592 Α
2011 542 2062 586 ct
2094 550 2297 587 natura:
2330 534 2459 597 sint,
2495 534 2798 587 antecellat.
2832 532 2961 597 Qua:
2990 532 3204 601 quidem
3242 548 3362 584 cutn
3401 535 3576 583 adno—

339 638 484 690 cnim
517 637 608 702 qui
642 645 724 686 est
759 649 1088 701 supraquatn
1124 633 1451 691 substantia,
1496 628 1824 698 principium
1851 636 1905 678 et

340 728 580 780 essentia
613 737 666 780 et
704 742 868 779 causa
902 734 987 779 est
1025 737 1079 777 ut
1126 725 1233 778 sint
1286 724 1470 776 omnia
1522 737 1639 789 quae
1677 729 1822 780 sunt,
1853 726 1905 770 et

345 821 518 884 ipsum
556 815 696 886 esse)
739 832 841 869 nec
873 817 1029 870 aliam
1065 816 1429 876 divinitatem,
1465 827 1584 880 quze
1621 811 1782 863 vitam
1815 825 1906 876 pa-

347 911 467 970 riat,
517 920 872 975 prieterquam
929 907 1092 958 vitam
1143 905 1220 972 (l)
1282 917 1615 972 supraquam
1667 901 1904 954 divinam

345 1001 588 1054 oinnium
640 1012 976 1066 qius-cunque
1033 997 1218 1049 \‘iHﬂtl
1257 1005 1310 1047 et
1361 994 1531 1060 ipsius
1569 1007 1662 1061 per
1695 1007 1752 1046 se
1785 993 1907 1047 vita:

344 1106 561 1143 causam
599 1090 878 1157 poni-mus;
921 1103 1038 1153 nec,
1072 1097 1130 1140 ut
1183 1086 1491 1141 summatim
1543 1085 1742 1147 dicam,
1775 1084 1908 1138 alias

301 1173 306 1178 ’
346 1196 540 1233 causas
591 1177 933 1247 principiales
969 1191 1172 1237 return,
1215 1184 1268 1226 et
1301 1185 1568 1239 creantes,
1621 1182 1674 1226 et
1725 1189 1817 1240 per
1849 1188 1908 1227 se

347 1269 693 1332 exsistcntes,
724 1285 860 1335 quas
890 1266 1110 1334 quidam
1152 1274 1202 1318 et
1238 1266 1366 1317 deos
1403 1279 1605 1324 rerum,
1661 1273 1716 1316 et
1773 1263 1905 1316 eﬂ‘e-

347 1375 528 1415 CIorcs
560 1370 759 1414 temere
798 1359 1148 1413 eﬂ'utiverunt
1183 1357 1258 1426 (α)
1289 1375 1301 1410 :
1354 1373 1490 1425 quos
1528 1372 1653 1412 vere
1701 1366 1751 1408 et
1784 1372 1909 1425 pro-

346 1453 460 1520 prie
492 1454 670 1506 dicere
726 1451 946 1520 (quippe
977 1466 1099 1503 cum
1133 1467 1237 1502 non
1269 1450 1472 1517 essent)
1510 1462 1607 1502 nec
1640 1450 1762 1516 ipsi,
1809 1464 1908 1502 uec

345 1559 532 1596 eorum
593 1552 774 1610 patres
805 1555 869 1595 ac
906 1537 1142 1607 majores
1189 1539 1467 1593 sciverunt
1502 1557 1515 1592 :
1549 1539 1676 1607 quin
1730 1538 1908 1606 potius

348 1651 440 1703 per
469 1651 526 1687 se
555 1650 696 1698 esse,
731 1645 783 1688 et
817 1649 912 1702 per
943 1647 1000 1685 se
1027 1634 1212 1694 vitam,
1247 1640 1298 1686 et
1331 1648 1428 1701 per
1461 1647 1520 1686 se
1570 1630 1906 1684 divinitatem

348 1724 738 1792 principialiter
767 1723 988 1792 quidem
1027 1732 1078 1775 et
1104 1722 1302 1785 divine,
1333 1732 1384 1776 et
1416 1721 1709 1777 elﬁcienter
1739 1736 1906 1774 unum

346 1819 590 1871 omnium
630 1818 954 1886 principium
985 1827 1037 1870 et
1084 1832 1303 1871 causam
1333 1831 1664 1887 supraquam
1704 1817 1908 1885 princi-

349 1909 518 1973 pium,
543 1917 596 1962 ct
623 1924 953 1977 supraquam
1002 1907 1360 1962 substantiam
1391 1922 1512 1960 esse
1553 1907 1810 1962 dicimus.
1843 1905 1912 1962 Ut

351 2009 525 2052 autem
563 2000 615 2054 in
664 2001 824 2055 donis
877 2000 992 2054 suis
1025 2000 1386 2069 partieipatur
1421 1999 1588 2062 Deus,
1620 2000 1913 2068 providen-

351 2090 449 2142 tias
481 2105 511 2144 a
553 2089 681 2156 Deo,
713 2090 802 2159 qui
839 2090 894 2144 in
941 2105 1000 2145 se
1035 2105 1140 2145 non
1187 2089 1563 2157 participatur,
1602 2098 1912 2152 manantes,

349 2181 579 2235 dicimus
622 2196 714 2250 per
757 2197 814 2235 se
844 2181 1163 2236 substantia:
1204 2179 1568 2242 elTectioneut,
1604 2194 1700 2248 per
1735 2193 1794 2232 se
1831 2179 1912 2231 vi-

353 2274 737 2336 vilicationem,
768 2288 865 2340 per
890 2289 948 2326 se
981 2272 1377 2326 deificationem
1404 2289 1416 2334 ;
1460 2285 1694 2338 quorum
1739 2271 1911 2338 parti-

351 2363 670 2430 cipationem
709 2378 844 2430 quae,
884 2374 942 2415 ut
971 2363 1169 2424 cuique
1203 2365 1478 2423 convenit,
1527 2361 1751 2424 habent,
1784 2361 1917 2414 sub-

350 2457 603 2508 stantiam
635 2454 886 2508 habentia
929 2465 981 2508 ct
1010 2454 1243 2508 viventia
1279 2462 1331 2506 et
1360 2453 1544 2506 divina
1586 2461 1712 2506 sunt
1747 2458 1800 2505 et
1828 2451 1915 2504 di-

351 2557 574 2610 cuntur,
607 2555 660 2599 et
693 2545 944 2599 similiter
978 2545 1030 2596 in
1059 2545 1200 2609 aliis,
1225 2545 1582 2613 quamobrem
1617 2544 1794 2596 bonus
1824 2544 1916 2597 ille

353 2649 404 2692 et
447 2641 712 2706 ipsorum,
752 2652 870 2704 qua:
918 2635 1087 2703 prima
1118 2644 1267 2698 sunt,
1301 2640 1492 2688 auctor
1537 2649 1659 2687 esse
1691 2634 1915 2700 dicitur,

354 2731 549 2784 deinde
577 2743 766 2782 eorum
797 2743 917 2795 quae
947 2727 1242 2792 generatim
1274 2735 1328 2777 et
1383 2725 1638 2778 universe
1674 2724 1760 2776 illa
1799 2739 1920 2792 par-

359 2820 605 2887 ticipant,
639 2826 821 2885 postea
846 2830 1034 2868 eorum
1065 2829 1186 2882 quaa
1216 2815 1268 2866 in
1297 2824 1469 2882 parte.
1500 2813 1603 2866 Sed
1633 2813 1763 2880 quid
1793 2813 1922 2866 atti-

361 2919 452 2964 net
481 2910 547 2962 de
597 2908 681 2962 his
711 2906 933 2960 dicere?
985 2903 1261 2973 Siquidem
1312 2903 1562 2958 nonnulli
1613 2920 1676 2957 ex
1725 2904 1924 2958 nostris

361 3001 556 3054 divinis
591 2998 867 3067 magistris
909 2997 1096 3051 dicunt
1135 2996 1285 3049 illum
1336 3009 1665 3064 supraquam
1697 2995 1920 3059 bonum,

360 3101 410 3143 et
443 3103 772 3157 supraquam
807 3086 972 3140 Deum
1016 3095 1294 3140 auctorem
1327 3100 1448 3139 esse
1494 3100 1591 3153 per
1619 3100 1676 3138 se
1717 3086 1927 3139 bonita-

2011 636 2083 678 tat
2116 635 2339 679 sanctus
2380 625 2642 678 Maximus
2683 642 2695 677 :
2741 625 2797 677 In
2850 624 2955 689 his,
2999 625 3193 692 inquit,
3231 624 3375 676 clare
3418 624 3580 676 srilvit

2016 718 2346 786 propositam
2384 718 2740 784 quaestionem
2789 735 2802 770 :
2851 715 3319 782 Quemadmodum
3361 724 3578 780 Oportet

2013 807 2212 870 dicere,
2239 807 2566 876 quandoque
2592 808 2810 876 quidem
2837 807 3214 874 accipiendum
3237 821 3359 859 esse
3387 805 3577 869 Drum,

2009 913 2132 952 cum
2160 898 2394 952 dicimus
2423 914 2516 968 per
2541 913 2598 953 se
2631 900 2816 963 vitam,
2847 907 2901 953 et
2930 899 3033 952 alia
3067 895 3372 964 ejusmodi;
3409 912 3580 963 qUnII-

2009 991 2186 1058 doque
2237 1006 2364 1044 vero
2417 992 2611 1045 horum
2655 989 2968 1043 elTectorem
3021 1004 3160 1050 esse,
3211 988 3262 1040 id
3313 999 3413 1050 est,
3466 987 3580 1038 luet:

2009 1098 2225 1138 creasse
2262 1099 2275 1134 :
2318 1084 2576 1148 quoniam
2604 1090 2864 1149 tanquam
2899 1095 3062 1133 causa
3102 1079 3188 1132 ille
3228 1078 3447 1146 quidem
3485 1077 3582 1129 IiO-

2010 1190 2152 1237 rum,
2193 1183 2244 1228 et
2275 1173 2598 1241 principium
2632 1187 2961 1239 supraqttam
2992 1169 3323 1239 principium
3358 1178 3584 1222 vocatur

2013 1265 2097 1318 his
2127 1264 2439 1318 nominibus
2465 1280 2480 1326 ;
2513 1278 2573 1316 ea
2611 1278 2738 1314 vero
2763 1278 2883 1331 quae
2914 1264 3025 1316 haec
3055 1262 3401 1330 participant,
3436 1260 3580 1320 inde,

2011 1357 2061 1410 id
2092 1365 2192 1420 est,
2235 1373 2300 1409 ex
2352 1355 2687 1424 participatis
2723 1355 2983 1407 dicuntur
3014 1368 3155 1416 esse,
3195 1365 3248 1406 et
3282 1354 3482 1414 vivere,
3529 1361 3600 1404 et.

2008 1448 2187 1501 divina
2227 1461 2370 1510 esse,
2408 1447 2524 1499 vita:
2559 1447 2722 1516 igitur
2774 1445 3127 1508 creationem,
3157 1453 3211 1496 et
3263 1443 3597 1497 substantiae.

2011 1540 2368 1603 creationem,
2397 1539 2563 1606 ipsas,
2603 1539 2848 1606 inquam,
2879 1553 2962 1590 res
2991 1534 3117 1588 fecit
3147 1535 3307 1588 Deus.
3339 1533 3578 1587 Primum

2013 1631 2176 1700 igitur
2203 1631 2504 1700 cogitemus
2551 1645 2662 1682 rem
2697 1629 2864 1697 ipsam
2897 1647 2907 1691 ;
2945 1628 3142 1681 deinde
3177 1627 3347 1694 ipsius
3379 1626 3451 1679 rei
3487 1641 3582 1693 ge-

2016 1721 2249 1774 neralem
2296 1720 2565 1772 notionem
2614 1718 2994 1779 iniormemus,
3026 1717 3172 1771 verbi
3213 1717 3383 1784 gratia
3417 1719 3579 1768 vitem

2015 1821 2108 1864 aut
2146 1812 2508 1865 substantiam
2563 1811 2816 1865 universe
2845 1810 3264 1873 consideratam,
3300 1817 3352 1862 et
3394 1817 3580 1877 postea

2018 1906 2068 1957 in
2102 1913 2273 1972 parte.
2304 1901 2446 1956 Idem
2480 1901 2742 1956 Maximus
2770 1903 2947 1970 capite
2972 1917 3114 1955 nono
3141 1920 3154 1955 :
3185 1901 3352 1962 Solet,
3379 1901 3575 1969 inquit,

2019 1999 2309 2068 Dionysius
2339 1995 2508 2050 Deum
2542 1996 2608 2049 ab
2636 1994 2839 2049 effectis
2895 1995 3075 2048 dicere
3110 2010 3207 2062 per
3253 2010 3310 2048 se
3354 2008 3495 2058 esse,
3531 2003 3585 2047 et

2017 2092 2188 2161 ipsius
2221 2106 2315 2159 per
2346 2105 2403 2144 se
2433 2105 2554 2143 esse
2584 2089 2935 2153 eliectorem;
2970 2097 3022 2144 et
3045 2091 3222 2156 ipsum
3253 2106 3373 2144 csse
3405 2106 3498 2158 per
3525 2106 3584 2144 se

2017 2182 2202 2244 vitam,
2231 2191 2282 2234 et
2316 2197 2407 2248 per
2430 2196 2487 2235 se
2519 2181 2640 2235 vitae
2668 2181 3015 2247 eli‘eetorem;
3048 2183 3192 2235 sicut
3228 2199 3372 2236 nunc
3407 2183 3581 2249 ipsum

2016 2287 2138 2327 esse
2191 2287 2286 2342 per
2337 2287 2394 2326 se
2429 2272 2864 2337 similitudinem,
2893 2281 2946 2326 et
2983 2288 3076 2340 per
3114 2287 3173 2327 se
3211 2274 3585 2326 similitudinis

2017 2372 2310 2427 auctorem,
2363 2365 2477 2416 haec
2511 2372 2690 2417 autem
2733 2363 2887 2428 dicit,
2923 2379 3030 2418 non
3076 2364 3231 2431 quasi
3263 2365 3410 2418 dicat
3449 2365 3582 2420 alte-

2017 2471 2132 2508 ram
2169 2455 2386 2524 quidem
2431 2455 2596 2508 vitam
2626 2470 2745 2508 esse
2774 2454 2950 2524 ipsum
2984 2455 3170 2520 Deum,
3199 2456 3423 2509 alteram
3458 2471 3584 2509 vero
3618 2452 3622 2456 ’

2022 2547 2340 2616 productam
2393 2561 2511 2600 csse
2562 2546 3005 2610 snhstantialem,
3061 2557 3116 2600 et
3172 2546 3337 2600 veluti
3401 2563 3494 2615 per
3527 2563 3586 2602 se

2021 2640 2370 2692 exsisteutem
2424 2649 2617 2706 praiter
2656 2638 2844 2701 Deum,
2879 2653 3043 2706 quam
3094 2639 3420 2708 participant
3467 2655 3589 2707 qua:

2026 2731 2187 2782 vitam
2229 2728 2586 2796 participant;
2630 2729 2722 2780 sed
2777 2727 2980 2796 potius,
3016 2729 3159 2783 sicut
3185 2731 3300 2797 ipse
3340 2740 3421 2782 est
3455 2745 3590 2784 suus

2027 2821 2312 2888 interpres,
2342 2835 2391 2874 c.
2441 2835 2492 2872 ιι
2532 2839 2544 2873 :
2588 2819 2686 2873 Per
2742 2835 2800 2874 se
2843 2821 3062 2889 quidem
3108 2821 3238 2883 vita,
3292 2823 3485 2890 inquit,
3537 2832 3592 2876 rt

2027 2928 2120 2980 per
2149 2925 2205 2964 se
2236 2921 2493 2977 potestas,
2520 2921 2572 2964 et
2613 2927 2706 2980 per
2740 2926 2798 2966 se
2828 2913 3150 2978 similitudo,
3175 2925 3230 2966 et
3269 2915 3373 2968 alia
3406 2915 3592 2983 hujus-

2030 3003 2172 3056 modi
2208 3003 2407 3054 dicitur
2437 3001 2596 3065 Deus,
2639 3002 2783 3067 quod
2831 3003 2944 3056 haec
2979 3005 3050 3056 sit
3102 3013 3358 3070 tanquam
3394 3007 3597 3074 princ?-

2029 3093 2222 3161 paliter
2249 3103 2301 3146 et
2331 3091 2536 3157 divine,
2570 3101 2623 3144 et
2653 3091 3113 3159 elilcienter,.haac
3159 3096 3306 3149 enim
3340 3104 3424 3152 est
3479 3098 3595 3165 ipse

361 3182 448 3245 ιὶς,
487 3189 539 3234 el
575 3195 668 3250 per
697 3195 756 3233 se
789 3177 1109 3240 divinilalis.
1152 3186 1347 3229 νυοειηι
1380 3187 1560 3230 "mem
1598 3191 1695 3243 Per
1723 3191 1781 3230 se
1825 3177 1923 3229 bO-
1951 3182 1992 3239 C
2027 3202 2212 3241 eorum
2247 3202 2406 3240 verus
2443 3186 2598 3249 l‘ons;
2632 3195 2823 3240 auctor
2851 3201 2978 3240 vero
3016 3197 3097 3241 est
3129 3202 3224 3255 per
3251 3204 3309 3242 se
3340 3188 3596 3241 similitu-

361 3274 606 3332 nitateni,
648 3279 700 3324 et
732 3284 823 3338 per
855 3285 913 3323 se
943 3267 1280 3322 divinitatem
1309 3267 1510 3319 donum
1535 3281 1564 3319 a
1608 3266 1713 3319 Deo
1745 3265 1924 3334 prole-

359 3373 526 3427 ctum,
560 3363 705 3433 quod
735 3357 913 3419 bonos
941 3371 992 3416 et
1035 3362 1164 3415 deos
1189 3359 1314 3413 facit
1346 3359 1462 3431 {2);
1498 3367 1551 3412 et
1580 3373 1672 3426 per
1700 3373 1758 3412 se
1800 3358 1923 3427 pul-

359 3457 719 3509 chritudinem
764 3455 965 3508 donum
997 3468 1026 3506 a
1059 3451 1166 3504 Deo
1201 3450 1455 3514 effusum,
1491 3449 1635 3517 quod
1669 3450 1925 3516 pulchros

364 3547 564 3609 reddit,
594 3547 782 3598 dicunt
816 3545 980 3598 etiam
1017 3552 1180 3595 totam
1213 3541 1694 3609 pulchritudinem,
1720 3551 1773 3594 et
1801 3543 1926 3609 pul-

364 3639 724 3691 chritudinem
761 3651 826 3690 ex
873 3644 1056 3704 parte;
1093 3641 1143 3686 et
1178 3633 1429 3685 universe
1476 3631 1724 3700 pulchra,
1777 3641 1830 3684 et
1875 3633 1929 3684 in

367 3739 516 3797 parte
551 3727 797 3796 pulchra,
834 3735 887 3777 et
914 3736 1254 3792 quaecunque
1283 3721 1388 3772 alia
1429 3720 1617 3771 eodem
1655 3718 1814 3772 modo
1847 3721 1932 3772 tli—

366 3839 449 3874 cta
483 3829 629 3884 sunt,
663 3828 714 3871 ct
763 3818 1032 3879 dicentur,
1063 3829 1182 3884 qute
1235 3814 1514 3866 declarant
1568 3813 1936 3880 providentiae

368 3925 420 3966 et
448 3913 740 3976 bonitates,
762 3909 828 3962 ab
867 3908 934 3962 iis
963 3922 1078 3975 quze
1112 3906 1164 3963 iu
1192 3919 1371 3958 rerum
1410 3913 1602 3956 natura
1636 3914 1784 3967 sunt,
1817 3918 1938 3971 par-

371 4006 640 4072 ticipat-as,
675 4018 702 4055 a
739 4002 850 4055 Deo
885 3999 979 4068 qui
1011 4006 1092 4052 est
1128 4006 1277 4050 extra
1319 3995 1402 4048 sui
1437 3994 1929 4062 participationem,

371 4099 434 4149 la:
453 4111 516 4166 ga
541 4095 806 4149 eli'usione
837 4091 1177 4144 dimanantes
1205 4096 1256 4141 et
1280 4088 1610 4156 proﬂuentes
1643 4095 1700 4138 ut
1728 4087 1820 4154 qui
1851 4094 1936 4140 est

370 4203 530 4242 causa
562 4185 829 4248 omnium,
882 4181 1120 4252 perfecte
1168 4179 1236 4234 sit
1291 4178 1430 4231 ultra
1478 4177 1699 4240 omnia;
1751 4185 1805 4230 et
1839 4177 1934 4246 qui

373 4278 732 4334 substantiam
771 4286 823 4329 et
863 4282 1113 4326 naturam
1146 4276 1459 4338 exsuperat,
1493 4283 1556 4321 ex
1583 4267 1732 4321 utnni
1780 4278 1934 4337 parte

375 4382 424 4426 et
465 4373 518 4424 in
550 4369 866 4424 universum
901 4366 1158 4421 omnibus
1185 4363 1565 4433 cujuscunque
1614 4361 1934 4418 substantias

2024 3279 2187 3343 dinis,
2214 3287 2265 3331 et
2303 3278 2562 3332 similium
2590 3287 2849 3347 tanquam
2885 3277 3123 3346 largiens
3161 3281 3488 3349 participate
3527 3282 3595 3334 iis

2027 3385 2144 3438 quae
2181 3369 2414 3436 primum
2449 3370 2588 3423 inter
2629 3384 2693 3423 ea
2727 3385 2849 3437 qua:
2879 3378 3026 3432 sunt,
3061 3371 3163 3423 hoc
3187 3373 3392 3424 donum
3429 3377 3597 3440 parti-

2027 3462 2229 3529 cipant,
2269 3468 2464 3512 cuncta
2507 3475 2765 3526 namque,
2809 3467 2867 3511 ut
2901 3459 3172 3527 cujusque
3224 3473 3430 3515 natura:
3466 3478 3597 3516 con-

2032 3553 2192 3611 venit,
2237 3549 2548 3616 hujusmodi
2578 3551 2714 3600 dona
2750 3551 3098 3619 participant,
3143 3551 3330 3619 prima:
3375 3553 3597 3620 quidem

2030 3650 2082 3692 et
2113 3653 2380 3706 supremae
2412 3639 2551 3691 inter
2591 3639 2843 3694 caelestes
2876 3649 3086 3693 mentes
3119 3650 3382 3694 creatura:
3431 3643 3600 3707 parti-

2032 3731 2208 3797 cipant
2245 3729 2549 3796 prtecipue;
2609 3744 2730 3796 qua:
2782 3744 2910 3782 vero
2945 3730 3224 3798 deinceps,
3277 3730 3603 3801 participant

2033 3818 2172 3871 inl’ra
2218 3819 2357 3872 illas.
2407 3820 2482 3872 Ει
2512 3819 2711 3887 quibus
2765 3819 3110 3874 manifestum
3165 3820 3415 3885 clIicitur,
3453 3822 3598 3888 quod
3645 3824 3654 3833 '

2032 3909 2176 3963 sicut
2215 3911 2376 3962 Deum
2409 3925 2580 3964 aevum
2608 3919 2662 3965 et
2701 3919 2917 3979 tempus
2968 3911 3224 3976 dicimus,
3258 3920 3312 3964 et
3351 3913 3600 3965 eumdem

2037 4017 2226 4055 rursus
2250 4000 2348 4053 arvi
2389 4010 2442 4055 et
2479 4001 2732 4070 temporis
2775 4011 3049 4056 auctorem
3081 4005 3164 4063 (ex
3213 4002 3420 4058 effectis
3451 4005 3598 4056 enim

2039 4101 2090 4146 et
2126 4091 2346 4156 creatis,
2375 4105 2496 4160 quae
2525 4091 2640 4160 ipse
2669 4092 2948 4160 produxit,
2985 4095 3224 4162 suppetit
3255 4095 3413 4146 ﬂOiiiS
3444 4095 3598 4163 copia

2037 4179 2351 4248 imponendi
2400 4180 2450 4234 ei
2496 4179 2741 4246 nomina)
2787 4190 2840 4234 et
2885 4182 3028 4235 sicut
3083 4184 3255 4251 magis
3309 4181 3472 4236 Deum
3512 4200 3604 4236 no-

2042 4270 2314 4326 minamus
2344 4286 2518 4325 tevum
2553 4272 2650 4342 (5),
2689 4287 2718 4325 a
2751 4274 2928 4342 primo
2962 4272 3081 4342 ejus
3115 4290 3278 4343 opere
3313 4274 3490 4340 facto;
3523 4276 3603 4329 sic

2041 4364 2208 4419 etiam
2239 4365 2308 4418 ab
2351 4363 2418 4417 lis
2446 4378 2573 4432 qua:
2611 4372 2739 4420 sunt
2776 4364 3077 4420 secundum
3115 4381 3312 4427 aevum,
3358 4367 3604 4421 abSolute

1857 4499 2136 4562 Schoha.

451 4632 523 4699 (l)
563 4628 732 4699 Vitam
765 4637 1081 4694 sapraquam
1109 4622 1358 4676 divinam.
1388 4618 1512 4699 Vita
1538 4619 1627 4672 Dei
1659 4629 1744 4674 est
1767 4634 1933 4687 supra
1962 4627 2012 4685 Ι)
2040 4623 2134 4677 sed
2159 4621 2371 4676 ratione
2393 4621 2464 4699 ab
2485 4621 2567 4674 eis
2585 4635 2894 4699 separatum
2915 4621 3006 4688 qui
3033 4625 3452 4699 participatione
3477 4624 3600 4679 vitae

381 4691 543 4752 vitam
578 4691 858 4753 hominum
891 4701 1203 4748 sanctorum
1236 4699 1290 4744 et
1319 4691 1656 4758 angelorum,
1695 4704 1929 4756 quorum

381 4773 489 4823 vita
519 4779 605 4824 est
632 4767 834 4828 divina,
867 4765 1012 4817 sicut
1043 4763 1304 4828 scriptum
1333 4756 1458 4828 est:
1509 4756 1648 4828 Deus
1682 4758 1928 4828 deorum,

381 4851 484 4892 etc.
524 4838 711 4907 (Psal.
747 4826 913 4900 uix),
948 4826 1204 4907 etillud:
1239 4828 1347 4897 Ego
1374 4826 1529 4907 βηχὶ,
1567 4826 1646 4880 Dii
1681 4827 1834 4892 estis,
1877 4835 1932 4882 et

382 4911 472 4962 lilii
502 4897 709 4962 Excelsi
747 4897 939 4957 omnes
968 4900 1152 4968 (.Psal.
1191 4913 1350 4968 uxg
1374 4897 1415 4966 ).

455 4980 528 5046 (‘2)
547 4976 692 5041 Quod
713 4978 893 5046 bonos,
914 4965 1106 5046 _et_'deos
1127 4969 1276 5046 facit.
1301 4965 1580 5035 Tanquam
1603 4965 1928 5046 principium

382 5036 719 5118 paitiet'pans
757 5039 1078 5118 principium
1121 5036 1362 5115 omnium
1409 5052 1616 5116 rerum,
1646 5036 1789 5115 quod
1825 5051 1931 5088 non

383 5106 556 5186 imm“
581 5106 1121 5186 .pamc'ipttre'netjue
1145 5109 1194 5157 in
1226 5120 1281 5158 se
1311 5106 1643 5186 participari,
1672 5106 1801 5186 quia
1828 5119 1931 5155 non

387 5173 565 5256 potest
588 5173 710 5238 'lieri
753 5173 1167 5256 parsalicujus.
1197 5173 1340 5256 quod
1380 5185 1460 5256 est
1499 5173 1648 5252 solus
1685 5175 1845 5256 Deus”,
1881 5183 1935 5224 et

389 5242 642 5326 ianquam
679 5242 1004 5326 principium
1032 5244 1516 5326 impartieipatum,
1551 5243 1676 5311 quia
1710 5252 1792 5294 est
1817 5242 1932 5326 for:

389 5313 523 5380 male
561 5313 887 5394 principium
926 5314 1375 5394 participantibus
1411 5313 1464 5394 in
1492 5327 1591 5394 suo
1617 5326 1848 5391 genere;
1881 5320 1936 5362 ut

385 5411 479 5464 per
510 5381 572 5449 se
599 5381 831 5452 bonitas,
881 5381 1205 5464 piincipinm
1234 5381 1467 5462 turmale
1505 5381 1661 5464 bonis
1695 5394 1820 5464 non.
1857 5394 1930 5440 re,

388 5450 478 5517 sed
512 5465 722 5515 ratione
753 5450 1072 5526 separatum
1101 5469 1129 5506 a
1163 5452 1338 5515 bonis,
1379 5451 1470 5526 qui
1518 5450 1934 5526 participatione

390 5533 646 5586 bonitatis
678 5519 874 5583 creata:
921 5527 1176 5577 dicuntur
1205 5533 1258 5575 et
1289 5533 1414 5574 sunt
1449 5519 1748 5572 l'ormaliter
1783 5519 1934 5578 boni,

391 5618 485 5670 per
509 5617 563 5656 se
587 5604 715 5666 vita,
745 5596 1068 5669 principium
1101 5592 1323 5645 loruiale
1355 5590 1682 5653 viventibus,
1714 5603 1817 5643 non
1851 5603 1928 5652 re,

459 5807 531 5880 (ιι)
565 5806 729 5874 Plato,
759 5807 811 5862 in
839 5805 1050 5860 Timwo.

2040 4701 2257 4754 creata}.
2291 4706 2412 4759 quzn
2435 4690 2639 4744 donum
2663 4689 2757 4743 Dei
2784 4703 2889 4754 est,
2916 4705 2966 4743 et
3001 4689 3262 4754 perfectio
3292 4696 3360 4746 ab
3394 4710 3456 4746 eo
3487 4711 3605 4747 ma-

2040 4775 2198 4821 nans,
2231 4762 2486 4813 dicuntur
2511 4771 2563 4813 ct
2607 4767 2736 4812 Sunt
2780 4759 3080 4812 formaliter
3117 4761 3395 4814 viventes:
3431 4773 3482 4816 et
3514 4765 3590 4815 si-

2039 4828 2242 4899 militer
2289 4830 2341 4882 in
2374 4829 2604 4899 reliquis
2635 4827 2944 4899 Itujuslntidi
2986 4830 3268 4899 principiis
3301 4833 3600 4886 St‘Ctltttitlttt

2041 4898 2480 4967 uniuscujusque
2528 4896 2776 4965 principii
2828 4908 3076 4950 naturam
3128 4896 3182 4952 et
3231 4901 3496 4964 ordinem,
3537 4919 3604 4956 ex

2041 4969 2096 5021 S.
2137 4966 2366 5020 Thema.

2114 5038 2191 5104 (5)
2247 5036 2311 5088 Et
2365 5039 2500 5090 sicut
2556 5037 2722 5105 magis
2759 5052 2944 5090 rerum.
3005 5038 3161 5092 Sicut
3214 5038 3354 5095 Deus
3407 5042 3606 5094 dicitur

2042 5120 2241 5177 tevutn,
2276 5107 2366 5173 qui
2401 5115 2484 5160 est
2508 5117 2697 5177 auctor
2720 5106 2838 5167 aevi,
2869 5116 2922 5160 et
2954 5122 3140 5162 eorum
3178 5108 3230 5161 in
3257 5111 3455 5177 quibus
3488 5125 3602 5162 [ωι-

2043 5175 2190 5226 ditur
2226 5189 2400 5246 aevum
2431 5195 2442 5239 ;
2477 5176 2558 5230 sic
2597 5175 2798 5229 dicitur
2833 5192 2925 5244 per
2957 5194 3013 5229 se
3039 5194 3178 5242 esse,
3252 5175 3344 5246 per
3375 5197 3433 5233 se
3470 5182 3600 5239 vita,

2046 5259 2152 5323 pet‘_
2172 5259 2230 5298 se
2270 5244 2558 5324 sapientia,
2580 5254 2632 5297 et
2668 5246 2920 5299 similiter
2952 5247 3004 5300 in
3037 5248 3182 5310 aliis,
3218 5244 3345 5316 quia
3369 5257 3447 5301 cst
3475 5265 3606 5324 cuu-

2045 5329 2102 5385 sa
2143 5317 2194 5365 in
2233 5317 2498 5368 creaturis
2541 5331 2630 5381 per
2662 5330 2719 5368 se
2760 5331 2902 5377 esse,
2940 5331 3036 5385 per
3079 5333 3138 5370 se
3166 5320 3308 5379 vitae,
3344 5329 3392 5371 et
3446 5317 3603 5368 sitni-

2044 5383 2196 5444 lium,
2219 5395 2482 5454 quzesunt
2505 5385 2644 5436 dona
2669 5386 2808 5454 ejus,
2833 5387 2884 5437 in
2909 5383 3111 5454 quibus
3125 5399 3369 5439 versatur
3392 5401 3562 5437 aetum
3588 5403 3602 5450 ;

2044 5465 2149 5504 non
2183 5454 2326 5506 enim
2353 5453 2454 5506 luit
2492 5453 2727 5522 tempus,
2764 5471 2886 5507 cum
2932 5453 3041 5507 non
3072 5465 3256 5506 essent
3305 5456 3438 5512 hace,
3479 5470 3603 5515 que

2042 5537 2163 5573 cum
2186 5532 2494 5593 aevocmpta
2530 5536 2652 5577 sunt
2682 5529 2698 5589 (
2725 5524 2989 5593 siquidem
3024 5527 3240 5575 luerunt
3270 5523 3322 5574 in
3356 5524 3604 5591 angelis),

2044 5606 2162 5656 qua:
2194 5592 2524 5660 cogitatione
2551 5606 2740 5648 nostra
2787 5592 2910 5649 Sunt
2947 5593 3196 5646 absoluta
3228 5604 3280 5648 et
3322 5593 3601 5648 abstracta
