4058 6306
2879 226 2901 261 ο

424 264 532 330 923
1472 281 1478 287 ’
1573 278 2483 344 JOANNIS'CYPARISSIOTE
3565 291 3695 355 8%

429 389 812 446 η’)πὶῖητιῐηιιεε
854 392 975 445 dico
1005 409 1034 447 a
1076 410 1169 461 per
1204 412 1267 451 se
1302 412 1443 458 esse.
1469 407 1525 452 et
1560 415 1587 451 a
1620 413 1715 467 per
1752 412 1813 453 se
1854 400 1984 465 vita,
2017 398 2063 453 Α
2091 414 2251 467 esse;
2291 405 2396 459 hoc
2429 414 2635 461 tantum
2663 400 2942 474 differunt,
2991 412 3137 480 quod
3164 412 3279 465 haec
3303 408 3524 480 quidem
3553 411 3690 481 pri—

428 494 535 573 eta
580 497 674 550 per
703 498 761 538 se
788 486 1072 554 sapientia,
1117 503 1216 542 nec
1244 489 1386 542 enim
1420 490 1534 545 haec
1578 491 1835 546 dicuntur
1859 491 1993 546 sim-
2098 513 2246 551 mum
2276 498 2465 554 effecta
2505 510 2657 568 sunt,
2699 512 2754 557 et
2802 519 2895 573 per
2926 504 3041 558 hanc
3067 503 3256 559 effecta
3305 512 3571 569 extrema,
3612 512 3693 557 ιιι

430 572 644 640 pliciter
667 577 936 643 absoluta,
973 578 1065 632 sed
1095 579 1328 648 alicujus
1374 596 1494 636 esse
1533 582 1757 651 aliquid,
1791 583 1996 638 idcirco
2098 587 2143 643 si
2165 587 2286 654 quis
2314 588 2369 641 in
2407 590 2648 644 minimis
2688 572 2958 647 creaturis
2983 592 3162 647 videat
3190 593 3364 648 nubes
3397 593 3550 661 prius
3577 608 3684 648 ex.

435 668 615 733 primo
661 682 782 721 esse
812 668 966 733 dixit,
997 685 1337 741 quaecunque
1362 673 1603 741 ejusdem
1636 675 1843 730 ordinis
1873 690 1996 729 cum
2098 678 2292 733 sistere
2323 693 2486 748 quam
2521 681 2782 751 pluviam,
2823 694 2875 737 et
2907 698 3002 751 per
3028 684 3203 739 nubes
3240 682 3407 736 Deum
3450 685 3685 752 pluere;

434 771 571 821 atro,
596 758 841 814 absolute
869 760 1145 828 dicuntur,
1194 766 1468 832 quomodo
1503 766 1648 820 enim
1700 781 1796 835 per
1816 780 1875 821 se
1904 781 1999 820 ex—
2099 778 2150 823 et
2186 768 2330 824 sicut
2362 781 2542 829 motus
2569 774 2837 829 exsistunt
2875 783 3090 843 propter
3133 773 3381 840 mobilia,
3409 784 3464 828 et
3497 773 3690 829 nubes

433 851 579 904 sistit
611 866 783 905 aavum
834 862 887 907 et
930 863 1161 923 tempus,
1196 857 1297 911 nisi
1350 858 1765 915 considerentur
1820 858 1873 912 in
1932 859 1999 914 iis
2103 874 2324 932 propter
2359 863 2620 932 pluviam,
2656 865 2723 919 ad
2768 865 3020 923 eumdem
3076 866 3298 923 modum
3353 864 3691 933 substantia:

433 958 555 1012 quae
605 959 775 998 aevum
817 956 985 1015 agunt
1044 956 1099 1002 et
1147 951 1400 1017 tempus?
1457 952 1626 1005 Aliter
1677 954 1839 1007 etiam
1896 953 2002 1007 hoc
2103 954 2406 1010 creationes
2447 967 2670 1026 prepter
2701 956 3063 1022 substantias,
3119 966 3174 1011 et
3203 957 3328 1012 vita:
3365 955 3690 1012 creationes

432 1044 604 1103 patet,
633 1037 680 1090 si
730 1038 874 1090 enim
930 1039 1069 1094 Deus
1108 1043 1351 1095 omnium
1408 1057 1529 1111 qua:
1575 1054 1751 1110 sunt,
1781 1043 2002 1099 effector
2106 1057 2326 1117 propter
2373 1050 2533 1114 vitas,
2587 1058 2642 1103 et
2676 1047 3037 1104 deiﬁcationis
3092 1048 3403 1105 creationes
3454 1056 3689 1117 propter

435 1135 537 1191 est,
591 1128 762 1183 multo
794 1131 966 1198 magis
1001 1145 1188 1186 eorum
1232 1150 1352 1203 quae
1403 1136 1576 1204 prima
1632 1145 1781 1202 sunt,
1831 1136 1898 1190 ab
1939 1137 2005 1191 iis
2104 1140 2377 1205 deificata,
2409 1156 2572 1194 omne
2608 1149 2787 1195 autem
2818 1140 2963 1209 quod
3003 1150 3225 1212 propter
3251 1154 3475 1195 causam
3507 1148 3591 1195 est
3618 1146 3688 1195 et

438 1219 606 1287 ἱεῖιυτ
649 1234 768 1288 (illie
801 1231 949 1285 ευιιῐτ
993 1231 1047 1275 el
1082 1225 1425 1291 potissimum
1470 1241 1591 1294 quae
1644 1228 1816 1296 prima
1852 1239 2001 1293 sunt,
2108 1243 2375 1296 movetur,
2414 1241 2591 1286 ortum
2629 1247 2850 1300 quoque
2886 1232 3089 1286 habere
3113 1231 3547 1285 demonstratum
3571 1238 3687 1284 est.

439 1320 695 1380 tanquam
756 1313 1003 1366 omnium
1049 1324 1241 1369 auctor
1295 1316 1633 1371 nominatur.
1683 1317 1822 1385 Quia
1872 1332 2004 1371 vero
2107 1306 2268 1376 Ponit
2298 1334 2480 1378 autem
2514 1322 2804 1394 Dionysius
2832 1338 2954 1380 esse
2987 1323 3156 1377 Deum
3184 1330 3464 1376 auctorem
3498 1335 3594 1391 per
3622 1334 3695 1376 se

438 1405 555 1458 vult
586 1406 758 1476 magis
790 1407 937 1476 quod
970 1406 1120 1471 dicit,
1179 1408 1493 1480 explanare,
1550 1410 1712 1465 valde
1770 1411 2008 1467 dilucide
2109 1415 2390 1483 bonitatis,
2432 1425 2489 1471 et
2535 1432 2629 1486 per
2665 1432 2725 1471 se
2755 1408 3080 1482 divinitatis,
3127 1415 3381 1471 similiter
3413 1422 3473 1467 ιιι
3506 1413 3693 1466 actio-

442 1512 564 1567 quaa
595 1498 709 1552 haec
740 1498 791 1551 in
816 1498 1043 1553 dubium
1075 1508 1361 1567 venerunt,
1391 1501 1552 1555 solvit
1588 1521 1601 1556 :
1632 1510 1689 1556 et
1719 1517 2011 1572 aggressus
2110 1522 2241 1561 num
2274 1516 2329 1561 et
2365 1490 2667 1562 motionum
2694 1507 2788 1561 Dei
2826 1506 2968 1562 Deus
3000 1515 3086 1563 est
3111 1516 3325 1572 auctor,
3364 1504 3692 1558 divinitatea

446 1608 509 1645 ⁸³
539 1605 659 1660 (μιαν
686 1593 766 1646 εἶθ
793 1592 1042 1646 θινεοίυιθ
1068 1591 1326 1646 meum"?
1365 1594 1654 1660 ὑπάρξεις.
1688 1594 1740 1647 id
1787 1604 1890 1660 est.
1919 1609 2010 1648 es—
2114 1615 2243 1657 vero
2282 1599 2572 1655 inferiores
2615 1598 2856 1668 intelligo
2901 1598 3241 1669 angelorum,
3288 1606 3343 1650 et
3397 1594 3694 1649 hominum

374 1726 377 1729 .
447 1684 662 1737 sentiat.
685 1681 944 1747 Primam,
985 1691 1039 1735 et
1072 1698 1193 1750 quae
1231 1682 1468 1736 maxime
1495 1683 1903 1751 quodammodo
1929 1682 2014 1736 vi-

2141 1702 2410 1759 ustorum,
2444 1706 2638 1748 rursus
2663 1705 2791 1745 vero
2816 1688 3078 1759 intellige,
3109 1689 3530 1756 interpretatum
3562 1699 3696 1741 esse

445 1777 605 1830 detur
632 1776 960 1842 substantia,
988 1790 1097 1829 non
1122 1776 1483 1831 substantiam
1509 1775 1774 1845 aliquam,
1809 1774 2009 1847 inquit,

446 1870 682 1924 divinam
729 1878 822 1923 aut
859 1869 1161 1937 angellcatn
1192 1868 1424 1926 dicimus
1477 1882 1571 1935 per
1612 1881 1670 1921 se
1703 1882 1843 1931 esse,
1895 1880 2017 1933 quae

449 1962 522 2016 sit
553 1976 716 2019 causa
770 1970 828 2014 ut
875 1960 1059 2014 omnia
1096 1958 1206 2014 sint
1241 1977 1256 2023 ;
1292 1959 1336 2014 si
1390 1970 1569 2013 autem
1616 1959 1916 2027 antiquius,
1964 1965 2020 2011 et

447 2057 688 2124 primum
724 2069 787 2109 ex
821 2053 998 2117 donis,
1032 2053 1177 2121 quod
1224 2051 1350 2118 quia
1402 2063 1485 2105 est
1535 2059 1590 2104 et
1642 2049 2018 2118 participatur.

448 2147 555 2201 al’a
589 2147 730 2200 dona
761 2154 968 2200 suntet
1015 2145 1296 2210 dicuntur,
1341 2158 1451 2197 non
1484 2153 1566 2197 est
1609 2157 1785 2211 neque
1837 2141 2021 2196 divina

447 2254 552 2295 nec
611 2240 858 2309 angelica
921 2237 1250 2301 substantia,
1313 2236 1422 2291 imo
1471 2251 1572 2291 nec
1620 2251 1786 2290 causa
1826 2244 1886 2288 ut
1915 2235 2023 2289 sint

448 2332 635 2387 omnia
669 2330 841 2398 (solus
879 2331 1024 2383 enim
1063 2328 1226 2395 Deus,
1268 2328 1361 2397 qui
1407 2337 1488 2382 est
1536 2341 1862 2396 supraquam
1897 2327 2025 2380 sub-

453 2424 677 2488 stantia,
710 2433 765 2477 et
814 2420 1167 2491 principium,
1193 2428 1251 2474 et
1280 2420 1541 2483 essentia,
1570 2428 1623 2473 et
1653 2433 1816 2474 causa
1847 2430 1931 2473 est
1964 2427 2023 2472 ut

452 2518 565 2569 sint
588 2526 781 2569 cuncta
810 2530 930 2584 quite
960 2524 1108 2573 sunt.
1150 2522 1206 2567 et
1235 2512 1473 2582 idipsum
1516 2510 1833 2585 simpliciter
1856 2510 2023 2580 esse),

453 2607 510 2660 in
542 2605 687 2675 quali
730 2606 949 2659 tandem
979 2604 1172 2658 ordine
1209 2618 1272 2658 ea
1304 2618 1426 2673 qua:
1456 2603 1536 2668 sic
1561 2603 1820 2658 dicuntur
1853 2602 2025 2674 magis

454 2698 825 2769 principialia,
861 2696 1169 2766 ponemus?
1200 2695 1266 2749 Et
1298 2695 1347 2750 si
1397 2709 1507 2757 non
1556 2703 1686 2749 sunt
1723 2709 1904 2749 causae
1934 2710 2027 2747 co-

416 2862 421 2869 .
451 2807 573 2847 rum
606 2807 727 2862 quae
764 2802 915 2853 sunt,
949 2806 1047 2845 nec
1088 2790 1214 2844 item
1248 2797 1412 2845 erunt
1457 2787 1755 2843 chectricia
1804 2788 2024 2855 horum,

452 2883 600 2954 quod
638 2883 683 2938 si
726 2897 833 2935 non
880 2881 1120 2941 efﬁciunt
1148 2897 1209 2935 ea
1252 2897 1372 2949 qua:
1399 2890 1550 2947 sunt,
1578 2896 1756 2950 neque
1781 2889 1910 2934 sunt
1941 2877 2025 2931 fa-

455 2976 636 3030 cultas
668 2988 771 3028 nec
817 2973 1064 3042 operatio
1119 2973 1209 3026 Dei
1241 2972 1485 3029 effectrix
1519 2980 1573 3027 et
1615 2974 1851 3027 creatrix
1904 2972 2028 3026 uni-

2118 1782 2458 1853 apertissime
2497 1781 2817 1851 Dionysium
2847 1780 3127 1837 declarare
3156 1779 3273 1835 haec
3318 1777 3566 1841 nomina,
3594 1776 3700 1831 do-

2119 1889 2250 1933 num
2288 1889 2316 1927 a
2357 1872 2469 1931 Deo
2497 1873 2827 1943 profectum,
2868 1879 2925 1926 et
2956 1869 3177 1941 pulchri
3205 1872 3264 1923 in
3297 1883 3361 1923 ea
3388 1881 3511 1934 quae
3552 1864 3698 1920 foris

2120 1975 2270 2031 sunt,
2323 1963 2684 2029 ell‘usionem;
2736 1961 3034 2027 declarare,
3081 1960 3328 2031 inquam,
3380 1966 3590 2013 motum
3640 1961 3701 2010 et

2122 2060 2392 2123 actionem
2428 2056 2544 2123 Dei,
2591 2066 2851 2128 tanquam
2893 2052 3235 2112 affectionem
3268 2058 3322 2110 et
3354 2050 3698 2106 creationem

2124 2153 2297 2222 ipsius
2318 2151 2432 2206 Dei.

2721 2256 2950 2317 CAPUT
3004 2256 3097 2314 VI.

2130 2384 2203 2439 De
2231 2389 2512 2453 potestate,
2564 2381 2676 2453 sine
2720 2376 2934 2453 uirtute,
2982 2381 3031 2453 et
3073 2369 3335 2453 iustitia;
3372 2378 3423 2423 et
3469 2366 3702 2453 quodue

2193 2440 2449 2522 potestate
2491 2440 2698 2522 inﬁnite
2726 2446 2943 2522 potenti,
2973 2440 3093 2522 et}!
3114 2440 3356 2522 justitia,
3387 2453 3570 2522 perge
3591 2450 3699 2522 per

2199 2506 2385 2589 testas,
2412 2530 2461 2575 et
2492 2506 2583 2589 pe'r
2604 2534 2657 2573 se
2672 2506 2890 2589 jdxtitia
2914 2506 3185 2580 producta
3212 2519 3334 2565 sunt
3370 2519 3422 2565 et
3453 2506 3698 2577 eﬂ‘ectta;

2216 2584 2237 2598 ρ

2196 2587 2246 2649 e't
2281 2608 2398 2662 quae
2423 2587 2587 2644 in‘eis
2617 2587 2989 2658 proprietates.

2201 2707 2428 2778 Magnus
2469 2701 2768 2772 Dionysius
2809 2714 2930 2765 cap.
2963 2704 3161 2752 octavo
3200 2691 3272 2751 De
3303 2691 3501 2749 divinis
3528 2690 3701 2744 uomi-

2129 2800 2304 2864 nibus,
2337 2797 2413 2853 ait
2442 2812 2456 2849 :
2482 2793 2551 2849 Et
2577 2791 2722 2863 quod
2751 2789 2896 2858 Deus
2926 2785 3293 2847 deifleationis
3331 2784 3588 2854 princeps
3610 2796 3702 2836 sus

2134 2894 2230 2964 pr'a
2262 2903 2485 2947 omnem
2523 2890 2854 2956 potestatem
2884 2879 3084 2945 fertur,
3120 2886 3174 2933 et
3208 2890 3429 2934 omnem
3465 2881 3700 2944 potesta-

2130 2993 2241 3043 tem
2264 3022 2280 3045 ,
2300 2979 2798 3051 qttomodocuuque
2815 2981 2966 3030 estet
2987 2970 3351 3040 excogitatur,
3370 2972 3657 3035 exsuperat
3678 2979 3697 3030 ;

452 3064 623 3132 versi,
652 3065 980 3133 relinquitur
1022 3074 1083 3118 ut
1111 3064 1223 3118 sint
1254 3065 1365 3119 haec
1412 3064 1764 3118 habitudines
1796 3074 1849 3118 et
1877 3080 1998 3120 etna
2054 3060 2099 3116 C
2132 3092 2241 3132 non
2268 3082 2403 3143 ριιιο
2435 3069 2607 3125 unum
2635 3081 2700 3123 ex
2733 3065 2804 3121 iis
2829 3064 2924 3133 qui
2951 3063 3005 3118 in
3035 3060 3346 3130 scripturis
3376 3057 3571 3113 divinis
3596 3055 3689 3108 alti

460 3157 734 3220 nationes,
760 3170 879 3225 qua
908 3167 1037 3210 sunt
1060 3170 1184 3209 cum
1210 3154 1344 3208 fiunt
1365 3163 1599 3226 tantum,
1632 3156 1775 3211 sicut
1802 3156 2032 3215 demon-

457 3259 690 3305 stratum
727 3255 830 3301 est.
891 3245 1028 3300 Cum
1068 3255 1245 3299 autem
1304 3245 1594 3313 Dionysius
1655 3246 1846 3300 horum
1892 3262 2029 3302 con-

457 3341 868 3411 templationem
908 3340 1103 3395 dilatat
1132 3357 1145 3393 :
1176 3338 1286 3394 Nec
1325 3339 1513 3406 aliam,
1545 3339 1741 3409 inquit,
1772 3340 2030 3394 divinita-

457 3445 590 3498 tem,
648 3448 771 3504 qua:
818 3434 984 3491 vitam
1036 3432 1233 3498 pariat,
1268 3432 1524 3497 dicimus,
1558 3441 1752 3501 prtrtcr
1807 3446 2029 3489 causam

459 3540 791 3596 supraqnam
843 3524 1081 3579 divinam
1130 3523 1374 3578 omnium
1431 3539 1769 3596 quaecunque
1821 3526 2031 3592 vivunt,

460 3632 515 3676 et
535 3634 630 3689 per
661 3634 720 3673 se
750 3617 871 3670 vita:
906 3632 1166 3680 causam;
1201 3616 1343 3689 quod
1371 3617 1415 3679 si
1462 3633 1566 3671 non
1616 3626 1699 3675 est
1729 3619 1834 3674 alia
1869 3633 2034 3675 causa

424 3709 787 3778 .viventinm,
819 3723 919 3767 nec
947 3706 1051 3761 alia
1085 3707 1342 3761 divinitas
1391 3722 1513 3777 quae
1544 3709 1708 3763 vitam
1754 3710 1934 3778 pariat
1957 3710 2038 3764 vi-

465 3803 740 3867 ventibus,
767 3802 868 3856 nisi
896 3802 1003 3855 vita
1034 3815 1365 3871 supraquam
1396 3799 1604 3865 divina,
1640 3810 1695 3857 et
1728 3800 2035 3859 substantia

469 3912 803 3967 supraquatn
850 3894 1187 3957 substantia:
1221 3905 1275 3953 et
1320 3894 1497 3962 ipsum
1533 3893 2033 3963 siugularissimum

467 4006 523 4046 et
563 3989 1065 4067 splendidissimum
1103 4003 1294 4050 unum,
1338 3992 1395 4041 et
1444 3988 1546 4045 hoc
1592 3996 1675 4047 est
1723 3985 1836 4039 sola
1872 3999 2037 4045 causa

392 4082 395 4086 ’
468 4085 739 4146 omnium,
757 4081 980 4135 evidens
1007 4087 1097 4135 est
1125 4078 1267 4146 quod
1303 4076 1420 4133 haec
1447 4091 1570 4149 quas
1598 4078 1774 4145 primo
1801 4085 1857 4131 et
1887 4076 2038 4147 prin-

466 4176 733 4245 eipialiter
756 4181 903 4235 sunt,
933 4182 987 4224 et
1020 4168 1213 4227 eﬁecta
1258 4178 1492 4232 tantum,
1530 4168 1663 4225 nihil
1699 4183 1888 4225 eorum
1915 4183 2042 4239 qua,

469 4278 656 4337 postea
700 4273 848 4328 sunt,
889 4273 1145 4330 tanquam
1178 4274 1343 4319 causa
1386 4260 1670 4318 cilicium:
1710 4260 1917 4319 idcirco
1946 4263 2042 4316 bo-

472 4374 577 4411 nus
611 4356 751 4409 Deus
781 4369 969 4406 eorum
1002 4354 1246 4420 ipsorum
1278 4366 1397 4419 quae
1416 4351 1599 4419 prima
1627 4361 1779 4415 sunt,
1813 4352 2040 4409 effector

472 4449 696 4507 dicitur,
734 4444 928 4498 deinde
975 4458 1162 4497 eorum
1223 4458 1345 4511 qua:
1395 4442 1652 4497 universe
1683 4444 1759 4514 (a)
1816 4445 2040 4512 panici-

478 4549 631 4609 pant,
664 4548 853 4608 postea
876 4551 1066 4593 eorum
1106 4550 1229 4603 quae
1250 4536 1308 4594 in
1339 4543 1491 4604 parte
1530 4552 1547 4590 ε
1592 4536 1672 4591 sic
1699 4536 2050 4593 demonstrat

476 4634 651 4689 solum
721 4630 887 4684 Deum
946 4643 1067 4684 esse
1121 4641 1344 4684 causam
1407 4628 1692 4701 omnium,
1763 4629 1877 4685 sive
1932 4633 2046 4700 pri-

478 4739 565 4777 tua
617 4724 892 4787 dicuntur,
945 4720 1057 4775 sive
1118 4721 1390 4785 universe,
1459 4720 1578 4780 sive
1640 4721 1693 4779 in
1744 4732 1931 4797 parte;
1996 4735 2051 4782 ct

476 4818 590 4872 sive
634 4817 715 4873 sic
766 4813 1088 4885 participata
1136 4813 1412 4875 dicuntur,
1466 4814 1579 4869 sive
1621 4817 2000 4885 partielpautia
2028 4860 2043 4882 ,

478 4909 624 4979 quod
660 4910 705 4963 si
738 4911 876 4963 idem
907 4916 960 4962 et
994 4908 1145 4962 solus
1191 4917 1381 4962 auctor
1403 4916 1565 4962 estet
1601 4910 2044 4979 participautium

479 5014 535 5057 et
593 5000 1068 5071 participatorum,
1125 4999 1348 5053 evidens
1398 5008 1482 5054 est
1549 4999 1593 5055 si
1665 5001 2045 5072 participautia

479 5105 748 5151 creaturas
785 5100 933 5157 sunt,
996 5103 1051 5147 et
1111 5090 1435 5159 participata
1491 5088 1713 5159 penitus
1761 5105 2046 5150 creaturas

2133 3172 2262 3221 sunt
2288 3170 2343 3220 et
2359 3158 2597 3224 educati,
2626 3157 2901 3225 ignorare,
2922 3152 3106 3213 multis
3120 3150 3264 3206 enim
3284 3150 3335 3204 in
3353 3146 3482 3203 locis
3499 3143 3685 3210 Scrip-

2137 3267 2262 3315 tura
2291 3262 2346 3309 et
2373 3249 2805 3307 dominationem
2835 3249 3010 3315 ipsam
3038 3258 3161 3301 esse
3184 3239 3365 3301 tradit,
3388 3245 3440 3294 et
3463 3236 3530 3290 ab
3554 3234 3684 3305 ipsis

2136 3365 2301 3418 supra
2348 3345 2665 3402 coelestibus
2718 3340 3081 3413 potestatibus
3125 3344 3370 3408 separat.
3414 3329 3695 3400 Quomodo

2140 3442 2307 3508 igitur
2338 3436 2575 3505 theologi
2628 3444 2888 3502 tanquam
2943 3436 3264 3499 potestatem
3304 3422 3551 3486 laudant,
3585 3434 3703 3490 quae

2138 3540 2293 3591 extra
2317 3541 2534 3585 omnem
2572 3531 2899 3594 potestatem
2930 3522 3108 3588 posita
3148 3516 3274 3573 est?
3304 3522 3402 3573 aut
3432 3509 3705 3581 quomodo

2139 3626 2196 3681 in
2224 3638 2288 3679 ea
2317 3634 2514 3678 nomen
2549 3613 2835 3686 potestatis
2861 3607 3239 3679 accipiemus?
3275 3605 3518 3660 Dicimus
3544 3601 3707 3671 igitur

2139 3717 2311 3775 Deum
2347 3728 2471 3770 esse
2498 3716 2845 3784 potestatein,
2882 3714 2943 3759 ut
2977 3702 3071 3773 qui
3107 3701 3419 3770 praehabeat
3451 3700 3507 3750 in
3542 3710 3624 3755 se,
3655 3700 3706 3746 et

2140 3820 2474 3878 supraquam
2514 3802 2713 3857 habeat
2752 3811 2969 3853 omnem
3003 3800 3325 3863 potestatem
3358 3805 3374 3853 ;
3404 3798 3458 3842 et
3494 3798 3557 3841 ut
3591 3800 3708 3839 out-

2140 3876 2226 3953 nis
2251 3895 2542 3966 potestatis
2568 3900 2783 3956 auctor,
2818 3895 2874 3943 et
2907 3895 2966 3939 ut
2995 3884 3181 3939 omnia
3215 3878 3501 3934 inflexibili
3539 3886 3592 3930 et
3623 3876 3705 3928 in-

2125 3986 2561 4053 circumscripta
2591 3988 2862 4049 potestate
2892 3974 3226 4044 producens,
3256 3980 3310 4025 et
3330 3978 3391 4023 ut
3419 3976 3610 4021 auctor
3634 3966 3729 4029 ἱβι

2141 4078 2256 4141 lius
2307 4092 2399 4147 per
2450 4090 2513 4130 se
2556 4086 2675 4128 esse
2720 4076 3061 4139 potestatem,
3115 4063 3197 4123 vel
3227 4076 3348 4115 esse
3374 4060 3707 4119 universam,

2142 4177 2237 4225 aut
2265 4146 2599 4236 singularem
2643 4158 2877 4229 alicujus
2910 4160 3234 4226 potestatein
3267 4170 3282 4216 ;
3314 4161 3367 4205 et
3397 4159 3458 4203 ut
3505 4146 3707 4206 inﬁnite

2143 4272 2363 4333 potens,
2398 4273 2503 4314 nun
2532 4254 2710 4311 solum
2732 4267 2796 4306 eo
2817 4250 2963 4320 quod
2989 4261 3206 4302 omnem
3236 4236 3561 4315 p0testatem
3587 4254 3709 4311 pro-

2148 4355 2320 4418 ducit,
2356 4349 2448 4406 sed
2484 4347 2630 4419 quod
2681 4353 2767 4399 est
2807 4356 2972 4410 supra
3011 4353 3226 4393 omnem
3263 4343 3613 4405 potestatem.
3659 4346 3710 4384 et

2118 4427 2120 4445 Γ
2152 4461 2315 4518 supra
2346 4446 2518 4514 ipsam
2552 4453 2649 4509 per
2681 4452 2739 4491 se
2771 4442 3135 4506 potestatem:
3164 4437 3217 4483 et
3246 4427 3393 4498 quod
3426 4439 3589 4493 supra
3617 4436 3707 4490 po-

2155 4549 2259 4597 test
2284 4530 2762 4591 iunumerabiliter
2791 4525 3032 4581 infinitas
3086 4523 3223 4579 alias
3250 4525 3548 4591 potestates
3582 4530 3693 4584 pro-

2155 4635 2355 4690 ducere
2385 4649 2398 4698 ;
2433 4638 2488 4698 et
2520 4624 2668 4696 quod
2701 4621 2954 4683 iitlittitzn,
2998 4625 3053 4671 et
3084 4616 3300 4671 infinito
3333 4627 3564 4667 numero
3587 4624 3709 4680 pro-

2157 4729 2333 4794 ductae
2359 4729 2652 4794 potestates
2681 4727 2962 4784 nunquam
2993 4716 3196 4783 queant
3223 4707 3484 4763 hebetare
3511 4712 3603 4761 aut
3628 4719 3704 4757 rc-

2162 4821 2390 4876 tuudere
2428 4822 2759 4881 supraquam
2799 4803 3122 4858 inﬁnitatem
3173 4795 3516 4852 ef'feetionent
3568 4802 3711 4861 pote-

2157 4911 2318 4966 statis
2348 4906 2468 4975 cjus
2502 4896 2849 4972 potentilicae,
2884 4892 2999 4946 haec
3027 4889 3193 4959 igitur
3229 4895 3474 4958 potestas
3510 4886 3599 4939 Dei
3632 4885 3709 4937 in-

2160 5002 2311 5057 finite
2340 5005 2556 5066 potens,
2597 4990 2650 5042 in
2686 4985 2871 5041 omnia
2902 4995 3023 5052 quae
3054 4988 3206 5044 sunt,
3242 4985 3387 5031 meat
3413 4984 3469 5031 et
3494 4987 3708 5047 pregre;

2156 5095 2327 5156 ditur,
2361 5086 2608 5155 nihilque
2638 5092 2830 5136 eorum
2863 5072 2987 5146 quas
3018 5080 3166 5138 sunt,
3196 5069 3424 5126 omnino
3456 5067 3705 5124 nudatqu

1958 5246 2229 5311 Sehoha.

484 5399 515 5437 a
542 5382 707 5436 rebus
737 5376 1151 5437 exsistentibus,
1184 5388 1291 5427 non
1323 5380 1503 5427 tamen
1531 5369 1855 5439 simpliciter
1887 5372 2049 5427 abso-

482 5454 596 5509 luta
625 5465 677 5508 et
702 5452 1001 5511 abstracta,
1028 5445 1157 5513 quia
1192 5445 1249 5497 iu
1277 5457 1332 5513 re
1360 5440 1760 5509 participantur
1782 5442 1853 5513 ab
1875 5443 2052 5497 exsis—

486 5524 755 5585 teutibus,
781 5529 835 5573 et
866 5526 997 5573 sunt
1019 5512 1213 5570 effecta
1243 5530 1271 5565 a
1302 5512 1434 5577 Deo,
1461 5526 1492 5564 a
1526 5525 1638 5579 quo
1665 5512 1921 5580 pendent,
1951 5513 2053 5567 sed

2155 5374 2273 5427 haec
2307 5368 2480 5440 magis
2509 5365 2835 5440 aduncae:
2873 5373 3001 5429 cap.
3061 5357 3095 5410 Ἰ
3147 5353 3367 5412 decadis
3416 5349 3471 5417 7,
3522 5347 3639 5404 dec.
3681 5344 3715 5406 8

2157 5456 2280 5511 cap.
2311 5440 2366 5508 4,
2399 5429 2590 5493 licebit
2615 5429 2945 5500 intelligere.

564 5704 641 5773 (a)
683 5703 963 5765 Uttit‘ersc,
994 5710 1051 5755 ut
1081 5702 1189 5755 vita
1217 5697 1456 5754 omnium
1480 5696 1810 5763 viventium;
1842 5696 1895 5751 in
1923 5704 2097 5766 parte,
2132 5698 2187 5748 ut
2206 5691 2314 5748 vita
2342 5688 2623 5746 hominum
2650 5692 2743 5740 aut
2766 5677 3107 5751 angelorum,
3129 5684 3236 5729 etc.
