4078 6274
371 335 477 400 825

1089 340 1326 399 DECAS
1360 342 1422 399 ν.
1453 365 1518 377 -·
1553 340 1650 398 DE
1687 338 2118 398 PROI’RIETA
2138 337 2631 398 l‘lBUS'DlVlN.
2675 335 2949 395 NOMI-‘I.

3511 328 3616 394 8Ξῖ

373 463 480 516 est,
525 451 654 520 quin
692 451 930 520 aliquam
973 461 1285 519 potestatein
1317 451 1562 516 habeat;
1593 452 1722 518 quin
1762 454 1938 520 potius
1969 456 2013 513 Α
2044 454 2186 523 quod
2249 455 2474 508 inﬁnitae
2532 462 2833 522 potestates
2890 451 2941 504 iu
3013 449 3281 503 inﬁnitum
3336 449 3615 516 producta:

375 551 698 612 potestatem
733 543 895 597 habet
927 543 1012 597 vel
1039 543 1446 609 intelligentem,
1482 543 1565 596 vel
1602 543 1940 595 ratiocinan-

375 643 509 699 tem,
553 635 635 689 vel
670 634 1012 698 sentientem,
1062 634 1144 688 vel
1187 635 1484 697 viventem,
1535 633 1617 686 vel
1663 635 1936 702 propriam

377 727 700 781 substantiae
728 745 741 791 ;
773 734 826 779 et
849 726 1021 794 ipsum
1052 740 1191 784 esse,
1227 724 1268 779 si
1302 723 1382 779 ius
1411 733 1494 778 est
1522 725 1726 788 dicere,
1755 737 1940 794 potes-

379 828 542 872 tatem
576 818 740 872 habet
767 827 825 871 ut
858 819 950 882 sit,
982 817 1050 870 ab
1083 817 1198 885 ipsa
1235 832 1402 884 supra
1433 817 1798 871 substantiam
1843 831 1943 886 po-

380 919 613 973 testate;
644 919 698 962 et
715 917 774 962 ut
797 907 966 963 semel
1003 908 1199 970 dicam,
1233 907 1368 958 nihil
1395 907 1557 959 estin
1594 906 1941 970 universum,

379 1001 524 1070 quod
551 1000 945 1070 omnipotentis
991 999 1178 1062 tutela,
1208 1005 1262 1051 et
1294 997 1706 1052 conservatione
1735 997 1935 1052 divinae

381 1087 634 1156 potentia:
658 1088 929 1155 privatum
955 1086 1046 1152 sit,
1087 1087 1229 1156 quod
1258 1086 1401 1139 enim
1436 1087 1690 1140 universe
1725 1087 1930 1140 nullam

382 1177 544 1231 habet
565 1185 907 1246 potestatem,
937 1193 1037 1231 nec
1063 1187 1164 1243 est,
1190 1191 1288 1231 nec
1311 1178 1600 1246 quidquam
1620 1186 1721 1241 est,
1745 1193 1842 1233 nec
1864 1186 1948 1232 est

384 1265 630 1324 funditus
659 1269 802 1323 ullus
829 1271 949 1339 ejus
982 1271 1143 1324 situs.
1175 1268 1240 1322 Et
1270 1283 1459 1324 rursus
1489 1270 1629 1324 idem
1668 1270 1722 1322 in
1749 1270 1936 1324 eodem

383 1359 602 1427 rapite:
641 1360 680 1413 A
731 1359 944 1428 justitia
1007 1368 1187 1414 autem
1241 1375 1434 1414 rursus
1484 1361 1737 1414 laudatur
1780 1361 1944 1424 Deus.

383 1450 528 1518 quod
560 1452 835 1517 omnibus,
864 1461 921 1505 ut
950 1452 1175 1527 dignum
1203 1461 1285 1508 est
1316 1452 1520 1506 tribuat
1549 1461 1602 1507 et
1627 1466 1937 1520 congruen-

385 1553 491 1596 tem
525 1543 767 1609 modum,
796 1554 851 1598 et
888 1544 1369 1612 pulchritudinem,
1411 1553 1463 1598 et
1487 1545 1943 1613 compositionem

383 1635 612 1700 ordinis,
645 1644 698 1688 et
735 1634 1186 1702 dispositionem;
1233 1643 1290 1689 et
1330 1634 1584 1689 omnibus
1627 1635 1936 1704 dispertiat,

384 1735 438 1779 et
475 1727 704 1795 singulis
734 1727 953 1782 ordines
985 1727 1287 1796 praestituat
1322 1727 1622 1782 secundum
1658 1740 1841 1780 veram
1892 1732 1946 1780 et

2045 548 2377 600 creationem
2416 561 2748 614 supraquam
2791 545 3058 598 inﬁnitam
3095 541 3418 610 potehtiﬁere
3459 553 3613 610 pote-

2046 639 2202 689 statis
2237 637 2358 705 ejus
2407 637 2697 690 retundere
2737 651 3014 703 nunquam
3055 642 3303 702 possunt.
3345 634 3400 685 Si
3451 632 3615 698 igitur

2047 735 2288 794 potestas
2325 735 2542 780 ostensa
2580 741 2686 780 non
2721 724 2946 778 haberet
2975 731 3295 792 potestatem
3329 723 3425 775 has
3466 731 3615 789 pote-

2047 828 2212 873 states
2245 818 2562 885 recipiendi,
2601 833 2882 886 nunquam
2918 817 3259 884 promitteret
3297 815 3610 883 Dionysius,

2015 964 2019 967 _
2048 907 2288 961 inﬁnitas
2320 907 2437 960 itlas
2470 914 2766 974 petestates
2797 921 2823 957 a
2853 907 3156 974 potentitica
3185 913 3615 983 potestatqpro-

2046 999 2236 1053 ductas
2264 1013 2370 1051 non
2404 1012 2562 1066 posse
2602 999 2867 1052 actionem
2903 999 3020 1065 ejus
3072 999 3320 1052 obtusam
3363 997 3613 1057 reddere,

2047 1105 2217 1159 quare
2250 1089 2450 1153 evenit,
2492 1097 2551 1143 ut
2585 1098 2826 1158 potestas
2879 1089 3021 1143 bono
3072 1088 3466 1157 appropinquet
3511 1087 3612 1155 (a),

2046 1181 2189 1260 quod
2225 1180 2366 1235 enim
2405 1181 2460 1234 in
2494 1181 2806 1235 universum
2841 1180 3042 1233 nuitatn
3077 1188 3394 1248 potestatem
3427 1178 3611 1245 habet,

2047 1287 2147 1327 nec
2191 1281 2293 1338 est,
2334 1286 2433 1327 nec
2484 1272 2688 1340 aliquid
2741 1281 2844 1333 est,
2884 1285 2983 1324 nec
3035 1285 3263 1338 prorsus
3311 1273 3446 1324 situs
3495 1269 3616 1338 ejus

2046 1371 2171 1418 est:
2229 1363 2432 1417 idcirco
2479 1361 2683 1416 eisdem
2725 1361 2926 1420 ﬁnibus
2973 1361 3231 1414 metimur
3267 1367 3612 1430 potestatem,

2047 1463 2099 1508 et
2137 1455 2187 1508 id
2219 1451 2363 1522 quod
2409 1463 2510 1519 est,
2549 1468 2646 1508 nec
2678 1453 2978 1522 porrigitur
3017 1461 3261 1521 potestas
3305 1452 3355 1503 in
3393 1467 3456 1504 ea
3491 1466 3615 1517 qua:

2049 1561 2154 1599 non
2189 1555 2336 1610 sunt,
2388 1547 2536 1601 sicut
2567 1545 2771 1599 bonum
2826 1543 3146 1614 porrigitur,
3201 1543 3386 1596 eadem
3434 1528 3615 1595 autem

2047 1647 2127 1692 est
2156 1637 2456 1707 proprietas
2480 1636 2762 1690 nominum
2789 1635 3044 1706 justitite,
3075 1634 3290 1700 salutis,
3321 1641 3373 1686 et
3405 1632 3619 1686 redem-

2048 1728 2273 1798 ptionis,
2305 1727 2516 1798 justitia
2553 1725 2701 1780 enim
2741 1726 2832 1779 Dei
2872 1739 3211 1794 supraquam
3251 1731 3465 1792 potens,
3495 1733 3619 1788 quae

382 1815 742 1885 justissimam
772 1818 1262 1886 praescriptionem,
1290 1825 1342 1871 et
1360 1817 1615 1871 omnibus
1635 1831 1747 1872 suae
1761 1817 1948 1886 cujus-
1981 1792 2020 1846 Β
2046 1792 2195 1892 justa
2223 1792 2324 1880 est,
2355 1827 2409 1874 et
2440 1819 2689 1888 justitias
2720 1818 2921 1887 diligit,
2950 1792 3387 1885 uniuscujusque
3425 1827 3614 1867 eorum

384 1919 492 1973 que
523 1906 753 1962 actionis
781 1919 972 1963 auctor
1005 1909 1094 1972 sit,
1130 1909 1311 1962 omnia
1346 1911 1491 1962 enim
1519 1908 1701 1962 divina
1736 1907 1947 1978 justitia

386 1995 620 2058 ordinat,
653 2005 705 2050 et
733 1999 850 2053 suis
881 1999 1129 2054 terminis
1159 1998 1381 2063 deﬁnit;
1417 2005 1474 2053 et
1498 2000 1682 2052 omnia
1717 2000 1785 2055 ab
1821 2015 1946 2054 om-

354 2130 357 2132 .
386 2087 538 2140 nium
569 2087 821 2142 mistione
853 2099 907 2143 et
931 2087 1252 2144 confusione
1295 2089 1462 2144 libera
1507 2099 1728 2153 servat;
1767 2092 1948 2143 omni-

387 2178 508 2239 bus,
539 2194 659 2246 quae
686 2179 885 2249 cuique
911 2181 1264 2248 conveniunt,
1289 2189 1341 2236 et
1366 2192 1423 2235 ut
1445 2181 1700 2250 quodque
1725 2183 1944 2250 dignum

386 2277 491 2332 est,
528 2269 665 2322 dona
699 2271 944 2340 largitur.
985 2272 1059 2324 Ex
1096 2271 1181 2325 bis
1230 2284 1410 2327 autem
1449 2272 1559 2340 jam
1592 2279 1758 2341 patet,
1795 2271 1942 2340 quod

387 2368 626 2429 potestas
657 2358 748 2415 Dei
781 2363 1069 2430 potestatis
1093 2361 1361 2430 eﬁ‘ectrix,
1391 2377 1512 2432 qua
1533 2378 1749 2417 omnem
1782 2378 1946 2418 exsu-

388 2461 539 2519 perat
583 2461 931 2521 potestatem,
964 2470 1086 2524 qua)
1130 2465 1212 2509 est
1261 2470 1455 2520 unum,
1509 2464 1563 2509 et
1613 2469 1945 2524 supraquam

388 2543 716 2608 substantia,
744 2559 865 2613 quae
895 2560 1111 2619 omnem
1143 2552 1466 2614 potestatem
1505 2546 1557 2598 in
1585 2560 1644 2600 se
1673 2547 1949 2614 praehabet

386 2641 442 2685 et
458 2649 618 2700 supra
639 2635 816 2700 habet,
839 2635 952 2690 haec
968 2650 1184 2690 omnem
1205 2644 1520 2706 potestatem
1551 2645 1602 2689 et
1619 2637 1943 2704 generalem,

386 2732 438 2776 et
466 2723 519 2776 in
557 2733 727 2793 parte,
761 2735 814 2780 et
848 2727 1020 2795 ipsam
1047 2727 1197 2780 illam
1230 2744 1323 2797 per
1353 2745 1411 2783 se
1442 2737 1762 2798 potestatem
1795 2728 1946 2799 cogi-

386 2815 592 2868 tatione
618 2817 973 2883 abstractam,
1002 2833 1067 2871 ex
1094 2818 1162 2873 iis
1183 2835 1304 2886 quae
1325 2835 1431 2872 non
1457 2828 1606 2885 sunt,
1640 2819 1944 2873 secundum

387 2923 542 2962 suam
575 2908 925 2965 inﬂexibilem
967 2920 1018 2963 et
1051 2910 1582 2978 incircumscriptam
1619 2919 1944 2980 potestatem

389 3001 659 3069 producit,
687 3013 739 3056 et
763 3001 892 3057 facit
918 3003 1179 3057 exsistere
1207 3020 1220 3056 :
1258 3010 1312 3058 et
1339 3017 1402 3056 ex
1437 3003 1551 3070 ipsa
1579 3003 1943 3064 emanatione,

2050 1927 2172 1981 qua:
2206 1918 2354 1978 sunt,
2389 1911 2636 1965 ordinem
2691 1908 2898 1974 deﬁnit,
2946 1919 2999 1961 et
3049 1906 3320 1976 producit,
3367 1915 3421 1959 et
3465 1904 3619 1973 ponit

2051 2001 2350 2057 secundum
2401 1999 2680 2068 propriam
2716 1999 2986 2051 actionem
3023 2013 3036 2048 ε
3082 2004 3136 2048 et
3183 1994 3483 2048 secundum
3521 2007 3616 2044 sn-

2051 2107 2311 2162 praquam
2343 2091 2612 2144 inﬁnitam
2638 2090 2907 2156 justitiam
2945 2102 3097 2141 suam
3136 2086 3428 2153 unicuique
3451 2082 3616 2153 justi—

2052 2184 2136 2237 tize
2164 2183 2232 2236 ab
2259 2183 2377 2251 ipso
2417 2181 2696 2250 productae
2739 2181 2994 2232 virtutem
3028 2177 3246 2241 indidit,
3297 2176 3617 2229 reddentem

2049 2273 2306 2328 omnibus
2334 2287 2432 2343 pro
2461 2272 2764 2341 dignitate;
2791 2271 2873 2325 vel
2897 2270 3171 2340 propriam
3200 2267 3470 2322 actionem
3497 2281 3621 2335 par-

2049 2367 2184 2419 tium
2205 2366 2418 2430 animus,
2445 2365 2527 2418 vel
2558 2363 2989 2418 mediocritatem
3025 2362 3166 2415 inter
3190 2360 3312 2430 plus
3334 2367 3388 2412 et
3419 2359 3618 2420 minus,

2049 2458 2134 2511 vel
2172 2458 2469 2527 appetitum
2517 2457 2841 2510 tribuentem
2874 2453 3239 2522 aequalitatem
3271 2468 3286 2513 ;
3321 2450 3403 2503 vel
3433 2463 3620 2501 rursus

2051 2550 2292 2604 habitum
2349 2548 2768 2618 prospicientem
2831 2547 2983 2600 utilia
3037 2545 3092 2599 in
3153 2557 3480 2604 commune,
3536 2540 3623 2594 vel

2051 2641 2315 2695 scientem
2347 2653 2536 2692 eorum
2578 2653 2699 2706 qua?
2729 2645 2855 2691 sunt
2905 2634 3218 2696 tribuenda,
3257 2642 3306 2683 et
3343 2645 3464 2699 quae
3509 2644 3618 2683 non

2053 2734 2335 2788 tribuenda
2364 2747 2377 2797 ;
2409 2731 2490 2784 vel
2524 2732 2816 2788 ‘ueutrum.
2850 2737 2904 2780 et
2936 2736 2992 2780 ut
3027 2725 3194 2780 semel
3245 2723 3449 2788 dicam,
3487 2722 3622 2774 nihil

2053 2825 2269 2894 reliquit
2297 2825 2415 2879 sine
2467 2821 2674 2876 honore
2711 2819 2936 2890 justitia:
2965 2834 2991 2871 a
3025 2833 3083 2871 se
3133 2815 3444 2886 productae;
3489 2812 3622 2882 quin

2053 2919 2230 2988 potius
2260 2931 2450 2970 omnes
2476 2914 2700 2983 capillos
2717 2913 2910 2982 capitis
2933 2909 3103 2965 nostri
3133 2917 3404 2972 numerat,
3429 2913 3482 2958 et
3498 2920 3624 2974 pas-

2051 3023 2222 3065 serem
2259 3007 2488 3061 duorum
2519 3006 2718 3058 assium
2751 3017 2856 3054 non
2887 3000 3014 3056 sinit
3042 2996 3348 3052 inciderein
3371 2995 3623 3064 laqueum

383 3105 507 3159 quae
547 3092 600 3144 in
632 3095 890 3147 universo
918 3094 1179 3156 cernitur,
1235 3092 1474 3162 suppetit
1504 3093 1670 3146 'nobis
1713 3091 1946 3147 facultas

2051 3103 2166 3157 sine
2202 3099 2510 3170 justissima
2556 3095 2832 3150 voluntate
2861 3108 3002 3148 sua:
3037 3101 3092 3144 ct
3164 3088 3464 3155 injustitias
3523 3101 3622 3138 no-

395 3182 706 3237 nominandi
729 3183 893 3238 Deum
921 3194 1264 3255 potestatem.
1283 3182 1428 3237 Idem
1451 3183 1614 3237 etiam
1643 3184 1952 3240 celebratus

389 3283 476 3329 est
502 3289 532 3328 a
567 3275 724 3330 nobis
748 3277 965 3330 nomine
995 3276 1244 3344 justitia,
1297 3290 1403 3328 non
1437 3276 1580 3343 quod
1615 3276 1728 3343 ipse
1753 3277 1824 3331 sit
1858 3291 1952 3329 co-

390 3369 574 3435 gnitus
599 3365 809 3434 justitia
835 3367 934 3436 (l),
975 3368 1120 3437 (hoc
1158 3367 1304 3422 enim
1340 3381 1516 3435 neque
1543 3366 1696 3421 ell'ari
1729 3382 1838 3420 nec
1863 3367 1948 3420 in-

391 3455 633 3525 telligere
663 3470 971 3524 possumus,
998 3456 1140 3514 sicut
1164 3455 1559 3522 magnitudinis
1587 3455 1709 3524 ejus
1737 3470 1844 3510 non
1869 3465 1950 3511 est

393 3546 539 3608 ﬁnis,
567 3553 621 3600 et
655 3547 962 3602 intellectus
994 3548 1111 3614 ejus
1143 3563 1249 3600 non
1282 3555 1366 3600 est
1395 3561 1658 3599 numerus
1686 3548 1702 3613 )
1734 3546 1830 3600 sed
1853 3559 1951 3599 co-

391 3637 674 3706 gnoscitur
711 3637 933 3707 justitia
959 3652 1026 3692 ex
1055 3636 1263 3705 justitia
1301 3651 1464 3705 quam
1489 3637 1744 3706 produxit
1772 3638 1951 3701 nobis,

396 3732 686 3797 imponens
716 3731 950 3800 singulis
976 3730 1137 3784 rebus
1159 3729 1402 3784 ordinem
1427 3737 1483 3782 et
1507 3729 1950 3797 descriptionem,

391 3830 447 3875 et
480 3828 672 3874 cetera
709 3819 887 3872 omnis
928 3818 1157 3886 justitia;
1209 3818 1472 3886 pondera.
1523 3813 1600 3869 Ex
1653 3817 1739 3872 his
1787 3819 1952 3872 etiam

395 3920 575 3980 potest
615 3913 737 3980 quis
766 3911 1044 3980 percipere
1079 3911 1456 3979 pr0prietates,
1509 3911 1752 3965 cernitur
1781 3912 1953 3976 enim,

394 4003 856 4073 quemadmodum
891 4003 946 4055 in
990 4015 1330 4071 quazcunque
1359 4002 1623 4070 pervadit,
1666 4003 1740 4056 ibi
1770 4015 1954 4073 potes-

395 4107 479 4150 tas
505 4096 622 4164 ejus
641 4102 906 4158 versatur,
931 4103 985 4149 et
1011 4094 1058 4149 si
1083 4095 1163 4148 fas
1193 4103 1276 4148 est
1297 4093 1479 4148 dicere
1501 4094 1578 4164 (2i
1605 4095 1782 4162 ipsum
1808 4110 1954 4162 esse,

393 4198 447 4240 et
478 4186 625 4254 quod
659 4195 742 4240 est
771 4185 1084 4239 universum
1114 4200 1254 4247 esse,
1284 4194 1340 4238 ut
1371 4185 1465 4248 sit,
1500 4192 1821 4252 potestatem
1856 4185 1954 4238 ha-

395 4281 485 4332 bet
519 4277 587 4330 ab
639 4276 754 4346 ipsa
804 4286 1086 4346 potestate,
1119 4290 1241 4344 qua:
1273 4290 1602 4344 supraquam
1650 4259 1956 4329 substarltia

392 4378 500 4431 est,
529 4369 694 4437 igitur
714 4347 856 4431 e‘sse,
885 4383 1021 4436 opus
1050 4377 1130 4420 est
1161 4367 1446 4436 potestatis
1471 4383 1486 4432 ;
1515 4367 1605 4420 sed
1641 4381 1750 4420 non
1776 4369 1952 4436 ipsum

2057 3201 2235 3253 stras,
2271 3204 2393 3259 qua:
2441 3187 2727 3250 dicuntur,
2777 3182 3053 3238 convincit
3088 3193 3209 3234 esse
3247 3179 3624 3231 aberrationes

2053 3292 2368 3337 nostrorum
2402 3277 2820 3341 desideriorum,
2867 3282 3097 3328 cunctos
3130 3288 3258 3326 vero
3285 3270 3498 3338 justitia
3525 3283 3623 3323 sua

2055 3373 2242 3440 implet
2283 3378 2339 3423 et
2367 3368 2502 3422 nihil
2533 3380 2727 3422 eorum
2757 3379 2882 3433 qua:
2931 3373 3078 3420 sunt.
3132 3361 3187 3414 in
3221 3375 3278 3412 re
3323 3359 3430 3412 ulla
3469 3357 3624 3427 justa

2055 3460 2171 3528 ejus
2212 3460 2388 3513 salute
2441 3467 2495 3512 et
2536 3453 2957 3510 conservatione
3005 3449 3278 3518 privatum
3323 3455 3427 3510 est,
3479 3446 3626 3499 unde

2056 3553 2267 3606 videtur
2297 3549 2428 3602 mihi
2475 3547 2658 3600 valere
2705 3543 2840 3598 illud
2895 3542 3308 3611 pervulgatum:
3363 3539 3625 3609 lnjnriam

2053 3643 2269 3714 quidem
2321 3640 2501 3695 facere
2547 3652 2763 3699 omnes,
2801 3635 2934 3689 nulli
2983 3649 3111 3688 vero
3169 3631 3426 3702 injuriam
3478 3629 3625 3684 ﬁeri.

2644 3748 2874 3807 CAPUT
2914 3747 3032 3802 Vll.

2063 3871 2378 3948 De_uita,.et
2423 3867 2487 3920 de
2517 3866 2816 3948 sapientia,
2848 3879 2964 3948 qtae
3015 3860 3440 3948 in‘Deo‘est,‘et

2128 3943 2241 4009 ipsa
2270 3939 2379 3993 vita
2403 3948 2452 3991 et
2480 3935 2743 4004 sapientia
2770 3946 2819 3989 et
2850 3935 2988 4009 Deus
3015 3940 3091 4009 est
3115 3941 3301 3982 auctor
3331 3940 3379 3982 et
3416 3937 3626 4009 creator

2127 3997 2217 4080 per
2252 4025 2304 4061 se
2344 4009 2483 4070 vitta,
2530 3997 2712 4080 ét‘per
2741 4021 2794 4058 se
2844 4001 3152 4070 sapientiaz;
3187 4009 3235 4053 et
3282 4014 3397 4068 qua:
3439 3997 3627 4049 Irarum

2129 4077 2398 4134 hominum
2425 4077 2794 4146 proprietates.

2131 4192 2423 4263 Dionysius
2477 4206 2598 4260 cap.
2644 4197 2800 4244 sexto
2854 4186 2927 4240 De
2974 4185 3160 4240 divinis
3198 4182 3492 4238 nominibus
3525 4179 3622 4248 (ὑ).

2060 4285 2232 4351 Nunc,
2255 4283 2452 4354 inquit,
2474 4281 2738 4336 laudanda
2769 4279 2924 4332 nobis
2956 4276 3161 4331 estvita
3188 4283 3492 4336 :etvrna,ex
3519 4287 3635 4340 qua.

2063 4393 2156 4446 per
2193 4391 2251 4432 se
2305 4377 2435 4439 vita,
2470 4385 2523 4428 et
2568 4373 2744 4427 omnis
2771 4371 2876 4424 vita
2909 4379 3129 4432 manat;
3159 4377 3212 4420 et
3244 4381 3273 4418 a
3307 4379 3413 4434 qua
3447 4363 3627 4416 vivere

390 4476 514 4514 esse
555 4468 794 4528 potestas
817 4467 921 4522 est,
959 4473 1150 4514 verum
1185 4467 1441 4526 tanquam
1486 4457 1541 4511 in
1587 4458 1836 4527 subjecto
1874 4468 1947 4514 est

2063 4471 2118 4524 in
2163 4470 2346 4524 omnia
2379 4483 2601 4538 quoquo
2625 4466 2783 4520 modo
2815 4464 2977 4519 vitam
3000 4459 3626 4532 participantia,conve-

396 4559 672 4621 potestas,
743 4560 1002 4618 praeterea
1066 4549 1208 4603 inest
1269 4549 1567 4618 proprietas
1624 4567 1956 4622 supraquam

396 4655 582 4710 posse,
630 4640 895 4710 siquidem
940 4648 1178 4709 potestas
1224 4654 1557 4710 supraquam
1601 4651 1793 4708 potens
1842 4643 1958 4708 Dei,

393 4733 490 4801 qui
529 4740 612 4786 est
647 4747 978 4801 supraquam
1015 4731 1343 4792 substantia,
1377 4731 1572 4785 indidit
1608 4734 1766 4789 nobis
1797 4734 1958 4788 intel-

2064 4565 2277 4617 nienter
2312 4561 2604 4629 unicuique
2631 4557 3038 4612 disseminatur.
3067 4552 3252 4620 Itaque
3285 4551 3417 4615 vita,
3464 4556 3630 4616 atque

2064 4653 2450 4708 immortalitas
2472 4649 2862 4704 immortalium
2895 4645 3237 4714 angelorum,
3271 4651 3324 4696 et
3358 4641 3492 4694 illud
3518 4653 3626 4693 non

2065 4760 2225 4814 posse
2256 4759 2451 4812 capere
2480 4741 2761 4795 interitum
2800 4736 3213 4806 perpetuitatem
3250 4731 3510 4800 angelica:
3547 4732 3631 4786 vi-

394 4825 592 4877 lectum
624 4825 965 4894 possibilem,
1007 4832 1059 4877 ut
1086 4823 1176 4893 qui
1214 4838 1336 4876 eum
1365 4823 1615 4891 producit
1643 4836 1698 4878 et
1727 4827 1958 4893 creavit,

397 4919 473 4971 sit
495 4932 823 4986 supraquam
853 4926 1046 4986 potens
1079 4915 1143 4968 ad
1177 4915 1586 4982 producendum
1615 4915 1752 4970 alias
1781 4927 1961 4986 potes-

398 5015 542 5062 tates
566 5009 807 5063 diversas
840 5011 906 5063 ab
935 5007 1000 5060 iis
1033 5021 1154 5076 qua:
1183 5016 1336 5070 sunt,
1369 5005 1578 5061 inﬁnite
1605 5006 1864 5074 inﬁnitas,
1903 5017 1958 5064 et

2064 4845 2150 4899 tae,
2188 4850 2252 4890 ex
2287 4834 2400 4903 ipsa
2431 4844 2481 4886 et
2507 4840 2724 4902 propter
2752 4830 2922 4897 ipsam
2955 4832 3106 4882 estet
3139 4823 3407 4884 subsistit.
3438 4838 3640 4892 quam-

2060 4933 2190 4979 ohre
2216 4943 2246 4979 ιι
2298 4937 2516 4994 semper
2577 4926 2824 4976 viventes
2861 4931 2916 4974 et
2943 4917 3284 4973 immortales
3322 4917 3582 4970 dicuntur
3610 4934 3634 4978 ;

2064 5028 2118 5073 et
2146 5033 2337 5072 rursus
2368 5033 2472 5072 non
2499 5015 2852 5078 immortales,
2877 5013 3004 5082 quia
3040 5026 3148 5066 non
3182 5025 3299 5079 ease
3331 5009 3532 5066 habent
3569 5017 3645 5062 ut

1882 5145 2152 5209 Scholia.

471 5245 966 5319 (l)rCognos_cim_u_s
1011 5244 1218 5311 quidem
1268 5242 1431 5295 Deum
1475 5219 1585 5296 esse
1627 5243 1857 5309 justum,
1899 5254 1954 5300 et
2065 5251 2196 5319 quid
2227 5260 2329 5304 est.

395 5314 522 5373 esse
563 5314 1437 5388 ipsamjostitiatn;_non_tatnen
1468 5327 1794 5388 cognoscere
1829 5329 1955 5388 pos-
2082 5314 2098 5319 “
2138 5320 2212 5388 (2)
2242 5319 2298 5375 Si
2330 5320 2412 5386 fas
2456 5328 2533 5375 est
2577 5319 2771 5381 dicere,
2809 5317 2947 5385 Quia
2994 5334 3099 5376 non
3137 5317 3360 5388 proprie
3384 5314 3644 5388 dicitur,

396 5382 594 5443 sumus
625 5386 765 5454 quod
795 5385 922 5452 quid
949 5391 1030 5464 est
1057 5384 1196 5464 ejus,
1227 5382 1403 5464 idest,
1431 5382 1780 5462 quidditatem
1813 5382 1952 5450 ejus.
2065 5382 2215 5464 quod
2248 5382 2370 5445 esse
2416 5391 2479 5445 sit
2511 5431 2526 5454 ,
2577 5390 2668 5445 sed
2718 5382 2865 5458 quod
2918 5406 3014 5444 nel-
3042 5382 3161 5444 essé
3191 5382 3395 5456 aliquid
3427 5385 3518 5447 sit,
3552 5385 3639 5440 sic

395 5471 560 5526 quam
590 5465 811 5526 vocant,
843 5468 962 5526 esse
988 5458 1280 5526 justitiam,
1317 5463 1375 5506 ut
1405 5458 1550 5505 enim
1588 5458 1728 5506 scire
1762 5467 1956 5526 posui:
2066 5462 2125 5514 ὃ.
2155 5458 2418 5516 Thomas.

395 5521 523 5582 litus
550 5526 618 5580 de
645 5524 756 5577 Deo
785 5523 932 5592 quod
965 5530 1067 5588 est,
1099 5521 1180 5577 sic
1208 5537 1318 5574 non
1353 5529 1534 5590 potest
1565 5521 1952 5588 comprehendi

467 5660 546 5724 (α)
570 5659 819 5738 Potestas
861 5658 1260 5780 appropinquat
1294 5657 1461 5744 bon‘o,
1501 5659 1630 5728 quia
1677 5659 1813 5714 nihil
1857 5665 1941 5716 est
1969 5673 2163 5730 expers
2190 5662 2472 5730 bonitatis,
2503 5665 2572 5720 ita
2607 5679 2784 5734 neque
2809 5660 3113 5729 potestatis.

473 5728 548 5780 ibi
574 5727 709 5780 Vide
738 5738 898 5780 emst.
995 5728 1234 5780 Dionvsu
1270 5729 1337 5780 ad
1371 5726 1584 5780 Latum.

473 5728 548 5797 (ιν)
574 5727 709 5782 Vide
738 5726 904 5794 epist.
929 5726 964 5780 2
995 5728 1234 5798 Dionysii
1270 5729 1337 5783 ad
1371 5726 1584 5784 Caium.
