4078 6274
559 398 662 461 8’37

1748 398 2074 459 JOANNIS
2105 390 2711 466 ctttantssmm’

3716 414 3809 482 828

562 503 894 562 Inmortales
927 509 1061 572 sint,
1085 518 1139 563 et
1174 519 1438 578 perpetuo
1475 509 1682 573 vivant,
1717 511 1811 566 sed
1845 528 1909 565 ex
1951 511 2129 564 vivili-
2160 509 2205 565 Α
2237 518 2453 588 mundi,
2488 539 2608 589 qttae
2655 537 2900 593 apparet,
2949 536 3004 579 et
3059 543 3245 582 vocem
3290 528 3402 585 fere
3455 543 3551 597 per
3607 546 3667 586 ea
3695 550 3806 600 qua:

560 619 646 665 ea,
677 612 729 656 et
760 602 940 656 omnis
969 604 1088 656 vita:
1117 601 1388 657 eﬂectrice
1413 613 1465 657 et
1495 605 1902 658 conservatrice
1933 619 2125 666 causa,

560 704 615 747 et
645 695 791 747 sicut
835 693 1147 748 dicebamus
1176 694 1241 749 de
1285 710 1350 749 eo
1384 695 1477 764 qni
1514 704 1600 749 est
1634 695 1734 765 (l),
1784 710 1906 750 eSse
1953 710 2127 749 aevum

564 783 736 852 ipsius
782 799 876 851 per
928 797 987 837 se
1012 797 1170 848 esse,
1208 784 1289 837 sic
1332 785 1495 837 etiam
1530 785 1620 839 hic
1670 786 1779 839 vita
1829 784 2012 838 divina
2047 793 2130 839 est

566 890 663 943 per
687 889 745 928 se
774 874 899 927 vitae
930 871 1252 927 vivitlcatrix
1290 884 1345 928 et
1372 873 1636 939 eﬂ‘ectrix,
1663 885 1718 931 et
1751 875 1980 944 largitur
2012 875 2126 944 pri-

565 980 713 1016 mum
758 979 850 1032 per
877 978 937 1018 se
968 962 1113 1027 vitae,
1164 979 1288 1018 esse
1334 965 1543 1029 vitam;
1590 974 1644 1019 et
1690 965 1839 1019 omni
1887 966 2027 1023 vita).
2077 972 2131 1018 et

562 1054 763 1122 cuique
792 1055 938 1118 vitae,
976 1068 1099 1110 esse
1130 1050 1573 1126 unamquamque
1599 1067 1725 1125 apte
1756 1058 1821 1110 ad
1873 1066 2124 1110 naturam

559 1161 716 1223 suam
746 1164 759 1210 ;
795 1154 848 1199 et
876 1146 1056 1215 (quod
1100 1147 1338 1201 divinius
1390 1149 1515 1217 est)
1552 1163 1652 1203 nos
1705 1157 1866 1212 totos,
1916 1149 2129 1202 animas

558 1236 705 1300 dico,
738 1246 792 1290 et
819 1252 1073 1306 corpora,
1105 1239 1169 1291 ad
1214 1239 1506 1307 perfectam
1551 1253 1607 1294 et
1651 1239 2012 1295 immortalem
2046 1238 2127 1293 vi-

559 1333 669 1379 tam
728 1331 1115 1386 translatnram
1171 1348 1230 1389 se
1274 1334 1544 1403 promisit,
1598 1335 1648 1388 id
1697 1333 1841 1403 quod
1891 1333 2131 1403 antiqui-

560 1419 655 1472 tati
685 1419 760 1489 (2)
814 1422 1033 1490 quidem
1066 1432 1261 1492 praeter
1288 1433 1542 1479 naturam
1567 1439 1690 1480 esse
1720 1424 1958 1488 videtur,
1990 1423 2128 1478 mihi

559 1516 783 1563 vero'et
822 1509 919 1564 tibi
955 1519 1009 1564 et
1043 1512 1256 1566 veritati
1305 1512 1487 1566 divina
1524 1528 1634 1580 res,
1668 1523 1724 1569 et
1758 1528 1922 1581 supra
1961 1520 2127 1567 natu-

560 1614 721 1664 ram;
759 1611 924 1669 supra
955 1612 1209 1656 naturam
1250 1610 1494 1657 nostram
1542 1601 1688 1668 dico,
1722 1617 1844 1673 quae
1888 1602 2125 1666 videtur,

560 1707 672 1746 non
704 1699 886 1746 autem
922 1692 1069 1746 illam
1100 1692 1533 1761 omnipotentem
1573 1693 1697 1748 vitae
1741 1694 1962 1760 divinae,
1997 1693 2127 1750 huic

557 1784 730 1847 enim,
768 1792 829 1838 ut
860 1799 976 1852 qum
1007 1784 1077 1839 sit
1110 1786 1354 1839 omnium
1388 1785 1648 1849 vitarum,
1680 1794 1733 1840 et
1763 1800 1954 1839 earum
1987 1799 2124 1853 prae-

557 1876 747 1928 sertim
795 1890 917 1944 qua:
950 1874 1246 1930 diviniores
1291 1888 1440 1943 sunt,
1475 1886 1692 1941 natura,
1722 1876 1867 1930 nulla
1897 1877 2005 1932 vita
2045 1884 2129 1933 est

556 1977 751 2035 praeter
777 1975 1027 2021 naturam
1053 1977 1144 2020 aut
1168 1983 1329 2035 supra
1360 1978 1628 2024 naturam.
1655 1967 1914 2033 Quaedam
1946 1968 2129 2037 itaque

562 2057 830 2113 adnotans
852 2059 941 2113 hic
977 2059 1036 2114 S.
1072 2059 1362 2123 Maximus,
1389 2037 1705 2129 Συνοᾷίικὴν,
1737 2060 1789 2113 id
1812 2070 1918 2124 est,
1949 2059 2130 2114 conti-

556 2155 773 2200 nentem
805 2161 1027 2201 causam
1054 2148 1289 2213 vocavit,
1326 2147 1526 2216 inquit,
1553 2146 1720 2202 vitam
1743 2147 2007 2214 divinam,
2039 2154 2127 2202 ut-

555 2245 679 2304 pote
693 2249 813 2304 qute
827 2249 935 2290 non
955 2234 1129 2290 solum
1147 2235 1310 2289 vitam
1340 2236 1394 2289 in
1419 2251 1597 2290 rerum
1622 2242 1815 2289 natura
1838 2236 2124 2301 creaverit,

554 2325 648 2378 sed
681 2341 801 2394 qua:
828 2325 994 2378 vitam
1047 2325 1323 2379 contineat
1370 2334 1425 2378 et
1456 2334 1763 2389 conservet,
1798 2336 1858 2379 ut
1888 2323 2047 2378 duret
2074 2334 2128 2379 et

557 2421 895 2479 permaneat,
917 2423 970 2467 et
988 2427 1178 2467 rursus
1200 2412 1253 2466 in
1279 2412 1483 2466 eisdem
1510 2432 1523 2467 :
1548 2411 1698 2466 Hanc
1718 2413 1903 2478 vitam,
1928 2413 2123 2483 inquit,

557 2503 860 2559 secundum
895 2503 1257 2559 substantiam
1286 2503 1585 2558 fabricatus
1614 2504 1774 2567 Deus,
1799 2505 1865 2559 ad
1902 2506 2122 2558 immor-

559 2597 765 2650 talitem
797 2595 1005 2665 angelis
1050 2606 1104 2650 et
1153 2594 1354 2649 animis
1407 2595 1610 2651 nostris
1659 2596 1857 2652 olfacit.
1913 2596 2122 2653 Rursus

559 2687 699 2740 idem
737 2688 1023 2758 Dionysius
1052 2688 1104 2740 in
1138 2688 1374 2757 septimo
1407 2687 1584 2756 capite
1618 2686 1692 2741 De
1733 2687 1925 2742 divinis
1953 2689 2123 2743 nomi-

555 2766 709 2834 nibus
735 2797 753 2834 :
787 2779 936 2837 llanc
966 2779 1133 2850 igitur
1164 2779 1396 2835 rationis
1424 2788 1726 2850 expertem,
1759 2789 1812 2834 et
1840 2790 2117 2837 amentem

555 2879 718 2937 atque
752 2868 959 2923 fatuam
1012 2871 1339 2940 sapientiam
1373 2869 1657 2939 superlate
1688 2870 1996 2936 laudantes,
2033 2874 2119 2927 tli-

556 2960 736 3014 simus
770 2960 949 3015 omnis
980 2963 1180 3015 mentis
1207 2969 1263 3015 et
1291 2962 1544 3030 rationis,
1571 2964 1859 3032 omnisque
1896 2966 2119 3035 sapien-

554 3046 643 3099 tiae
687 3054 740 3100 et
771 3047 1143 3118 intelligentia:
1175 3064 1395 3104 causam
1442 3066 1605 3118 esse;
1665 3058 1718 3106 et
1769 3054 1941 3122 ipsius
1994 3070 2118 3110 esse

554 3148 716 3187 omne
740 3136 1054 3200 consilium,
1087 3146 1141 3192 et
1171 3137 1238 3192 ab
1267 3152 1327 3191 ea
1376 3153 1593 3193 omnem
1626 3139 1908 3196 scientiam
1948 3154 2000 3197 et
2036 3143 2118 3197 in-

557 3225 908 3293 telligentiam
960 3228 1256 3296 prolicisci,
1291 3239 1345 3283 et
1382 3229 1435 3282 in
1488 3245 1553 3285 ea
1600 3246 1796 3289 omnes
1831 3234 2118 3290 thesauros

554 3315 837 3385 sapientiae
889 3325 942 3372 et
988 3319 1229 3374 scientiae
1280 3321 1633 3379 absconditos
1689 3340 1852 3391 esse;
1915 3328 2117 3382 etenim

555 3408 944 3463 t‘lilth'nICﬂIer
980 3411 1046 3465 iis
1088 3426 1209 3481 quae
1243 3426 1402 3468 antea
1443 3415 1591 3470 dicta
1638 3429 1789 3485 sunt,
1822 3433 1990 3475 causa
2029 3436 2121 3476 su-

557 3513 817 3568 praquam
846 3499 1088 3571 sapiens,
1121 3510 1175 3556 et
1217 3504 1402 3557 omnia
1446 3504 1626 3562 sciens
1663 3521 1759 3576 per
1802 3522 1862 3561 se
1903 3511 2119 3578 sapien-

556 3590 664 3653 tiae,
699 3601 752 3645 et
803 3593 970 3647 totius
1002 3594 1305 3661 sapientiae,
1331 3604 1385 3650 et
1430 3598 1602 3668 partis
1642 3598 1886 3655 eli‘ectrix
1926 3613 2029 3657 est.
2062 3603 2119 3659 In

554 3680 717 3750 hujus
749 3684 955 3752 capitis
984 3685 1430 3741 adnotationibus
1473 3690 1532 3744 ὃ.
1568 3688 1835 3748 Maximus
1864 3711 1878 3746 :
1923 3692 2114 3765 Omne,

555 3774 755 3841 inquit,
786 3776 1166 3845 participatum
1197 3778 1478 3847 antiquius
1507 3788 1593 3833 est
1633 3780 1699 3835 iis
1736 3797 1859 3851 qua:
1895 3794 2021 3838 sunt
2051 3802 2116 3840 ex

554 3864 693 3931 ipso,
728 3880 899 3933 quare
934 3864 1074 3921 Deus
1122 3878 1176 3921 et
1215 3885 1406 3937 aevum,
1440 3878 1495 3923 et
1529 3879 1746 3940 tempus
1786 3878 2002 3944 proprie
2025 3891 2120 3932 no-

555 3955 813 4022 minatur,
835 3967 893 4010 nt
928 3958 1020 4026 qui
1051 3959 1249 4013 saecula
1273 3967 1328 4013 et
1360 3969 1604 4028 tempora
1651 3962 1799 4026 fecit,
1837 3965 1915 4020 sic
1951 3966 2119 4036 igitur

552 4047 688 4100 etin
726 4048 832 4100 vita
879 4048 1014 4102 etin
1067 4050 1333 4117 sapientia
1383 4050 1671 4108 dicendum
1707 4063 1811 4119 est,
1866 4058 1993 4126 quia
2027 4074 2119 4115 ea-

555 4151 674 4188 rum
721 4145 803 4190 est
836 4150 1046 4192 auctor.
1085 4139 1147 4192 Et
1178 4156 1372 4196 rursus
1405 4141 1545 4196 idem
1571 4161 1586 4199 :
1617 4142 1777 4209 Quia,
1813 4148 2008 4216 inquit,
2062 4152 2116 4204 in

556 4227 824 4296 sapientia
856 4227 947 4282 Dei
976 4246 1080 4283 non
1106 4233 1357 4299 cognovit
1390 4234 1630 4290 mundus
1665 4252 1762 4306 per
1792 4241 2114 4309 sapientiam

559 4313 729 4369 Deum
752 4315 835 4381 “3
869 4334 965 4387 per
992 4320 1339 4388 sapientiam,
1362 4323 1609 4393 inquatn,
1647 4341 1768 4395 quae
1797 4330 1848 4384 in
1876 4347 2113 4389 concen-

555 4416 610 4457 tu
643 4417 697 4459 et
729 4408 919 4488 ordine
964 4421 1229 4466 creaturae
1256 4424 1485 4483 apparet
1522 4426 1576 4471 ct
1606 4432 1870 4479 cernitur.
1918 4426 2033 4482 lmo
2059 4440 2113 4488 et

558 4513 786 4566 magnus
822 4476 1054 4556 Basilius
1103 4504 1155 4556 in
1201 4504 1525 4574 principium
1575 4512 2016 4583 Proverbiorum,
2051 4534 2105 4578 et
2144 4495 2189 4550 Β

558 4590 789 4657 ιέηίίμιθ
835 4590 889 4644 in
939 4592 1093 4658 illud,
1138 4594 1393 4650 Dominus
1433 4602 1627 4655 creavit
1678 4622 1758 4658 me
1786 4611 2104 4682 principium

556 4680 758 4734 viarum
798 4700 1014 4737 suarum
1037 4685 1124 4740 ηε
1167 4686 1454 4759 Loquitur,
1490 4694 1689 4765 inquit,
1721 4699 1786 4753 de
1827 4680 2094 4772 sapientia

2232 625 2572 678 cernuntur,
2625 617 2848 684 emittit,
2906 618 3050 687 quod
3111 619 3319 674 scilicet
3383 633 3413 673 a
3469 621 3587 674 Deo
3645 622 3803 680 factus

2238 709 2330 773 sit,
2369 717 2422 762 et
2453 723 2559 761 non
2596 708 2819 763 l'ortnito
2869 719 3014 764 tanta
3047 711 3322 779 sapientia
3363 726 3426 766 ea
3462 729 3586 780 quae
3625 700 3797 771 cﬂ‘oc‘ta

2232 806 2385 859 sunt,
2422 798 2645 853 decorat
2669 817 2683 863 ;
2710 809 2767 855 ut
2792 800 2936 854 enim
2963 841 2977 865 ,
3006 800 3136 856 Caeli
3157 812 3413 857 enarrant
3439 805 3669 873 gloriam
3697 806 3801 869 Dei,

2231 897 2282 942 et
2329 904 2460 957 opus
2516 905 2767 943 manuum
2796 890 2912 959 ejus
2961 891 3244 945 annuntiat
3277 894 3675 960 ﬁrmamentum
3720 898 3796 952 “z

2230 986 2508 1044 enarrant,
2545 978 2788 1048 inquam,
2818 983 2939 1036 sine
2974 997 3106 1035 voce
3132 1000 3147 1048 ;
3176 985 3301 1049 quia
3359 1001 3464 1040 non
3494 996 3619 1040 sunt
3645 1004 3797 1051 uoces,

2232 1084 2391 1135 neque
2416 1084 2679 1124 sermones
2712 1071 2815 1142 (5),
2845 1088 3071 1141 quorum
3096 1089 3200 1128 non
3223 1076 3519 1130 audiantur
3550 1093 3692 1132 voces
3721 1097 3798 1132 eo-

2232 1159 2411 1213 rum"
2440 1178 2454 1214 :
2489 1162 2554 1216 ad
2579 1164 2831 1217 eumdem
2864 1167 3085 1221 modum
3118 1175 3247 1243 sunt
3278 1168 3501 1238 quidam
3526 1183 3794 1226 sermones

2232 1252 2521 1318 sapientiae
2552 1255 2858 1322 antiquitus
2887 1256 3069 1323 editae,
3108 1274 3231 1328 qua:
3259 1267 3386 1314 ante
3412 1260 3518 1313 alia
3550 1262 3606 1314 in
3634 1260 3789 1316 labri-

2232 1347 2446 1399 catione
2482 1347 2669 1401 mundi
2692 1363 2817 1403 cum
2842 1358 3092 1404 creatura
3130 1352 3507 1406 conseminala
3534 1362 3654 1415 est;
3688 1355 3790 1410 haec

2232 1444 2440 1504 tacens,
2474 1454 2633 1492 suum
2665 1439 3006 1496 conditorem
3050 1451 3104 1497 et
3155 1442 3440 1496 Dominum
3488 1445 3706 1506 clamat,
3740 1455 3789 1499 ut

2229 1545 2328 1599 per
2356 1545 2473 1584 eam
2507 1532 2571 1585 ad
2606 1533 2953 1603 cogitandum
2985 1550 3108 1590 eum
3135 1538 3226 1604 qui
3261 1537 3412 1591 solus
3437 1545 3522 1591 est
3548 1538 3783 1605 sapiens,

2230 1631 2283 1675 te
2320 1619 2549 1678 releras.
2584 1623 2662 1678 Ex
2706 1624 2907 1693 quibus
2948 1627 3142 1696 liquet,
3193 1627 3336 1695 quod
3393 1627 3526 1689 vita,
3582 1645 3698 1697 qua:
3740 1631 3785 1685 in

2232 1712 2341 1768 Deo
2373 1724 2456 1767 est
2488 1729 2819 1784 supraquam
2853 1716 3027 1780 unite,
3060 1726 3115 1771 et
3144 1717 3431 1785 sapientia,
3470 1728 3524 1771 et
3549 1718 3786 1782 scientia,

2228 1811 2284 1856 et
2314 1817 2487 1866 mens,
2514 1815 2570 1858 et
2600 1806 2847 1870 verbum,
2876 1815 2927 1861 et
2965 1807 3317 1877 intelligentia
3349 1824 3416 1863 ex
3446 1809 3618 1863 nihilo
3648 1822 3785 1865 creat

2228 1893 2400 1962 ipsam
2431 1894 2538 1951 late
2582 1904 2870 1963 patentem,
2923 1907 2979 1952 et
3035 1913 3157 1952 cum
3208 1907 3458 1953 creatura
3518 1899 3777 1954 conditam

2229 2000 2323 2053 per
2359 2002 2418 2043 se
2451 1990 2638 2053 vitam,
2668 1998 2725 2045 et
2754 2005 2849 2059 per
2884 2006 2944 2047 se
2974 1991 3295 2058 sapientiam
3324 2010 3340 2057 ;
3376 2002 3431 2047 et
3462 2008 3525 2047 ea
3557 2009 3675 2063 qua:
3701 2009 3781 2049 se-

2226 2080 2465 2134 cundum
2503 2081 2677 2149 ipsam
2719 2096 2817 2150 per
2845 2097 2902 2136 se
2946 2082 3109 2137 vitam
3160 2084 3370 2149 vivunt,
3406 2094 3464 2138 et
3490 2086 3775 2140 secundum

2225 2172 2395 2240 ipsam
2429 2187 2525 2240 per
2553 2187 2612 2226 se
2640 2173 2960 2236 sapientiam
2992 2173 3234 2242 sapiunt,
3268 2184 3325 2229 et
3358 2190 3581 2229 omnem
3625 2177 3773 2229 aliam

2224 2265 2409 2323 vitam,
2437 2274 2489 2318 et
2519 2264 2864 2331 sapientiam,
2900 2263 3022 2334 quae
3061 2264 3117 2318 in
3155 2265 3221 2319 iis
3250 2280 3374 2334 quae
3402 2276 3556 2329 sunt,
3586 2269 3776 2334 reperi-

2225 2366 2332 2427 tur,
2361 2357 2507 2424 atqui
2533 2364 2715 2423 patent
2741 2356 2905 2413 etiam
2936 2357 3312 2425 proprietates,
3340 2359 3453 2412 vita
3486 2359 3629 2414 enim
3659 2367 3765 2412 ten-

2222 2444 2369 2499 ditur
2400 2446 2452 2499 in
2486 2446 2719 2501 viventia
2754 2454 2964 2501 tantum
2993 2465 3007 2512 ;
3037 2458 3091 2501 et
3119 2449 3539 2503 immortalitate
3567 2448 3769 2518 quidem

2223 2539 2458 2606 praalitis
2484 2539 2698 2608 species
2733 2540 2875 2603 vitae,
2905 2547 2961 2594 et
2986 2540 3291 2608 subjectum
3323 2538 3560 2595 ellicitur
3590 2558 3604 2603 ;
3644 2554 3776 2608 prae.

2221 2628 2349 2684 ditis
2394 2643 2519 2683 vero
2548 2643 2780 2698 corpore
2818 2628 3049 2685 eliieitur
3089 2630 3405 2685 continuata
3462 2632 3630 2685 motio
3663 2645 3777 2684 coro

2221 2719 2368 2788 poris
2393 2735 2410 2786 ;
2445 2719 2706 2788 sapientia
2735 2736 2865 2775 vero
2893 2722 3074 2775 minus
3108 2722 3216 2776 late
3251 2730 3415 2790 patet,
3448 2736 3615 2790 quam
3642 2721 3737 2773 vita
3757 2758 3771 2782 ,

2220 2812 2489 2878 siquidem
2525 2812 2580 2865 in
2610 2826 2674 2866 ea
2708 2822 2917 2867 tantum
2961 2813 3278 2881 porrigitur,
3307 2826 3431 2881 quae
3465 2812 3768 2882 sapientiam

2222 2903 2440 2967 habent,
2465 2911 2626 2971 atque
2660 2905 2710 2957 in
2739 2903 2944 2971 angelis
2972 2903 3190 2973 quidem
3219 2904 3618 2958 immortalibus
3640 2915 3775 2972 aeque

2219 3007 2364 3066 patet
2400 2998 2503 3052 vita
2528 3005 2583 3051 et
2604 2997 2866 3064 sapientia
2894 3015 2907 3062 ;
2933 2997 2985 3051 in
3014 2998 3079 3052 iis
3100 3011 3226 3052 vero
3243 3011 3363 3065 quae
3388 2997 3634 3051 sentiunt
3661 3003 3767 3049 ten-

2219 3090 2364 3145 ditur
2380 3089 2554 3144 solum
2573 3088 2707 3155 vita;
2728 3089 2782 3142 in
2801 3088 3040 3144 easolum
3056 3088 3348 3158 porrigitur
3362 3089 3644 3156 sapientia,
3667 3102 3774 3158 qua:

2145 3167 2190 3229 α
2224 3184 2433 3239 ratione
2457 3185 2677 3254 praedita
2698 3193 2827 3240 sunt
2851 3200 2866 3248 ;
2896 3192 2949 3238 et
2980 3184 3032 3238 in
3056 3184 3139 3238 his
3161 3198 3268 3238 non
3292 3198 3488 3239 omnes
3510 3185 3771 3254 sapientiae

2222 3274 2509 3343 participes
2536 3274 2684 3338 sunt,
2713 3273 2807 3328 sed
2831 3274 2923 3343 qui
2953 3282 3229 3329 amatores
3254 3275 3538 3338 sapientia:
3567 3274 3770 3328 fuerunt

2219 3366 2302 3419 νυΙ
2335 3372 2556 3434 propter
2582 3363 2826 3419 studium
2860 3364 3123 3420 divinittts
3180 3364 3492 3425 incensum.
3549 3373 3639 3419 aut
3665 3375 3771 3432 pro-

2220 3467 2346 3528 pter
2393 3456 2666 3510 sinceram
2702 3455 3067 3524 disciplinam,
3101 3465 3196 3510 aut
3228 3464 3445 3525 propter
3479 3465 3768 3520 utrumque.

2220 3548 2509 3610 Praeterea,
2544 3546 2776 3601 viventia
2812 3546 3033 3617 quidem
3080 3554 3273 3600 natura
3315 3547 3511 3600 sortita
3550 3554 3673 3600 sunt
3697 3532 3773 3595 vi?

2222 3649 2328 3695 tam
2356 3656 2372 3704 ;
2403 3638 2496 3708 qui
2530 3652 2660 3693 vero
2691 3636 3015 3707 sapientiam
3050 3637 3271 3702 habent,
3302 3635 3487 3690 idonei
3526 3645 3580 3691 et
3604 3634 3766 3689 studio

2220 3734 2457 3788 scientiae
2484 3733 2650 3788 dediti
2682 3731 2926 3796 luerunt,
2964 3731 3160 3786 deinde
3206 3731 3479 3799 sapientia
3513 3731 3627 3799 ejus
3658 3743 3766 3797 par-

2221 3825 2291 3880 tis
2315 3825 2509 3879 animze
2534 3834 2635 3889 est,
2665 3840 2785 3892 qua:
2819 3825 2870 3877 in
2894 3823 3347 3892 contemplatione
3372 3832 3649 3884 versatur;
3672 3819 3764 3871 vita

2218 3926 2397 3973 autem
2429 3916 2647 3971 habitus
2676 3924 2761 3971 est
2794 3915 3172 3970 substantialis
3205 3915 3530 3983 congenitus
3558 3914 3669 3968 sine
3688 3911 3761 3963 in-

2220 4009 2568 4065 termissione
2594 4006 2928 4077 Operationis
2958 4006 3025 4060 iis
3063 4021 3184 4075 qua:
3217 4013 3344 4075 apta
3381 4016 3511 4060 sunt
3547 4005 3610 4059 ad
3636 4001 3760 4057 reci-

2218 4101 2473 4171 piendum
2496 4115 2642 4165 eum,
2671 4106 2938 4169 quantum
2970 4098 3135 4167 recipi
3167 4107 3367 4168 potest.

2786 4253 3018 4311 CAPUT
3065 4252 3198 4309 VIII.

2220 4372 2295 4426 De
2321 4385 2464 4437 pace,
2500 4379 2549 4422 et
2573 4369 2849 4436 parvitate,
2876 4378 2923 4421 et
2952 4368 3337 4436 magnitudine.
3372 4376 3421 4421 et
3456 4366 3693 4437 statione,
3718 4368 3761 4413 et

2290 4433 2459 4502 uictu,
2491 4450 2538 4492 et
2565 4433 2631 4492 de
2653 4438 2839 4494 altero.
2865 4447 2913 4491 et
2946 4440 3007 4490 de
3032 4433 3411 4491 similitudine:
3436 4447 3485 4490 et
3512 4434 3642 4505 quod
3664 4433 3761 4505 [tae

2289 4513 2343 4564 in
2382 4510 2486 4563 Deo
2518 4525 2623 4561 una
2650 4523 2754 4576 pas
2786 4507 2928 4567 sint;
2957 4519 3108 4560 extra
3145 4506 3309 4559 Deum
3341 4503 3530 4560 autern
3550 4516 3600 4558 ut
3627 4503 3686 4555 ab
3708 4514 3758 4553 eo

2288 4581 2452 4648 facta,
2479 4580 2683 4631 diversa
2713 4587 2863 4641 sunt;
2905 4586 2952 4629 et
2976 4593 3091 4645 qua:
3128 4592 3307 4630 eorum
3343 4578 3696 4646 proprietates.

2284 4715 2509 4784 Magnus
2542 4708 2831 4779 Dionysius
2862 4722 2982 4779 cap.
3008 4710 3094 4774 Il,
3120 4709 3194 4765 De
3216 4710 3406 4764 divinis
3440 4706 3756 4765 nominibus:

626 4802 1036 4872 “lCor.t,25.
1114 4807 1158 4841 ⁵⁵
1202 4807 1363 4867 Prov.
1389 4828 1505 4880 vut,
1538 4816 1630 4871 9.2.
1707 4822 1753 4853 “
1813 4822 2138 4902 Psal.xvm,
2170 4839 2260 4894 14.
2335 4835 2378 4869 ⁸⁷
2416 4831 2549 4886 ibid.
2613 4828 2668 4882 2.

2008 4945 2281 5011 Scholia.

620 5048 700 5128 {li
736 5046 802 5100 Et
846 5049 976 5103 sicut
1008 5051 1303 5128 dicebamus
1332 5056 1409 5128 de
1437 5074 1495 5110 eo
1522 5062 1607 5128 qui
1650 5075 1722 5113 est
1744 5104 1758 5127 ,
1799 5080 1910 5118 esse
1947 5082 2113 5121 meum

550 5121 718 5202 ipsius
755 5135 843 5186 per
873 5136 929 5175 se
976 5138 1106 5202 esse.
1144 5123 1255 5202 lloc
1288 5127 1499 5182 dixerat
1528 5121 1648 5197 cap.
1681 5121 1755 5198 5,
1777 5148 1900 5186 cum
1952 5136 2111 5202 dixit,

551 5200 757 5243 enttum
786 5204 987 5252 tevum,
1023 5200 1166 5246 sicut
1208 5206 1389 5249 autem
1433 5206 1515 5251 est
1552 5206 1850 5254 secundum
1881 5200 2107 5260 causam

550 5270 800 5340 tempus,
853 5268 907 5313 et
932 5275 993 5340 ea
1024 5277 1144 5330 qua:
1177 5264 1311 5318 ﬁunt
1340 5268 1580 5335 subjecta
1619 5273 1846 5338 tempori
1874 5289 1888 5333 ;
1927 5274 2005 5327 sit:
2029 5285 2113 5329 est

555 5333 724 5413 etiam
757 5333 1055 5385 secundum
1088 5347 1310 5389 causam
1358 5333 1531 5390 aevum
1560 5376 1574 5400 ,
1608 5347 1662 5391 et
1708 5333 1794 5405 ea,
1826 5341 1877 5394 in
1912 5345 2111 5413 quibus

546 5410 634 5453 εει
661 5414 857 5453 aevum.

626 5468 702 5533 (9.)
750 5470 1089 5538 Antiquitati.
1141 5472 1528 5541 Antiquitatem
1582 5488 1733 5530 vocat
1783 5481 2008 5535 stultam
2059 5493 2112 5537 et

558 5537 775 5611 futuant
799 5537 1113 5611 Opinionem
1142 5537 1443 5611 gentilium,
1475 5553 1534 5596 ut
1562 5548 1621 5600 ὃ.
1649 5546 1917 5606 Maximus
1952 5566 2112 5609 nota.

554 5608 1164 5688 guttl.rBIlTIt_tH,_iIa(-]llé
1196 5627 1301 5666 non
1341 5615 1963 5688 antiquis“simpliciter,
2009 5608 2104 5681 sed

556 5676 721 5729 fatuis
754 5677 995 5743 antiquis
1029 5676 1204 5735 visum
1232 5697 1354 5738 esse
1384 5676 1487 5738 hoc
1511 5685 1658 5739 dicit.

628 5744 706 5809 (5)
729 5743 908 5825 lVeque
939 5764 1218 5825 sermones.
1254 5752 1342 5804 Sic
1366 5754 1527 5825 etiam
1565 5756 1784 5825 intelligi
1808 5770 1979 5824 potest
2015 5765 2100 5820 hic

559 5813 709 5868 locus
729 5813 1037 5886 Scripturtc,
1059 5819 1265 5875 scilicet
1291 5824 1422 5877 nulli
1446 5840 1667 5893 usquam
1688 5813 1818 5881 suum.
1833 5813 2095 5889 homines:

2220 5087 2549 5142 quacunque
2584 5070 2765 5142 lingua
2797 5078 2851 5124 et
2882 5070 3484 5142 sermoneiloquantnr,
3523 5071 3611 5140 qui
3656 5081 3747 5142 non

2218 5137 2529 5197 audiant'et
2565 5137 2908 5207 percipiant,
2947 5138 3077 5208 quid
3112 5137 3303 5196 dies'et
3343 5137 3750 5208 noctes'suailla

2217 5212 2518 5284 Composita
2543 5218 2597 5263 et
2637 5207 2982 5284 ratamutuaé
3004 5210 3368 5284 sucCcssionis
3388 5207 3751 5284 Avicissitudine

2220 5278 2512 5351 praedicent
2557 5289 2611 5333 et
2656 5279 2954 5351 declarent,
3002 5295 3196 5348 nempe
3246 5282 3490 5351 notitiam
3527 5278 3633 5338 Dei,
3667 5278 3748 5343 qui

2214 5349 2396 5405 innnia
2449 5351 2595 5411 fecit,
2633 5349 2967 5412 moderatur,
3000 5357 3053 5402 et
3102 5350 3259 5416 regit.
3300 5349 3391 5405 Bel
3436 5360 3609 5405 autem
3638 5358 3751 5416 con-

2212 5421 2447 5475 structio
2485 5420 2777 5473 verborum
2821 5418 3097 5472 idiomatis
3128 5414 3299 5475 Graeci
3332 5438 3344 5473 :
3387 5419 3502 5473 Non
3531 5425 3649 5471 sunt
3676 5414 3749 5467 lo-

2210 5493 2407 5560 quelte.
2439 5504 2615 5557 neque
2646 5502 2947 5560 sermones,
2981 5490 3262 5560 hominum
3289 5489 3515 5553 scilicet,
3537 5494 3746 5560 quicqum

2218 5557 2323 5614 non
2356 5560 2672 5623 audiantur,
2710 5558 2759 5609 id
2788 5568 2891 5627 est,
2927 5572 2954 5608 a
2985 5559 3185 5627 quibus
3219 5574 3324 5613 non
3358 5557 3640 5615 audiantur
3664 5563 3748 5627 vo-

2209 5646 2298 5684 ces
2320 5645 2534 5691 eorum,
2567 5621 2774 5681 dierum
2799 5621 3018 5681 scilicet
3039 5636 3094 5681 et
3131 5630 3367 5684 noctium
3395 5647 3411 5695 ;
3448 5630 3524 5685 sic
3556 5621 3748 5679 intelle-

2210 5700 2288 5752 xit
2318 5700 2584 5753 Eusebius
2609 5695 2965 5754 Caesariensis
2990 5696 3046 5752 in
3070 5698 3488 5755 Commentariis
3509 5696 3616 5755 suis
3637 5702 3747 5745 eru-

2210 5770 2514 5824 ditiasimis.
