4058 6306
382 365 485 432 8-9

1093 371 1327 431 DECAS
1370 373 1434 431 Υ.
1477 398 1538 405 --
1578 374 1673 430 DE
1703 373 1979 432 PROPBI

2076 376 2366 438 'ATlBUS
2401 382 2637 443 DIVIN.
2681 383 2949 445 NOMIN.
2998 409 3004 414 ·

3540 385 3649 449 8ἶο

383 487 458 540 De
493 485 609 553 ipsa
659 484 822 554 igitur
852 485 1035 540 divina
1074 504 1225 556 pare,
1257 497 1310 542 et
1342 488 1558 540 silentio
1584 527 1598 546 .
1634 503 1794 556 quam
1830 503 1956 543 san-
1988 492 2028 546 Α
2064 507 2184 544 uuln
2224 493 2343 556 ejus
2377 495 2580 548 unitam
2610 536 2625 557 ,
2669 506 2721 551 et
2759 498 3056 554 uniformes
3093 501 3466 554 emanationcs
3499 503 3644 555 utul-

381 588 502 634 ctns
533 577 723 633 Justus
761 590 916 633 vocat
946 579 1244 646 ἁφθεγξίαν
1265 620 1282 646 ,
1315 581 1366 634 id
1397 589 1480 634 est
1500 621 1512 644 ,
1552 580 1918 634 insonantiam
1945 620 1958 643 ,

381 682 436 726 et
459 671 768 741 ἁκινηςιαν,
799 672 847 724 id
870 681 973 734 est,
1005 672 1443 725 imn'tobilitatem
1469 673 1536 725 ad
1565 687 1781 725 omnem
1812 686 1963 725 enta-

389 762 689 829 natiouem,
731 779 852 832 qua:
883 761 1149 824 noscitur,
1181 764 1440 831 quidnam
1476 772 1579 827 est,
1606 771 1661 816 et
1689 763 1962 830 quomodo

383 857 524 911 Deus
559 857 808 926 quiescit,
831 867 883 912 et
919 856 1058 921 silet,
1093 867 1146 910 et
1181 856 1452 924 quomodo
1475 856 1528 909 in
1558 873 1616 910 se
1645 864 1699 909 et
1735 856 1873 908 intra
1907 869 1964 909 se

384 958 488 1015 est,
534 958 587 1002 et
615 957 762 1003 totus
793 963 978 1004 secum
1006 956 1090 1000 est
1135 963 1468 1017 supraquam
1505 948 1719 1011 unitus,
1764 954 1817 1001 ct
1865 961 1962 1000 nec

385 1042 440 1095 in
470 1056 528 1096 se
561 1041 888 1110 ingrediens,
940 1048 994 1093 et
1037 1054 1095 1095 se
1149 1040 1263 1108 ipse
1315 1038 1681 1106 multiplicans
1709 1080 1724 1102 ,
1759 1038 1964 1092 deserit

387 1133 682 1196 unionem;
719 1131 847 1200 quin
898 1132 1081 1200 potius
1131 1129 1198 1183 ad
1244 1130 1427 1183 omnia
1463 1128 1763 1199 egreditur,
1813 1138 1962 1183 totus

388 1224 534 1279 intus
565 1239 788 1278 manens
823 1232 1042 1292 propter
1077 1221 1455 1276 excellentiam
1510 1222 1729 1274 unionis
1779 1221 1962 1275 omnia

387 1317 788 1388 cxsuperantis,
815 1332 990 1386 neque
1025 1317 1226 1378 dicere,
1263 1330 1439 1383 neque
1470 1314 1713 1383 cogitare
1747 1315 1838 1367 ulli
1871 1328 1965 1368 eo-

390 1426 506 1463 rum
545 1410 638 1478 qui
682 1418 828 1473 suut,
866 1408 947 1462 l'as
985 1417 1089 1472 est,
1140 1422 1316 1476 neque
1361 1406 1643 1475 possibile.
1691 1404 1796 1459 Sed
1837 1420 1961 1458 eum

388 1502 490 1556 hoc
526 1502 726 1570 alioqui
770 1499 951 1568 eloqui
983 1513 1090 1552 non
1143 1497 1438 1567 possimus,
1474 1512 1571 1551 nec
1601 1496 1963 1566 intelligentia

314 1578 317 1583 ’
387 1590 647 1659 assequi,
686 1591 751 1643 ad
789 1590 960 1656 ipsam
1004 1596 1180 1642 tamen
1219 1588 1463 1642 divinam
1515 1603 1701 1656 pacem
1736 1596 1795 1642 ut
1824 1588 1964 1641 ultra

388 1683 571 1736 eunia
603 1681 833 1749 positam
870 1695 1087 1734 sursum
1117 1678 1313 1741 evecti,
1343 1678 1792 1747 participationes
1822 1677 1962 1746 ejus,

386 1789 507 1842 qua:
548 1773 919 1842 intelliguntur
965 1780 1020 1826 et
1063 1770 1439 1831 nominantur,
1491 1768 1654 1835 idque
1701 1775 1962 1835 quantum

389 1864 636 1918 homines
661 1901 675 1924 ,
709 1870 762 1915 et
809 1875 908 1915 nos
947 1859 1252 1929 presertim
1287 1859 1374 1925 qui
1425 1857 1610 1911 multis
1642 1857 1800 1910 bonis
1831 1856 1961 1910 viris

388 1956 624 2023 impares
671 1967 886 2015 sumus,
922 1950 1187 2018 consequi
1225 1963 1555 2018 possumus,
1592 1947 1956 2000 attendamus.

387 2049 464 2102 Ac
493 2047 722 2116 primtttn
755 2041 971 2113 quidem
1001 2041 1291 2096 dicendum
1331 2050 1413 2096 est
1445 2040 1569 2106 hoc,
1611 2039 1754 2108 quod
1784 2053 1878 2106 per
1904 2052 1963 2093 se

389 2141 538 2212 pacis
568 2178 582 2202 ,
615 2154 667 2191 et
701 2138 844 2205 pacis
885 2136 937 2189 in
975 2134 1292 2188 universum
1341 2132 1701 2187 considerata:
1734 2173 1749 2198 ,
1803 2142 1854 2184 ει
1907 2131 1961 2184 ἰιι

391 2244 562 2301 parte.
617 2228 837 2283 clIector
890 2236 974 2281 est
1025 2226 1168 2280 Deus
1200 2266 1214 2290 ,
1250 2235 1304 2280 et
1333 2225 1479 2294 quod
1520 2225 1702 2278 omnia
1737 2225 1874 2277 inter
1907 2239 1964 2276 se

390 2333 577 2377 mutuo
617 2321 1004 2388 coniunctione
1044 2320 1293 2388 ipsorum
1331 2333 1440 2372 non
1474 2315 1701 2370 confusa
1735 2315 1967 2369 commi-

387 2423 529 2476 scet;
557 2429 663 2482 qua
693 2411 1074 2480 conjunctione
1101 2409 1432 2464 colt-.rrentia
1463 2407 1580 2461 sine
1619 2405 1888 2460 divisione
1915 2413 1969 2458 et

386 2505 644 2558 distantia
668 2541 682 2565 ,
714 2501 923 2570 singula
961 2511 1138 2553 tamen
1177 2498 1476 2552 secundum
1514 2495 1789 2564 propriam
1845 2510 1968 2563 spe-

388 2599 526 2651 ciem
573 2611 705 2662 pura
752 2594 1087 2654 consistunt,
1138 2607 1244 2644 non
1282 2591 1498 2644 turbata
1536 2606 1626 2656 per
1659 2587 1968 2642 concretio-

390 2701 513 2739 nem
552 2686 975 2738 Contrariorum.
1028 2682 1092 2736 Et
1122 2681 1286 2749 paulo
1323 2690 1441 2749 post
1467 2698 1477 2732 :
1507 2679 1570 2733 Et
1601 2688 1682 2732 est
1708 2718 1722 2742 ,
1757 2679 1971 2747 inquit,

389 2776 630 2846 perfecta
661 2776 748 2828 illa
783 2790 884 2844 pax
917 2771 1350 2840 uniuscujusque
1384 2771 1734 2838 proprietatis
1773 2773 1974 2837 imper-

393 2871 570 2922 mista:
631 2864 1041 2928 conservatrix,
1103 2878 1200 2932 per
1248 2861 1618 2930 providentias
1655 2877 1784 2916 suas
1828 2863 1976 2930 pacis

393 2955 713 3028 largitrices,
743 2959 922 3011 omnia
956 2959 1096 3010 inter
1119 2970 1178 3011 se
1209 2955 1320 3024 ipsa
1355 2964 1407 3009 et
1435 2969 1556 3007 cum
1588 2954 1709 3008 aliis
1740 2954 1855 3007 sine
1887 2971 1974 3006 se~

393 3051 598 3105 ditione
624 3060 678 3103 et
705 3047 1024 3102 confusione
1052 3045 1387 3100 custodiens.
1422 3043 1563 3109 Quid
1613 3053 1794 3096 autem
1822 3041 1974 3095 dica-

393 3159 516 3197 mus
557 3144 622 3197 de
663 3142 927 3196 charitate
967 3139 1166 3209 Christi
1199 3154 1325 3208 erga
1365 3137 1615 3191 homines
1640 3176 1653 3199 ,
1692 3151 1815 3204 quae
1867 3149 1965 3203 pa-
1990 3172 2034 3234 C

391 3251 518 3290 cem.
556 3233 778 3289 elI'udil?
818 3233 892 3286 Ex
945 3247 1050 3301 qua
1108 3245 1216 3283 non
1245 3232 1356 3297 jam
1412 3230 1737 3289 nobiscum,
1791 3243 1967 3296 neque

389 3343 516 3384 cum
545 3327 668 3382 aliis
715 3328 854 3379 inter
892 3340 1011 3390 nos,
1059 3337 1238 3389 neque
1286 3336 1410 3377 cum
1466 3321 1676 3388 angelis
1732 3336 1975 3389 pugnare

391 3422 690 3480 discamus,
725 3419 816 3472 sed
852 3415 1033 3484 potius
1061 3429 1185 3468 cum
1230 3413 1364 3481 ipsis
1413 3412 1597 3465 divina
1631 3427 1730 3480 pro
1761 3412 1976 3467 viribus

391 3527 682 3582 operemur
711 3507 1010 3564 secundum
1046 3504 1447 3574 providentiam
1476 3501 1628 3567 Jesu,
1663 3505 1752 3571 qui
1791 3503 1977 3557 omnia

393 3610 449 3662 in
481 3605 737 3659 omnibm
779 3608 1036 3668 operatur
1063 3597 1128 3659 ",
1162 3607 1215 3649 ct
1248 3611 1436 3665 pacem
1465 3595 1617 3658 facit,
1652 3609 1770 3661 qua:
1796 3593 1976 3649 verbis

393 3695 656 3764 explicari
688 3708 792 3747 non
823 3701 1022 3760 potest,
1053 3698 1106 3742 et
1134 3704 1253 3757 quae
1285 3705 1314 3742 a
1356 3687 1556 3744 saeculo
1594 3688 1975 3754 praedestinata

392 3798 506 3851 est;
541 3785 634 3853 qui
665 3779 1042 3836 reconciliavit
1080 3794 1178 3834 nos
1215 3778 1322 3832 sibi
1362 3779 1414 3830 in
1453 3778 1647 3845 spiritu
1680 3776 1748 3837 δ’.
1783 3785 1836 3829 ct
1881 3793 1977 3844 per

393 3880 594 3946 ipsum.
627 3875 763 3928 etin
801 3873 937 3941 ipso,
977 3870 1157 3934 Patri,
1214 3877 1269 3922 et
1331 3885 1521 3922 rursus
1577 3869 1715 3922 idem
1748 3883 1867 3936 cap.
1907 3869 1960 3933 9,

392 3971 458 4022 de
490 3967 695 4021 eisdem
729 3963 928 4018 divinis
961 3962 1271 4015 nominibus
1303 3980 1317 4014 :
1350 3960 1474 4014 [hec
1510 3960 1850 4029 magnitudo,
1888 3959 1975 4012 in-

391 4057 530 4126 quit,
571 4067 623 4108 et
669 4053 876 4108 infinita
919 4062 1022 4116 εει,
1058 4061 1112 4106 ει
1157 4052 1475 4119 quantitatis
1523 4059 1578 4105 et
1627 4051 1842 4104 numeri
1879 4065 1976 4103 ex-

393 4165 550 4218 pers;
586 4155 640 4201 et
677 4148 791 4200 haec
838 4144 1154 4212 magnitudo
1191 4154 1272 4197 est
1319 4144 1639 4198 excellentia
1677 4143 1974 4198 secundum

392 4239 717 4293 cliusionem
754 4235 1062 4288 absolutam
1095 4241 1148 4286 ει
1180 4248 1515 4302 supraquam
1542 4243 1824 4287 extensam
1861 4247 1977 4285 ma-

395 4330 719 4400 gnilicentiae
754 4343 860 4380 non
909 4327 1336 4394 comprehensae.
1383 4325 1526 4379 Idem
1583 4326 1747 4380 etiam
1815 4335 1977 4388 atque

393 4422 638 4477 omnium
669 4435 832 4474 causa
853 4430 932 4474 est
964 4435 1190 4489 parvum
1219 4437 1231 4483 ;
1265 4433 1544 4486 nunquam
1571 4417 1715 4471 enim
1744 4416 1974 4471 fortnam

2067 582 2275 648 liplicis,
2302 581 2463 637 foetus
2515 582 2569 636 in
2615 586 2819 638 omnia.
2857 584 2920 636 Et
2958 587 3152 640 iterum
3192 586 3479 642 :Similem
3514 600 3644 639 vero

2069 675 2231 727 Deum
2260 675 2304 728 si
2339 677 2461 744 quis
2510 675 2675 738 dicat,
2731 684 2788 728 ut
2825 676 3097 742 eumdem,
3133 687 3186 731 et
3233 687 3291 732 ut
3340 688 3511 732 totum
3552 694 3647 746 per

2064 775 2234 820 totum
2261 769 2361 821 sibi
2398 768 2546 822 unite
2593 777 2647 820 et
2682 767 3088 836 impartihiliter
3119 770 3379 832 similem,
3411 787 3516 824 nou
3559 780 3644 824 est

2067 859 2486 927 improbandqu
2540 876 2738 916 nomen
2787 862 3032 915 divinum
3101 862 3320 916 similis.
3381 861 3642 930 Theologi

2065 965 2194 1002 vero
2239 951 2400 1004 Deum
2434 992 2448 1014 ,
2485 952 2578 1020 qui
2612 962 2698 1006 est
2723 968 2887 1021 supra
2940 953 3123 1006 omnia
3149 994 3164 1017 ,
3205 961 3476 1020 quatenus
3529 955 3644 1021 ipse

2065 1053 2168 1105 est,
2203 1043 2402 1096 nullius
2429 1043 2662 1097 similem
2692 1059 2812 1097 esse
2839 1045 3027 1106 aiunt,
3072 1043 3165 1097 sed
3197 1045 3372 1111 ipsum
3405 1043 3642 1097 divinam

2066 1132 2483 1186 similitudinem
2525 1134 2654 1186 dare
2685 1133 2750 1186 iis
2782 1133 2872 1201 qui
2913 1133 2978 1186 ad
3017 1149 3140 1186 eum
3184 1142 3585 1187 convertuntur
3621 1150 3638 1188 :

2065 1239 2139 1286 et,
2174 1228 2316 1296 quod
2353 1225 2736 1281 admirabilius
2783 1236 2886 1287 est,
2936 1228 3079 1294 quod
3117 1226 3252 1279 nihil
3305 1226 3484 1279 simile
3526 1225 3645 1294 ejus

2066 1333 2142 1374 est
2187 1320 2320 1373 dicit
2361 1317 2671 1387 Scriptura;
2709 1318 2809 1371 etsi
2866 1333 2970 1370 non
3018 1325 3280 1385 repugnat
3328 1317 3416 1370 hic
3463 1331 3644 1372 sermo

2067 1411 2433 1475 similitudini,
2466 1426 2586 1479 quae
2617 1425 2740 1464 cum
2779 1407 2892 1463 Deo
2931 1420 3035 1474 est,
3073 1407 3266 1461 eadem
3297 1412 3442 1462 enim
3479 1419 3532 1462 et
3565 1409 3643 1462 si-

2069 1503 2214 1557 milia
2256 1511 2310 1558 et
2359 1503 2646 1558 dissimilia
2695 1502 2802 1557 Deo
2846 1503 3152 1556 dicuntur:
3189 1501 3388 1555 similia
3425 1500 3645 1570 quidem

2068 1595 2368 1648 secundum
2395 1594 2776 1656 imitationem,
2811 1609 2931 1661 quae
2953 1609 3074 1648 esse
3105 1601 3283 1662 potest
3313 1592 3450 1661 ejus,
3482 1606 3645 1660 quam

2069 1685 2206 1739 nihil
2241 1695 2421 1752 poteSt
2451 1685 2652 1739 imitari
2680 1704 2692 1749 ;
2720 1684 3006 1739 dissimilia
3040 1699 3189 1747 vero,
3221 1693 3490 1751 quatenus
3521 1680 3652 1734 cﬂ'e-

2071 1789 2190 1832 ctus
2231 1776 2368 1830 infra
2402 1791 2620 1830 causam
2659 1785 2788 1831 sunt
2816 1817 2831 1840 ,
2881 1784 2935 1829 et
2983 1773 3212 1828 ittlinitis
3257 1772 3553 1835 mensuris,
3595 1781 3650 1826 et

2071 1878 2192 1932 quze
2245 1863 2484 1917 conferri
2536 1879 2641 1916 non
2695 1875 2944 1934 queunt,
2998 1863 3066 1916 ab
3097 1878 3159 1916 ea
3203 1862 3431 1915 diSIant.
3465 1861 3646 1914 Item:

2067 1954 2206 2019 Quid
2242 1969 2369 2008 vero
2395 1954 2461 2008 de
2496 1955 2681 2008 divina
2709 1955 2965 2018 statione,
2997 1954 3082 2006 vel
3115 1954 3180 2006 de
3221 1952 3347 2006 sede
3371 1949 3649 2005 dicimus?

2070 2038 2190 2107 Ipse
2224 2041 2368 2093 enim
2409 2050 2492 2095 est
2533 2041 2711 2096 omnis
2744 2042 3019 2103 stationis,
3069 2049 3123 2095 et
3158 2041 3305 2094 sedis
3335 2055 3523 2103 causa,
3555 2039 3647 2108 qui

2071 2139 2152 2184 εει
2192 2145 2353 2199 supra
2385 2147 2604 2184 omnem
2637 2132 2820 2184 sedem
2847 2173 2862 2196 ,
2895 2143 2946 2184 et
2975 2131 3294 2194 stationem,
3323 2140 3377 2184 et
3424 2129 3479 2184 in
3529 2131 3649 2198 ipso

2070 2233 2266 2277 cuncta
2297 2236 2362 2275 ex
2411 2222 2680 2276 bonorum
2727 2221 2924 2290 cuique
2963 2236 3154 2275 eorum
3205 2221 3647 2274 convenientium

2070 2315 2308 2369 statione
2337 2314 2670 2376 consistunt,
2719 2321 2774 2366 et
2815 2313 3235 2377 custodiuntur,
3269 2327 3335 2366 ne
3367 2328 3433 2366 ex
3475 2313 3652 2367 bono-

2073 2423 2192 2460 rum
2233 2405 2675 2460 convenientium
2709 2406 2942 2458 statione
2967 2408 3339 2458 excutiantur.
3375 2403 3517 2470 Quid
3543 2419 3649 2458 au-t

2077 2508 2204 2561 tem,
2235 2513 2356 2550 cum
2391 2512 2578 2550 rursus
2606 2495 2844 2565 theologi
2874 2495 2940 2549 ad
2969 2496 3152 2550 omnia
3182 2494 3435 2565 progredi
3461 2505 3517 2549 et
3539 2510 3656 2550 uto-

2077 2591 2187 2645 veri
2221 2590 2408 2645 dicunt
2463 2591 2836 2644 immobilem?
2885 2607 2951 2643 an
2999 2606 3103 2644 non
3145 2602 3204 2642 ut
3260 2587 3426 2642 Deum
3477 2589 3652 2653 decet,

2078 2683 2180 2736 hoc
2218 2681 2628 2747 intelligendum
2665 2681 2783 2734 est?
2825 2680 3028 2734 Moveri
3059 2697 3294 2748 namque
3325 2681 3410 2749 pie
3445 2681 3650 2734 intelli-

2077 2775 2310 2843 gendum
2349 2781 2430 2826 est
2462 2788 2559 2840 pro
2591 2788 2656 2826 eo
2689 2771 2830 2840 quod
2861 2783 2964 2835 est,
3004 2771 3182 2826 facere
3218 2773 3386 2826 Deum
3419 2782 3478 2826 ut
3520 2787 3658 2826 cun-

2079 2875 2166 2918 cta
2191 2864 2316 2927 sint,
2341 2873 2394 2917 et
2420 2865 2696 2918 continere
2727 2865 2934 2928 omnia,
2966 2874 3020 2917 et
3046 2864 3298 2918 omnibus
3330 2864 3508 2918 modis
3533 2878 3658 2918 orn-

2082 2957 2242 3009 nihus
2276 2955 2578 3024 providere,
2605 2964 2659 3009 et
2694 2957 2948 3009 omnibus
2995 2956 3186 3010 adesse
3212 2964 3325 3010 tum
3365 2956 3650 3025 complexu

2082 3050 2326 3102 omnium
2368 3063 2489 3116 qua:
2528 3057 2680 3109 sunt,
2713 3049 2832 3101 sine
2864 3047 3194 3101 habitudine
3223 3047 3654 3116 conjunctionis,

2083 3151 2194 3193 tum
2241 3154 2335 3207 per
2383 3138 2776 3206 providentiam
2811 3139 2994 3192 omnia
3043 3138 3459 3202 circumeundo,
3504 3144 3557 3191 et
3600 3137 3655 3190 in

2082 3232 2338 3287 omnibus
2361 3234 2658 3300 operando.
2685 3231 2882 3286 Ihidem
2908 3237 3132 3284 sanctus
3155 3229 3424 3284 Maximus
3444 3229 3656 3294 :Quodo

2080 3323 2279 3394 inquit,
2315 3337 2526 3389 semper
2557 3332 2638 3376 est
2671 3323 2810 3374 idem
2838 3360 2852 3384 ,
2906 3330 2959 3374 et
3008 3321 3256 3374 absolute
3303 3330 3408 3386 est,
3447 3319 3499 3372 in
3542 3319 3655 3372 sola

2080 3432 2243 3470 causa
2296 3415 2539 3466 omnium
2594 3411 2866 3466 clfectrice
2926 3410 3194 3472 cernitur,
3236 3425 3356 3478 quae
3388 3408 3656 3462 creaturis

2080 3508 2273 3574 largita
2303 3515 2406 3565 est,
2447 3515 2496 3554 ιιι
2539 3505 2591 3556 iu
2625 3503 2816 3556 eodem
2848 3511 2992 3555 statu
3021 3510 3400 3570 permaneant,
3429 3509 3560 3553 etut
3591 3513 3655 3552 ea

2081 3614 2198 3666 qua:
2233 3595 2526 3658 contrarie,
2569 3595 2648 3646 vel
2681 3595 2785 3647 alio
2819 3593 2978 3647 modo
3006 3594 3227 3655 habent,
3261 3593 3402 3647 inter
3433 3608 3492 3648 se
3523 3608 3653 3647 coa-

2081 3697 2354 3758 gmentata
2388 3688 2534 3748 sint,
2579 3686 2767 3739 eodem
2822 3685 2987 3754 igitur
3025 3685 3184 3740 modo
3215 3686 3437 3750 omnia,
3488 3685 3652 3738 etiam

2082 3795 2202 3850 qum
2231 3795 2336 3833 non
2372 3787 2595 3833 manent
2623 3779 2675 3831 in
2705 3779 2895 3834 eadem
2929 3786 3144 3842 natura,
3180 3777 3234 3831 in
3279 3777 3385 3831 Deo
3415 3793 3653 3831 cernun-

2083 3884 2168 3928 tur
2199 3888 2347 3937 esse;
2375 3872 2640 3938 siquidem
2664 3872 2909 3926 omnium
2937 3886 3057 3940 qua:
3081 3878 3226 3933 sunt,
3253 3871 3445 3924 eodem
3472 3872 3653 3932 modo.

2082 3965 2131 4018 id
2164 3974 2246 4018 est
2285 3962 2558 4027 similiter,
2612 3972 2697 4017 est
2751 3971 2944 4018 auctor
2998 3963 3161 4017 Deus.
3209 3961 3286 4015 Ex
3333 3962 3538 4030 quibus
3597 3961 3656 4015 Iit

2081 4057 2448 4122 manifestum,
2487 4057 2628 4125 quod
2660 4071 2762 4124 pax
2788 4095 2802 4118 ,
2838 4065 2892 4109 et
2924 4055 3274 4125 magnitudo,
3308 4063 3362 4109 et
3393 4055 3651 4122 parvitas,

2077 4157 2131 4201 ct
2155 4148 2337 4222 statio,
2365 4155 2420 4200 et
2461 4158 2663 4209 moms,
2701 4157 2756 4200 et
2783 4147 2922 4200 idem
2951 4160 3094 4211 esse,
3125 4153 3179 4199 et
3207 4145 3481 4200 diversum
3508 4159 3651 4208 esse,

2079 4252 2132 4295 et
2166 4239 2425 4301 similem,
2451 4246 2505 4291 et
2528 4237 2869 4299 dissimilem,
2901 4239 3014 4292 haec
3045 4237 3228 4290 omnia
3259 4252 3365 4290 una
3395 4251 3497 4306 pax
3525 4243 3653 4289 sunt

2080 4333 2133 4386 in
2171 4332 2298 4390 Deo.
2331 4331 2535 4384 idcirco
2571 4340 2626 4383 et
2663 4329 2771 4392 hic,
2805 4340 2857 4382 et
2887 4329 3022 4382 alias
3063 4328 3208 4382 clare
3235 4328 3439 4382 dictum
3471 4336 3526 4380 et
3559 4327 3654 4380 dc-

2085 4434 2444 4479 monstratum
2475 4431 2553 4475 est
2581 4436 2608 4474 a
2641 4420 2916 4490 Dionysio,
2948 4420 3052 4474 alia
3080 4459 3093 4483 ,
3124 4429 3176 4473 et
3206 4418 3500 4484 contraria,
3531 4433 3653 4471 out-

401 4512 546 4579 parvi
580 4511 816 4580 reperies
852 4527 959 4563 non
994 4509 1401 4578 participatatn.
1439 4509 1528 4562 Sic
1561 4508 1723 4578 igitur
1764 4508 1816 4562 itt
1862 4508 1972 4562 Deo
2007 4499 2048 4554 υ
2082 4518 2168 4570 nia
2201 4515 2390 4568 eodem
2421 4513 2578 4565 modo
2611 4520 2665 4563 et
2715 4511 2883 4570 unite,
2916 4517 2970 4562 et
3001 4509 3145 4562 nulla
3191 4508 3562 4577 duplicatione
3597 4507 3649 4560 iu

395 4601 775 4671 accipiendum
809 4611 891 4654 est
925 4616 1174 4669 parvum,
1212 4612 1268 4652 ιιι
1304 4601 1356 4653 in
1393 4600 1595 4666 omnia,
1637 4611 1686 4652 et
1721 4616 1816 4669 per
1848 4616 1969 4654 om-

398 4697 482 4748 nia
517 4694 766 4761 expedite
792 4707 1004 4753 mrans,
1029 4701 1082 4744 et
1106 4707 1358 4760 operans,
1391 4702 1444 4745 et
1468 4693 1770 4761 pervadens
1801 4710 1970 4762 usque

398 4787 446 4839 in
473 4785 794 4840 divisionem
825 4783 1019 4836 anitna‘
1065 4792 1120 4836 et
1169 4783 1437 4851 corporis.
1470 4798 1791 4852 compagutn
1828 4800 1966 4852 quo-

394 4895 498 4948 que
531 4891 584 4931 et
619 4877 996 4940 medullarum,
1034 4887 1087 4931 et
1123 4876 1509 4942 cogitationum
1537 4875 1719 4929 cordis
1745 4878 1812 4940 ⁵ο,
1855 4875 1967 4930 imo

395 4968 638 5021 omnium
677 4982 796 5036 qua:
826 4975 990 5030 sunt;
1020 4980 1126 5018 non
1156 4966 1301 5018 enim
1331 4972 1417 5017 est
1446 4975 1698 5018 creatura
1740 4966 1847 5018 ulla
1881 4965 1967 5018 in-

397 5059 630 5114 visibilis
668 5059 718 5110 in
772 5066 1064 5125 conspectu
1116 5056 1256 5125 ejus,
1301 5061 1401 5111 hoc
1453 5074 1674 5124 parvum
1727 5069 1807 5112 est
1858 5059 1977 5113 sine

395 5152 722 5218 quantitate,
767 5149 886 5203 sine
925 5163 1175 5212 numero,
1227 5149 1344 5202 sine
1391 5149 1736 5213 inhibitione,
1793 5151 1976 5204 inﬁni-

397 5253 508 5297 tum
537 5285 550 5307 ,
612 5242 1148 5308 iucircumscriptum
1175 5284 1187 5303 ,
1236 5242 1420 5294 omnia
1463 5241 1934 5309 comprehendens
1960 5283 1973 5305 ,

399 5332 576 5398 ipsum
609 5347 637 5384 a
673 5331 822 5386 nullo
861 5331 1246 5396 comprehendi
1295 5340 1493 5400 potcSt.
1537 5333 1746 5385 Ilursus
1785 5332 1968 5388 item:

402 5423 552 5476 Nunc
582 5432 760 5476 autem
797 5423 1036 5476 dixinam
1067 5422 1438 5476 diversitatem
1472 5431 1592 5477 cum
1621 5424 1874 5484 dicimus.
1911 5443 1977 5479 ue

405 5516 748 5582 suspicemur
780 5514 1135 5569 variationem
1173 5516 1484 5584 quampiam
1518 5517 1570 5570 in
1605 5533 1670 5570 eo
1707 5519 1797 5585 qui
1831 5503 1975 5574 idem

405 5613 508 5668 est,
543 5615 593 5659 et
622 5620 950 5676 sapt-aquam
986 5607 1380 5672 immutabilis;
1426 5608 1519 5663 sed
1566 5609 1978 5679 multiplicatio-

480 5792 523 5821 ⁸⁸
575 5793 698 5848 Cor.
725 5809 820 5860 xu,
846 5798 897 5849 6.

2086 4611 2192 4662 Deo
2238 4621 2395 4670 csse;
2439 4614 2617 4657 tamen
2655 4603 2722 4657 ab
2757 4603 2874 4671 ipso
2922 4602 3184 4671 producta
3210 4641 3225 4665 ,
3263 4602 3465 4654 variata
3512 4614 3652 4664 esse,

2085 4701 2153 4752 ab
2191 4699 2320 4767 ipsis
2351 4696 2792 4750 emanationibus
2821 4695 3190 4748 diversitatem
3224 4705 3402 4746 nacta.
3441 4695 3530 4746 Est
3561 4694 3660 4761 ig;-

2083 4802 2168 4844 tur
2198 4790 2360 4852 Deus,
2398 4798 2455 4842 ut
2497 4787 2647 4853 prius
2685 4787 3118 4840 demonstratum
3165 4794 3279 4850 est,
3329 4787 3472 4840 sicut
3520 4787 3656 4840 sub-

2078 4883 2300 4940 Stantia,
2334 4897 2497 4948 quam
2532 4894 2705 4948 neque
2736 4879 2920 4933 verbis
2945 4878 3270 4946 exprimere,
3308 4894 3406 4932 nec
3447 4879 3654 4948 eloqui,

2082 4988 2182 5024 net:
2205 4986 2531 5039 cognoscere
2559 4985 2872 5036 possumus,
2900 4969 2978 5022 sic
2994 4970 3158 5022 etiam
3179 4969 3360 5022 divina
3387 4968 3503 5036 ejus
3529 4985 3657 5036 pax.

2085 5071 2340 5130 praeterea
2376 5060 2638 5128 sapientia
2664 5061 2803 5126 ejus,
2838 5070 2892 5113 ct
2918 5061 3025 5114 vita
3050 5060 3192 5128 ejus,
3231 5072 3286 5114 et
3319 5076 3654 5130 qumcuuquc

2082 5152 2186 5206 alia
2217 5152 2485 5213 absoluta,
2520 5162 2570 5204 et
2602 5167 2938 5221 quaacunque
2966 5167 3105 5206 nunc
3142 5153 3194 5207 in
3248 5154 3364 5224 ipsa
3400 5154 3653 5206 videntur

2084 5244 2381 5295 secundum
2415 5245 2858 5296 contrarietatem
2885 5243 3084 5301 eII'erri.
3124 5244 3432 5301 Laudamus
3470 5259 3653 5302 autem

2084 5335 2222 5387 hanc
2258 5334 2554 5388 Srcundum
2604 5336 3043 5404 participationes
3084 5339 3200 5402 ejus
3250 5341 3550 5394 intellectas
3603 5351 3658 5394 et

2085 5426 2415 5489 nominatas,
2456 5426 2505 5478 id
2540 5437 2642 5491 est,
2675 5427 2960 5482 laudamus
2985 5431 3051 5482 ab
3092 5429 3156 5483 iis
3204 5447 3324 5499 quae
3356 5434 3604 5499 produxit
3637 5473 3655 5497 ,

2081 5530 2201 5583 quae
2225 5517 2324 5569 sub
2358 5516 2769 5585 intelligentiam
2806 5521 3028 5582 cadunt,
3053 5529 3106 5574 et
3132 5537 3248 5590 qua:
3274 5524 3379 5575 sub
3403 5536 3651 5588 sensum,

2084 5609 2286 5676 quibus
2328 5623 2433 5661 nos
2469 5625 2533 5661 ex
2567 5609 2631 5662 iis
2662 5626 2783 5678 quae
2816 5611 3087 5678 videntur,
3132 5612 3406 5672 instructi,
3457 5617 3521 5668 ad
3567 5631 3656 5671 cor-

978 5799 1020 5828 ”
1051 5799 1093 5854 II
1168 5801 1293 5857 Cor.
1327 5820 1375 5870 v,
1415 5805 1509 5868 18;
1558 5804 1755 5875 Ephcs.
1792 5823 1852 5873 tt,
1893 5806 1978 5858 I8.
2043 5808 2086 5836 ⁵ο
2127 5805 2291 5861 Hebr.
2334 5824 2405 5872 tv,
2448 5808 2531 5862 1'2.
