4078 6274
487 314 587 378 sat
1649 313 1975 375 JOANNIS
2013 310 2577 377 CYPAntssmT/e
3623 317 3729 382 832

486 427 803 495 gimtionem
856 439 1173 497 magnorum
1224 426 1485 480 donorum
1537 426 1657 495 ejus
1704 428 2050 487 deducimur.
2084 428 2126 485 Α
2160 430 2423 493 nominat,
2472 429 2598 498 quia
2654 426 2856 499 praebet
2911 428 3066 484 nobis
3114 427 3572 499 similitLdinem,
3620 447 3728 488 non

488 523 639 588 ips-as
664 534 757 587 per
787 532 845 572 se
871 519 1103 587 primum
1136 517 1378 573 actiones
1408 518 1592 574 animo
1625 532 1902 574 versantes
1929 560 1942 582 ,
1998 532 2058 574 tit
2160 519 2303 589 quod
2356 520 2470 587 ipse
2521 520 2613 574 ﬁat
2654 520 2816 575 nobis
2871 520 3068 576 similis
3103 519 3277 591 (nulla
3329 521 3474 575 enim
3520 522 3728 578 eticctis

487 612 535 665 si
579 611 703 679 quis
736 610 972 679 primum
1017 616 1346 672 creaturam,
1396 610 1481 665 vel
1540 612 1729 666 mundi
1789 614 2049 668 fabricam
2161 626 2283 665 cum
2318 610 2570 665 cilectore
2598 611 2921 676 similitudo,
2954 626 3079 666 cum
3107 612 3336 667 iniinitis
3366 621 3419 667 et
3448 613 3735 669 immensis

486 701 661 767 ipsam
691 716 785 768 per
817 714 876 753 se
904 698 1121 768 cogitet,
1148 698 1292 753 velut
1321 700 1587 756 actionem
1626 701 1716 756 Dei
1749 714 1801 756 et
1850 708 2057 757 motum
2163 703 2433 757 mensuris
2474 710 2527 757 et
2576 703 2878 757 intervallis
2911 703 3001 756 illa
3042 702 3109 757 ab
3139 713 3365 758 auctore
3396 704 3603 772 absint)
3638 705 3733 759 sed

489 792 728 853 intuens,
756 789 952 843 deinde
985 790 1249 845 rationem
1282 790 1347 845 ad
1378 792 1643 860 producta
1672 803 1726 847 et
1753 804 1936 849 creata
1977 812 2063 848 τυ-
2162 792 2384 865 ροῑὶιμδ,⁵
2417 792 2558 847 sicut
2591 791 2992 862 diximus,quia
3032 792 3146 861 ipse
3180 801 3259 847 est
3294 791 3513 847 eﬂ'ector
3548 808 3642 865 per
3672 810 3735 847 se

488 880 646 934 ferat.
672 879 1033 939 Consentiens
1055 890 1236 934 autem
1271 896 1458 937 secum
1494 883 1637 937 idem
1674 885 1965 956 Dionysius
2002 886 2057 939 in
2162 864 2550 948 similitudinis,
2582 900 2687 955 qua
2717 898 2815 938 nos
2852 883 2959 938 Deo
2985 881 3250 938 ellieimur
3277 883 3520 938 similes:
3549 864 3733 937 Eslote

488 973 717 1041 s'ngulis
748 972 942 1026 herum
973 972 1288 1027 nominibus
1311 989 1406 1042 per
1429 977 1634 1040 omnia,
1661 976 1800 1032 sicut
1832 978 1886 1031 in
1915 978 2060 1046 aliis,
2161 976 2321 1038 enim,
2363 976 2574 1045 inquit,
2607 976 2995 1042 misericordes,
3024 976 3159 1030 sicut
3192 974 3351 1029 Pater
3382 985 3546 1030 vester
3580 977 3735 1030 cwle-

486 1066 561 1118 ita
593 1074 647 1119 et
683 1079 828 1118 nunc
878 1061 1100 1120 nomina
1154 1065 1306 1134 ponit
1354 1080 1478 1120 cum
1532 1067 1878 1136 adiunctione
1925 1070 2060 1124 deii-
2163 1070 2259 1123 stis
2288 1068 2357 1136 ";
2391 1068 2531 1123 idem
2566 1084 2692 1122 vero
2726 1076 2811 1123 est
2832 1068 2994 1122 etiam
3026 1066 3484 1122 dissimilitudinis
3512 1077 3734 1131 auctor,

487 1154 879 1224 niente,'quod
926 1155 1135 1209 scilicet
1178 1172 1272 1225 per
1309 1172 1368 1211 se
1413 1159 1583 1225 pacis,
1620 1169 1675 1213 et
1719 1174 1815 1228 per
1847 1175 1906 1215 se
1943 1177 2064 1216 ma-
2162 1161 2289 1231 quia
2326 1160 2624 1227 unicuique
2642 1154 2829 1213 eorum
2850 1173 2971 1228 quae
2988 1157 3056 1212 ab
3075 1172 3140 1211 eo
3160 1156 3301 1212 facta
3319 1169 3466 1222 sunt,
3489 1157 3735 1226 proprie-

492 1246 814 1313 guitudinis,
844 1255 900 1300 et
931 1262 1025 1315 per
1058 1262 1117 1301 se
1162 1247 1559 1315 similitudinis,
1603 1259 1657 1304 et
1704 1251 1962 1315 aliorum,
2009 1262 2065 1309 et
2167 1251 2564 1314 tatemindidtt,
2593 1259 2654 1304 ut
2685 1263 2966 1318 nunquam
2991 1249 3229 1318 quaudiu
3258 1249 3467 1319 singula
3485 1248 3739 1302 ordinata

479 1352 681 1391 eorum
710 1352 829 1405 qua:
869 1336 1142 1390 contrarie
1174 1337 1555 1406 proferuntur,
1587 1351 1646 1395 ut
1682 1357 1778 1410 per
1807 1359 1866 1398 se
1898 1343 2065 1398 dissi-

2166 1353 2315 1408 sunt,
2342 1345 2483 1398 inter
2513 1358 2569 1397 se
2597 1341 2946 1397 conveniant.
2975 1340 3032 1394 Si
3060 1351 3235 1394 autem
3264 1354 3459 1394 nomen
3490 1339 3732 1407 ejusdem

486 1430 834 1491 militudinis,
860 1444 955 1498 per
985 1446 1044 1485 se
1070 1430 1425 1495 diversitutis,
1458 1443 1514 1485 et
1539 1446 1727 1485 eorum
1763 1448 1884 1501 quae
1916 1443 2064 1498 sunt,
2166 1450 2220 1491 et
2249 1435 2449 1491 diversi
2485 1434 2593 1487 Deo
2618 1432 2989 1495 attribuimus,
3040 1446 3106 1485 ex
3146 1430 3214 1486 iis
3249 1445 3367 1500 quae
3402 1429 3655 1499 produxit
3681 1439 3741 1483 et

491 1530 625 1583 tota,
663 1529 714 1573 ct
745 1535 867 1588 qua
901 1535 1095 1575 eorum
1127 1530 1329 1590 partes,
1365 1534 1556 1578 auctor
1579 1532 1660 1578 est
1701 1524 1867 1590 Deus,
1900 1541 2065 1582 causa
2167 1526 2391 1581 donavit
2437 1526 2729 1581 sumimus.
2786 1523 2882 1580 Est
2930 1523 3147 1594 quidem
3202 1522 3491 1589 ταυτότης,
3547 1521 3600 1574 id
3655 1529 3747 1574 est

486 1622 546 1664 et
582 1610 837 1676 ell'ector;
871 1627 966 1680 per
1004 1614 1185 1668 omnia
1214 1615 1404 1668 eodem
1455 1622 1646 1671 tenore
1675 1624 1730 1671 et
1771 1616 1947 1673 forma
1974 1619 2070 1674 de-
2170 1618 2464 1679 ideutitas,
2528 1615 2868 1685 conspiratio
2913 1623 2969 1668 et
3014 1618 3317 1669 censensus
3364 1610 3741 1666 universitatis

491 1713 806 1757 monstrans
844 1714 896 1758 et
940 1705 1193 1760 universa
1261 1707 1524 1772 producta
1579 1724 1700 1763 esse
1727 1749 1740 1772 ,
1788 1721 1844 1765 et
1895 1728 2139 1812 unumB
2172 1724 2352 1765 rerum
2395 1724 2516 1762 cum
2552 1723 2661 1762 nuo
2702 1706 2928 1770 mundo,
2986 1715 3039 1760 et
3083 1704 3360 1773 generatio
3395 1705 3610 1772 penitus
3646 1702 3736 1755 di-

491 1802 705 1847 tantum
734 1810 923 1847 eorum
957 1797 1202 1849 omnium
1230 1797 1560 1865 principium
1593 1810 1645 1853 et
1669 1816 1887 1856 causam
1915 1819 2057 1866 esse,
2096 1794 2139 1812 ”
2165 1800 2457 1865 stantium,
2491 1812 2733 1853 summas
2762 1811 2950 1851 eorum
2991 1796 3280 1865 qualitates
3312 1795 3562 1849 similiter
3598 1794 3737 1845 reti-

495 1902 659 1939 mmm
713 1888 942 1949 scilicet,
982 1890 1129 1956 quod
1187 1898 1273 1943 est
1322 1905 1656 1960 supraquam
1728 1895 2059 1964 substantia,
2163 1905 2332 1949 nens:
2369 1899 2423 1945 et
2467 1890 2656 1943 eadem
2689 1886 2900 1943 affectio
2930 1886 3268 1942 diversarum
3305 1892 3645 1944 naturarum.
3680 1896 3741 1937 ει

494 1994 613 2045 quae
635 1988 719 2032 est
747 1979 831 2032 illa
860 1981 1021 2035 beata
1064 1989 1125 2047 et
1148 1981 1309 2035 trium
1348 1999 1704 2052 personarum
1752 2001 1966 2046 natura.
1990 1991 2064 2050 Ut
2088 1980 2093 1985 δ

2164 1982 2509 2041 dissimilium
2559 1980 2819 2051 partium,
2868 1987 2954 2036 est
3003 1988 3184 2034 autem
3219 1993 3413 2034 rursus
3444 1975 3738 2033 diversitas

494 2079 676 2123 auth
707 2086 768 2123 es
800 2070 866 2124 iis
899 2086 1019 2139 qua!
1050 2073 1221 2139 posita
1271 2084 1433 2139 sunt,
1488 2079 1847 2148 proprietates
1899 2085 2062 2140 etiam
2165 2077 2525 2145 multipartita
2559 2075 2817 2131 distantia
2854 2089 3041 2128 eorum
3072 2087 3192 2142 quae
3222 2072 3290 2124 ah
3324 2085 3429 2124 uua
3468 2070 3646 2123 radice
3680 2068 3736 2122 in

495 2161 882 2229 percipiamus,
909 2173 991 2216 est
1024 2164 1238 2233 quidem
1283 2182 1382 2235 pax
1435 2168 1644 2231 divina,
1693 2187 1813 2239 quae
1850 2173 2064 2230 diversa
2166 2168 2434 2222 inliuitum
2469 2170 2781 2231 tenduntur,
2812 2174 2866 2221 et
2908 2163 3135 2219 variatio
3172 2162 3350 2216 omnis
3401 2161 3615 2230 generis
3672 2161 3725 2213 in

495 2250 659 2304 nectit
686 2252 738 2305 iu
767 2267 933 2306 unum
967 2255 1129 2312 (dicta
1162 2265 1248 2310 est
1276 2257 1421 2311 enim
1455 2263 1836 2330 congregati-ix
1866 2273 1918 2318 et
1950 2266 2066 2320 eol-
2168 2258 2414 2327 partibus
2446 2265 2501 2311 ei
2536 2256 2797 2312 membris
2831 2253 3266 2324 uniuscujusque
3293 2291 3310 2318 o
3362 2258 3417 2306 εἴ
3458 2249 3736 2318 multiplex

497 2341 710 2407 ligatrix
743 2344 954 2397 illorum
987 2346 1172 2410 etiam,
1202 2362 1323 2415 qua:
1355 2349 1590 2404 maxime
1622 2352 1824 2409 diversi
1850 2358 2066 2424 generis

2167 2365 2231 2404 ac
2250 2350 2396 2403 varia
2430 2346 2721 2403 multitudo
2743 2346 3034 2403 creationis
3059 2344 3353 2399 formarunt
3377 2358 3393 2409 ;
3422 2341 3502 2396 sic
3524 2353 3745 2407 quoque

496 2442 553 2486 et
585 2440 794 2486 natura:
839 2435 988 2503 sunt)
1027 2436 1195 2490 multa
1226 2437 1279 2490 in
1319 2445 1803 2508 temperamentum
1840 2448 2069 2503 commi-

2169 2438 2452 2492 stationem
2488 2435 2580 2490 Dei
2617 2434 2908 2490 laudamus
2955 2435 3024 2489 ab
3071 2432 3141 2488 iis
3184 2446 3302 2502 quae
3337 2439 3390 2483 et
3434 2427 3742 2495 collocavit,

488 2534 655 2575 recens
681 2536 787 2576 nou
817 2522 1063 2586 confuse,
1099 2539 1272 2595 neque
1307 2529 1602 2594 permiste;
1637 2533 1732 2586 sed
1763 2547 1986 2591 servans
2012 2537 2067 2592 in
2168 2537 2222 2583 et
2250 2529 2505 2589 ﬁrmavit.
2529 2534 2585 2582 et
2609 2527 2806 2598 quibus
2839 2526 3016 2581 locum
3051 2523 3305 2579 manendi
3326 2522 3514 2585 dedit;
3547 2528 3604 2576 et
3629 2534 3747 2573 mo-

499 2612 728 2681 singulis
777 2614 1180 2679 universitates,
1235 2618 1290 2671 iu
1329 2634 1495 2674 unum
1534 2624 1731 2678 mentis
1763 2626 2066 2696 simplicem
2171 2629 2282 2673 tum
2321 2624 2509 2673 rursus
2563 2617 2870 2682 laudamus,
2903 2616 3049 2684 quod
3099 2615 3216 2684 ipse
3262 2628 3385 2668 cum
3428 2611 3497 2666 sit
3540 2609 3741 2680 alioqui

498 2713 821 2770 conceptum
855 2704 1062 2761 reducit
1101 2706 1199 2776 (i).
1242 2707 1443 2765 Deinde
1479 2710 1592 2767 haec
1627 2712 1808 2769 divina
1842 2732 1941 2786 pax
1974 2734 2070 2774 ve-

2170 2706 2492 2773 immobilis,
2523 2715 2578 2761 et
2602 2705 2880 2761 declinare
2906 2720 3016 2760 non
3046 2703 3219 2774 possit
3245 2742 3261 2768 ,
3296 2717 3396 2757 nec
3426 2703 3533 2763 ulla
3570 2701 3624 2755 in
3661 2715 3740 2765 re,

499 2793 598 2848 luti
631 2796 889 2853 unionem
926 2798 1749 2868 multiplieinm'etdiversarum
1786 2822 1977 2863 vocum
2017 2822 2071 2867 et

2171 2800 2275 2852 aut'
2304 2796 2465 2851 modo
2496 2807 2800 2860 moveatur,
2835 2810 3011 2865 neque
3050 2802 3315 2859 mutetur,
3351 2802 3443 2847 aut
3478 2792 3738 2856 varietur,

500 2902 760 2941 sonorum
793 2888 967 2944 instar
992 2898 1289 2947 concentus
1318 2901 1372 2948 et
1398 2896 1736 2965 symphoniae
1765 2899 2071 2968 pulcherri-

2170 2888 2450 2942 voluntate
2482 2897 2686 2942 tantum
2718 2901 2909 2942 omnes
2940 2887 3150 2956 species
3179 2894 3235 2939 et
3264 2884 3470 2939 formas
3499 2894 3738 2938 motuum

503 2992 591 3031 me
621 2979 863 3044 coniicit,
899 2981 1035 3036 nihil
1082 2997 1150 3037 ex
1195 2985 1342 3054 gravi
1393 2995 1489 3040 aut
1536 2997 1698 3044 αοηιο
1755 2991 2066 3057 demum“,
2173 2978 2451 3048 produxit,
2481 2987 2537 3031 et
2571 2977 2888 3042 renovavit,
2933 2977 3187 3032 emittens
3232 2989 3325 3031 eas
3371 2990 3477 3028 una
3524 2975 3746 3028 omnino

502 3068 597 3121 sed
627 3070 809 3138 potius
839 3081 1060 3126 manent
1094 3074 1394 3129 secundum
1428 3086 1681 3133 naturam
1722 3081 1840 3137 sine
1871 3084 2067 3139 confu-
2096 3077 2141 3137 (Σ
2173 3084 2328 3140 Pace,
2357 3075 2645 3131 concentu,
2669 3076 2722 3123 et
2750 3067 3069 3132 concordia,
3100 3066 3323 3136 quando
3349 3074 3561 3135 oportet
3587 3065 3746 3118 emit-

505 3160 660 3217 sione
683 3172 939 3231 aptatam.
968 3175 1028 3217 ut
1053 3165 1405 3234 ingeneretur
1433 3173 1708 3239 copulatio
1733 3190 2068 3246 supraquam
2178 3171 2321 3224 lere;
2358 3168 2411 3214 ει
2457 3174 2648 3215 rursus
2694 3159 2761 3213 ad
2811 3173 2874 3215 5°
2923 3173 3191 3215 Γενοοθηε
3238 3158 3353 3227 ipsa
3409 3171 3511 3212 sua
3547 3172 3643 3226 Ρθτ
3681 3171 3746 3211 ⁸⁸

505 3256 731 3314 c0,:itari
768 3265 964 3324 potest,
990 3258 1275 3314 amatoriis
1307 3260 1638 3330 quibusdam
1674 3265 1965 3331 illecebris,
1987 3270 2069 3323 vel
2177 3269 2312 3323 Pace
2360 3253 2657 3307 secundum
2692 3258 2894 3316 linam'o
2949 3262 3005 3305 οι
3055 3265 3334 3321 “unquam
3373 3248 3744 3305 ίηιθτωίεείίω

507 3349 695 3401 nescio
729 3347 860 3416 quid
895 3349 1135 3404 divinius
1162 3350 1340 3405 dicam
1369 3392 1384 3417 ,
1420 3353 1473 3407 in
1510 3355 1765 3410 unionem
1814 3359 2028 3414 redacta
2055 3401 2070 3426 ,
2178 3345 2569 3416 operationem-

508 3451 869 3496 cousentanee
898 3440 1061 3495 etiam
1100 3457 1201 3498 nos
1233 3442 1419 3499 divina
1451 3447 1672 3503 nomina
1694 3489 1709 3512 ,
1743 3465 1863 3517 quae
1895 3451 1946 3503 in
1983 3452 2073 3509 illo
2778 3455 3005 3513 CAPUT
3061 3454 3151 3512 IX.

691 3532 845 3644 ξιιιιρέι.
890 3539 1351 3644 est‘supraquam
1404 3539 1744 3644 substantia,
1793 3546 2074 3644 contraria
2184 3575 2259 3631 De
2309 3577 2678 3644 omnipotente,
2725 3581 3045 3644 “memora!
3100 3567 3367 3636 adjutore,
3417 3573 3466 3617 et
3513 3566 3576 3616 de
3624 3563 3753 3617 aliis

502 3638 630 3677 esse
666 3624 939 3690 videntur,
1001 3626 1131 3680 huic
1177 3628 1377 3682 divina?
1421 3631 1555 3699 paci-
1583 3631 1970 3700 attribuimus;
2023 3646 2076 3690 et

2184 3624 2742 3713 "nominatus,
2772 3624 2980 3713 debeo
3010 3624 3296 3713 dicunjtur,
3317 3624 3365 3713 et
3397 3642 3519 3713 sunt
3565 3648 3749 3713 eorum

493 3717 937 3785 magnitudinem
987 3719 1054 3773 ad
1088 3720 1410 3788 parvitatem
1462 3722 1788 3789 referentes,
1822 3726 1873 3779 in
1914 3743 2074 3781 uuam
2254 3704 3105 3801 (Ιῑιβξῖηάίίαιξί-υτί.ράίξίίῇῗξίξξξ.ει
3142 3704 3754 3801 ξιξ-ἀίξξρίίῇίῇιεξξιὲξίδ

504 3821 697 3872 pacem
723 3807 1073 3872 contulimus,
1104 3810 1532 3879 magnitudinem
1578 3813 1796 3884 quidem
1823 3816 2080 3871 deﬁnien-

2258 3772 2575 3843 ntilitudine,
2624 3791 2685 3835 et
2736 3772 3082 3836 habitudine.
3136 3791 3253 3845 qua
3313 3777 3367 3827 in
3443 3772 3750 3840 dei/iratis,

2257 3864 2305 3908 et
2338 3852 2712 3912 imitantibus,
2762 3858 2811 3903 et
2858 3846 3254 3902 similitudinem
3300 3841 3624 3912 capientibus
3671 3840 3754 3912 {ti-

515 3908 619 3959 tes,
652 3913 754 3966 qua
784 3915 892 3954 nou
920 3909 1081 3969 queat
1125 3901 1301 3970 major
1335 3904 1507 3959 moles
1537 3888 1806 3975 reperiri;
1840 3909 2081 3977 parvita-
2257 3887 3635 3989 εἶιῖιῗίὶῖίιὶίὶηἱδ
3669 3910 3754 3989 in:

506 3998 623 4042 ‘tem
674 4004 825 4055 vero,
868 4006 975 4059 qua
1016 4006 1125 4046 non
1170 3994 1342 4061 possit
1377 3994 1597 4063 minor;
1648 4013 1747 4066 per
1790 4008 2082 4071 utrumque
2259 3994 2748 4074 [υνηιαιξρηεηιηςε
2795 3982 3751 4074 ιιαξιίιυάίηεηξ,,ζ),ιζί;.,ίζ¹ἐί,,θέἐέῗζ⁷ξ¹ξί

510 4096 735 4145 ιιοιιιρη,
768 4097 953 4151 pacem
987 4083 1053 4136 ad
1085 4084 1357 4138 inlinitum
1386 4086 1550 4142 Deum
1576 4100 1910 4147 revocantes.
1943 4054 2082 4159 Quid

515 4174 659 4200 ηας...
719 4173 892 4200 ..η-2η,
943 4173 1245 4200 ...Ιιροιηιοῂι
1301 4176 1557 4200 :_.n..:._o
1605 4189 1693 4200 ---ι
1738 4182 1858 4200 ---ει
1902 4199 1907 4200 ,

2259 4054 2566 4117 habitudine
2594 4060 2887 4120 solutus,et
2910 4071 3112 4110 omnem
3140 4054 3484 4106 imitationem
3513 4054 3747 4111 superat,

2260 4144 2307 4187 et
2340 4134 2402 4188 de
2432 4131 2762 4200 deiﬁcatione
2797 4125 3084 4200 secundum
3107 4121 3487 4200 Ιηιὺὶειιόῇιηεηι⁷
3523 4127 3571 4173 et
3595 4117 3658 4200 de
3682 4117 3749 4167 iis

589 4174 599 4184 .
771 4149 783 4151 “
809 4173 822 4185 .
1201 4176 1212 4187 .
1301 4177 1313 4189 ,
1439 4177 1451 4189 ,
1809 4182 1820 4192 ,
1952 4149 1986 4159 ”
2260 4149 2307 4187 ει
2340 4149 2402 4188 ae
2432 4149 2762 4200 aetftcauoue
2797 4149 3078 4181 secuturum
3107 4149 3487 4178 uuuuuunwm.
3523 4149 3570 4173 σι
3595 4149 3658 4168 κο
3682 4149 3749 4167 uo

513 4188 660 4225 ennn
719 4187 895 4241 majus
943 4173 1249 4229 substantia
1301 4176 1557 4230 tulintta?
1602 4189 1696 4233 aut
1728 4182 1860 4250 quid
1898 4199 2084 4242 rursus
2262 4218 2379 4272 qua;
2425 4201 2673 4254 άξειιηιαν
2708 4207 2764 4251 ιιι
2815 4194 3176 4251 excellentiam
3219 4191 3510 4254 declarent.
3556 4197 3611 4240 ιιι
3662 4200 3753 4240 fex

517 4261 617 4313 hac
649 4261 846 4321 leuius,
894 4276 1016 4328 qtue
1064 4271 1175 4349 t/ota
1225 4279 1321 4332 per
1365 4266 1697 4335 pulvieulum
1734 4272 2083 4331 insecabilem

2262 4261 2460 4342 regum,
2505 4270 2639 4324 Deus
2672 4268 2909 4321 deorum.
3716 4341 3749 4353 υ

512 4349 804 4418 permeat?
836 4349 963 4403 Item
1004 4345 1167 4406 etiam
1197 4355 1374 4411 simile
1405 4360 1737 4415 arbitramur
1774 4364 1863 4418 cui
1895 4375 1978 4419 est
2012 4367 2086 4421 si-
2117 4429 2149 4432 _
2266 4361 2559 4432 Gregorius
2611 4359 2888 4428 Nysseuus
2921 4355 2975 4407 in
3006 4347 3471 4409 eonfutationibus
3501 4345 3754 4398 Eunomii

516 4441 765 4495 militudo
797 4446 1201 4503 communionis
1234 4464 1358 4504 cum
1408 4451 1517 4507 alio
1552 4454 1635 4507 vel
1681 4455 1733 4509 in
1786 4458 2081 4525 coloribus,
2115 4429 2160 4484 Β
2185 4462 2326 4515 libro
2356 4429 2598 4512 secundo
2627 4471 2642 4508 :
2677 4450 2987 4521 Reperitur.
3024 4446 3219 4516 ίηίιυίιο
3243 4444 3376 4498 nihil
3405 4440 3552 4497 aliud
3582 4437 3754 4510 Signi‘

519 4535 597 4586 vel
635 4536 1113 4602 propensionibus,
1150 4542 1230 4593 vel
1282 4543 1544 4605 moribus,
1579 4556 1632 4600 et
1666 4548 1863 4612 modis,
1898 4551 1977 4604 vel
2030 4555 2085 4606 in
2188 4552 2352 4606 lleare
2385 4549 2439 4602 in
2463 4546 2641 4601 divina
2668 4541 2905 4613 potentia
2936 4553 3130 4592 nomen
3160 4533 3568 4604 omnipotentis,
3592 4544 3754 4589 quam

517 4624 1005 4690 gubernationibus
1033 4642 1235 4693 rerum,
1260 4631 1341 4684 vel
1372 4631 1425 4684 in
1468 4632 1599 4697 alio,
1630 4644 1688 4687 ut
1738 4635 1939 4705 aliquis
1986 4652 2086 4705 po-
2190 4640 2381 4697 referri
2414 4639 2597 4707 aliquo
2641 4634 2806 4689 modo
2847 4631 2913 4685 ad
2954 4630 3156 4699 aliquid
3195 4625 3570 4695 operationem
3617 4634 3753 4675 con-

515 4723 626 4768 test
655 4715 926 4784 conjicere
964 4718 1376 4774 similitudinem
1423 4734 1829 4793 comparentetn
1871 4743 1885 4779 :
1918 4727 2086 4782 dissi-
2193 4735 2452 4787 liuentem
2489 4727 2720 4798 imperio
2752 4734 2807 4780 et
2834 4722 3111 4779 dominatu
3150 4733 3212 4773 ea
3252 4733 3373 4787 quze
3407 4716 3464 4769 in
3509 4722 3756 4768 creatura

524 4805 650 4858 tuile
675 4820 823 4870 vero,
855 4811 1011 4877 cujus
1044 4809 1192 4864 nulla
1224 4820 1309 4865 est
1332 4812 1635 4869 similitudo
1670 4817 1972 4870 secundum
2005 4834 2092 4872 ra-
2196 4824 2381 4880 mundi
2411 4819 2860 4889 contemplamur,
2912 4816 3015 4869 hoc
3059 4813 3201 4868 enim
3246 4812 3349 4872 vis,
3399 4820 3522 4876 quae
3567 4807 3618 4858 in
3655 4804 3756 4856 huc

516 4897 695 4951 tiones
729 4910 780 4951 et
804 4900 997 4956 modos
1026 4904 1182 4958 nobis
1210 4914 1390 4967 notos,
1411 4906 1740 4963 desiderium
1777 4921 1956 4965 tamen
1987 4928 2087 4967 nea

2197 4919 2414 4972 nomine
2462 4911 2727 4973 cernitur,
2773 4908 3132 4962 demonstrat.
3182 4901 3246 4955 Et
3290 4901 3432 4955 sicut
3478 4910 3749 4964 nunquam

520 4988 687 5042 minis
732 4988 863 5052 Dei,
896 5007 1004 5060 quo
1037 5001 1308 5058 tenentur,
1345 4997 1396 5049 in
1431 5013 1535 5051 una
1569 5014 1701 5068 pace
1739 5002 2090 5071 congregavit
2197 5017 2339 5061 esset
2376 5002 2640 5064 medicus,
2668 5000 2769 5053 nisi
2808 5006 3027 5067 propter
3056 5002 3326 5062 aegrotos;
3362 5004 3534 5057 neque
3563 4998 3751 5039 rursus

522 5078 659 5142 inec,
704 5090 757 5134 et
787 5082 1016 5139 laudans
1044 5086 1455 5143 similitudinem
1508 5090 1597 5143 Dei
1622 5127 1637 5153 ,
1670 5091 1902 5148 similem
1932 5093 2092 5148 nobis
2200 5092 2516 5146 misericors
2545 5088 2935 5148 nominaretur,
2962 5093 3056 5138 aut
3085 5085 3391 5145 miseratur,
3420 5087 3473 5133 et
3508 5074 3758 5129 similiter

590 5212 640 5243 “
681 5213 821 5269 Luc.
856 5230 929 5281 Vi,
958 5218 1045 5272 56.

1991 5330 2261 5393 Scholia.

605 5482 678 5550 (1)
718 5480 929 5541 Album,
956 5489 1005 5533 et
1043 5480 1269 5556 nigrum,
1302 5489 1360 5556 e_t_
1393 5482 1629 5556 reliquas
1652 5484 1860 5556 species
1893 5485 2093 5540 coloris
2197 5488 2434 5553 Species;
2470 5501 2645 5556 neque
2689 5483 2978 5556 diversitas
3019 5481 3225 5556 speciei
3258 5479 3394 5535 tollit
3427 5476 3752 5556 convenien-

533 5551 590 5604 iu
628 5548 796 5603 unum
828 5548 1150 5617 conceptum
1186 5551 1482 5616 simplicem
1516 5548 1732 5607 coloris
1779 5570 1902 5607 eum
1940 5570 2091 5607 meus
2197 5548 2325 5610 tiam
2362 5548 2429 5610 in'
2455 5548 2838 5618 universitate;
2874 5555 2969 5610 sed
3019 5548 3134 5606 hinc
3188 5550 3478 5606 consensio
3522 5548 3574 5601 in
3625 5560 3756 5601 con-

534 5621 767 5696 reittcil,
801 5620 1208 5698 universitatem
1239 5620 1453 5698 generis
1488 5623 1538 5675 in
1576 5627 1656 5675 eis
1690 5634 1892 5698 servat,
1918 5640 2091 5698 neque
2196 5637 2388 5681 ceutus
2421 5644 2447 5683 a
2486 5642 2617 5697 pace
2656 5626 2835 5681 divina
2870 5622 3255 5695 proﬁciscitur.

536 5692 677 5739 enim
702 5692 926 5741 conveni
946 5692 1072 5740 :utia
1100 5692 1149 5741 in
1175 5692 1526 5745 universitate
1552 5694 1783 5760 generis,
1809 5694 2090 5747 confundit
