4078 6274
283 373 290 378 '
311 351 416 414 8'13

1011 352 1245 411 nscas
1279 354 1343 410 ιν.
1387 375 1452 386 -
1479 350 1576 410 DE
1604 322 2262 414 rrlormsrtrmus
2293 359 2520 421 Dll’lN.
2560 362 2824 425 NOMIN.

3456 374 3562 440 831

315 467 368 518 in
415 462 538 518 aliis
590 463 857 532 ejusmodi
888 503 904 528 ,
945 464 1046 516 nisi
1102 473 1249 518 esset
1294 465 1386 531 qui
1440 462 1788 517 miseratione
1837 472 1888 516 et
1921 469 1958 520 A
1993 484 2174 522 serum
2211 471 2411 527 infert?
2442 485 2494 529 et
2531 477 2864 546 reirigeratiu
2897 479 3291 551 refrigeratum,
3321 497 3372 541 et
3404 490 3560 544 refri«

313 557 693 612 misericordia
727 557 1025 626 indigeret;
1063 558 1140 610 sic
1171 556 1336 609 etiam
1370 569 1469 608 nec
1520 554 1888 622 omnipotens,

312 649 418 704 nisi
454 649 631 704 omnis
676 664 924 704 creatura
959 650 1306 712 domin-ante,
1339 659 1390 702 et
1423 647 1476 702 in
1509 664 1572 701 eo
1604 647 1744 715 quod
1775 655 1890 708 est,

311 757 432 795 eam
485 751 844 796 conservanle
889 742 1174 810 indigeret.
1233 739 1587 796 Ut'medicus
1635 739 1796 808 igitur
1839 739 1889 792 ei

319 835 415 902 qui
455 835 741 888 curatione
777 833 1003 903 indiget.
1052 833 1376 896 adhibetur;
1429 832 1507 885 sic
1539 832 1888 897 omnipotens

311 925 385 984 ei.
414 925 500 976 cui
532 939 668 993 opus
698 930 778 977 est
815 924 980 977 teneri
1010 923 1318 976 dominatu.
1358 921 1588 975 Etsith
1621 920 1756 973 bene
1795 934 1889 970 va-

312 1013 552 1068 lentibus
577 1031 680 1068 non
715 1031 854 1083 opus
878 1023 962 1069 est
987 1014 1220 1079 medico,
1254 1015 1345 1068 sed
1378 1013 1517 1067 male
1545 1010 1887 1080 habentibus;

312 1107 393 1160 sic
425 1115 825 1174 consequenter
859 1115 1002 1158 recte
1035 1105 1139 1158 dici
1173 1113 1368 1173 potest,
1401 1119 1522 1156 eum
1571 1103 1624 1155 in
1654 1117 1765 1170 quo
1793 1115 1890 1154 na-

311 1206 435 1251 tura
469 1197 722 1250 aberrare
748 1209 797 1250 et
832 1197 936 1250 labi
971 1211 1077 1251 ιιοιι
1116 1205 1315 1266 potest,
1373 1209 1478 1248 non
1508 1195 1748 1262 indigere
1783 1192 1892 1246 alio

312 1304 342 1343 a
377 1303 487 1357 quo
517 1298 788 1342 teneatur.
818 1287 880 1340 Et
915 1305 1145 1356 magnus
1177 1287 1487 1356 Dionysius,
1521 1286 1573 1338 in
1603 1285 1762 1354 epist.
1797 1300 1886 1338 se-

309 1381 489 1432 cunda
537 1379 602 1430 ad
641 1376 829 1432 Caium
867 1392 880 1430 :
917 1378 1200 1442 Quomodo
1251 1379 1411 1441 Deus,
1460 1375 1552 1442 qui
1595 1384 1679 1428 est
1717 1388 1886 1441 Supra

314 1472 524 1534 omnia,
561 1480 642 1522 cst
695 1483 860 1536 supra
903 1467 1230 1536 principium
1267 1466 1604 1528 divinitatis,
1639 1472 1692 1518 et
1723 1479 1884 1532 supra

318 1564 646 1631 principium
724 1559 1020 1614 bonitatis?
1073 1557 1282 1612 scilicet
1338 1557 1382 1610 si
1437 1556 1775 1612 divinitatem
1829 1565 1882 1608 et

319 1657 673 1708 Lonitalatcm
733 1651 1004 1720 intelligas
1053 1665 1175 1704 esse
1225 1652 1426 1703 donum
1483 1647 1683 1715 ipsum,
1737 1646 1880 1714 quod

313 1747 446 1799 deos
476 1753 530 1797 et
558 1741 902 1808 bonosiacit,
938 1751 990 1794 et
1019 1743 1190 1807 ipsam
1218 1739 1576 1792 imitationem
1611 1738 1685 1807 (l)
1721 1753 1880 1806 quam

313 1837 532 1905 assequi
571 1851 676 1888 non
723 1847 1036 1902 possumus,
1076 1831 1168 1886 Dei
1198 1841 1252 1886 et
1279 1831 1426 1896 boni,
1458 1832 1548 1898 qui
1580 1839 1655 1882 est
1688 1845 1882 1894 supra-

313 1945 472 1996 quam
511 1927 668 1990 Deus,
705 1935 756 1978 et
802 1938 1129 1993 supraQuam
1181 1923 1358 1976 bonus
1389 1937 1497 1991 qua
1540 1921 1634 1977 dii,
1664 1929 1716 1972 ct
1758 1921 1881 1974 boni

315 2017 604 2073 emi-imur.
636 2016 848 2070 Etenim
882 2016 926 2068 si
965 2015 1068 2068 hoc
1097 2020 1178 2068 est
1217 2012 1559 2081 principium,
1598 2027 1705 2080 quo
1734 2010 1883 2064 deiﬁ-

315 2123 529 2166 camur,
564 2117 616 2160 ct
643 2106 767 2160 b0ni
815 2104 1099 2168 eﬂicimur,
1147 2103 1237 2172 qui
1279 2111 1363 2155 est
1407 2101 1586 2154 omnis
1623 2098 1882 2168 principii

315 2213 648 2266 supraquatn
692 2197 1023 2267 principium
1053 2237 1066 2260 ,
1115 2194 1274 2248 etiam
1306 2199 1388 2248 est
1431 2206 1593 2260 supra
1626 2190 1884 2244 divinita-

316 2297 422 2342 tem
450 2296 504 2340 et
535 2288 850 2353 bonitatem,
891 2287 994 2341 hoc
1028 2296 1131 2351 est,
1171 2299 1336 2352 supra
1370 2283 1694 2351 principium
1741 2281 1882 2334 divi-

315 2379 527 2445 nitatis,
563 2388 616 2432 et
652 2378 980 2447 principium
1012 2377 1288 2431 bonitatis.
1325 2375 1461 2441 Quia
1490 2375 1633 2428 enim
1667 2389 1772 2426 non
1802 2381 1887 2426 est

316 2471 624 2533 imitabilis,
662 2485 838 2537 neque
871 2468 1053 2522 haberi
1089 2475 1287 2536 potest,
1322 2465 1592 2520 antecellit
1625 2464 1885 2518 inritatio-

316 2562 478 2615 nibus
503 2570 554 2613 et
589 2559 1022 2622 habitudinibus,
1052 2568 1101 2612 et
1131 2557 1211 2611 eis
1238 2557 1335 2625 qui
1373 2556 1670 2620 imitantur,
1705 2564 1758 2608 et
1789 2556 1885 2609 ha-

317 2651 596 2706 bitudines
628 2650 973 2720 participant.
1002 2646 1224 2715 Magnus
1260 2645 1589 2700 Athanasius
1644 2644 1697 2697 in
1749 2645 1886 2699 libro

319 2743 394 2795 De
418 2742 782 2816 incarnatione
825 2737 972 2792 Verbi
1003 2738 1098 2790 Dei
1124 2752 1142 2788 :
1176 2735 1284 2790 Deo
1335 2735 1518 2804 igitur,
1554 2736 1745 2803 inquit,
1779 2749 1889 2787 non

315 2844 402 2888 est
433 2833 630 2887 similis
670 2829 843 2884 Filius
880 2828 1043 2892 Deus,
1079 2828 1170 2881 sed
1216 2842 1379 2878 unum
1415 2835 1468 2879 et
1517 2826 1657 2879 idem
1684 2867 1698 2890 ,
1747 2826 1890 2879 sicut

316 2926 579 2994 scriptum
610 2933 690 2975 est
729 2936 743 2973 :
779 2919 886 2990 Ego
926 2928 975 2972 et
1014 2899 1171 2970 Pater
1211 2933 1371 2969 unum
1418 2932 1600 2968 sumus
1625 2915 1670 2944 ⁵³
1700 2934 1712 2969 :
1749 2915 1888 2967 divi-

317 3017 545 3069 nitati-ui
604 3014 990 3078 interpretatus
1042 3018 1125 3062 est
1175 3008 1476 3069 unitatem;
1537 3006 1880 3058 divinitatem

319 3119 449 3157 vero
476 3119 582 3155 non
627 3101 805 3170 qualis
839 3109 1158 3161 esteorum,
1207 3096 1298 3164 qui
1346 3094 1474 3147 facti
1504 3103 1632 3146 sunt
1660 3093 1734 3146 dii
1765 3109 1777 3144 :
1811 3091 1886 3144 si-

318 3196 535 3268 quidem
576 3195 712 3247 hane
739 3193 812 3244 illi
848 3204 1150 3260 opponens,
1195 3188 1358 3251 Deus,
1394 3187 1590 3254 inquit,
1653 3193 1735 3239 est
1779 3199 1886 3238 non

321 3291 465 3345 sicut
515 3290 678 3341 homo
710 3284 775 3338 ad
809 3281 1224 3337 similitudinem
1272 3278 1364 3332 Dei
1415 3277 1629 3340 factus;
1657 3287 1709 3330 et
1752 3276 1889 3329 Deus

324 3381 641 3439 nominatus
692 3384 913 3445 propter
963 3370 1397 3426 similitudinem.
1460 3366 1528 3422 Et
1592 3365 1889 3435 Gregorius

319 3469 600 3540 Nyssenus
651 3467 705 3520 in
759 3465 995 3534 quodam
1050 3461 1187 3515 libro
1234 3473 1302 3513 ex-
1345 3458 1458 3513 suis
1508 3456 1889 3511 confutatoriis

320 3571 510 3615 contra
543 3557 866 3611 Eunomium
894 3571 908 3607 :
937 3554 998 3605 Et
1029 3551 1074 3606 si
1099 3551 1344 3604 inimicus
1370 3549 1580 3602 Domini
1604 3546 1887 3599 Dominum

319 3647 567 3702 nominet
605 3645 808 3710 Deum,
839 3643 1032 3696 nititur
1065 3652 1380 3706 comparare
1412 3637 1560 3690 illum
1597 3652 1718 3689 cum
1749 3637 1889 3688 divi-

321 3742 490 3794 nitate
524 3737 748 3802 Movsis.
787 3734 1023 3788 Sanctus
1051 3731 1315 3785 Maximus
1349 3729 1400 3781 in
1436 3728 1656 3783 scholiis
1692 3728 1888 3794 Diony-

321 3834 412 3895 sii,
466 3831 652 3895 Recte,
706 3829 902 3897 inquit,
934 3823 1067 3879 dixit
1099 3822 1435 3876 divinitatem
1473 3835 1636 3889 supra
1672 3835 1887 3874 omnem

321 3925 646 3985 bonitatem,
681 3929 736 3974 et
763 3917 1140 3974 divinitatem;
1186 3913 1472 3968 inferiores
1501 3913 1665 3979 igitur
1690 3911 1890 3966 divini-

319 4023 460 4068 tates
509 4013 747 4078 intelligo
778 4009 1116 4078 angelorum,
1160 4016 1212 4058 et
1263 4006 1546 4060 hominum
1588 4005 1886 4072 justorum.

321 4106 556 4161 Sanctus
582 4102 821 4158 Joannes
852 4102 1214 4154 Damascenus
1237 4141 1249 4164 ,
1279 4099 1418 4152 libro
1451 4113 1510 4150 ιιι
1547 4097 1618 4149 De
1650 4097 1753 4166 ﬁde
1800 4115 1887 4150 or-

321 4201 576 4262 thodoxa,
605 4211 726 4266 cap.
764 4195 852 4248 1‘2.
882 4191 1075 4256 Natus,
1111 4192 1308 4261 inquit,
1337 4205 1398 4245 ex
1431 4188 1670 4260 Virgine,
1706 4205 1890 4260 egres-

317 4310 414 4348 sus
449 4301 628 4344 autem
663 4288 804 4342 Deus
839 4302 960 4339 cum
990 4298 1153 4337 carne
1184 4292 1496 4350 assutnpta,
1525 4281 1633 4349 iam
1671 4282 1786 4352 ipsa
1820 4283 1887 4336 ah

317 4399 385 4439 eo
413 4384 689 4445 dcilicata,
735 4377 901 4434 simul
934 4385 992 4429 ut
1021 4374 1278 4442 producta
1309 4383 1412 4435 est,
1445 4384 1499 4427 et
1539 4387 1658 4427 esse
1681 4373 1882 4441 coepit:

1993 573 2270 626 gerentem
2295 604 2306 621 .
2341 572 2395 617 et
2425 566 2562 620 visio
2601 569 2800 631 visum,
2835 583 2886 623 et
2919 573 3222 641 videntem;
3255 584 3311 630 et
3343 577 3550 634 intefli-

1995 651 2170 718 gentia
2208 653 2540 710 intellectam
2585 674 2718 722 rem,
2747 669 2803 714 et
2832 661 3224 730 intelligenlem
3252 669 3382 734 (non
3413 672 3560 723 enim

1994 754 2168 810 potest
2207 746 2470 802 habitudo
2498 751 2617 804 sine
2644 752 2970 808 habentibus
3003 757 3376 812 habitudinem
3412 761 3516 814 diei
3549 803 3563 826 ,

1993 844 2087 888 aut
2116 836 2390 907 intelligi),
2412 841 2510 903 sic,
2536 851 2593 894 ut
2622 857 2958 911 consequens
2983 856 3079 909 est,
3117 848 3382 903 deilicatio
3412 852 3566 904 deiti-

1991 934 2192 991 catum,
2225 937 2277 981 et
2311 930 2649 985 deiﬁcantem
2679 948 2863 988 secum
2899 936 3120 991 inducit.
3152 939 3295 992 Idem
3335 955 3348 990 :
3391 942 3563 1010 Opor-

1993 1018 2158 1082 tebat,
2193 1030 2251 1072 ut
2287 1034 2413 1074 vere
2443 1023 2619 1075 dicam
2649 1064 2664 1084 ,
2717 1041 2838 1078 eum
2887 1029 2978 1095 qui
3020 1037 3103 1082 est
3154 1041 3345 1085 auctor
3373 1049 3560 1088 eorum

1991 1120 2111 1172 qua:
2145 1109 2442 1160 secundum
2470 1121 2720 1166 naturam
2753 1126 2900 1180 sunt,
2937 1132 3058 1171 esse
3085 1120 3244 1172 etiam
3278 1131 3560 1178 auctorem

1991 1193 2350 1252 deiiicationis
2385 1203 2685 1256 secundum
2722 1207 2974 1273 gratiam.
3001 1207 3145 1262 Idem
3183 1211 3380 1265 iterum
3414 1198 3578 1268 :yDe--

1992 1290 2318 1351 monstravi,
2367 1292 2560 1359 inquit,
2595 1294 2832 1349 divinam
2873 1300 3193 1366 potentiam,
3234 1318 3355 1370 quae
3389 1319 3554 1374 supra

1990 1377 2354 1431 substantiam
2393 1391 2509 1446 est,
2559 1384 2767 1438 emet-re
2808 1386 3209 1444 deities-tionem
3243 1407 3429 1447 eorum
3465 1397 3557 1463 qui

1992 1468 2296 1522 secundum
2329 1473 2559 1538 gratiam
2596 1474 2828 1528 deilicati
2862 1487 3013 1531 sunt.
3053 1478 3343 1548 Gregorius
3375 1484 3555 1539 Theo-

1989 1560 2170 1628 logos,
2210 1562 2262 1614 in
2297 1565 2545 1619 otalione
2583 1550 2870 1633 postquam
2918 1566 3092 1623 factus
3122 1583 3204 1623 est
3235 1573 3560 1642 presbyter:

1995 1649 2400 1719 Solitudinem,
2453 1655 2663 1722 inquit,
2710 1657 2947 1710 tuatime
2982 1659 3225 1712 omnium
3277 1663 3565 1730 amplexus

1991 1755 2216 1805 sum,et
2266 1756 2518 1812 tauquam
2570 1745 2888 1814 adjutricem
2953 1757 3006 1801 et
3060 1761 3338 1818 parentem
3395 1755 3562 1806 divini

1992 1849 2251 1888 ascensus
2281 1843 2332 1885 et
2364 1834 2610 1888 deiﬁcam
2668 1841 3017 1891 vehementer
3073 1841 3372 1897 admiratus
3421 1859 3561 1896 Slllll.

1994 1923 2200 1978 Rursus
2236 1939 2464 1993 magnus
2494 1933 2548 1978 ct
2576 1925 2790 1982 divinus
2827 1929 3151 1999 Dionysius,
3201 1948 3321 1999 cap.
3360 1935 3448 1998 10,
3493 1935 3564 1986 De

1991 2016 2180 2067 divinis
2211 2017 2533 2080 nominibus,
2597 2017 2670 2070 ait
2714 2035 2726 2070 :
2761 2017 2964 2073 Ditilur
2999 2033 3177 2075 autem
3218 2025 3561 2092 omnipotens

1993 2104 2155 2165 Deus,
2191 2114 2250 2158 ut
2279 2109 2464 2161 omnia
2485 2107 2764 2163 dominatu
2790 2125 2890 2162 suo
2913 2119 3122 2174 tenens,
3155 2122 3206 2166 et
3231 2115 3321 2182 qui
3348 2116 3414 2169 iis
3447 2133 3568 2176 qua:

1991 2196 2271 2264 gubernat,
2311 2207 2506 2266 prmest
2541 2213 2647 2253 non
2678 2201 2844 2254 mixte
2874 2202 2987 2269 (2);
3018 2212 3068 2254 et
3103 2213 3159 2256 ut
3186 2205 3443 2260 omnibus
3476 2209 3569 2257 ili--

1992 2286 2318 2352 siderabilis,
2355 2297 2409 2341 et
2438 2289 2721 2352 amabilis;
2757 2299 2812 2342 et
2851 2293 3062 2345 cunctis
3088 2293 3214 2362 iuga
3257 2296 3558 2350 voluntaria

1993 2379 2277 2446 imponens
2310 2379 2406 2451 (5),
2427 2388 2482 2434 et
2505 2380 2692 2434 dulces
2725 2384 3113 2448 parturitiones
3139 2385 3342 2439 amoris
3366 2387 3561 2454 divini,

1991 2477 2046 2522 et
2095 2471 2512 2537 omnipOtentis,
2578 2481 2636 2526 et
2688 2472 2996 2528 insolubilis
3055 2475 3230 2542 ipsius
3285 2475 3564 2532 bonitatis.

1997 2561 2294 2632 Gregorius
2328 2562 2627 2633 Nyssenus.
2683 2567 2735 2617 iu
2785 2567 2960 2633 primo
2994 2565 3132 2620 libro
3163 2578 3347 2621 contra
3388 2568 3569 2621 Euno-

1994 2656 2158 2707 mium
2180 2670 2198 2707 :
2223 2653 2359 2720 Alia,
2385 2655 2584 2723 inquit,
2612 2656 2828 2708 nomina
2855 2664 3063 2708 tantum
3093 2658 3397 2726 signiﬁcant
3423 2661 3568 2729 quod

1995 2755 2077 2800 est
2116 2747 2181 2801 ad
2222 2747 2426 2815 aliquid
2458 2748 2612 2810 utile,
2641 2755 2694 2801 ut
2725 2746 2958 2817 adjutor,
2995 2746 3270 2813 defensor,
3300 2759 3353 2806 et
3381 2766 3568 2807 susce-

1997 2843 2136 2903 ptor,
2166 2845 2217 2889 et
2252 2851 2589 2904 quaecunque
2617 2837 2775 2904 hujus
2809 2838 3222 2906 signiﬁcationis
3277 2844 3558 2909 reperiun-

1999 2934 2108 2990 tur,
2145 2929 2345 2995 quibus
2375 2928 2418 2980 si
2443 2927 2649 2980 ad'rmas
2672 2937 2916 2995 egentem
2951 2944 3072 2996 ope,
3099 2943 3267 2984 vacua
3309 2941 3361 2985 et
3390 2933 3566 2985 otiosa

1999 3016 2161 3070 fuerit
2197 3018 2276 3070 vis
2302 3059 2316 3081 ,
2354 3031 2475 3085 quae
2509 3017 2560 3068 in
2596 3017 2712 3084 ipso
2747 3018 2963 3069 nomine
3015 3021 3276 3074 cernitur.
3347 3019 3564 3076 Rursus

1913 3136 1956 3192 ο
2001 3105 2290 3175 Dionysius
2321 3120 2441 3172 cap.
2477 3105 2542 3157 12
2567 3146 2580 3169 ,
2617 3107 2684 3160 de
2717 3105 2922 3159 eisdem
2966 3107 3164 3161 divinis
3212 3110 3566 3165 nominibus:

1995 3194 2128 3260 Quia
2158 3236 2172 3258 ,
2209 3195 2402 3263 inquit,
2435 3205 2622 3248 auctor
2659 3195 2902 3249 omnium
2939 3197 3241 3250 secundum
3283 3215 3444 3252 unam
3479 3217 3571 3252 cx-

1993 3285 2303 3339 cellentiam
2343 3287 2596 3339 universa
2631 3295 3046 3354 exsuperantem
3081 3297 3164 3341 est
3202 3305 3365 3358 supra
3404 3306 3566 3360 quam

1992 3377 2211 3446 plenus,
2247 3387 2468 3430 sanctus
2503 3385 2840 3439 sanctorum,
2866 3385 2918 3428 et
2950 3378 3070 3430 aliis
3103 3379 3368 3446 ejusmodi
3400 3381 3571 3434 nomi-

1993 3467 2156 3522 nibus
2186 3467 2462 3520 laudando
2497 3469 2810 3518 nominatur
2843 3469 3230 3523 convenienter
3261 3485 3440 3524 causa:
3476 3487 3568 3524 su-

1994 3555 2300 3626 perﬂuenti,
2333 3563 2388 3608 et
2415 3555 2746 3607 excellentia:
2773 3554 3014 3617 eximiae,
3059 3564 3115 3607 ut
3153 3556 3198 3608 si
3231 3557 3355 3624 quis
3384 3558 3526 3610 dicat
3554 3598 3568 3620 ,

1991 3654 2194 3713 quanto
2214 3643 2545 3696 antecellunt
2570 3653 2776 3704 sancta,
2803 3650 2896 3696 aut
2923 3644 3126 3698 divina.
3159 3655 3249 3697 aut
3271 3645 3559 3699 dmninan-

1993 3736 2086 3798 tia,
2122 3743 2216 3787 aut
2246 3733 2392 3802 regia
2421 3734 2488 3808 iis
2516 3749 2636 3802 quae
2665 3749 2771 3787 non
2809 3745 2934 3788 sunt
2966 3736 3111 3798 talia,
3137 3745 3190 3786 et
3224 3751 3413 3790 rursus
3444 3737 3570 3805 ipsae

1992 3843 2089 3896 per
2121 3842 2178 3881 se
2216 3825 2657 3895 participationes
2691 3825 3180 3894 partieipantibus;
3226 3836 3372 3881 tanto
3407 3839 3562 3882 antc-

1993 3917 2136 3971 cellit
2173 3916 2426 3972 omnibus
2460 3930 2580 3984 qua:
2611 3925 2772 3979 sunt,
2823 3914 2916 3982 qui
2951 3923 3033 3969 est
3063 3931 3227 3982 supra
3260 3917 3477 3983 omnia,
3517 3917 3572 3970 ιι

1993 4007 2249 4061 omnibus
2282 4007 2754 4076 participautibus,
2796 4014 2850 4058 et
2906 4007 3444 4076 participationibus,
3477 4010 3573 4078 qui

1994 4109 2080 4153 est
2111 4113 2276 4152 causa
2317 4114 2423 4152 non
2450 4098 2794 4167 participata.
2832 4097 3060 4152 Samios
3089 4109 3268 4152 autem
3306 4108 3360 4152 et
3394 4115 3572 4169 reges,

1994 4191 2456 4260 atque'deminos,
2493 4198 2548 4243 et
2576 4189 2706 4244 deos
2740 4198 2934 4242 vocant
2971 4188 3268 4258 Scriptura:
3298 4191 3574 4262 principa-

1994 4277 2162 4332 liorcs
2218 4278 2270 4330 in
2320 4293 2649 4346 unoquoque
2696 4278 2939 4333 ordines.
2983 4278 3137 4344 Quod
3180 4281 3398 4349 quidem
3449 4297 3572 4335 cum

1993 4384 2216 4426 sanctus
2250 4371 2518 4424 Maximus
2559 4371 2804 4439 adnotat,
2839 4371 3114 4442 principes
3154 4372 3244 4442 qui
3284 4373 3563 4427 inferiori-

317 4476 394 4529 ita
428 4483 487 4527 ut
519 4470 680 4527 simul
727 4475 840 4521 haec
873 4467 978 4519 tria
1019 4473 1225 4529 essent,
1260 4463 1587 4531 assumptio,
1617 4463 1888 4516 exsisten-
1924 4456 1964 4510 D
2003 4466 2102 4520 bus
2154 4471 2428 4533 prmum,
2477 4461 2550 4516 ait
2596 4462 2789 4516 vocari
2841 4463 3138 4517 secundum
3196 4464 3575 4518 exoeucnuam

317 4568 414 4632 tia,
450 4561 721 4620 deiﬁcatio
765 4558 934 4628 ipsius
983 4558 1050 4611 ab
1087 4559 1204 4624 ipso
1251 4554 1428 4610 Verbo
1474 4555 1637 4609 facta.
1685 4554 1890 4610 Rursus

313 4664 540 4713 sanctus
577 4653 842 4707 Maximus
870 4649 922 4702 in
957 4648 1323 4716 disputatione
1355 4657 1548 4701 contra
1583 4645 1885 4718 Pyrrhum:

315 4749 472 4802 Sicut
508 4743 861 4798 inﬂammatio
889 4741 1278 4794 inﬂammatum
1307 4779 1322 4804 ,
1363 4747 1417 4791 et
1463 4737 1884 4794 inﬂammantem

396 4861 441 4895 ⁵³
471 4858 630 4913 Joan.
684 4868 736 4910 ι.
783 4852 872 4909 50.

1998 4567 2241 4619 sanctos,
2273 4564 2328 4609 et
2363 4555 2612 4608 dominos
2639 4566 2693 4608 et
2723 4570 2897 4623 reges,
2921 4563 2972 4606 et
2996 4553 3161 4617 deos;
3190 4555 3330 4608 sicut
3360 4564 3411 4608 et
3438 4555 3578 4608 inter

1999 4650 2247 4702 homines
2274 4647 2308 4699 ii
2328 4645 2419 4714 qui
2455 4659 2576 4699 sunt
2609 4645 3071 4708 excellentissimi,
3104 4647 3182 4698 sic
3211 4647 3575 4714 appellantur.

1997 4743 2075 4795 Ex
2113 4739 2313 4808 quibus
2346 4737 2572 4791 cﬂicitut'
2609 4731 2948 4788 manifestam
2975 4771 2992 4798 ,
3036 4734 3197 4787 aliam
3243 4736 3462 4796 quidem
3498 4739 3576 4788 si-

1780 4950 2058 5012 SchoIEa.

387 5056 464 5126 (l)
501 5053 681 5120 Ipsam
707 5051 1062 5126 imitationem
1112 5048 1226 5105 Dei.
1260 5048 1492 5126 Imitalio
1531 5048 1621 5126 Dei
1656 5064 1879 5126 vocatur

312 5120 606 5188 ilei'licatio,
628 5125 752 5188 quia
773 5138 876 5174 non
904 5121 1241 5185 deiﬂcamur,
1262 5120 1360 5172 nisi
1396 5120 1656 5174 imitando
1680 5122 1876 5188 Deum;

313 5195 585 5248 ileiiicatio
623 5195 758 5259 ipsa,
793 5206 908 5258 qua:
932 5191 1036 5242 dici
1083 5190 1223 5242 solet
1276 5204 1368 5257 per
1398 5205 1456 5242 se
1483 5191 1772 5256 deilicatio,
1803 5203 1884 5244 est

313 5274 517 5319 donum
558 5264 668 5327 Dei,
693 5272 746 5313 et
766 5259 1309 5328 principiuinJiostra:
1340 5260 1697 5313 deiiicationis
1719 5276 1746 5312 a
1780 5261 1885 5311 Deo

313 5339 575 5388 (ιοιιιιιιιιι
606 5331 787 5386 nobis.
845 5328 985 5396 Deus
1018 5329 1178 5396 igitur
1231 5337 1312 5380 est
1359 5343 1519 5396 supra
1578 5329 1884 5394 hujusmodi

315 5405 637 5471 principium
665 5397 891 5454 iurinale
911 5395 1469 5471 divi_ni_tatis__tlciiicai,
1487 5413 1611 5471 qua
1631 5407 1884 5466 tauquam

311 5465 459 5526 ilono
493 5465 584 5524 Dei
612 5473 929 5524 deiticamur
979 5469 1046 5520 ab
1075 5469 1188 5536 ipso
1223 5465 1419 5530 Deo;et
1452 5465 1699 5536 similiter
1727 5465 1887 5534 supra

314 5544 654 5610 principium
708 5535 982 5598 bonitatis,
1014 5535 1120 5604 qua
1155 5545 1407 5605 tanquam
1444 5536 1588 5590 dono
1637 5535 1730 5590 Dei
1765 5539 1891 5590 boni

311 5609 578 5665 cilicimur
611 5609 679 5663 ab
705 5624 788 5664 eo.

373 5683 452 5748 (2)
472 5679 593 5733 Non
611 5679 916 5746 mixte,quia
945 5692 1047 5730 non
1072 5690 1206 5748 opus
1227 5684 1326 5741 est,
1347 5686 1399 5728 ut
1421 5689 1480 5729 se
1495 5675 1653 5728 veluti
1673 5690 1794 5730 cum
1811 5690 1896 5728 re-

315 5745 494 5805 busct
527 5764 757 5818 aegonis
786 5745 1006 5804 misceat
1030 5745 1094 5800 ad
1115 5749 1543 5814 cognoscendum
1575 5761 1659 5813 ca,
1697 5755 1753 5799 ut
1787 5756 1898 5799 tute

1983 5063 2034 5105 et
2065 5057 2218 5103 caute
2249 5047 2528 5117 gubernet,
2564 5044 2701 5117 sicut
2736 5056 2958 5117 necesse
2988 5051 3069 5098 est
3100 5043 3301 5117 homini
3330 5062 3345 5109 ;
3375 5046 3581 5114 alioqui

1989 5138 2092 5175 non
2124 5115 2320 5185 poterit
2342 5116 2490 5185 solus
2521 5115 2765 5185 Stiliicere
2802 5115 3222 5185 gubernationi.

2085 5183 2158 5256 ('5)
2182 5189 2340 5255 luga.
2374 5183 2508 5249 luga
2545 5183 2844 5256 voluntaria
2876 5194 3027 5236 vocat
3062 5185 3330 5252 appetitus
3357 5195 3582 5243 ιιτιιιιι-ςιι,

1990 5271 2044 5313 ιιι
2069 5253 2558 5326 cuiqueronvenit,
2581 5253 2796 5326 insitos,
2825 5263 3078 5322 tanquam
3113 5258 3252 5322 leges
3277 5265 3571 5318 impositas.

1991 5322 2190 5397 quibus
2219 5325 2625 5397 omnisnatura
2668 5322 2902 5397 libenter
2955 5336 3003 5377 et
3029 5340 3218 5397 sponte
3244 5333 3526 5397 su.i__paret
3553 5359 3569 5382 ,

1992 5390 2042 5452 et
2068 5397 2212 5449 nulla
2245 5395 2467 5458 resistit,
2497 5408 2594 5446 nec
2629 5393 2985 5445 obedientiam
3019 5390 3299 5446 detrectat.
3335 5390 3396 5442 i‘lt
3451 5407 3575 5451 qum

2001 5467 2305 5535 huiusmodi
2357 5463 2705 5535 appetitus,et
2729 5463 2961 5529 impetus
2989 5465 3236 5535 insiti,_et
3270 5459 3580 5535 inclinatiof

2003 5531 2096 5588 ne;
2161 5531 2482 5587 tendunt’ad
2514 5532 2801 5585 amandum
2847 5547 3118 5585 sutnmum
3160 5531 3379 5586 bonum,
3431 5531 3580 5593 quod

2002 5606 2150 5659 varie
2219 5600 2799 5671 participan't,idcit'c0
2861 5601 3126 5669 ejusmodi
3201 5597 3576 5671 inclinationes

2005 5669 2260 5728 dicuntur
2283 5687 2311 5724 a
2343 5669 2592 5740 Dionysio
2615 5670 2854 5722 divinum
2876 5684 3110 5720 amorem
3163 5669 3446 5734 partuiire,
3471 5680 3579 5721 sie-

2007 5745 2082 5799 uti
2117 5757 2252 5799 terra
2286 5742 2398 5797 sole
2427 5739 2688 5810 tepefacta
2736 5741 2943 5792 l‘ructus
2965 5744 3212 5798 parturit.
