4058 6306
512 352 623 419 85

1695 345 2014 409 IOANNIS
2048 308 2610 408 crpantssmm

3666 334 3788 399 836

515 462 921 533 giiiilcationem
964 458 1282 531 prteseferre
1313 472 1376 513 ea
1419 459 1640 513 nomina
1667 497 1683 521 ,
1717 472 1837 527 qua:
1867 457 1933 510 de
1971 459 2078 509 Deo
2112 462 2151 514 Α
2180 457 2371 509 liorum
2408 464 2610 521 autem,
2663 454 2714 507 iil
2745 459 2853 518 est,
2893 467 3015 516 qua:
3048 452 3346 509 secundum
3386 452 3783 509 excellentiam

516 559 775 612 dicuntur
804 554 870 607 ad
921 553 1159 622 aliquid;
1197 551 1358 605 aliam
1410 566 1561 615 vero,
1615 565 1735 620 quae
1783 552 2080 605 secundum

516 647 991 716 exsuperationem
1024 642 1325 698 efferuntur
1364 654 1380 694 :
1412 651 1573 713 atque
1599 641 1690 695 illa
1723 641 1944 709 quidem
1981 641 2083 693 ali-

521 741 742 809 quando
774 748 1114 805 supert-acua
1140 747 1260 787 esse
1305 741 1359 787 et
1408 734 1580 788 otiosa
1613 730 1855 802 periccto
1899 747 2081 801 opere,

520 841 579 885 nt
608 838 765 884 antea
792 867 808 892 ,
840 836 895 880 et
927 839 1072 880 nunc
1103 826 1534 879 demonstratum
1579 836 1698 891 est;
1751 825 1867 878 itare
1914 839 2044 877 vero
2068 863 2083 885 ,

516 918 640 992 qua:
689 918 991 975 secundum
1053 917 1570 986 exsuperationem.
1629 929 1844 983 semper
1894 915 2082 968 eodem

517 1012 681 1066 modo
731 1003 1111 1066 excellentiam
1160 1009 1454 1070 declarare.
1510 1019 1672 1076 atque
1719 1006 1809 1060 illa
1868 1006 2085 1075 quidem

518 1103 745 1157 evidens
796 1101 1057 1155 indicium
1108 1099 1408 1155 ostendunt
1457 1098 1511 1153 in
1564 1098 1925 1153 fabricatione
1962 1098 2086 1150 uni-

515 1191 683 1246 versi.
709 1191 942 1256 Septimo
975 1190 1118 1243 enim
1156 1174 1503 1256 die,’inquit,
1537 1186 1787 1255 requievit
1823 1184 1887 1237 ab
1917 1185 2089 1239 omni-

517 1286 610 1339 bus
644 1281 885 1351 operibus
920 1280 1112 1341 suis";
1138 1293 1308 1347 quare
1328 1276 1567 1332 cessavit
1592 1291 1621 1329 a
1650 1274 1921 1331 creatione
1944 1275 2090 1337 caeli,

516 1375 671 1437 solis,
697 1372 973 1442 stirpium,
1001 1369 1386 1434 animantium,
1417 1376 1480 1421 ut
1514 1368 1767 1421 universe
1799 1365 2002 1429 dicam,
2026 1368 2093 1419 ab

517 1462 773 1517 universo
799 1474 962 1530 opere
990 1458 1135 1528 quod
1162 1467 1403 1527 patrarat
1428 1444 1534 1527 (ι).
1556 1464 1777 1526 propter
1790 1470 1928 1520 opus
1947 1454 2090 1507 enim

518 1555 696 1608 dictus
741 1560 827 1607 est
859 1561 991 1606 tunc
1033 1549 1174 1604 Deus
1211 1546 1508 1603 fabricator
1552 1547 1762 1603 mundi.
1805 1545 1902 1600 Est
1934 1545 2096 1615 igitur

517 1659 736 1715 semper
768 1641 1066 1697 fabricator
1112 1640 1300 1694 mundi
1332 1638 1494 1706 Deus,
1542 1637 1640 1694 sed
1677 1649 1935 1706 tauquam
1983 1637 2093 1704 jam

519 1733 811 1791 fabricatio
831 1732 1023 1788 mundi
1053 1732 1311 1796 desierit;
1346 1732 1489 1786 sicut
1525 1738 1580 1785 et
1606 1737 1842 1794 creator,
1872 1727 1967 1797 qui
1988 1742 2097 1781 non

518 1840 737 1897 semper
774 1836 959 1892 creat;
997 1833 1051 1879 et
1081 1826 1146 1878 ad
1180 1823 1466 1880 ridendum
1496 1833 1678 1893 aptus.
1710 1820 1799 1887 qui
1823 1835 1927 1875 non
1958 1835 2097 1873 sein-
2129 1809 2169 1863 Β

450 1904 467 1919 ’
517 1932 617 1986 per
655 1916 791 1971 ridet
812 1953 828 1977 .
871 1917 988 1970 haec
1017 1922 1196 1968 autem
1230 1925 1332 1978 est,
1362 1914 1492 1984 quia
1530 1912 1705 1967 solum
1735 1918 1820 1967 est
1849 1924 2014 1965 causa
2043 1917 2097 1962 et

518 2009 741 2066 cﬂcctor
770 2007 937 2069 Deus.
964 2006 1193 2061 inﬁnitis
1220 2005 1366 2060 enim
1399 2014 1454 2059 et
1481 2004 1765 2058 immensis
1796 1999 2095 2056 intervallis

521 2101 744 2157 eiTector
777 2098 987 2154 eil‘ectis
1035 2097 1333 2153 antecellit.
1386 2096 1520 2151 Cum
1572 2105 1754 2150 autem
1806 2093 2096 2163 Dionysius

519 2190 898 2247 excellentiam
930 2188 982 2243 in
1020 2188 1103 2243 his
1136 2187 1395 2254 ostendit,
1433 2189 1488 2241 iu
1519 2186 1661 2242 duas
1683 2195 1864 2255 partes
1888 2185 2094 2251 divisit;

521 2281 578 2335 in
606 2287 794 2335 saneta
820 2317 837 2343 ,
866 2287 921 2333 et
948 2292 1055 2331 non
1087 2289 1300 2338 sancta,
1333 2288 1390 2331 et
1428 2277 1479 2330 in
1517 2292 1612 2346 per
1637 2292 1694 2331 se
1725 2276 2095 2345 participatio-

521 2382 647 2431 nes,
681 2377 735 2420 et
764 2367 818 2420 in
848 2364 1249 2434 participanda.
1283 2363 1349 2419 Et
1375 2374 1602 2433 quanto,
1641 2365 1841 2434 inquit,
1878 2379 1941 2417 ea
1976 2379 2097 2433 qua:

521 2466 674 2520 sunt,
722 2455 789 2510 iis
820 2470 942 2523 qua:
972 2471 1077 2508 non
1127 2464 1277 2517 sunt,
1319 2454 1672 2519 antecellunt,
1702 2461 1758 2509 et
1800 2455 2093 2523 participa-

524 2547 705 2602 tiones
757 2545 1250 2615 participantibus;
1304 2553 1453 2598 tanto
1484 2544 1627 2600 Deus
1656 2546 1927 2599 antecellit
1967 2560 2094 2599 san-

525 2637 654 2701 ctis,
693 2645 747 2690 et
776 2650 884 2690 non
915 2634 1161 2699 sanctis;
1184 2643 1245 2689 et
1276 2649 1371 2703 per
1402 2650 1460 2688 se
1488 2636 2016 2706 participationibus,
2044 2648 2097 2691 et

522 2726 993 2798 participantilnis.
1030 2725 1357 2803 Excellentia
1394 2726 1560 2795 igitur
1588 2727 1678 2781 Dei
1712 2743 1866 2796 teque
1894 2743 2088 2797 perva-

519 2821 599 2874 dit
621 2821 673 2873 in
704 2816 1106 2889 participantia,
1132 2825 1187 2871 et
1210 2831 1307 2886 per
1341 2832 1401 2871 se
1438 2818 1923 2887 participationes;
1956 2828 2003 2874 et
2040 2819 2091 2873 in

520 2919 731 2973 sancta,
760 2917 853 2963 aut
884 2908 1088 2972 divina,
1121 2917 1215 2961 ant
1243 2908 1604 2970 dominantia,
1633 2916 1727 2963 aut
1757 2911 1923 2978 regia,
1952 2918 2007 2962 et
2037 2910 2090 2962 in

520 3014 585 3055 ea
615 3012 735 3068 qua:
767 3012 874 3051 non
910 3006 1037 3051 sunt
1070 2996 1218 3049 talia.
1252 2993 1308 3049 Si
1360 3005 1540 3050 autem
1573 2997 1713 3053 Deus
1748 3002 1901 3066 teque
1937 3008 2092 3052 utra-

522 3103 629 3157 que
658 3086 895 3148 excellit,
925 3101 1086 3153 quain
1116 3085 1382 3138 rationem
1410 3085 1779 3152 productionis
1818 3088 2091 3143 habebunt

522 3193 646 3248 quae
675 3191 781 3229 non
830 3182 958 3229 sunt
990 3184 1199 3239 sancta,
1228 3182 1281 3228 et
1312 3189 1433 3242 qua:
1462 3176 1813 3245 participant.
1847 3180 2090 3232 eamdem

523 3268 804 3322 habebunt
831 3275 1043 3325 sancta.
1081 3274 1137 3319 et
1164 3280 1259 3334 per
1290 3280 1349 3320 se
1379 3267 1841 3336 participationes,
1876 3271 2021 3339 quod
2048 3273 2094 3325 si

528 3360 621 3414 illa
658 3368 787 3415 sunt
811 3367 1076 3415 creaturae
1109 3357 1229 3422 Dei,
1258 3366 1314 3413 et
1346 3359 1458 3414 haec
1485 3360 1650 3430 igitur
1681 3370 1808 3417 sunt
1839 3372 2098 3418 creaturae

524 3451 642 3508 Dei.
682 3452 957 3521 Apparcnt
1004 3460 1185 3504 tamen
1254 3449 1343 3505 bic
1386 3451 1549 3505 etiam
1588 3453 1965 3521 pr0prietates,
2008 3454 2099 3508 illa

523 3543 694 3607 enim.
715 3542 767 3597 id
789 3553 895 3604 est,
922 3541 1300 3611 pai-ticipantia
1323 3550 1374 3595 et
1394 3542 1860 3612 partieipationes.
1879 3552 2101 3614 propter

523 3633 707 3696 linem,
737 3629 896 3699 ciijus
925 3644 1115 3696 causa,
1152 3630 1388 3700 perfecta
1420 3638 1569 3693 sunt,
1616 3639 1672 3685 et
1722 3645 1908 3686 eorum
1979 3646 2108 3701 pro-

520 3724 729 3794 prietas
778 3733 863 3778 est
894 3722 1000 3777 diei
1030 3722 1094 3777 ad
1137 3723 1365 3792 aliquid,
1389 3722 1570 3792 aliquo
1599 3722 1759 3798 modo
1789 3737 1849 3778 se
1867 3722 2104 3778 habere;

596 3862 642 3897 ⁸³
667 3862 803 3919 Gen.
833 3877 893 3928 it,
926 3861 980 3916 2.

2193 546 2473 610 dicuntur,
2506 545 2813 616 proprietas
2847 555 2952 610 cst,
2990 560 3054 599 ex
3081 558 3238 614 aequo
3260 544 3541 599 esseinira
3578 544 3783 610 Deum,

2193 651 2317 691 cum
2349 637 2457 691 illis
2487 651 2608 705 qua:
2648 636 2998 704 participant,
3024 644 3229 691 etsunt
3262 650 3357 705 per
3393 651 3452 688 se
3476 635 3780 704 participa-

2194 731 2391 794 tiones,
2434 726 2637 796 quibus
2666 737 2717 781 et
2759 726 2846 779 illa
2899 726 3037 781 facta
3105 734 3256 781 sunt.
3323 723 3592 780 Praeterea
3651 740 3784 780 om-

2195 821 2513 889 nipotentia,
2537 821 2836 889 susceptio,
2861 820 3149 882 auxilium.
3172 827 3224 873 et
3256 818 3485 873 salvatio
3506 817 3551 871 si
3579 818 3632 870 in
3659 817 3780 870 Deo

2195 913 2475 975 dicuntur,
2508 921 2635 965 sunt
2666 927 2771 964 una
2806 926 2930 980 pax,
2963 918 3016 965 et
3039 910 3222 979 quics,
3254 924 3319 963 ac
3346 909 3648 972 silentium;
3682 907 3777 960 sin

2196 1019 2327 1059 vero
2360 1014 2513 1057 extra
2550 1001 2742 1069 Deum,
2764 1011 2819 1055 ct
2847 1012 3101 1070 tanquam
3130 999 3499 1055 cuianationes
3534 1001 3586 1053 in
3619 1012 3781 1054 crea—

2198 1102 2370 1156 turas.
2425 1093 2491 1148 ad
2539 1092 2865 1152 custodiam.
2898 1100 2952 1146 et
2990 1091 3210 1144 tutelam
3236 1129 3251 1154 ,
3297 1098 3350 1144 et
3393 1089 3680 1149 auxilium,
3719 1097 3779 1141 et

2199 1184 2620 1254 susceptionem,
2655 1193 2709 1238 et
2738 1184 2965 1240 salutem
2995 1183 3269 1252 productae
3293 1221 3308 1246 ,
3339 1181 3393 1235 in
3428 1181 3494 1236 iis
3521 1194 3642 1250 quae
3669 1194 3777 1233 cu-

2200 1277 2536 1339 stodiuntur,
2565 1276 2941 1344 perﬁciuntur.
2978 1274 3208 1341 Rursus,
3242 1273 3508 1328 sanctitas
3531 1312 3547 1332 .
3574 1281 3630 1326 et
3670 1271 3776 1326 do-

2201 1369 2461 1431 minatus,
2493 1376 2545 1421 et
2572 1380 2796 1435 regnum
2823 1404 2838 1429 ,
2872 1376 2926 1422 et
2954 1365 3233 1427 divinitas,
3271 1365 3522 1420 absolute
3549 1363 3775 1432 quidem

2202 1458 2257 1512 in
2290 1457 2398 1512 Deo
2432 1457 2592 1512 diem
2621 1456 2898 1511 silentium
2929 1455 3049 1525 ejus
3080 1464 3211 1511 sunt
3240 1455 3459 1511 beatum
3484 1493 3500 1517 .
3529 1461 3586 1508 et
3610 1468 3778 1521 supra

2204 1546 2573 1603 substantiam
2611 1563 2625 1600 :
2656 1556 2809 1600 extra
2845 1545 3010 1599 Deum
3047 1561 3197 1611 vero,
3231 1546 3594 1615 proprietates
3626 1543 3777 1598 acci-

2203 1639 2359 1708 piunt
2388 1638 2454 1692 ad
2492 1647 2800 1693 creaturam
2832 1644 3168 1707 spectantes;
3195 1638 3308 1700 illa,
3338 1636 3390 1690 id
3416 1645 3525 1699 est.
3567 1635 3777 1691 sancti-

2207 1740 2314 1796 tas,
2347 1727 2597 1784 lihexatio
2628 1736 2712 1782 est
2760 1728 2829 1782 ab
2867 1728 3017 1783 omni
3057 1730 3261 1783 scelere
3291 1737 3343 1783 et
3390 1727 3637 1793 macula;
3673 1727 3778 1780 do-

2198 1822 2435 1876 minatus
2469 1819 2785 1875 ilrmitatein
2816 1835 3001 1875 nm
3021 1829 3121 1885 ,ει
3164 1820 3232 1874 ab
3264 1821 3612 1889 prolapsione
3641 1820 3779 1874 libe-

2200 1928 2313 1967 ram
2345 1912 2598 1976 exhibet;
2626 1927 2846 1982 regnum
2877 1920 2959 1966 est
2993 1912 3307 1967 distributio
3333 1913 3520 1965 omnis
3545 1909 3770 1979 regulae.

2198 2012 2253 2058 et
2293 2004 2636 2067 ornamenti,
2673 2012 2727 2058 et
2777 2004 2937 2073 juris,
2973 2011 3026 2057 et
3069 2004 3313 2067 ordinis;
3344 2003 3600 2057 divinitas
3650 2016 3781 2056 vero

2198 2094 2539 2163 providentia
2591 2095 2773 2149 omnia
2822 2094 3240 2164 contemplans,
3303 2106 3358 2149 et
3404 2094 3658 2149 similiter
3716 2094 3773 2148 in

2198 2186 2339 2248 aliis,
2379 2186 2424 2240 si
2474 2186 2597 2255 quis
2640 2202 2668 2240 a
2719 2184 2965 2240 moribus
3021 2194 3075 2241 et
3114 2186 3423 2241 actionibus
3459 2185 3555 2241 Dei
3599 2185 3780 2240 nomi-

2199 2289 2329 2329 nare
2361 2285 2551 2344 pergat
2596 2275 2940 2329 divinitatem
2986 2289 3108 2343 qua:
3159 2284 3243 2328 est
3287 2288 3451 2337 supra
3484 2286 3647 2342 quam
3677 2286 3776 2327 ex-

2205 2365 2380 2433 promi
2417 2366 2591 2433 po'ssit
2621 2366 2737 2418 sive
2767 2364 3083 2419 aﬂirmando
3104 2365 3217 2419 sive
3239 2365 3507 2435 negando,
3540 2372 3593 2418 et
3613 2378 3777 2434 supra

2201 2470 2366 2524 quam
2399 2455 2650 2525 intelligi,
2687 2465 2742 2512 et
2774 2470 2938 2526 supra
2969 2455 3358 2510 substantiam.

2820 2563 3049 2621 CAPUT
3080 2566 3151 2620 Χ.

2199 2654 2278 2711 De
2301 2657 2623 2727 «qualitate,
2669 2657 3003 2726 perfectione.
3029 2659 3247 2730 unitate,
3279 2666 3329 2714 et
3361 2676 3476 2730 qua:
3508 2674 3688 2716 eorum
3721 2660 3779 2715 ἔοι

2726 2730 2874 2779 rebus
2903 2729 3260 2795 proprietates.

2267 2818 2490 2881 Magnus
2525 2817 2834 2889 Dionysius,
2865 2834 2991 2887 cap.
3028 2819 3061 2873 9
3107 2818 3182 2876 De
3206 2823 3401 2876 divinis
3440 2824 3733 2878 nominibus
3761 2864 3774 2880 .

2197 2908 2251 2961 Si
2271 2910 2394 2977 quis
2421 2922 2550 2962 vero
2569 2910 2781 2979 ,inquit,
2804 2912 2859 2965 in
2889 2915 3092 2968 sanctis
3122 2912 3417 2985 Scripturis
3448 2930 3779 2986 nomen,qno

2197 2998 2337 3055 Deus
2367 3004 2679 3056 nominatur
2728 3003 2891 3068 idem,
2914 3013 2967 3059 et
2998 3022 3107 3074 quo
3158 3008 3470 3062 nominatur
3492 3008 3694 3077 justus,
3722 3008 3775 3062 in

2196 3092 2413 3143 nomine
2427 3091 2630 3155 divino,
2660 3108 2768 3162 quo
2799 3095 3109 3149 nominatur
3134 3098 3376 3165 aequalis,
3410 3097 3655 3165 accipiat,
3688 3096 3776 3150 di-

2196 3183 2426 3235 cendum
2459 3191 2561 3246 est,
2583 3183 2749 3239 Deum
2779 3199 2899 3240 esse
2933 3187 3195 3257 aequalem
3229 3203 3330 3240 non
3373 3187 3547 3240 solum
3584 3195 3644 3240 ut
3672 3200 3769 3241 ex-

2201 3285 2406 3341 pertem
2436 3276 2693 3342 partium,
2724 3286 2777 3333 et
2800 3278 2892 3348 qui
2920 3293 2948 3332 a
2977 3288 3128 3332 recto
3159 3278 3417 3333 declinare
3445 3290 3549 3328 non
3569 3276 3760 3344 possit,

2202 3363 2296 3418 sed
2330 3371 2388 3417 ut
2423 3365 2474 3417 in
2505 3368 2687 3421 omnia
2709 3377 2763 3423 et
2804 3384 2899 3438 per
2937 3371 3116 3424 omnia
3151 3368 3417 3439 :cqualitcr
3471 3375 3763 3429 meantem,

2203 3462 2258 3507 et
2290 3464 2347 3507 ut
2377 3469 2472 3524 per
2499 3469 2557 3509 se
2575 3458 2898 3526 eeqnalitatis
2918 3460 3255 3524 eﬂectorein,
3279 3460 3570 3515 secundum
3610 3472 3773 3527 quam

2219 3549 2497 3617 aequaliter
2526 3559 2786 3618 operatur
2819 3552 3049 3606 similem
3111 3553 3353 3606 omnium
3382 3566 3477 3620 per
3504 3551 3619 3620 ipsa
3640 3550 3779 3604 inter

2220 3655 2278 3694 se
2303 3640 2572 3695 incessum
2600 3640 2755 3711 (2).et
2773 3644 3238 3712 participationem
3262 3644 3542 3711 :cqualiter
3563 3641 3781 3710 partici-

2220 3733 2551 3801 pantiuin,nt
2574 3735 2827 3805 quodque
2846 3749 3031 3792 eoruin
3081 3744 3265 3806 aptum
3291 3745 3373 3791 est
3396 3733 3495 3807 (5),
3518 3741 3573 3790 et
3604 3747 3774 3803 arqua-

2000 3959 2278 4025 SchoHa.

573 4058 649 4131 (l)
677 4058 909 4113 Cessavit
940 4058 1002 4111 ab
1025 4057 1166 4111 omni
1188 4073 1358 4128 opere.
1392 4056 1588 4131 creare
1608 4070 1714 4131 non
1743 4056 1916 4131 solum
1936 4058 2105 4127 signi-

522 4122 649 4188 ﬁcat
695 4130 873 4182 facere
929 4141 992 4179 cx
1029 4141 1134 4180 non
1177 4122 1319 4189 cute,
1343 4136 1402 4179 ut
1431 4127 1628 4196 impius
1662 4122 1962 4196 Eunomiqs
1987 4122 2104 4181 tra-

524 4202 709 4261 debat;
765 4197 857 4265 qui
894 4197 1096 4248 idcirco
1123 4196 1296 4247 aiebat
1359 4209 1464 4247 non
1486 4193 1596 4265 jam
1649 4195 1861 4265 animas
1918 4193 2096 4254 creari

532 4268 629 4325 sed
676 4262 946 4334 generari.
991 4280 1188 4331 quuo
1237 4266 1378 4317 Deus
1426 4262 1782 4334 requievisset
1823 4266 1891 4319 ab
1951 4267 2100 4328 omni

524 4330 859 4406 opere'qitod
883 4330 1117 4406 creando
1152 4340 1413 4401 patrarat;
1467 4330 1572 4406 sed
1602 4330 1872 4406 signiﬁcat
1935 4337 2099 4393 etiam

529 4398 709 4494 facere
731 4398 1188 4494 aliquidnniisuni,
1212 4412 1270 4454 ttt
1301 4401 1507 4454 notavit
1529 4398 2106 4488 Noniesius,Adanian-
2131 4432 2184 4494 Β

525 4477 656 4539 tius,
692 4471 787 4525 lib.
819 4487 880 4533 ii.
924 4470 995 4525 De
1022 4470 1260 4540 lioniinij:
1327 4485 1357 4522 a
1408 4484 1514 4540 quo
1566 4485 1760 4539 genere
1814 4476 2104 4529 creationis

526 4545 659 4599 dicit
691 4556 933 4596 cessasse
964 4539 1176 4609 quidem
1209 4539 1397 4609 Deum.
1426 4539 1567 4594 sicut
1607 4543 1868 4608 scriptum
1916 4556 1998 4599 est
2018 4602 2029 4609 _
2050 4548 2100 4598 in

525 4602 1019 4679 Ecclesia<te(cap;
1057 4609 1160 4679 lg):
1229 4608 1371 4663 Nihil
1397 4624 1609 4679 novum
1638 4602 1738 4679 sub
1798 4615 1932 4668 sole.
1996 4602 2106 4669 Νμο

525 4683 670 4736 enim
691 4682 771 4735 vel
815 4676 1142 4753 resurrectio
1162 4682 1538 4753 corportitii(nt
1567 4678 1639 4753 ait
1657 4676 1944 4753 Gregorius
1965 4681 2106 4753 Nys-

526 4766 691 4806 sentis
720 4752 864 4803 liiitic
894 4749 1069 4803 locum
1130 4750 1516 4817 interpretans)
1552 4750 1753 4812 aliquid
1781 4749 1922 4806 novi
1979 4749 2104 4813 erit.

527 4820 621 4876 sed
661 4823 929 4874 restitutio
967 4820 1343 4890 itipristinuni
1392 4826 1614 4882 statum;
1651 4819 1874 4886 idcirco,
1910 4823 2103 4890 inquit.

528 4890 807 4960 sulijnngit
842 4887 1250 4960 Ecclesiastes:
1307 4887 1472 4941 Extra
1525 4900 1679 4960 vetus
1722 4890 1855 4960 nihil
1888 4887 1995 4957 est,
2030 4892 2108 4944 sic

525 4957 775 5014 eniines't
808 4960 947 5025 apud
1002 4957 1143 5011 LXX
1206 4959 1549 5024 interpretes.
1588 4957 1771 5011 Creari
1809 4975 1938 5027 ergo
1987 4961 2108 5013 ani-

528 5044 673 5087 Inam
707 5043 814 5080 non
842 5037 927 5081 est
955 5045 1173 5092 novum,
1199 5029 1290 5081 sed
1315 5028 1419 5098 tale
1435 5027 1587 5098 quid,
1613 5029 1774 5094 quale
1796 5045 1825 5081 a
1843 5029 2108 5098 principio

527 5099 727 5154 {aetum
761 5108 862 5157 est.
897 5112 1017 5150 cuin
1049 5097 1171 5161 i'ccil
1204 5098 1342 5150 Deus
1375 5097 1666 5158 hominem,
1701 5106 1755 5150 et
1811 5102 2107 5158 secundum

526 5167 833 5237 itnagineiir
856 5165 947 5218 Dei
1001 5167 1296 5225 i'm-iteittn.
1328 5167 1472 5219 sicut
1525 5179 1738 5233 semper
1789 5166 1918 5219 facit
1975 5169 2108 5218 tiiliil

529 5235 766 5292 varians.
810 5235 975 5289 Desii:
1002 5242 1180 5304 itaque
1196 5251 1381 5290 creare
1418 5238 1712 5299 primordia
1738 5252 1941 5301 rerum,
1969 5237 2112 5288 unde

527 5310 668 5361 idt'ln
706 5306 1061 5360 Ecclesiastes
1098 5307 1293 5359 ibidem
1335 5322 1347 5357 :
1380 5304 1519 5368 Quid
1550 5313 1653 5365 est.
1717 5306 1914 5373 inquit,
1966 5308 2108 5372 quod

527 5376 660 5456 fuit}
691 5379 866 5456 ipsum
894 5381 1036 5443 quod
1070 5374 1313 5456 i'ntuﬂruiu
1349 5385 1450 5456 est.
1487 5374 1718 5456 Qlliiileﬁi
1744 5378 1888 5443 quod
1912 5377 2109 5428 i'aciuin

526 5448 658 5501 est?
702 5444 902 5516 :ipStllll
967 5447 1111 5516 quod
1180 5446 1529 5516 iacientium;
1573 5444 1948 5516 niliii_iiovutu
2012 5450 2113 5497 sub

527 5521 663 5571 sole.
695 5512 1144 5585 Signtiicat’eiiitn
1183 5517 1264 5584 (ut
1293 5513 1429 5585 alius
1451 5516 1679 5585 quidam
1700 5512 1988 5583 Gregorius
2017 5518 2113 5573 ait.

528 5595 684 5645 \etus
716 5581 772 5649 ei
800 5590 1016 5653 elegans
1047 5581 1312 5651 interpres
1342 5581 1562 5653 Gra'cus
1596 5582 1750 5649 cujus
1782 5581 2113 5648 cognomen-

530 5665 640 5708 tum
675 5652 913 5707 nonduin
988 5662 1186 5721 repeti)
1224 5668 1329 5706 non
1361 5652 1533 5705 Stilum
1566 5666 1626 5703 ea
1658 5670 1775 5719 qua!
1801 5671 1826 5702 a
1853 5653 2115 5720 priiitipio

532 5727 670 5778 laeta
702 5736 823 5775 sunt
855 5734 1336 5776 schittiteinsuani
1369 5738 1492 5790 t-rga
1538 5733 1812 5776 auctotein
1835 5739 1989 5775 suum
2027 5738 2116 5774 ue-

2214 4072 2533 4136 nionstrare,
2558 4062 2813 4136 illiusque
2842 4064 3105 4136 inﬁnitam
3123 4067 3467 4135 sapientiam,
3488 4070 3771 4136 potentiam

2213 4143 2269 4188 et
2293 4134 2743 4206 magniﬁcentiam
2773 4135 2978 4199 testari,
3004 4134 3371 4206 verunietiam
3392 4134 3513 4206 qua:
3541 4142 3771 4196 nonduin

2213 4203 2502 4267 exsistunt,
2532 4204 2623 4273 sed
2673 4202 2853 4256 i‘titiira
2894 4215 3041 4273 sunt,
3096 4205 3212 4272 ipsa
3241 4202 3459 4273 quoque
3516 4210 3774 4264 rationein

2213 4273 2446 4335 ordinis,
2484 4272 2841 4339 subiectionis
2878 4281 2932 4325 et
2963 4272 3283 4326 obedientiai
3324 4272 3536 4328 illorum
3582 4281 3776 4345 primo-

2213 4356 2334 4396 rum
2361 4356 2489 4409 erga
2522 4351 2795 4396 auctorem
2833 4356 2993 4394 suum
3029 4352 3281 4395 secutura
3332 4359 3473 4399 esse:
3508 4346 3580 4399 ita
3613 4357 3670 4401 ut
3696 4348 3776 4401 ni—

2211 4411 2285 4465 ltil
2315 4425 2501 4464 eorum
2535 4426 2653 4477 quin
2679 4417 2806 4464 sunt
2837 4410 3036 4474 futura,
3060 4422 3153 4464 aut
3182 4409 3447 4478 facienda,
3480 4416 3561 4467 vel
3588 4432 3775 4470 crean-

2207 4480 2295 4545 da,
2331 4480 2604 4549 diversum
2636 4479 2704 4531 ab
2737 4481 2802 4532 iis
2844 4492 2962 4547 qua!
3006 4480 3238 4547 primum
3280 4480 3417 4534 facta
3448 4492 3594 4549 sunt,
3629 4487 3774 4538 inve-

2209 4549 2390 4602 niatur
2413 4565 2427 4600 :
2455 4546 2566 4619 imo
2589 4550 2885 4601 secundum
2911 4546 3104 4619 seriem
3135 4550 3322 4615 primis
3356 4550 3462 4605 illis
3489 4567 3517 4605 a
3545 4546 3772 4619 potentia

2210 4617 2561 4672 Deiomnium
2573 4621 2875 4683 operatrice
2890 4624 2944 4671 et
2959 4618 3335 4686 gubernatrice
3348 4617 3675 4688 impositam,
3692 4639 3777 4676 or-

2210 4695 2321 4761 ttint
2342 4697 2612 4761 etmotuin
2630 4701 2694 4739 ac
2710 4689 3176 4761 conservationem
3199 4690 3446 4761 babitnra
3468 4706 3588 4761 esse
3611 4708 3775 4761 usque

2212 4757 2276 4809 ad
2304 4757 2676 4828 praescriptum
2702 4770 2730 4807 a
2758 4754 2863 4807 Deo
2885 4755 3045 4828 ﬁnem
3072 4757 3334 4828 omnium;
3362 4760 3606 4827 niliiique
3626 4754 3775 4828 pror-

2212 4824 2701 4893 sus‘rcpericndnm
2721 4839 2861 4887 esse,
2882 4826 3024 4892 quod
3041 4826 3203 4878 alium
3220 4838 3419 4892 ortuni',
3437 4824 3532 4882 aut
3554 4824 3773 4890 metunt,

2210 4909 2303 4948 aut
2333 4897 2577 4949 ordinem
2622 4894 2835 4964 habent,
2868 4897 3007 4946 unde
3029 4896 3408 4964 possitaliquis
3435 4901 3773 4952 occasionem

2210 4979 2425 5018 sumere
2447 4962 2679 5016 dicendi:
2704 4962 2815 5014 Hoc
2837 4978 3034 5015 novum
3056 4974 3156 5017 est.
3176 4962 3446 5020 llacieiius
3461 4970 3773 5023 isteanctor.

2291 5035 2367 5102 (‘2)
2402 5033 2552 5087 Inter
2590 5048 2644 5084 se
2672 5033 2953 5085 incessum.
3001 5032 3057 5084 ln
3085 5036 3478 5089 elementorum
3528 5037 3775 5091 mistione

2211 5116 2459 5156 versatur
2480 5102 2789 5165 iiujiisniudi
2815 5104 3251 5171 mqitaliias,qu:e
3281 5108 3323 5159 si
3349 5120 3454 5159 non
3478 5113 3644 5163 esset.
3671 5123 3770 5159 uoti

2213 5173 2403 5243 tierent
2458 5173 2838 5242 generationes
2871 5176 2920 5222 iii
2947 5176 3168 5243 mundo,
3202 5175 3246 5227 si
3279 5176 3423 5226 enim
3461 5176 3678 5243 aliquod
3712 5192 3775 5229 ex

2214 5242 2502 5295 clementis
2529 5251 2819 5311 exsuperet.
2842 5257 2904 5293 ac
2933 5242 3220 5307 redundet,
3243 5242 3611 5314 corrumpitur
3636 5249 3773 5314 quod

2213 5322 2523 5379 generatur.

2286 5381 2362 5449 i5)
2403 5380 2467 5436 Ut
2505 5383 2742 5446 quodque
2770 5390 2953 5450 aptum
3014 5390 3110 5444 est,
3147 5391 3195 5435 et
3222 5399 3316 5450 pro
3345 5384 3626 5453 dignitate.
3663 5382 3769 5438 Hoc

2214 5451 2347 5503 dieit
2365 5462 2580 5519 propter
2602 5455 2966 5519 aequalitatem
2990 5454 3373 5520 proportionis,
3395 5451 3509 5506 sive
3526 5469 3646 5521 quae
3659 5463 3780 5507 sunt

2217 5531 2404 5573 natura
2421 5524 2572 5584 liant,
2588 5522 2702 5575 sive
2720 5538 2814 5589 per
2828 5524 3078 5589 gratiam,
3100 5530 3158 5573 ut
3175 5538 3280 5575 non
3302 5538 3491 5576 omnes
3507 5523 3779 5588 :equaliti-r

2218 5592 2595 5647 iliitntinaniur
2624 5609 2652 5642 a
2677 5593 2788 5645 sole
2814 5607 2914 5645 nec
2938 5606 3125 5644 omnes
3140 5594 3421 5653 aequaliter
3438 5595 3779 5645 sanctiﬁcan-

2217 5671 2325 5724 tur,
2351 5662 2441 5715 scd
2468 5661 2837 5729 proportione,
2863 5661 3038 5729 iitapsi
3056 5671 3201 5727 sunt,
3222 5675 3311 5715 aut
3329 5664 3473 5731 digni
3496 5665 3778 5718 habentur.
