4078 6274
576 364 681 431 S39

1753 355 1888 415 ΙοΑ
1900 355 1941 413 Ν
1952 354 2000 414 Ν
2017 357 2024 412 ἶ
2043 354 2080 413 S
2122 351 2302 414 CYPA
2313 353 2683 417 RISSIOTIE

3731 350 3835 414 85.0

578 486 722 548 vita,
752 490 803 536 et
831 475 1179 542 immortalis;
1202 482 1254 530 et
1287 482 1345 528 ιιι
1395 488 1506 530 uno
1533 474 1699 529 verbo
1742 475 1941 539 dicam,
1990 488 2151 526 omne
2182 478 2226 531 Α
2255 473 2495 540 dividua,
2533 486 2815 543 nunquam
2865 468 3049 525 deficit
3100 467 3299 538 ubique
3344 483 3534 530 unum,
3578 477 3631 522 et
3675 468 3833 538 hujus

580 574 812 631 nimium
848 578 903 625 et
924 583 1112 639 parum
1137 566 1527 636 perfectionem
1561 567 1868 635 corrumpit
1899 606 1911 618 .
1948 565 2154 633 Aiqua-

590 668 716 721 litus
736 662 889 732 ergo,
912 669 965 713 et
996 660 1100 712 vita
1125 648 1231 711 non
1257 654 1461 711 deﬂexa
1485 671 1515 710 a
1545 667 1694 711 recto
1724 655 1777 709 in
1830 656 2155 712 substantiis

576 757 793 824 quidem
822 750 1207 822 perfectionem
1239 744 1420 813 efﬁcit;
1467 744 1521 800 in
1557 748 1804 801 numeris
1825 761 1956 800 vero
1984 755 2154 800 totum

575 847 778 917 ecquale
806 845 1068 911 partibus;
1093 842 1146 896 in
1177 840 1439 911 qualitate
1472 839 1734 910 praeditis,
1781 839 2009 895 scientia
2035 852 2157 908 qua:

572 940 821 994 excidere
850 953 956 990 non
988 934 1180 1004 possit.
1215 933 1354 988 Deus
1387 940 1599 999 autem,
1621 933 1713 1002 qui
1742 943 1823 988 est
1842 948 1934 1002 per
1961 949 2018 988 se
2036 948 2157 1003 per-

574 1029 758 1096 fectio,
799 1027 1188 1099 perfectionem
1220 1025 1445 1080 eﬂ‘ector
1475 1031 1556 1085 est
1591 1033 1725 1091 ,tum
1759 1024 2104 1094 perfectionis
2138 1066 2153 1090 ,

572 1120 662 1176 cui
687 1127 949 1189 adempta:
988 1132 1121 1173 sunt
1156 1118 1339 1171 multae
1365 1115 1727 1184 perfectiones
1760 1116 1841 1185 (1)
1866 1158 1879 1181 ,
1917 1125 2027 1169 tum
2063 1130 2157 1185 per

573 1229 635 1267 se
668 1210 1039 1281 perfectionis,
1067 1225 1188 1279 qua:
1206 1212 1311 1264 late
1341 1208 1487 1279 patet
1515 1208 1611 1275 ,ad
1633 1207 1989 1262 imitationem
2010 1207 2157 1264 enim

572 1305 961 1374 exemplarium
996 1301 1303 1356 divinorum
1337 1343 1351 1367 ,
1382 1315 1503 1369 quae
1568 1312 1733 1369 supra
1783 1299 2148 1353 substantiam

573 1407 727 1463 sunt,
756 1393 1013 1465 produxit
1042 1405 1093 1447 et
1119 1392 1490 1461 perfecit,quae
1514 1392 1603 1446 hic
1632 1390 1878 1447 absolute
1902 1391 2157 1444 dicuntur

574 1488 754 1542 unitas
809 1499 1013 1551 autem,
1049 1500 1172 1555 qua:
1216 1485 1270 1538 in
1322 1484 1575 1538 omnibus
1609 1483 1939 1548 obambulat,
1972 1480 2157 1535 divino

573 1577 793 1632 nomine
821 1575 1048 1631 unitatis
1081 1575 1398 1639 decoratur,
1434 1587 1669 1641 operans
1708 1572 1946 1626 infinitas
1978 1573 2158 1627 unita-

571 1678 654 1722 tes
688 1668 738 1722 in
758 1666 1126 1737 generibus,in
1152 1665 1354 1736 specie,
1382 1665 1432 1717 in
1459 1662 1769 1729 individuis,
1804 1664 1857 1716 in
1876 1663 2150 1732 partibus,

574 1759 631 1812 in
690 1758 975 1825 membris,
1005 1768 1060 1811 et
1090 1766 1147 1811 ut
1176 1756 1377 1821 dicam,
1408 1752 1553 1824 quod
1589 1753 1883 1823 plurimum
1911 1754 2067 1819 Valet,
2103 1763 2157 1808 et

577 1848 927 1918 potissimum
987 1857 1071 1903 est
1101 1891 1115 1914 ,
1142 1849 1194 1902 in
1216 1844 1400 1902 omnia
1442 1862 1501 1901 se
1557 1846 1880 1916 multiplbcat
1912 1888 1925 1912 ,
1958 1861 2058 1900 nos
2093 1846 2158 1900 ad

570 1940 933 1995 imitationem
965 1941 1187 1994 unitatis
1213 1938 1462 2009 Dei,qtt:e
1491 1948 1571 1992 est
1602 1953 1764 2008 supra
1784 1953 1942 2007 quam
1977 1936 2159 2007 ignota

569 2029 637 2083 ad
660 2030 893 2085 unitates
936 2045 1222 2095 revocans,
1282 2030 1427 2084 utin
1484 2026 1833 2083 multitudine
1867 2014 2158 2093 unitatnm,

569 2135 691 2189 quae
707 2121 777 2177 ab
802 2122 919 2190 ipso
945 2121 1219 2191 productae
1241 2128 1387 2186 sunt,
1405 2116 1686 2186 efficiatzut
1703 2134 1801 2175 nos
1828 2134 1858 2172 a
1875 2120 2062 2176 multis
2091 2120 2159 2174 ad

570 2228 739 2266 unum
773 2204 975 2267 virtute
1003 2212 1200 2267 divinae
1227 2211 1451 2267 unitatis
1478 2212 1748 2277 conversi,
1805 2208 1933 2267 facti
1964 2227 2156 2276 unum,

569 2302 857 2359 laudemus
889 2313 1080 2368 totam,
1120 2314 1175 2357 et
1207 2318 1367 2356 unam
1413 2302 1782 2366 divinitatem,
1820 2318 1992 2358 unam
2037 2318 2158 2357 om-

572 2396 724 2450 nium
753 2410 1000 2458 causam,
1026 2396 1127 2449 hoc
1148 2410 1246 2464 per
1275 2407 1334 2448 se
1357 2409 1550 2459 unum,
1581 2393 1730 2464 quod
1757 2395 1823 2451 iis
1851 2411 1974 2465 quae
2003 2404 2154 2462 sunt,

572 2487 986 2549 adnumeratur,
1028 2486 1356 2555 principium
1382 2485 1614 2541 eliicitur
1653 2486 1773 2556 ejus
1802 2489 1946 2557 quod
1977 2499 2071 2554 per
2099 2499 2158 2542 se

570 2589 677 2644 cst,
719 2586 993 2648 quatenus
1024 2593 1190 2631 unum
1231 2568 1334 2645 eSt,
1371 2576 1519 2648 quod
1556 2593 1651 2648 per
1673 2592 1732 2632 se
1761 2587 1844 2632 est
1888 2576 2012 2631 licet
2040 2589 2147 2629 non

572 2668 642 2721 sit
679 2683 774 2737 per
805 2683 885 2732 se,
921 2669 1013 2723 sed
1067 2677 1126 2722 nt
1174 2666 1540 2739 accidrns(2),
1576 2669 1676 2724 hoc
1712 2668 1878 2724 etiam
1911 2668 1965 2722 in
2015 2680 2150 2722 una-

573 2774 791 2829 quaque
843 2762 1190 2815 cmanatione
1220 2776 1388 2815 unum
1440 2764 1518 2827 fit;
1550 2770 1605 2816 et
1634 2777 1801 2815 unum
1835 2761 1962 2815 item
1999 2776 2151 2816 com-

571 2854 809 2909 muniter
856 2854 909 2907 in
966 2854 1222 2908 omnibus
1268 2852 1740 2917 emanationibns,
1787 2854 1903 2908 sive
1952 2867 2148 2923 genera

568 2945 704 3012 sint,
746 2946 1020 3013 similiter,
1055 2946 1170 3000 sive
1200 2945 1431 3014 species,
1455 2945 1643 3001 eodem
1685 2945 1844 3000 modo
1874 2963 1887 3008 ;
1921 2948 2034 2999 sive
2068 2946 2152 2998 in-

2256 581 2352 634 per
2385 580 2442 619 se
2475 564 2637 618 unius
2668 562 2972 632 proprietas
3004 570 3113 625 est,
3149 560 3203 614 in
3237 561 3438 629 quibus
3484 559 3647 625 inest,
3696 564 3835 614 mul-

2258 668 2309 709 ta
2343 654 2408 709 ad
2449 669 2508 711 se
2538 659 2879 710 convertere.
2912 649 2981 706 At
3010 664 3141 704 vero
3168 662 3267 720 pro
3296 649 3640 714 expositione
3668 662 3835 705 mate-

2257 745 2419 800 riai-ia
2470 744 2708 800 contenti
2743 758 2936 798 sumus
2991 742 3059 797 iis
3107 757 3227 810 quae
3274 756 3506 810 magnus
3546 739 3836 812 Dionysius

2256 835 2543 903 exposuit;
2568 835 2711 905 quod
2743 833 2789 888 si
2818 834 2871 886 in
2895 831 3244 902 quibusdam,
3275 845 3400 885 cum
3426 845 3487 884 ea
3521 845 3837 885 recensere-

2256 942 2401 993 mus,
2437 927 2640 996 aliquid
2667 926 3023 989 Variavimus,
3053 938 3158 978 non
3188 922 3288 976 fuit
3319 923 3473 978 nobis
3496 924 3832 992 propositum

2258 1019 2434 1089 magis
2466 1018 2713 1073 ordinate
2742 1027 2904 1087 quam
2950 1015 3062 1080 ille,
3109 1026 3413 1079 recensere,
3452 1015 3750 1069 absurdum
3784 1034 3838 1067 ι’-

2258 1113 2371 1166 nim
2400 1122 2520 1166 erat
2552 1122 2659 1165 tam
2694 1126 2952 1177 magnum
2973 1110 3145 1164 solem
3174 1124 3237 1164 ex
3272 1110 3499 1163 adverso
3534 1107 3757 1172 intueri,
3782 1119 3837 1161 ut

2256 1205 2311 1259 in
2350 1205 2456 1260 hoc
2483 1203 2648 1258 etiam
2673 1203 2859 1259 verbis
2896 1204 3016 1270 ejus
3046 1213 3169 1256 utar
3200 1204 3303 1272 (al.
3334 1203 3467 1256 Dum
3498 1202 3675 1270 capita
3706 1196 3840 1255 con-

2259 1296 2551 1362 texuimus,
2602 1296 2726 1365 quia
2775 1295 2877 1351 hoc
2933 1296 3035 1349 fuit
3074 1311 3103 1349 a
3143 1294 3410 1363 principio
3456 1293 3831 1363 propositum,

2256 1389 2617 1460 proprietates
2651 1403 2715 1441 ex
2743 1387 2969 1456 junctis,
3016 1397 3071 1441 et
3110 1387 3442 1441 continuatis
3487 1386 3834 1454 rollvg‘mus,

2260 1491 2482 1550 propter
2507 1478 2844 1543 facilitatem,
2900 1477 3149 1547 qumdam
3194 1478 3588 1541 contraximus,
3621 1472 3728 1531 alia
3781 1476 3834 1530 in

2258 1573 2425 1627 alium
2446 1571 2621 1626 locum
2644 1570 3025 1625 transtulimu~
3049 1580 3270 1640 pr0pter
3294 1573 3580 1626 clariorem
3606 1572 3835 1625 distinc-

2260 1667 2482 1721 tionem.
2527 1663 2795 1734 Inscripta
2825 1679 2952 1717 vero
2989 1676 3064 1717 est
3106 1664 3267 1717 det-as
3310 1663 3832 1733 Deproprietatibus,

2264 1774 2376 1811 non
2413 1754 2569 1825 quasi
2604 1755 2764 1809 nobis
2795 1753 2997 1823 aliquid
3022 1754 3237 1807 abunde
3266 1753 3689 1823 suppetat,qttud
3719 1770 3833 1808 ma-

2260 1864 2365 1917 gno
2404 1846 2660 1916 Dionysio
2707 1842 2867 1910 desit,
2893 1845 2985 1899 sed
3026 1845 3204 1913 potius
3231 1860 3296 1898 ex
3335 1845 3400 1897 iis
3434 1860 3554 1912 qtae
3598 1845 3825 1915 copiose

2258 1941 2402 1997 dicta
2420 1949 2547 1994 sunt
2571 1937 2637 1995 ab
2654 1955 2739 2005 eo,
2760 1941 2932 1994 solum
2952 1937 3309 2006 explanamus
3337 1937 3426 1989 ubi
3445 1946 3690 2005 oporteat
3713 1953 3838 2007 pro-

2258 2031 2541 2103 prietatem
2577 2032 2944 2086 considerare.
2981 2029 3331 2097 Propositum
3352 2044 3477 2082 vero
3506 2038 3583 2082 est
3618 2030 3834 2099 planum

2261 2119 2439 2177 facere
2470 2135 2566 2191 per
2593 2121 2796 2185 omnia,
2841 2120 3014 2173 solum
3059 2133 3177 2173 esse
3193 2120 3413 2173 causam
3439 2118 3675 2174 universi
3701 2120 3838 2174 divi-

2260 2228 2387 2267 nam
2417 2213 2581 2266 trium
2602 2227 2957 2282 permeat-um
2984 2223 3255 2272 naturam,
3275 2225 3394 2278 quae
3426 2217 3683 2280 estsupra
3710 2214 3837 2267 sub-

2258 2302 2538 2369 stantiam,
2578 2310 2634 2357 et
2659 2317 2820 2370 supra
2871 2313 3141 2367 naturam,
3185 2303 3287 2356 alia
3318 2314 3448 2357 Vero
3477 2304 3687 2371 omnia,
3718 2308 3830 2361 sive

2259 2409 2382 2463 quae
2407 2394 2665 2447 dicuntur
2683 2394 2920 2461 primum
2948 2394 3290 2460 exsistentia,
3316 2396 3432 2449 sive
3462 2378 3835 2469 participatio-

2258 2503 2377 2561 nes,
2412 2485 2526 2541 sive
2551 2485 2923 2554 providentiae,
2965 2496 3019 2540 et
3045 2486 3187 2541 dona
3213 2487 3415 2554 divina,
3444 2488 3571 2557 quia
3612 2502 3834 2562 propter

2257 2592 2478 2633 causam
2529 2576 2799 2647 producta
2845 2588 3005 2643 sunt,
3062 2577 3118 2632 in
3170 2578 3382 2635 eﬂ'ectis
3439 2593 3829 2650 numerantur;

2251 2678 2484 2738 suntque
2508 2667 2647 2723 sicut
2663 2666 2873 2733 ell‘ecta,
2893 2681 3144 2739 generata
3170 2679 3224 2726 et
3243 2680 3446 2727 creata.
3470 2670 3661 2729 Omnis
3684 2676 3826 2730 enim

2250 2762 2460 2818 etl‘ectio
2527 2760 2625 2831 (ait
2686 2776 2915 2829 magnus
2972 2761 3247 2829 Basilius),
3290 2778 3390 2834 par
3446 2764 3502 2818 fit
3532 2766 3647 2820 suis
3670 2767 3829 2822 etl‘ec—

2259 2854 2350 2918 tis;
2401 2862 2455 2907 et
2502 2867 2697 2920 magna
2737 2853 2954 2921 quidem
2996 2853 3208 2909 etlectio
3249 2845 3571 2926 magnorum
3607 2855 3829 2912 effectu-

2261 2960 2380 2999 rum
2414 2952 2519 3008 θεὴ
2546 2957 2711 3012 parva
2755 2956 2886 2995 VCI‘O
2928 2957 3219 3011 parvorum

1008 3235 1266 3298 DECAS
1314 3235 1598 3299 SEXTA.
1632 3271 1706 3282 --
1738 3238 1857 3300 DE
1907 3239 2624 3306 APPARITIONIBUS
2665 3242 2758 3303 D1
2773 3240 2955 3302 VINI
2999 3241 3384 3303 LUMINIS.

1211 3383 1440 3441 CAPUT
1475 3385 1517 3440 l.

567 3503 724 3571 Quod
749 3518 896 3558 omne
923 3501 1096 3571 lumen
1125 3499 1219 3554 sub
1250 3514 1460 3571 sensum
1508 3501 1697 3555 cadens
1736 3519 1800 3556 ea:
1827 3502 1934 3557 Deo
1967 3513 2063 3569 est,
2094 3514 2143 3559 et

823 3573 961 3643 quod
991 3570 1071 3625 sol
1091 3572 1267 3640 imago
1301 3580 1377 3622 est
1405 3569 1652 3623 bonitatis
1682 3573 1869 3642 ipsius.

639 3665 955 3737 Dionysius,
992 3662 1170 3733 capite
1199 3669 1418 3732 quarto,
1449 3660 1526 3715 De
1554 3662 1746 3718 divinis
1797 3666 2095 3720 nominibus
2122 3683 2136 3721 :

568 3758 673 3813 Sed
705 3755 848 3826 quod
883 3756 937 3810 itt
982 3755 1161 3809 medio
1209 3762 1407 3824 praeter
1441 3754 1655 3825 lapsum
1688 3773 1788 3812 nos
1845 3757 2136 3827 effugerat,

568 3846 874 3906 caelestium
927 3846 1348 3917 principiorum,
1391 3855 1445 3901 et
1480 3847 2033 3903 subterminationum
2069 3849 2145 3922 (5)

565 3953 734 3994 causa
768 3947 855 3994 est
887 3938 1118 4006 bonum,
1152 3937 1282 3992 item
1327 3936 1652 3992 substantiae
1682 3938 1845 4008 hujus
1877 3939 2140 4006 caelestis,

567 4048 690 4100 qua:
716 4046 823 4086 non
856 4040 1110 4100 augetur,
1168 4043 1345 4097 neque
1375 4027 1665 4094 minuitur,
1700 4035 1753 4082 et
1782 4028 1996 4098 penitus
2037 4044 2142 4084 non

567 4123 833 4189 variatur,
858 4131 914 4176 et
945 4132 1190 4175 motuum
1240 4118 1485 4175 caelestis
1542 4120 1806 4175 curriculi
1848 4120 2142 4178 vastissimi

568 4229 674 4268 non
698 4213 1033 4276 sonantium,
1067 4211 1113 4266 si
1142 4213 1214 4265 ita
1230 4209 1381 4280 loqui
1407 4219 1639 4277 oportet,
1662 4219 1717 4266 et
1737 4211 1990 4268 ordinum
2015 4215 2144 4269 stel-

568 4305 767 4369 larum,
797 4310 853 4357 et
883 4301 1377 4372 pulchritudinem,
1418 4309 1474 4357 et
1506 4301 1800 4366 luminum,
1848 4312 1902 4357 et
1930 4304 2145 4361 inflxio—

566 4410 700 4452 num
739 4410 952 4462 earum,
996 4404 1054 4450 et
1104 4394 1424 4464 multiplicis
1483 4409 1681 4450 cursus
1716 4396 1971 4466 vagantis
2008 4413 2146 4468 quo-

2176 3405 2219 3462 (ς
2253 3389 2503 3446 rumdam
2577 3390 2843 3452 siderum,
2896 3399 2949 3443 et
3008 3389 3241 3443 duorum
3276 3389 3650 3458 luntittﬂl‘itlﬂl,
3709 3409 3829 3463 qua:

2254 3485 2533 3554 Scriptura
2586 3493 2744 3538 vocat
2794 3497 3004 3552 magna,
3041 3484 3321 3549 circuitus,
3354 3495 3407 3539 ct
3432 3487 3644 3555 eodem,
3682 3490 3825 3544 ttnde

2252 3574 2498 3645 profecta
2533 3586 2684 3641 sunt,
2721 3573 3076 3638 reversionis,
3130 3579 3336 3646 quibus
3386 3579 3531 3648 apud
3565 3596 3671 3637 nos
3708 3582 3823 3637 dies

2249 3673 2304 3720 et
2337 3675 2521 3721 noctes
2551 3665 2998 3735 distinguuntur;
3032 3677 3086 3722 et
3120 3681 3338 3725 menses
3390 3679 3549 3739 atque
3572 3668 3705 3725 anni
3731 3672 3823 3727 dc-

2249 3758 2381 3813 iiniti
2422 3758 2576 3828 ipsos
2607 3770 2789 3814 monts
2822 3759 3107 3827 temporis,
3138 3770 3192 3815 et
3226 3774 3414 3814 eorum
3445 3776 3567 3831 quae
3607 3761 3660 3815 in
3684 3772 3820 3818 tem-

2249 3862 2381 3918 pore
2406 3856 2556 3913 sunt,
2587 3847 2795 3903 circulo
2812 3846 3100 3903 confectos
3122 3849 3484 3922 distinguunt,
3505 3865 3818 3916 numerant.

2250 3939 2521 4002 ordinant.
2552 3948 2604 3994 et
2636 3940 2938 3996 continent.
2969 3934 3109 4007 Quid
3140 3953 3321 3996 autem
3347 3942 3563 3998 dicatur
3585 3946 3652 3999 de
3675 3946 3820 4015 ipso-

2252 4040 2363 4085 met
2387 4033 2538 4086 radio
2567 4032 2746 4087 solist
2774 4033 2818 4084 A
2845 4048 3062 4087 summo
3090 4035 3235 4088 enim
3264 4034 3408 4088 bono
3431 4034 3617 4089 lumen
3639 4038 3808 4102 proti-

2248 4123 2496 4189 ciscitur,
2525 4132 2578 4178 et
2606 4123 2784 4194 imago
2804 4123 3062 4180 bonitatis
3079 4135 3164 4180 est
3184 4144 3197 4191 ;
3223 4124 3576 4194 quamobrem
3599 4129 3819 4183 nomine

2247 4214 2472 4271 luminis
2500 4216 2698 4270 bonum
2728 4216 2997 4281 laudatur,
3022 4225 3276 4287 tanquam
3297 4228 3554 4289 appareat
3579 4221 3814 4289 primum

2250 4308 2613 4377 exemplar-in
2640 4308 2897 4377 imagine.
2923 4305 3079 4363 Sicut
3098 4310 3244 4364 enim
3270 4312 3486 4367 bonitas
3520 4312 3818 4366 divinitatis

2250 4414 2373 4470 quae
2401 4413 2566 4469 supra
2591 4399 2773 4454 omnia
2801 4409 2903 4464 est,
2938 4416 2967 4455 a
3007 4401 3280 4470 supremis
3308 4411 3362 4457 et
3392 4402 3817 4474 provectissimis

2037 4536 2309 4599 Scholia.

639 4654 1131 4746 iiin‘rfec-tioicui
1159 4658 1421 4746 cntempla:
1439 4659 1764 4746 suntm-ultre
1786 4657 2147 4746 perfectiones,
2178 4663 2229 4721 D
2258 4661 2382 4746 ficat
2410 4662 2512 4716 hoc
2564 4663 2683 4717 loco
2736 4660 3043 4746 Dionvsius,
3086 4672 3146 4718 ιιι
3170 4666 3412 4746 .quidam
3450 4629 3809 4746 interpretati

558 4738 651 4781 est
682 4727 945 4798 perfectio
979 4742 1089 4781 non
1142 4729 1413 4782 abstracta
1445 4742 1539 4798 per
1568 4727 1906 4798 intellectum
1946 4744 1975 4782 a
2006 4739 2140 4794 toto,

559 4807 621 4851 et
645 4812 683 4868 a
712 4804 903 4866 parte;
935 4797 1052 4868 hac
1082 4798 1227 4850 enim
1269 4795 1459 4853 multis
1489 4795 1918 4868 perfectionibus
1947 4810 2095 4854 caret
2124 4818 2139 4864 ;

564 4867 828 4934 perfectio
852 4881 981 4921 vero
1007 4867 1302 4931 abstracta,
1322 4883 1373 4921 et
1391 4868 1640 4922 absolute
1672 4868 2016 4923 considerata
2038 4869 2144 4924 late

567 4947 741 5004 patet,
772 4937 899 5008 quia
931 4951 1035 5008 non
1069 4946 1156 5008 est
1186 4936 1433 4993 restricta
1460 4938 1527 4991 ad
1558 4946 1755 5003 totum,
1794 4946 1890 5008 aut
1919 4941 1985 4992 ad
2013 4954 2140 5008 par-

572 5015 710 5078 tem,
748 5005 805 5078 ut
832 5005 939 5060 vita
972 5006 1223 5078 absolute
1253 5009 1619 5066 considerata.
1648 5022 1773 5077 qua:
1817 5005 2026 5078 dicitur
2048 5023 2143 5078 per

565 5092 626 5128 se
645 5077 777 5139 vita,
797 5076 922 5131 huic
940 5077 1082 5130 nulla
1104 5076 1368 5145 perfectio
1390 5076 1679 5139 adimitur,
1707 5079 1852 5132 sicut
1882 5076 2144 5133 adimitur

565 5155 692 5199 Vita:
719 5148 770 5198 itt
801 5160 1016 5213 genere,
1045 5157 1104 5200 ut
1133 5148 1423 5213 animalis;
1460 5156 1513 5201 et
1551 5147 1674 5200 vita:
1715 5148 1767 5201 in
1810 5157 1962 5215 parte
1985 5163 2147 5216 gene-

569 5216 663 5281 ris,
688 5218 857 5279 idest,
887 5217 938 5269 in
956 5219 1156 5286 specie,
1176 5228 1231 5268 ut
1257 5218 1515 5276 haminis.
1542 5228 1635 5270 aut
1656 5217 1852 5285 angeli,
1884 5227 1937 5270 et
1967 5217 2139 5271 multo

569 5288 919 5357 nugisjtujtts
952 5286 1186 5357 hominis
1215 5298 1309 5339 aut
1339 5287 1512 5355 angeli
1538 5302 1658 5355 quae
1678 5296 1808 5339 sunt
1836 5287 2138 5341 individua.

640 5354 714 5424 (ἒ)
741 5354 841 5437 [fei-
872 5373 933 5412 se
962 5371 1105 5437 esse,
1140 5356 1387 5424 sicutper
1416 5354 1476 5437 se
1490 5354 1623 5418 vita,
1654 5364 1711 5409 et
1736 5371 1835 5437 per
1868 5371 1927 5437 se
1951 5373 2137 5418 unum,

569 5435 624 5477 et
658 5427 877 5493 similia,
932 5436 1018 5480 est
1050 5441 1149 5479 ens
1180 5442 1274 5494 per
1323 5426 1602 5491 accidens,
1657 5426 1786 5496 quia
1825 5426 2007 5479 solum
2045 5441 2140 5496 per

569 5496 994 5550 abstractionem
1028 5495 1247 5549 exsistit
1280 5495 1332 5547 io
1371 5507 1570 5548 mente.

642 5566 717 5634 ('5)
753 5566 1144 5620 Prittciniorum
1171 5575 1217 5618 et
1254 5565 1803 5621 subterminationum.
1831 5564 1947 5621 Non
1975 5568 2144 5635 signi-

642 5750 715 5817 (a)
740 5750 869 5819 Cap.
903 5750 937 5804 '5
970 5748 1047 5804 De
1075 5751 1238 5804 divin.
1277 5767 1418 5803 nom.
1453 5749 1506 5804 itt
1538 5748 1662 5803 fine.

2254 4740 2405 4795 sunt,
2432 4747 2664 4801 corpora
2686 4734 2940 4804 coelestia
2965 4748 3084 4789 esse
3102 4734 3367 4802 principia
3382 4738 3596 4804 agentia
3618 4734 3810 4792 eorum

2250 4810 2580 4872 quaeportum
2607 4810 2659 4855 et
2683 4803 2957 4856 interitum
2982 4804 3225 4872 capiunt,
3259 4815 3309 4858 et
3341 4803 3576 4859 discerni
3606 4822 3697 4863 res
3730 4822 3816 4861 se-

2251 4871 2488 4942 cundum
2526 4873 2715 4926 eadem
2758 4887 3025 4942 corpora;
3052 4871 3063 4872 7
3088 4890 3197 4927 non
3237 4877 3477 4941 loquitur
3510 4877 3596 4930 hic
3625 4876 3692 4930 de
3718 4878 3811 4930 btt-

2247 4941 2486 5012 jusmodi
2523 4943 2826 5010 principiis,
2853 4941 2946 4996 Sed
2978 4943 3043 4996 de
3077 4944 3356 5012 principiis
3388 4954 3442 4998 et
3470 4945 3806 4999 terminatio-

2253 5011 2416 5064 nibus
2454 5012 2670 5063 orbium
2697 5012 3025 5077 cwlestium,
3068 5011 3209 5081 Quos
3239 5013 3366 5068 fecit
3401 5016 3541 5068 Deus
3576 5017 3811 5069 bonitate

2253 5095 2351 5134 sua
2376 5082 2655 5153 globosos,
2687 5081 2748 5153 in
2784 5096 2891 5151 qua
2935 5082 3103 5150 figura
3133 5084 3269 5137 idem
3299 5094 3383 5137 est
3410 5083 3735 5153 principium
3758 5095 3810 5138 et

2258 5152 2547 5211 terminus,
2580 5150 2697 5204 sive
2726 5150 2845 5204 finis
2879 5169 2893 5217 ;
2927 5167 3032 5204 non
3065 5152 3203 5206 dixit
3251 5150 3726 5219 ἀποπέρατώέςεις,
3765 5157 3813 5207 id

2251 5231 2359 5283 est,
2417 5220 2852 5285 terzttinationes,
2904 5221 2997 5275 sed
3071 5223 3541 5291 ὑποπερατὼσεις,
3605 5224 3659 5278 id
3710 5236 3812 5286 est,

2253 5291 2790 5355 snbterminationes,
2828 5300 2885 5344 ut
2912 5292 2969 5343 S.
3002 5291 3264 5345 Maximus
3286 5296 3622 5357 observavit,
3681 5296 3807 5359 quia

2251 5370 2433 5413 motus
2466 5362 2715 5428 corporis
2768 5361 2974 5430 globosi
3026 5377 3134 5415 non
3168 5364 3327 5415 habet
3380 5363 3597 5430 proprie
3631 5375 3813 5418 terun-

2253 5444 2419 5502 num,
2440 5430 2533 5502 sed
2565 5432 2725 5502 veluti
2756 5431 3046 5484 terntinum
3103 5431 3265 5485 habet
3297 5436 3500 5486 moveri
3527 5436 3596 5485 ab
3625 5436 3804 5502 aliquo

2252 5498 2520 5566 principio
2559 5500 2622 5552 ad
2684 5500 2822 5553 ident
2858 5509 3117 5569 tanquam
3162 5502 3227 5555 ad
3286 5503 3603 5568 terminum,
3667 5498 3812 5556 verbi

2251 5572 2449 5637 gratia,
2481 5568 2549 5624 ab
2585 5571 2798 5625 oriente
2840 5572 2905 5625 ad
2933 5568 3182 5626 eumdem
3215 5575 3498 5626 orietttrm.
