4058 6306
344 353 444 418 81'!

983 349 1226 409 DECA‘S
1255 347 1356 409 Vl.
1393 372 1458 380 '—
1493 347 1604 406 εἰ)ιί
1639 340 2284 406 APPARITIONIDUS
2311 344 2561 406 DM’INI
2597 344 2947 407 LUMlNlS.

3488 343 3589 410 842

345 472 430 518 stt'.
453 464 670 516 stuntiis
721 478 919 532 usque
955 463 1019 514 ad
1053 471 1325 514 extremas
1355 458 1626 528 pervadit,
1657 467 1710 510 et
1741 455 1918 510 adhuc
1946 454 1993 513 Α
2021 459 2172 520 dum,
2209 457 2406 520 inquit,
2435 465 2518 510 est
2546 447 2830 520 dicere,'et
2866 456 3302 524 ίιηοειιίδωάυιι)
3337 456 3390 509 in
3411 461 3587 524 prima

349 573 511 621 Supra
547 569 737 607 clunes
769 563 872 617 est,
906 556 976 605 ita
1015 561 1067 605 ut
1103 565 1277 620 neque
1299 551 1611 620 Superiores
1641 563 1813 616 usque
1848 546 1917 600 ad

343 646 494 698 illius
524 646 896 697 excellentiam
917 644 1245 711 pertingant,
1273 656 1373 696 nec
1392 638 1682 696 ittferiOres
1709 653 1820 693 non
1848 637 1916 692 ab

349 736 438 788 illa
460 736 874 797 contineantur;
906 732 1034 801 quin
1065 733 1244 801 potius
1269 730 1450 785 omnia
1473 745 1595 799 qua:
1625 727 1918 783 illuminari

345 835 598 895 possunt.
640 825 926 886 illuminat,
963 833 1016 877 ct
1045 832 1214 884 creat,
1239 831 1291 876 et
1329 821 1494 875 vitam
1525 822 1634 884 dat,
1663 829 1716 873 et
1744 818 1920 876 conti-

344 931 461 978 net,
499 927 550 969 et
579 917 785 982 perlicit
812 933 827 979 ;
860 924 912 968 et
937 929 1190 967 mensura
1219 921 1305 966 est
1329 926 1518 964 eorum
1551 925 1668 977 quae
1696 917 1844 971 sunt,
1867 917 1922 961 et

348 1021 544 1070 aevum,
568 1016 620 1059 et
653 1021 931 1070 numerus,
954 1016 1007 1059 et
1035 1004 1191 1068 ordo,
1209 1013 1262 1058 et
1295 1001 1634 1070 complexus,
1653 1009 1706 1052 et
1730 1015 1916 1064 causa,

344 1103 511 1162 atque
537 1086 697 1147 linis:
729 1093 808 1147 sic
835 1094 996 1146 etiam
1029 1091 1220 1162 ingens
1252 1091 1375 1156 iste,
1425 1098 1480 1143 et
1509 1101 1651 1143 totus
1686 1089 1920 1157 splendi-

313 1247 315 1249 ι
350 1188 471 1251 dus,
512 1199 572 1238 ac
608 1199 823 1253 seraper
873 1185 1059 1237 lucens
1091 1183 1170 1236 sol
1208 1183 1386 1249 imago
1430 1195 1684 1249 expressa
1725 1188 1807 1232 est
1839 1179 1922 1231 di-

351 1278 486 1330 vinae
515 1276 790 1340 bonitatis,
809 1284 1079 1344 quatenus
1107 1273 1483 1326 tenuissimum
1505 1271 1634 1340 quid
1659 1269 1804 1325 ill'.us
1827 1270 1922 1323 lto—

351 1368 406 1421 ni
438 1371 493 1421 in
523 1381 590 1436 eo
617 1367 806 1434 procul
828 1363 1170 1433 reseruat“),
1191 1372 1247 1418 et
1274 1363 1456 1415 omnia
1492 1376 1613 1429 qua:
1645 1375 1768 1413 eum
1801 1375 1922 1427 par-

349 1461 576 1524 tieipare
608 1468 854 1524 possunt.
906 1459 1161 1520 illustrat,
1195 1464 1248 1510 et
1306 1454 1490 1508 lumen
1554 1454 1715 1506 habet
1749 1467 1914 1521 supra

349 1562 654 1613 extr-nsum,
675 1551 814 1618 quod
837 1550 888 1603 in
915 1551 1224 1602 univrrsum
1249 1547 1510 1601 mundum
1541 1545 1633 1615 qui
1658 1545 1919 1612 cernitur,

350 1650 461 1694 tum
497 1641 855 1707 superlorem,
894 1649 1004 1692 tum
1070 1637 1406 1696 inferiorem,
1445 1636 1735 1702 splendore
1771 1635 1918 1688 radi-

347 1747 502 1782 orum
539 1746 762 1782 suorum
787 1728 1150 1796 innltiplicat:
1184 1727 1303 1782 etsi
1335 1728 1462 1795 quid
1493 1742 1616 1781 eunt
1655 1741 1762 1779 non
1791 1741 1916 1793 par-

348 1822 557 1890 tiripat.
601 1837 706 1874 non
735 1830 815 1875 est
855 1821 909 1873 in
941 1835 1108 1878 causa
1155 1819 1498 1873 imbecillitas
1537 1826 1628 1870 aut
1676 1818 1914 1872 tenuitas

349 1914 622 1968 fat'lll’alls
651 1914 1012 1977 illuminandi,
1045 1915 1136 1967 sed
1178 1916 1358 1982 potius
1400 1928 1507 1968 non
1541 1927 1662 1968 esse
1692 1912 1915 1981 expedi-

349 2017 459 2059 tum
484 2007 548 2060 ad
572 2005 1037 2073 participationem
1072 2003 1320 2067 luminis,
1365 2003 1487 2071 quia
1533 2018 1639 2056 non
1693 2002 1762 2056 sit
1793 2001 1914 2055 ido-

353 2112 514 2150 neum
552 2099 618 2150 ad
656 2099 1048 2164 admittendum
1085 2097 1238 2152 illud.
1272 2099 1346 2150 Ac
1407 2109 1594 2149 revera
1634 2094 1801 2148 multa
1835 2096 1915 2148 sic

348 2197 494 2250 sunt,
541 2204 662 2256 qua:
697 2188 880 2242 radius
914 2188 1042 2242 solis
1070 2198 1512 2257 praetergressus,
1560 2185 1646 2239 illa
1672 2201 1794 2254 quae
1836 2185 1915 2238 ul-

355 2289 434 2331 tra
464 2289 617 2340 sunt,
679 2278 980 2342 illuminat;
1011 2287 1066 2331 et
1116 2277 1246 2330 nihil
1277 2285 1359 2330 est
1391 2290 1581 2330 eorum
1615 2290 1735 2344 quae
1765 2274 1912 2327 cerni

348 2379 597 2438 possunt,
629 2385 739 2437 quo
772 2385 877 2420 non
935 2368 1207 2437 pertingat
1246 2367 1346 2431 sol,
1401 2378 1459 2422 ut
1491 2377 1575 2421 est
1608 2367 1801 2434 ingens
1835 2365 1914 2421 vis

345 2460 649 2528 splendoris
675 2462 778 2518 sui.
813 2458 955 2524 Quin
987 2461 1151 2512 etiam
1184 2457 1251 2511 ad
1288 2468 1466 2512 ortum
1493 2472 1784 2526 Corporum
1811 2455 1914 2510 snb

347 2570 566 2612 sensum
598 2554 907 2608 cadentium
935 2554 1175 2620 confert,
1201 2559 1257 2608 et
1291 2567 1350 2608 ea
1404 2561 1585 2606 movet
1626 2553 1691 2604 ad
1720 2554 1910 2613 vitam,

348 2648 534 2703 nutrit.
575 2655 753 2714 anget,
813 2647 1044 2714 perlicit,
1105 2654 1160 2699 et
1187 2653 1401 2716 purgat,
1434 2657 1497 2697 ac
1547 2651 1805 2705 renovat;
1862 2650 1917 2695 et

351 2753 604 2792 mensura
655 2747 734 2790 est
761 2753 824 2790 ac
872 2751 1132 2790 numerus
1174 2731 1456 2799 horarum,
1494 2726 1812 2795 et'dicrum,
1862 2741 1917 2784 et

348 2830 528 2884 etuuis
575 2830 744 2882 nostri
779 2827 1034 2898 temporis
1058 2827 1184 2894 (hoc
1226 2825 1370 2884 enim
1407 2835 1491 2879 est
1523 2824 1653 2876 illud
1708 2824 1912 2882 lumen,

353 2922 566 2974 tametsi
597 2930 727 2973 tunc
761 2936 866 2974 non
887 2930 1005 2972 erat
1028 2918 1338 2987 ﬁguratum,
1361 2917 1506 2985 quod
1539 2916 1672 2969 dixit
1697 2905 1916 2967 divinus

353 3008 564 3079 Moyses
593 3009 909 3062 distinxisse
931 3007 1060 3061 illud
1091 3007 1328 3075 primum
1363 3005 1574 3058 dierum
1605 3013 1912 3056 nostrorum

353 3100 638 3163 triduum),
677 3099 817 3152 unde
839 3099 1012 3168 ἥλιος,
1049 3097 1102 3152 i.l
1134 3107 1239 3161 est,
1271 3096 1372 3161 sol,
1399 3096 1575 3152 dictus
1608 3104 1723 3156 est,
1769 3095 1911 3161 quod

2019 547 2402 618 explanatione
2435 547 2751 615 ﬁgurarum,
2785 561 2955 614 quare
2988 556 3173 601 sancta
3214 547 3496 614 Scriptura
3535 551 3586 602 in

2021 639 2321 708 ﬁgurandis
2346 638 2550 706 angelis
2577 638 2868 706 imaginem
2895 636 3106 706 igneam
3142 637 3254 692 fere
3288 654 3396 707 prae
3429 651 3588 692 t-aate~

2020 729 2097 784 ris
2128 727 2456 798 imaginibus
2491 726 2758 780 honorare
2791 728 3081 795 reperitur.
3118 728 3372 796 Reperies
3411 731 3589 795 itaqm

2017 836 2138 874 eam
2170 835 2276 874 non
2331 820 2504 876 solum
2539 827 2686 874 rotas
2721 819 2906 890 igneas
2937 819 3302 884 elliugentem,
3345 822 3436 873 sed
3475 823 3562 873 ani

2023 913 2182 966 utalia
2213 912 2448 982 exigue,
2481 921 2535 966 et
2584 911 2730 968 viros
2761 913 2938 966 instar
2996 913 3136 981 ignis
3171 911 3381 978 fulgore
3413 913 3574 966 collu-

2021 1014 2226 1070 eentes,
2270 1013 2382 1058 tum
2406 1019 2632 1060 acervos
2665 1004 2964 1060 carbonum
2991 1005 3129 1072 ignis
3159 1005 3307 1057 circa
3342 1004 3591 1068 etelestxs

2022 1090 2361 1148 substantias
2392 1102 2707 1159 ponentem,
2734 1091 3000 1146 etllnvios
3037 1095 3153 1162 igni
3189 1094 3466 1156 ardentes,
3491 1094 3591 1145 im-

2018 1192 2146 1258 petu
2191 1183 2283 1252 qui
2313 1182 2555 1236 cohiberi
2589 1197 2696 1235 non
2735 1185 2930 1250 possit,
2989 1183 3358 1251 proﬂuentes;
3403 1199 3510 1236 nuo
3539 1195 3594 1239 et

2020 1273 2178 1324 sedes
2208 1270 2283 1324 ait
2325 1271 2510 1340 igneas
2538 1284 2700 1336 esse;
2731 1280 2787 1324 et
2820 1272 2966 1339 ipsos
3006 1289 3291 1340 supremos
3326 1274 3554 1340 Serapini

2022 1374 2120 1432 nos
2151 1370 2370 1414 urentes
2421 1373 2772 1428 repraesentat
2789 1361 2857 1426 “,
2893 1370 2951 1416 ut
2985 1377 3182 1416 nomen
3227 1364 3484 1429 declarat,
3527 1381 3590 1418 ac

2021 1451 2407 1520 proprietatem
2435 1452 2572 1521 ignis
2603 1461 2656 1506 et
2684 1451 3025 1508 ellicientiam
3056 1455 3166 1508 illis
3191 1457 3411 1520 tribuit;
3442 1457 3594 1509 ιιι-ιιι-

2020 1558 2125 1610 que
2160 1558 2324 1614 supra
2356 1554 2408 1597 et
2462 1543 2601 1597 inl‘ra
2645 1545 2720 1616 (id
2756 1557 2856 1610 est,
2888 1548 3112 1618 ubique)
3144 1549 3310 1617 igneze
3339 1551 3592 1620 imaginis

2022 1631 2408 1686 formationem
2441 1636 2715 1704 praecipue
2747 1639 3000 1690 honorat.
3029 1637 3251 1708 igneum
3305 1641 3488 1708 igitur,
3535 1654 3592 1700 ιιι

2023 1723 2281 1786 arbitror,
2303 1721 2550 1792 designat
2576 1719 2866 1780 maximam
2897 1726 2954 1780 in
2985 1729 3256 1784 mentibus
3276 1731 3592 1788 curlestibus

1952 1797 1991 1852 Β
2021 1811 2110 1866 Dei
2137 1814 2586 1880 similitudinem;
2623 1817 2764 1871 sacri
2783 1820 2926 1890 enim
2949 1821 3178 1890 theologi
3204 1823 3590 1883 subsmntiant.

2016 1919 2137 1972 quae
2157 1920 2322 1973 supra
2354 1906 2710 1961 substantiam
2735 1909 2968 1969 est,sine
2989 1911 3329 1981 fortna,m:tlt
3353 1918 3403 1970 si
3433 1941 3439 1961 ι
3463 1915 3594 1970 locis

2017 1996 2068 2049 in
2092 1996 2211 2066 igne
2229 1997 2528 2061 detineant,
2547 2000 2692 2068 quod
2713 2000 2854 2070 ignis
2883 2005 3080 2059 multas
3105 2006 3296 2061 habeat
3331 2011 3594 2078 imagines

2019 2089 2082 2154 (si
2111 2089 2192 2144 fas
2232 2098 2318 2145 est
2346 2089 2550 2162 dicere)
2584 2092 2782 2150 divinae
2818 2096 3192 2163 praprietatis,
3225 2113 3499 2169 quan-nus
3536 2104 3589 2156 in

2016 2179 2085 2235 iis
2109 2195 2229 2250 qua:
2281 2194 2602 2249 cernuntur,
2633 2184 2834 2240 habere
2863 2196 3062 2256 potest.
3095 2190 3240 2260 ignis
3297 2195 3465 2256 enim,
3497 2194 3588 2262 qui

2015 2285 2179 2324 Sensu
2243 2273 2559 2342 percipitur,
2591 2286 2677 2332 est
2734 2278 2953 2346 quidem
2985 2280 3038 2334 in
3076 2283 3374 2346 omnibus,
3422 2295 3479 2338 ut
3521 2295 3590 2342 tta

1987 2378 1990 2380 ν
2017 2361 2218 2423 dicam,
2250 2372 2304 2416 et
2338 2378 2433 2431 per
2465 2366 2649 2420 omnia
2675 2382 2784 2422 non
2842 2371 3102 2438 permiste
3137 2374 3405 2441 pervadit,
3438 2384 3493 2429 et
3525 2379 3593 2428 ab

2015 2453 2272 2508 onmibns
2303 2453 2607 2526 diremptus
2631 2469 2734 2524 est,
2760 2474 2882 2514 cum
2902 2461 2971 2516 sit
2996 2462 3193 2531 alioqui
3213 2475 3359 2520 totus
3381 2467 3592 2533 lucens,

2015 2545 2174 2604 sintut
2220 2556 2306 2600 est
2351 2557 2611 2616 tanquam
2647 2551 2841 2616 latens,
2873 2555 3186 2625 incognitus
3221 2572 3314 2626 per
3357 2573 3441 2622 se,
3479 2574 3586 2613 non

2017 2639 2289 2706 proposita
2334 2642 2583 2706 materia,
2619 2643 2674 2696 in
2726 2659 2832 2712 qua
2864 2660 3016 2699 suam
3079 2648 3182 2702 vim
3214 2657 3268 2702 et
3321 2651 3591 2706 actionem

2016 2730 2293 2792 ostendat,
2331 2747 2508 2799 neque
2537 2734 2732 2798 teneri,
2767 2751 2939 2804 neque
2961 2738 3127 2792 videri
3153 2749 3355 2808 potest,
3389 2751 3443 2795 ct
3471 2757 3591 2796 0m.

2020 2819 2106 2870 nia
2142 2830 2399 2887 superat;
2454 2833 2509 2876 et
2538 2839 2599 2877 ea
2651 2825 2705 2879 in
2735 2827 2933 2894 quibus
2975 2828 3142 2884 fuerit
3200 2833 3492 2900 ingenitus,
3525 2837 3591 2890 ad

2018 2925 2171 2963 suam
2199 2914 2512 2968 l'aeu'tatem
2542 2917 2740 2970 trahit:
2779 2918 2940 2974 habet
2978 2922 3086 2975 vim
3126 2923 3468 2989 immutandi,
3493 2928 3592 2979 itu.

2021 3003 2286 3072 partiendi
2318 3020 2378 3057 se
2409 3009 2668 3062 omnibus
2700 3012 2792 3076 qui
2825 3012 2891 3064 ad
2929 3027 3052 3067 eum
3089 3022 3367 3085 utcunque
3393 3034 3588 3088 appro-

2023 3090 2303 3159 pinquaut,
2334 3096 2624 3149 renovandi
2650 3099 2832 3152 calore
2851 3098 3018 3165 vitali,
3049 3101 3382 3156 illuminandi
3411 3106 3595 3172 splen-

351 3189 532 3242 omnia
570 3190 694 3243 [ιιι-ῆι
748 3189 933 3260 ἀολλῆ,
965 3189 1014 3243 id
1045 3197 1148 3254 est,
1203 3188 1383 3243 omnia
1438 3195 1619 3245 servat
1658 3186 1830 3249 salva,
1863 3194 1914 3239 et
1947 3183 1987 3204 Ὺ·
2025 3183 2252 3238 duribus
2295 3202 2400 3239 non
2429 3187 2699 3254 obtectis;
2731 3203 2838 3244 non
2881 3201 3058 3259 potest
3085 3193 3355 3274 cohiberi.
3385 3207 3472 3251 est
3502 3199 3593 3251 ad-

350 3291 643 3351 ('Oltgregal
693 3281 938 3351 dispersa
971 3299 986 3348 ;
1019 3291 1073 3336 et
1099 3283 1280 3335 omnia
1316 3296 1436 3352 quae
1491 3277 1758 3334 sentiendi
1807 3283 1912 3332 vim

351 3372 553 3428 habent
595 3388 716 3427 eum
751 3382 1034 3442 appetunt,
1107 3371 1193 3427 vel
1225 3381 1281 3426 ut
1316 3371 1552 3437 videant,
1583 3372 1660 3423 \‘t-l
1712 3382 1768 3422 ut
1800 3387 1913 3422 mo-

353 3473 597 3527 veantur,
620 3473 674 3518 et
706 3465 1097 3526 illuminentur,
1131 3472 1182 3517 et
1203 3461 1497 3527 calescant,
1522 3473 1574 3513 ιιι
1601 3462 1832 3527 denique
1859 3468 1916 3512 ut

351 3549 754 3618 contineantur,
781 3567 836 3608 et
856 3536 1248 3608 conserventur
1266 3569 1294 3605 a
1318 3553 1429 3606 Sole
1459 3569 1474 3605 :
1507 3568 1611 3604 non
1638 3554 1739 3603 hoc
1765 3553 1930 3614 dico,_

351 3655 410 3700 ut
437 3646 731 3712 antiquitas
753 3645 1127 3710 existimabat,
1160 3643 1302 3708 quod
1337 3643 1415 3697 sol
1447 3643 1515 3694 sit
1541 3641 1703 3701 Dens,
1738 3651 1792 3694 et
1821 3656 1918 3692 an-

351 3749 467 3790 ctor
499 3735 758 3795 universi.
799 3737 890 3804 qui
942 3737 1084 3794 hunc
1111 3734 1367 3788 tnundum
1414 3747 1574 3801 quem
1615 3731 1912 3794 cernimus,

351 3844 567 3898 proprie
590 3826 875 3895 gubernet,
909 3827 1001 3880 sed
1037 3828 1220 3894 potius
1250 3824 1394 3902 quod
1437 3822 1728 3877 invisibilia
1767 3822 1857 3875 Dei
1885 3838 1915 3876 a

349 3927 600 3972 creatura
646 3915 829 3967 mundi
873 3931 968 3984 per
996 3930 1061 3968 ea
1114 3928 1235 3982 qua:
1287 3913 1425 3966 facta
1461 3921 1608 3974 sunt,
1645 3911 1916 3964 intellecta

349 4009 781 4077 conspiciuntur,
810 4009 1134 4074 sempiterna
1168 4019 1388 4074 quoqm:
1424 4003 1545 4073 ejus
1565 4003 1735 4058 virtus
1753 4011 1803 4055 et
1830 4003 1916 4052 di-

347 4103 566 4154 vinitas.
602 4099 675 4153 Ex
706 4101 910 4170 quibus
945 4107 1112 4166 patet,
1143 4111 1303 4150 oume
1353 4095 1533 4148 lumen
1565 4094 1707 4163 quod
1740 4085 1914 4146 cerni-

349 4203 435 4246 tur
463 4210 491 4245 a
521 4191 628 4244 Deo
654 4191 852 4244 factum
899 4204 1053 4255 esse;
1082 4198 1136 4240 et
1164 4189 1333 4243 solem
1366 4202 1486 4240 esse
1518 4184 1701 4238 multis"
1737 4183 1915 4237 modis

347 4295 399 4336 et
434 4285 735 4339 rationibus
771 4283 1062 4352 imaginem
1115 4279 1375 4340 bonitatis
1407 4278 1531 4332 Dei:
1559 4276 1720 4341 simul
1746 4277 1912 4330 etiam

349 4379 773 4428 tlutltOltslt'altlul
810 4384 916 4437 est,
949 4373 1414 4442 quemadmodum
1451 4383 1576 4424 cum
1615 4368 1753 4421 Deus
1779 4365 1917 4418 dixit

2022 3277 2297 3333 mistionis
2320 3294 2535 3348 expers,
2573 3281 2735 3338 habet
2763 3282 2873 3336 vim
2897 3285 3239 3350 secernendi,
3267 3296 3351 3342 est
3392 3289 3595 3343 imnm~

2019 3369 2224 3432 tabilis,
2261 3368 2434 3425 fet-tur
2465 3372 2722 3436 sublime,
2756 3385 2838 3430 est
2859 3383 3040 3430 motus
3069 3377 3282 3442 celeris,
3309 3389 3395 3432 est
3423 3381 3592 3441 altus.

2025 3476 2131 3512 non
2183 3463 2385 3528 patitur
2413 3473 2472 3514 ιιι
2501 3478 2740 3530 unquam
2775 3475 2993 3533 appetat
3031 3467 3291 3523 deorsum
3328 3471 3478 3533 ferri,
3510 3488 3597 3527 est

2025 3563 2122 3616 per
2161 3565 2220 3603 se
2252 3552 2493 3613 mobilis,
2527 3568 2743 3622 semper
2771 3556 3022 3628 mobilis:
3061 3557 3165 3611 alia
3195 3573 3453 3625 movens;
3499 3565 3594 3616 ha-
3675 3546 3684 3553 ⁷

2025 3641 2113 3693 bet
2144 3641 2248 3693 vim
2271 3643 2672 3704 continendi,et
2701 3660 2730 3698 a
2765 3647 2914 3701 nullo
2941 3649 3210 3703 contineri
3248 3662 3446 3720 potest,
3487 3671 3594 3710 non

2026 3731 2233 3799 indiget
2266 3732 2390 3796 alio,
2411 3741 2569 3801 auget
2598 3750 2656 3788 se
2683 3737 2914 3802 occulte,
2936 3747 2988 3793 et
3005 3739 3057 3792 in
3076 3743 3316 3796 materiis
3338 3745 3597 3811 subjectis

2025 3825 2265 3880 declarat
2299 3823 2726 3902 magnitudinem
2779 3846 2968 3886 suam:
3009 3844 3094 3887 est
3122 3834 3330 3896 ellicax,
3379 3850 3594 3905 potens,

2024 3931 2206 3970 coram
2237 3919 2492 3972 onmibus
2543 3919 2694 3974 adest
2731 3920 3171 3989 ittaspertabilis;
3206 3927 3249 3978 si
3282 3942 3317 3978 ιι
3356 3929 3596 3996 gligitnr,

2029 4007 2237 4060 videtur
2271 4022 2375 4060 non
2397 4021 2558 4074 esse;
2594 4010 2876 4066 collisione
2918 4013 3078 4076 iacta,
3112 4017 3273 4070 veluti
3306 4021 3592 4087 qna-situs.

2027 4101 2345 4173 naturaliter
2373 4111 2426 4155 et
2464 4112 2714 4172 cogitate-
2751 4115 2968 4172 repente
3012 4118 3260 4176 apparet,
3305 4118 3359 4164 et
3403 4127 3594 4168 rursus

2024 4189 2202 4240 avolat
2235 4189 2710 4256 incomprehensc;
2744 4192 2795 4244 in
2819 4195 3072 4250 omnibus
3094 4197 3178 4250 sui
3199 4199 3596 4267 copiosissimis

2024 4277 2504 4338 distributionibus
2529 4297 2632 4336 non
2662 4284 2953 4338 minuitur.
2991 4285 3181 4342 Multas
3206 4287 3346 4359 ignis
3379 4295 3594 4361 pr0pri~

2023 4375 2195 4420 etates
2250 4371 2449 4437 poterit
2494 4372 2618 4440 quis
2653 4373 2898 4429 invenire
2937 4375 3136 4430 divina:
3169 4379 3473 4447 operationi
3505 4397 3598 4437 εοε-

352 4468 525 4533 primo
559 4467 646 4518 die
670 4481 686 4519 :
711 4465 827 4518 Fiat
855 4466 970 4525 lux,
1002 4465 1173 4516 lucem
1203 4462 1349 4517 illius
1385 4460 1546 4515 tridui
1579 4461 1697 4513 sine
1721 4461 1915 4526 llgma,
1951 4487 1994 4543 υ
2023 4470 2238 4528 gnatas.
2292 4469 2564 4528 quatenus
2597 4463 2649 4518 in
2699 4467 3048 4522 sensibilibus
3091 4469 3425 4540 imaginibus
3475 4490 3596 4529 esse

351 4565 405 4605 et
433 4553 682 4606 d.llusam
716 4555 987 4621 coegit,et
1007 4554 1060 4605 in
1087 4556 1313 4622 liguram
1343 4549 1487 4620 globi
1510 4549 1640 4606 solis
1659 4546 1916 4608 contulit,

354 4647 658 4713 praeliniens
675 4648 724 4697 ei
752 4646 896 4698 eirru
907 4646 1011 4697 itus
1030 4653 1083 4697 et
1113 4644 1272 4697 nrbes
1295 4657 1532 4696 animos.
1556 4641 1700 4695 ldem
1732 4649 1920 4695 osten-

351 4736 430 4788 dit
469 4749 695 4802 magnns
733 4733 986 4794 Basilius,
1019 4734 1070 4784 in
1103 4735 1142 4787 ll
1170 4746 1463 4785 saemero.

969 4845 1197 4901 CAPUT
1232 4846 1297 4900 ll.

351 4965 500 5030 Quod
520 4965 654 5033 ignis
677 4963 771 5017 sub
789 4980 993 5018 sensum
1016 4962 1208 5016 cadens
1237 4951 1338 5018 non,
1353 4961 1523 5015 solum
1548 4956 1799 5033 inuidiae:
1824 4968 1916 5033 an:

421 5025 680 5104 gratorum,
702 5035 789 5103 qui
807 5034 1220 5104 similitudinem
1236 5033 1330 5084 Dei
1349 5039 1556 5104 gerunt,
1573 5025 1798 5087 exhibet,
1825 5025 1914 5076 sed

417 5101 580 5166 ipsius
611 5101 766 5157 etiam
795 5103 927 5167 Dei;
959 5114 1006 5156 et
1031 5119 1147 5170 qua:
1173 5101 1285 5170 ejus
1311 5101 1676 5168 proprietates.

421 5197 709 5268 Dionysius
738 5211 858 5266 cap.
893 5196 956 5249 15
989 5194 1226 5249 Calatis
1251 5194 1543 5247 hierarch.:
1579 5192 1913 5262 Aggredien—

2021 4565 2270 4619 possunt.
2293 4552 2404 4608 Hoc
2431 4555 2595 4622 igitur
2613 4572 2738 4612 cum
2761 4559 2814 4612 in
2841 4559 3042 4614 divinis
3061 4559 3286 4616 Litteris
3301 4566 3498 4620 eruditi
3514 4569 3598 4619 di.

2018 4643 2273 4708 dicerint.
2325 4646 2578 4700 «plastes
2611 4651 2948 4704 substantias
2976 4665 3040 4705 ex
3081 4654 3204 4721 igne
3225 4657 3502 4724 etilngnnt,
3538 4669 3599 4716 ut

2021 4733 2432 4790 similitudinem
2457 4736 2573 4800 Dei,
2604 4755 2721 4806 qua:
2747 4741 2798 4792 in
2827 4741 2930 4794 illis
2955 4743 3117 4806 inest,
3147 4752 3200 4796 et
3235 4743 3592 4804 imitationem

2021 4824 2146 4878 item
2183 4826 2271 4879 Dei
2318 4841 2580 4894 quantum
2612 4831 2716 4884 illa:
2777 4847 2974 4900 capere
3006 4847 3254 4902 p08:|ltll,
3299 4854 3596 4906 repraesen-

2024 4923 2155 4972 tent.
2192 4915 2404 4973 ltursus
2437 4921 2580 4974 idem
2602 4921 2891 4992 Dionysius
2928 4925 2981 4979 in
3017 4928 3252 4996 epistola
3284 4928 3350 4982 ad
3384 4928 3594 4983 Titum:

2027 5006 2244 5060 Etenim
2273 5024 2381 5064 non
2407 5012 2581 5065 solum
2605 5014 2827 5075 lumina.
2851 5031 2970 5086 qua:
2995 5025 3126 5072 sunt
3155 5035 3316 5090 supra
3340 5025 3596 5077 substth

2030 5099 2190 5164 tiam,
2221 5111 2274 5154 et
2305 5112 2486 5158 ruente
2516 5108 2973 5175 contemplamur,
2998 5122 3053 5166 et
3083 5123 3141 5166 tit
3181 5116 3347 5170 semel
3389 5116 3594 5176 dicam,

2023 5189 2235 5253 divina,
2263 5194 2532 5264 symbolis
2577 5198 2645 5251 ad
2693 5199 3035 5268 ﬁgurandum
3068 5207 3468 5274 pertinentibus
3501 5222 3595 5258 va~

415 5359 488 5412 ”.
523 5359 654 5412 Dan.
691 5376 782 5423 vn,
815 5359 870 5425 9,
940 5359 1046 5416 10;
1090 5358 1288 5417 Ezcclt.
1323 5358 1411 5423 15,
1448 5357 1535 5422 Η,
1567 5356 1672 5424 ‘27;
1701 5369 1820 5419 vni,
1855 5354 2145 5421 2;.Matth.
2179 5372 2368 5424 uvnt,
2427 5358 2481 5412 5.

1821 5472 2097 5535 Scholia.

427 5605 500 5672 (l)
527 5605 910 5661 Tenuissimum
968 5620 1195 5661 resonat.
1254 5609 1438 5661 Grmee
1482 5615 1566 5660 est
1604 5604 1914 5669 πολλοστδν,

355 5678 496 5744 quod
519 5677 798 5730 Lucretius
823 5691 978 5745 poeta
1011 5681 1314 5741 llomanns,
1341 5681 1437 5732 lib.
1466 5694 1540 5739 \‘l,
1575 5677 1736 5727 vertit
1769 5678 1912 5727 mul-

365 5745 613 5798 tesitunm
660 5763 719 5798 ea
771 5752 965 5808 loitna,
998 5767 1100 5814 qua
1136 5755 1332 5801 tllt'lllll‘
1378 5749 1758 5809 centesimum,
1793 5747 1911 5798 intl-

671 5839 943 5900 I’ATttoL.
989 5847 1100 5903 Litt.
1140 5845 1250 5903 CLI
1267 5844 1284 5905 l
1299 5893 1313 5909 .

2027 5605 2297 5659 lesimum.
2328 5605 2607 5675 Signiﬁcat
2632 5608 3016 5660 tenuissimum
3043 5607 3128 5658 hic
3175 5605 3404 5657 extremi
3451 5607 3596 5672 sonti,

2025 5685 2083 5726 nt
2118 5677 2162 5728 si
2195 5678 2337 5742 quis.
2369 5677 2548 5743 inquit
2599 5689 2819 5730 sanctus
2851 5678 3140 5736 Maximus,
3175 5688 3364 5741 magna
3394 5676 3600 5727 vin-iic-

2025 5748 2234 5800 t‘ationc
2261 5747 2464 5815 aliquid
2491 5748 2656 5811 dicat,
2687 5750 2774 5815 qui
2803 5757 2996 5808 astant,
3022 5755 3074 5797 et
3111 5746 3246 5796 bene.
3277 5749 3599 5814 clamorem,

3165 5840 3236 5900 27

3414 5917 3484 5936 ,οι-ο
