4078 6274
303 333 418 395 ΜΒ

964 335 1202 396 DECAS
1229 331 1327 395 VI.
1361 355 1432 370 ν·
1464 331 1561 392 DE
1588 328 2225 392 API‘ARITIONIBUS
2260 331 2504 392 DIVINI
2538 326 2888 391 LUMINIS-

3437 322 3543 387 8&6

304 444 669 513 propr-mione
699 453 751 498 et
805 443 1111 501 ministerio
1165 443 1619 499 illuminationem
1681 441 1866 496 habet.
1898 444 1944 504 Α
1978 441 2208 511 Propter
2241 443 2362 506 hoc,
2397 442 2495 506 ait,
2543 455 2723 510 neque
2784 437 3001 493 nomina
3057 435 3192 492 dicit
3226 451 3411 490 eorum
3447 441 3544 505 qui

305 531 554 590 'l‘o-rtium
605 535 787 589 lumen
824 546 907 589 est
952 536 1135 596 Ιιυιιιο,
1169 536 1311 605 quod
1369 534 1530 587 etiam
1577 532 1872 601 gentilibus

311 628 659 680 manil‘esmm
690 637 773 681 est
811 645 824 681 :
859 627 973 696 φῶς
1005 628 1176 690 enim,
1205 626 1256 679 id
1300 634 1401 690 est,
1436 626 1644 687 lumen,
1697 623 1874 677 nomi-

312 719 761 783 nauthominern,
794 731 1014 788 propter
1049 719 1356 772 facultatem
1405 717 1632 770 rationis
1661 729 1782 786 quae
1817 714 1872 768 in

303 811 466 864 nobis
485 820 601 874 est;
631 819 683 864 et
709 825 898 865 rursus
930 812 1020 879 qui
1057 811 1163 866 Deo
1182 822 1310 865 sunt
1339 809 1657 871 similiores,
1681 817 1734 863 et
1759 822 1874 862 ma-

308 902 389 970 gis
420 917 580 970 quam
616 917 721 956 nos
753 903 853 971 ipsi
907 903 1096 956 vicini.
1131 899 1259 957 Scio
1288 901 1452 955 etiam
1484 898 1631 954 aliud
1690 901 1872 952 lumen

301 1009 452 1057 esse,
489 1011 596 1063 quo
626 995 727 1048 illa:
758 995 945 1064 prima:
974 1003 1092 1064 quae
1121 1003 1427 1059 cmperunt,
1454 993 1688 1047 tenebrae
1711 991 1878 1062 pulsa

311 1095 461 1146 Sunt,
497 1085 576 1138 vel
613 1086 914 1156 diremptze,
978 1089 1118 1157 quod
1151 1095 1277 1141 ante
1304 1100 1525 1140 omnem
1562 1095 1876 1139 creaturam

309 1177 698 1244 aspectabilem
731 1177 941 1232 lacuum
981 1189 1084 1243 θείς
1131 1186 1184 1231 et
1239 1178 1530 1233 circuitum
1587 1178 1875 1230 rotundum

311 1271 620 1333 stellarum,
686 1279 737 1324 et
775 1270 924 1324 illum
978 1269 1343 1339 splendorem,
1397 1283 1428 1322 a
1487 1281 1597 1337 quo
1643 1279 1879 1335 superne

307 1377 602 1416 universus
654 1363 891 1416 mundus
941 1362 1201 1416 collucet.
1238 1360 1452 1415 Lumen
1490 1357 1713 1428 quidem
1747 1356 1876 1411 illud

309 1461 429 1506 erat
454 1452 687 1520 primum
710 1453 1020 1506 mandatum
1041 1453 1217 1521 primo
1247 1450 1450 1505 homini
1471 1450 1651 1503 datum
1673 1466 1687 1513 ;
1709 1462 1879 1517 quan-

310 1545 381 1598 do
402 1545 618 1613 quidem
643 1544 866 1598 lueerna
894 1556 976 1599 est
1005 1546 1316 1599 mandatum
1347 1544 1566 1614 legis,et
1589 1543 1792 1607 lumen,
1826 1550 1881 1596 et

310 1638 439 1706 quia
464 1639 644 1690 lumen
672 1648 800 1692 sunt
831 1650 1094 1707 praecepta
1115 1646 1206 1692 tua
1235 1652 1396 1706 super
1410 1645 1634 1701 terram;
1664 1632 1877 1688 tametsi

1974 534 2251 588 ascensuri
2277 543 2454 599 erant;
2508 534 2855 586 vehementer
2924 528 3068 582 enim
3130 527 3328 596 reliqui
3386 531 3541 596 sequi

1975 624 2385 691 concupissent,
2445 624 2754 692 exemplum
2805 621 2992 692 gloriae
3040 619 3186 674 illius
3215 621 3538 688 spectaturi;

1974 715 2400 782 docuissentque
2454 726 2713 782 tanquam
2749 711 2941 781 spreti.
2978 709 3089 765 Etsi
3122 713 3264 764 enim
3304 711 3406 764 hoc
3459 711 3546 763 lu-

1977 820 2097 857 men
2125 805 2364 860 crassius
2411 812 2465 858 et
2503 803 2814 857 concretius
2846 801 3264 863 demonstravit,
3302 801 3536 853 multum

1977 905 2157 949 tamen
2183 894 2512 948 desiderium
2542 909 2628 949 res
2673 892 2952 947 afferebat.
2981 891 3047 944 Et
3079 906 3270 945 rursus
3318 889 3372 944 in
3408 906 3541 944 ora-
3569 891 3575 898 ’

1978 989 2122 1041 tione
2173 985 2239 1039 ad
2291 983 2639 1040 Theodorum
2695 985 2933 1056 lapsum,
2994 983 3159 1050 Quid,
3205 983 3401 1050 inquit,
3461 993 3548 1036 est

1977 1079 2119 1146 quod
2148 1077 2484 1147 resplenduit
2511 1086 2774 1147 tauquam.
2813 1077 2929 1130 sol?
2957 1076 3142 1130 Gloria
3207 1084 3384 1128 autem
3417 1090 3539 1128 cor-

1978 1183 2170 1238 porum
2208 1169 2596 1224 immortalium
2632 1183 2736 1221 non
2778 1176 2988 1221 tantmn
3052 1166 3271 1222 luminis
3317 1165 3542 1228 emittit,

1983 1271 2246 1327 quantmn
2284 1261 2385 1315 hoc
2411 1275 2608 1328 corpus
2635 1260 3005 1328 interiturum,
3038 1257 3182 1326 quod
3215 1273 3390 1325 neque
3435 1256 3544 1310 tale

1977 1361 2115 1419 erat,
2181 1352 2342 1422 quale
2397 1353 2571 1406 oculis
2621 1352 2941 1407 mortalibus
2996 1350 3145 1404 cerni
3205 1359 3400 1419 potest,
3450 1350 3542 1402 sed

1977 1442 2120 1512 quod
2183 1451 2405 1511 aspectu
2467 1441 2752 1496 oculorum
2810 1440 3229 1504 immortalium,
3263 1449 3320 1494 ut
3377 1439 3545 1494 videri

1979 1542 2192 1604 posset,
2229 1549 2371 1602 opus
2399 1532 2653 1587 habebat.
2689 1533 2883 1587 Adhuc
2907 1533 3045 1586 idem
3099 1533 3154 1586 in
3191 1534 3380 1586 eadem
3415 1546 3547 1584 ora-

1981 1625 2168 1678 tione:
2204 1623 2308 1679 Sed
2350 1623 2396 1678 si
2435 1622 2704 1686 volumus,
2733 1623 2930 1692 inquit,
2987 1623 3288 1678 videbimus
3335 1633 3389 1678 et
3449 1638 3547 1678 nos

318 1729 506 1783 invida
542 1729 785 1791 tenebra,
818 1745 938 1798 quin
992 1729 1233 1798 irrepsit,
1287 1729 1582 1798 nequitiam
1643 1726 1870 1782 creavit.

1988 1713 2295 1780 Christum,
2348 1722 2407 1769 ut
2454 1714 2528 1767 illi
2592 1728 2720 1768 tunc
2776 1713 2827 1768 in
2882 1723 3087 1779 monte,
3142 1715 3311 1768 multo
3347 1723 3542 1768 tamen

314 1819 526 1873 Lumen
564 1835 690 1873 vero
735 1785 1000 1892 typirmu,
1031 1827 1086 1874 et
1107 1785 1338 1888 compar
1371 1785 1445 1872 iis
1474 1819 1563 1884 qui
1593 1815 1722 1870 illud
1748 1831 1872 1870 sus-

1988 1807 2336 1875 splendidius,
2373 1805 2654 1860 non'enim
2684 1808 2764 1861 sic
2794 1817 2977 1877 postea
3009 1808 3210 1870 veniet;
3242 1790 3370 1861 tunc
3399 1809 3544 1860 θέλω

314 1912 611 1981 eipiebaut,
669 1913 752 1966 lex
790 1913 988 1982 scripta
1011 1918 1150 1974 erat,
1178 1926 1298 1980 quae
1314 1911 1598 1964 veritatem
1625 1918 1678 1963 et
1698 1907 1880 1978 magni

313 2002 538 2056 luminis
575 2002 887 2074 mysterium
918 2003 1302 2068 adumbrabat;
1334 2001 1600 2071 siquidem
1633 2008 1686 2054 et
1715 1998 1882 2054 facies

317 2089 518 2158 Moysis
551 2091 650 2145 hoc
682 2091 886 2146 lumine
917 2092 1272 2159 splendescit.
1311 2090 1376 2144 Et
1408 2100 1465 2145 ut
1502 2091 1571 2144 de
1634 2089 1882 2160 pluribus

314 2181 615 2236 luminibus
637 2181 948 2252 loquamur,
967 2182 1148 2236 lumen
1173 2181 1392 2251 quidem
1419 2180 1693 2250 eratquod
1711 2178 1880 2251 Moysi

314 2288 384 2326 ex
426 2273 546 2342 igne
577 2274 850 2343 apparuit,
879 2288 1000 2327 cum
1027 2274 1251 2327 ardebat
1283 2273 1473 2336 rubus,
1502 2282 1555 2326 et
1584 2255 1700 2326 non
1727 2285 1879 2327 com-

317 2364 638 2425 burebatur.
676 2374 734 2418 ut
778 2375 1026 2419 naturam
1085 2368 1430 2427 ostenderet,
1477 2373 1532 2418 et
1579 2364 1881 2434 potentiam

315 2455 554 2509 divinam
593 2455 917 2509 declararet.
965 2453 1168 2509 Lumen
1218 2453 1414 2508 deimle
1439 2465 1583 2516 erat,
1636 2453 1780 2522 quod
1828 2454 1880 2506 in

313 2546 566 2600 columna
603 2546 744 2615 ignis
779 2547 976 2615 populo
1004 2546 1316 2601 lsraeletico
1351 2547 1403 2600 in
1472 2548 1553 2599 via
1623 2557 1879 2613 tanquam

313 2637 428 2690 dux
463 2638 708 2706 pra-ibat,
744 2649 796 2691 et
833 2637 1144 2690 solitudinis
1176 2638 1521 2705 aSperitatem
1573 2636 1880 2705 mitigabat.

333 2729 542 2782 Lumen
575 2731 725 2793 item,
755 2731 896 2799 quod
925 2728 1092 2782 Eliam
1127 2728 1177 2781 in
1209 2745 1373 2783 curru
1409 2729 1567 2798 igneo
1590 2729 1790 2797 rapuit,
1832 2739 1887 2782 et

251 2810 253 2813 ’
317 2831 536 2890 raptum
584 2837 690 2875 non
732 2822 1054 2876 combussit.
1099 2821 1301 2874 Lumen
1331 2830 1595 2891 pra-terea
1619 2821 1761 2889 quod
1791 2836 1886 2889 pa-

325 2919 504 2964 stores
530 2910 916 2975 circuml‘ulsit,
945 2912 1159 2979 quando
1197 2911 1326 2964 illud
1383 2912 1562 2964 lumen
1598 2913 1715 2966 sine
1751 2921 1886 2965 tent-

319 3017 450 3069 pure
498 3001 688 3054 lutniui
743 2989 1002 3069 tem-poris
1036 3001 1467 3055 admiscebatur.
1525 3000 1735 3056 Lumen
1785 3001 1883 3055 fuit

316 3093 454 3147 illud
480 3093 645 3146 stellae
673 3107 795 3161 qua
823 3092 1096 3146 Bethleem
1124 3093 1386 3152 cucurrit.
1420 3101 1477 3145 ut
1509 3091 1688 3162 Magos
1706 3094 1880 3148 dedu-
1911 3123 1954 3182 α

319 3193 493 3248 εει-ιιι,
532 3193 586 3239 et
617 3185 800 3238 lumen
831 3199 998 3253 supra
1032 3199 1131 3239 nos
1158 3185 1434 3238 nobiseum
1473 3193 1654 3238 ortum
1682 3187 1886 3239 satelli-

318 3279 400 3330 tio
431 3276 674 3346 stiparet.
726 3273 935 3330 Lumen
990 3275 1172 3338 etiam,
1227 3274 1484 3330 divinitas
1533 3275 1622 3329 illa
1667 3288 1884 3330 ostensa

318 3367 494 3421 ferme
521 3365 768 3432 solidior,
789 3379 952 3436 quam
970 3374 1030 3418 ut
1052 3373 1300 3434 aspectus
1323 3365 1461 3420 ferre
1478 3376 1678 3432 posset;
1704 3367 1884 3421 lumen

323 3472 548 3526 quoque
579 3455 834 3527 splendor
857 3456 1003 3510 illinc
1037 3457 1102 3510 ad
1128 3470 1222 3510 eos
1255 3457 1345 3525 qui
1382 3457 1468 3511 hic
1494 3458 1703 3526 purgati
1737 3467 1884 3522 sunt,

321 3558 672 3612 manaturus,
725 3562 849 3602 cum
887 3547 1167 3616 fulgebunt
1223 3546 1353 3616 justi
1401 3547 1542 3602 sicut
1596 3550 1697 3612 sol,
1749 3549 1888 3602 inter

321 3656 466 3710 quos
493 3649 600 3693 stat
624 3638 764 3694 Deus
794 3640 848 3692 in
878 3639 1058 3692 medio
1088 3639 1312 3691 deorum
1343 3647 1395 3692 et
1425 3653 1630 3707 regum,
1677 3640 1888 3693 discer-

331 3746 470 3785 nens
499 3741 552 3784 et
603 3730 944 3798 distinguens
995 3730 1284 3798 dignitates
1329 3728 1683 3785 beatitudinis
1741 3731 1890 3785 illmc

325 3821 744 3893 proﬁciscentis.
773 3822 975 3875 Praeter
1002 3821 1103 3875 ista
1134 3820 1339 3876 lumina
1363 3821 1536 3874 lumen
1563 3833 1641 3876 εει
1671 3825 1890 3892 proprio

320 3914 745 3984 quodammodo
767 3913 1097 3966 illuminatio
1117 3912 1479 3981 baptismatis,
1507 3913 1573 3966 de
1602 3929 1710 3982 quo
1740 3929 1884 3970 nunc

320 4005 486 4059 nobis
514 4017 693 4057 sermo
721 4015 822 4065 est,
851 4005 996 4073 quod
1028 4019 1282 4073 maguum
1315 4010 1369 4056 et
1400 4003 1713 4056 admirabile
1739 4006 1884 4058 salu-

320 4099 395 4150 tis
430 4106 627 4150 nostrae
683 4096 1000 4166 mysterium
1033 4096 1296 4150 continet.
1337 4093 1411 4148 Ex
1448 4095 1650 4164 quibus
1698 4096 1887 4166 liquet,

311 4187 470 4266 ‘quod
534 4185 678 4240 Deus
709 4202 736 4237 ει
791 4185 1152 4240 nobilioribus
1203 4185 1448 4241 materiis
1484 4188 1662 4240 lumen
1719 4198 1774 4240 et
1810 4187 1891 4241 sui

322 4275 670 4339 nominatur,
707 4292 736 4330 a
772 4276 1164 4341 mediocribus,
1207 4277 1385 4346 ignis;
1445 4277 1574 4346 quin
1610 4279 1770 4330 etiam
1822 4277 1891 4330 ab

320 4369 528 4422 inlimis
559 4367 754 4436 accipit
785 4382 1005 4434 nomen;
1039 4367 1198 4422 simul
1250 4370 1411 4421 etiam
1461 4369 1888 4422 detnonstratum

1980 1912 2212 1966 parcens
2265 1896 2569 1965 discipulis,
2651 1907 2862 1953 tantum
2922 1897 3224 1968 splendoris
3283 1899 3544 1962 ostendit,

1981 2001 2244 2060 quantum
2274 1990 2413 2046 ferre
2451 2000 2766 2060 potuerunt,
2797 2000 2984 2061 postea
3024 2007 3151 2046 vero
3181 1991 3230 2044 in
3265 1991 3380 2058 ipsa
3429 1992 3546 2060 glo-

1982 2082 2062 2136 ria
2091 2080 2266 2136 Patris
2298 2082 2503 2137 veniet.
2546 2083 2612 2137 Et
2643 2083 2966 2138 Anastasius
3013 2083 3274 2148 Sinaites,
3329 2085 3382 2139 in
3416 2102 3545 2141 ora—

1983 2173 2130 2228 tione
2167 2174 2234 2229 de
2257 2173 2758 2244 Transﬁguratione
2801 2193 2815 2228 :
2842 2174 2960 2242 llic,
2983 2177 3183 2244 inquit,
3216 2179 3371 2246 signa
3393 2182 3542 2249 regni

1983 2264 2325 2332 prmﬁgurata
2358 2275 2488 2320 sunt
2516 2283 2528 2318 :
2566 2265 2619 2320 iu
2657 2268 2761 2322 hoc
2791 2278 2974 2324 monte
2999 2269 3252 2338 splendor
3276 2271 3548 2340 justorum

1982 2357 2340 2411 adumbratus
2366 2367 2449 2412 est
2483 2373 2498 2411 :
2528 2357 2618 2412 hic
2649 2358 2955 2414 futurorum
2992 2361 3255 2415 bonorum
3290 2372 3545 2432 tanquam

1984 2449 2333 2514 przesentium
2402 2449 2580 2520 imago
2629 2465 2882 2520 expressa
2939 2461 3042 2507 est.
3101 2453 3217 2508 Ιηιο
3246 2465 3298 2509 et
3333 2456 3552 2511 divinus

1985 2537 2306 2594 Theodorus
2327 2550 2688 2611 cognomento
2716 2544 2979 2614 γραπτῶν
3004 2544 3057 2598 in
3087 2547 3335 2601 oratione
3362 2557 3550 2604 contra

1986 2631 2274 2686 Eusebium
2313 2649 2327 2685 :
2355 2633 2459 2687 Sed
2490 2643 2669 2688 tamen
2700 2645 2757 2688 ut
2789 2636 2988 2690 veritas
3013 2637 3193 2703 habri,
3245 2654 3270 2693 s
3295 2656 3324 2693 c
3371 2641 3437 2694 de
3483 2656 3548 2694 ea

1982 2725 2229 2780 dicamus
2263 2741 2277 2778 :
2310 2724 2607 2794 Postquam
2662 2725 2728 2780 de
2772 2728 3030 2797 periculis
3090 2727 3341 2784 Salvator
3388 2731 3554 2785 disci—

1985 2814 2128 2882 pulis
2160 2816 2431 2884 exposuit,
2466 2816 2757 2886 inquiens:
2791 2816 2901 2882 Qui
2927 2817 3034 2872 vult
3077 2820 3250 2872 ueriire
3276 2833 3391 2890 post
3446 2838 3548 2884 me,

1985 2907 2196 2974 abneget
2228 2906 2584 2972 semetipsum,
2603 2914 2654 2960 et
2686 2906 2841 2961 tollat
2870 2925 3074 2962 crucem
3102 2927 3251 2963 suam
3283 2920 3334 2964 et
3363 2927 3557 2981 sequa-

1987 3009 2073 3049 tur
2091 3015 2171 3051 me
2211 2999 2276 3060 “,
2313 3009 2366 3052 et
2399 3000 2505 3052 alia
2541 3000 2894 3069 hujusmodi:
2929 3014 3082 3056 erant
3130 3011 3310 3058 autem
3347 3004 3555 3074 alioqui

1988 3090 2307 3159 gravissima
2339 3100 2391 3143 et
2421 3091 2665 3145 dit‘licilia
2728 3092 2794 3146 ad
2836 3092 3176 3148 tolerandum
3231 3111 3354 3164 quas
3397 3098 3555 3167 jube-

1990 3183 2208 3247 bantur;
2246 3197 2310 3236 ue
2347 3183 2664 3238 dilﬁcultatc
2697 3199 2885 3239 eorum
2915 3201 3037 3254 qua:
3083 3186 3424 3254 dicebantur,
3461 3190 3560 3244 de-

1991 3274 2368 3345 fatigarentur,
2407 3286 2822 3332 rccreatcorum
2851 3292 3080 3344 mentes,
3111 3290 3164 3333 et
3208 3283 3555 3350 splendorem

1987 3386 2175 3425 eorum
2206 3386 2326 3440 qtae
2373 3373 2852 3439 exspectabantur,
2910 3383 2964 3425 et
3015 3372 3196 3426 futura
3232 3385 3408 3438 erant,
3452 3378 3556 3432 sub

1988 3473 2266 3528 aspectum
2299 3461 2452 3514 valde
2478 3471 2779 3530 opportune
2802 3464 2972 3529 ponit;
3009 3464 3360 3531 quamobrem
3385 3483 3561 3536 quan-

1992 3560 2105 3602 tum
2133 3552 2430 3617 Spectaculi
2483 3551 2646 3619 hujus
2674 3552 2887 3621 mystici
2921 3562 3255 3619 Spectatores
3287 3559 3557 3611 sustinere

1989 3647 2260 3704 poterant,
2282 3639 2509 3707 gloriam
2546 3637 2688 3692 illaut
2710 3641 3066 3699 demonstrat,
3090 3655 3215 3694 cum
3245 3659 3347 3710 qua
3378 3645 3426 3696 in
3455 3648 3559 3700 line

1991 3728 2310 3783 saeculorum
2351 3737 2613 3784 venturus
2670 3737 2772 3795 est;
2809 3730 3106 3784 secundum
3155 3749 3318 3800 quant
3353 3745 3406 3789 et
3453 3738 3557 3804 ipsi

1993 3819 2158 3873 simul
2187 3819 2594 3889 splendescent,
2630 3820 2770 3876 hanc
2801 3836 3018 3876 svorum
3049 3826 3415 3880 certaminum
3468 3846 3557 3882 rr—

1992 3913 2426 3967 tnunerationem
2456 3913 2638 3976 laturi,
2667 3931 2776 3984 quo
2809 3917 2982 3985 magis
3015 3917 3067 3970 in
3105 3919 3369 3985 periculis
3391 3926 3555 3990 positi

1990 4003 2268 4057 conﬁdant
2295 4004 2621 4072 contemptis
2647 4007 3024 4074 praesentibus,
3047 4011 3188 4062 nulla
3215 4013 3556 4068 rationecum

1995 4093 2064 4148 iis
2110 4109 2231 4163 qure
2300 4103 2634 4161 spectantur,
2699 4096 2799 4151 ista
2856 4111 3258 4166 comparantes.
3311 4102 3562 4171 judican-

1992 4194 2072 4240 tes
2123 4202 2230 4240 non
2261 4202 2381 4240 esse
2413 4187 2602 4255 dignas
2625 4190 2894 4256 passiones
2928 4189 3088 4260 hujus
3117 4195 3361 4261 temporis
3381 4197 3450 4250 ad
3479 4197 3563 4266 [ης

1993 4283 2164 4327 (urant
2204 4276 2448 4344 gloriam,
2477 4293 2592 4346 qua:
2633 4279 2950 4331 revelabitur
2997 4283 3047 4332 iu
3089 4284 3235 4336 nobis
3290 4285 3354 4339 ⁸⁸.
3394 4289 3560 4357 Atqui

1996 4382 2103 4420 non
2134 4384 2349 4436 semper
2373 4370 2486 4422 haec
2521 4371 2814 4436 durarunt;
2863 4374 2955 4425 sed
2991 4373 3078 4429 hic
3113 4377 3176 4426 ad
3207 4385 3419 4447 ten-pus
3460 4398 3561 4448 διι-

319 4469 408 4513 est
435 4459 802 4527 nudtiplieiter
859 4460 966 4513 dici
1025 4461 1206 4513 lumen
1258 4461 1559 4514 secundum
1605 4461 1885 4530 multiplex
1925 4457 1966 4510 D
1998 4459 2246 4521 beruata,
2275 4469 2420 4525 gesta
2451 4470 2600 4526 sunt;
2633 4465 2826 4517 modus
2845 4465 2988 4517 enim
3017 4467 3428 4536 gubernationis
3457 4483 3560 4530 est.

321 4568 549 4615 nomen,
579 4562 632 4605 et
663 4567 754 4621 per
773 4566 985 4604 omnem
1022 4552 1378 4622 symbolieam
1413 4554 1736 4621 theologiam
1770 4566 1890 4607 ten-

321 4646 478 4702 dere;
510 4646 616 4698 huc
649 4644 884 4704 accessit
907 4643 1036 4697 illud
1070 4644 1136 4697 de
1166 4643 1302 4698 faeie
1337 4643 1548 4697 Domini
1575 4660 1695 4708 quae
1725 4646 1776 4696 in
1811 4645 1892 4698 di-

321 4734 450 4784 \‘inzt
492 4733 973 4802 transliguratioue
1011 4732 1346 4802 resplenduit
1377 4733 1520 4786 sicut
1546 4733 1647 4797 sol,
1677 4735 1765 4802 qui
1807 4743 1892 4789 est

319 4826 583 4881 omnibus
613 4841 730 4892 quze
751 4840 911 4878 sensu
939 4825 1337 4894 percipiuntur,
1361 4826 1616 4880 nobilior.
1649 4825 1895 4894 Resplen-

320 4917 442 4970 duit
475 4918 638 4981 enim,
675 4919 872 4988 inquit.
931 4918 1096 4984 facies
1145 4917 1260 4986 ejus
1308 4919 1441 4970 sicut
1496 4919 1594 4981 sol,
1640 4927 1687 4970 et
1741 4921 1892 4976 resti-

324 5022 506 5064 meuta
537 5012 679 5075 {acm
695 5009 946 5064 iutttulbu
972 5013 1105 5062 sicut
1136 5011 1306 5062 (auten
1335 5009 1400 5063 ⁵³.

950 5100 1179 5155 CAPUT
1210 5100 1296 5154 IV.

328 5195 492 5264 Quod
541 5194 698 5264 facies
764 5195 972 5264 Domini
1017 5192 1206 5250 nostri,
1253 5207 1367 5260 qua:
1424 5200 1672 5259 tanquam
1723 5193 1803 5264 sol
1839 5193 1890 5245 in

404 5263 734 5316 diriuissima
763 5263 1224 5331 traus/iguratione
1250 5263 1590 5328 resplendm’t,
1636 5271 1683 5313 et
1716 5262 1892 5329 splen—

401 5337 501 5387 dor
558 5334 790 5402 ejusdem
837 5334 1070 5385 decorem
1117 5334 1346 5397 corporis
1399 5344 1514 5402 post
1554 5335 1893 5384 resurrectio-

402 5421 520 5457 nem
555 5400 860 5470 glori/lculi,
905 5416 950 5454 et
998 5403 1406 5470 [ultu‘ttmuejus
1437 5400 1691 5469 fulgurum
1737 5419 1893 5453 nutu-

406 5482 568 5525 ralem
598 5473 867 5540 ﬁguravit,
899 5487 942 5524 et
1008 5474 1202 5524 idcirco
1228 5473 1279 5523 in
1318 5482 1579 5538 aspectum
1620 5471 1890 5523 oriilurum

399 5545 606 5596 cecidit.

400 5637 630 5691 Diviuus
653 5635 1094 5705 Chrysostomus,
1115 5634 1336 5687 bonulia
1364 5633 1451 5696 56,
1475 5635 1526 5688 in
1543 5636 1891 5691 Maltlatenm:

2000 4551 2236 4606 Sanctus
2270 4555 2504 4624 (iyzillus
2561 4556 2962 4613 Alexandrinus
2993 4561 3046 4613 in
3083 4564 3565 4632 explauationibus

1999 4647 2053 4701 in
2100 4647 2300 4700 Lucam
2330 4687 2336 4693 .
2374 4647 2595 4704 Factam
2625 4666 2746 4704 esse
2769 4650 3005 4707 dicimus
3033 4660 3563 4726 transligurationem

2000 4751 2106 4789 non
2135 4737 2214 4791 sic
2242 4737 2484 4804 quidem,
2529 4749 2586 4793 ut
2619 4756 2821 4808 corpus
2851 4743 3148 4797 humanum
3176 4747 3400 4813 ligurasn
3429 4769 3567 4804 alin-

2001 4827 2155 4893 serit,
2190 4827 2282 4882 sed
2308 4828 2601 4897 splendore
2656 4832 2894 4898 quodam
2921 4833 3173 4890 indutum
3213 4838 3398 4894 fuerit.
3431 4842 3569 4909 Quia

1998 4916 2145 4968 enim
2177 4915 2496 4978 audiebant.
2535 4926 2790 4983 oportere
2821 4935 3041 4976 carnem
3078 4934 3320 4982 nostram
3383 4946 3568 4986 resur-

1999 5023 2150 5077 gere,
2193 5023 2302 5076 quo
2337 5024 2462 5062 vero
2507 5009 2690 5063 habitu
2720 5019 2771 5064 et
2803 5011 3000 5076 forma,
3029 5015 3294 5072 incertum
3327 5033 3462 5084 erat.
3486 5035 3496 5043 '
3517 5039 3572 5079 rt

2002 5099 2156 5152 dat‘t'l
2185 5099 2502 5153 mutationis
2551 5100 2836 5164 indicium,
2868 5119 3086 5160 carnem
3123 5123 3276 5164 Suam
3314 5117 3566 5176 mutarit,

2010 5199 2065 5243 ut
2092 5205 2212 5256 spes
2239 5193 2836 5250 nostraseonlirmaret.
2864 5193 3016 5250 Nunc
3031 5201 3172 5253 enim
3201 5202 3564 5259 hoc'nostrum

2002 5295 2200 5348 corpus
2230 5296 2358 5333 caro
2392 5285 2536 5336 nuda
2582 5294 2684 5349 est;
2719 5294 2961 5356 tempore
2992 5301 3169 5344 autern
3208 5298 3577 5349 resurrectio.

2003 5370 2086 5422 nis
2117 5371 2420 5425 immutatio
2444 5374 2692 5441 quaedam
2728 5375 2891 5429 Deum
2919 5378 3140 5443 decens,
3171 5388 3223 5434 et
3240 5383 3578 5448 splendoris,

2004 5476 2109 5513 non
2141 5461 2324 5530 ligni-aa
2360 5465 2588 5518 mutatio
2608 5466 2710 5518 erit
2739 5481 2754 5517 :
2789 5466 3144 5534 Splendebuut
3172 5470 3332 5534 eiiiiu,
3371 5476 3578 5540 inquit,

1996 5552 2132 5620 justi
2166 5554 2302 5606 sicut
2341 5555 2422 5606 sol
2453 5556 2506 5607 in
2541 5572 2694 5625 regno
2735 5561 2985 5612 cwlorum
3043 5559 3105 5612 “.
3173 5560 3327 5624 Quod
3387 5575 3570 5623 autem

2003 5644 2100 5705 ενι(
2124 5643 2191 5696 nd
2218 5659 2259 5693 ll‘
2283 5643 2375 5711 qui
2408 5647 2663 5699 convenit
2691 5648 2886 5700 divma:
2929 5648 3267 5712 substantiae,
3295 5651 3572 5715 universa

401 5777 450 5811 ”
471 5775 664 5832 Matth.
693 5791 822 5841 xm,
853 5775 907 5829 ‘2.
986 5778 1030 5812 “
1057 5777 1246 5831 Matth.
1288 5794 1395 5841 u't,
1423 5778 1512 5832 ‘2‘.
1592 5778 1635 5807 “"
1665 5777 1824 5834 liom.
1855 5796 1976 5844 VIII,
2028 5747 2112 5836 l8.
2191 5786 2235 5815 ⁶⁶
2294 5785 2482 5842 Matth.
2525 5803 2636 5852 xm,
2664 5787 2751 5844 45.
