4078 6274
545 361 652 426 8H

1701 370 2029 434 JOANNIS
2063 333 2631 432 CYpAatssto'rm

3694 331 3798 430 se

551 485 761 535 natura:
794 487 994 536 creata!
1048 478 1454 549 inaspectabilis
1497 490 1599 546 est,
1637 492 1958 552 argumento
1994 490 2118 537 sunt
2152 487 2191 542 Α
2226 481 2411 552 gloria:
2446 481 2598 551 regni
2636 478 3038 550 inaSpcctabilis
3071 480 3311 535 ostendit
3341 521 3355 544 ,
3409 498 3518 536 non
3561 491 3712 537 tan'a
3778 507 3794 530 ν

510 572 827 641 «discipuli,
855 573 945 640 qtti
974 589 1039 626 ne
1066 573 1210 626 illam
1244 574 1462 642 quidem
1501 573 1765 628 visionem
1795 588 2111 641 corpoream

495 662 812 717 i'Iitt'mo’nte
865 665 1180 732 productam
1219 666 1490 718 sustinere
1523 674 1842 734 potuerunt.
1873 666 1950 718 Ad
1992 666 2105 719 haec

502 766 517 786 ι
548 754 785 825 Cyrillus
838 753 1367 823 llicrosolymitanus
1419 758 1471 807 in
1528 758 1742 810 decima
1795 757 2113 809 catechesi:

518 845 994 914 EQuandoquidem
1022 861 1180 898 nemo
1223 845 1315 899 Dei
1376 846 1565 901 faciem
1596 848 1781 902 videre
1837 857 1890 901 et
1932 848 2116 902 vivere

544 939 805 1010 potuerit,
842 939 1135 1007 assumpsit
1166 939 1356 993 faciem
1390 939 1771 1002 humanitatis,
1810 947 1869 992 ut
1892 954 2011 993 eam
2038 941 2118 992 vi-

554 1032 746 1085 dentes
773 1031 1020 1085 vivamus
1064 1046 1079 1084 :
1109 1042 1303 1083 etcum
1339 1031 1505 1083 voluit
1531 1046 1649 1084 eam
1678 1031 1963 1085 ostendere
1989 1046 2115 1085 cum

548 1122 759 1177 modica
785 1121 1064 1191 dignitate,
1092 1123 1311 1191 quando
1338 1121 1502 1176 facies
1527 1122 1647 1191 ejus
1667 1121 1943 1191 splenduit
1976 1122 2117 1175 sicut

542 1216 652 1276 sol,
687 1224 816 1267 tunc
849 1213 1102 1281 discipuli
1163 1213 1334 1266 territi
1397 1214 1621 1268 cadunt.
1666 1212 1820 1278 Quod
1864 1213 1907 1266 si
1949 1212 2116 1267 iacies

547 1303 692 1359 facta
747 1303 1027 1372 splendida
1092 1318 1198 1357 non
1247 1314 1509 1373 quantum
1572 1312 1782 1373 poterat
1828 1302 2009 1358 facere
2054 1311 2116 1356 ut

486 1412 492 1421 '
548 1397 876 1467 splenderet,
927 1396 1019 1465 qui
1070 1396 1414 1464 splendorem
1474 1394 1525 1447 in
1573 1411 1634 1448 ea
1675 1404 1976 1457 creaverat,
2019 1394 2113 1449 scd

546 1500 815 1558 quantum
870 1491 1124 1560 discipuli
1168 1488 1307 1544 ferre
1338 1500 1612 1559 poterant,
1665 1505 1760 1544 eos
1799 1490 2014 1554 terruit,
2062 1499 2116 1544 et

545 1581 656 1648 pati
680 1595 788 1634 non
825 1591 1139 1651 petucrunt,
1167 1582 1441 1651 quomodo
1467 1582 1519 1634 in
1547 1580 1847 1636 divinitatis
1879 1581 2115 1650 dignita-

548 1682 654 1726 tem
676 1672 877 1729 intueri
903 1677 1026 1745 quis
1049 1675 1355 1745 potuisset?
1404 1672 1460 1727 in
1493 1688 1700 1727 canone
1729 1682 1905 1727 autem
1940 1675 2117 1743 primo

2217 581 2420 642 quanta
2448 582 2589 636 erat,
2625 573 2720 627 sed
2765 582 3024 642 quantam
3052 571 3195 627 ferre
3215 581 3508 642 potuerunt
3537 574 3631 643 qui
3662 590 3795 629 ocu-

2218 664 2302 719 los
2340 679 2635 735 eorporeos
2668 665 2968 732 gestabant.
3002 662 3064 717 Et
3104 665 3293 719 beatus
3323 664 3557 720 Basilius
3585 667 3645 719 in
3674 681 3796 720 xm

2224 753 2422 810 I’salmi
2449 756 2832 824 explanatione
2852 754 3178 820 :"Viderunt,
3204 757 3400 825 inquit,
3430 757 3762 826 pulchritudi
3780 787 3795 798 -

2219 859 2339 900 item
2396 847 2521 916 ejus
2591 847 2777 900 Petrus
2817 856 2871 900 ct
2917 847 3016 900 lilii
3067 848 3314 913 tonitrui,
3349 848 3636 919 splemlorc
3665 851 3800 905 solis

2216 937 2665 1007 splendidiorem,
2691 932 2744 991 et
2770 937 2917 1002 digni
2946 939 3113 991 habiti
3137 950 3263 993 sunt
3290 942 3383 1010 qui
3410 942 3564 995 initia
3593 943 3800 1012 glorio-

2217 1028 2261 1081 si
2287 1027 2549 1083 atlventus
2575 1030 2694 1100 ejus
2718 1030 2889 1084 oculis
2912 1040 3199 1085 cernerent
3262 1031 3327 1086 Et
3351 1034 3541 1088 beatus
3561 1033 3796 1102 Ephrem

2216 1123 2545 1172 moratione
2572 1134 2671 1173 sua
2710 1119 2764 1172 in
2797 1118 3349 1190 Trausﬁgurntionem
3383 1123 3567 1190 :Non,
3601 1126 3798 1194 inquit,

2218 1211 2385 1260 totam
2421 1209 2678 1279 abyssum
2733 1211 3041 1279 Splendoris
3095 1215 3181 1270 sui
3227 1217 3644 1284 demonstravit,
3699 1222 3798 1273 sed

2215 1308 2478 1372 quantum
2537 1315 2790 1355 mensura
2859 1304 3190 1373 papillarum
3241 1324 3436 1377 capere
3483 1313 3677 1378 potuit.
3736 1310 3799 1364 Et

2218 1383 2455 1443 Joannes
2497 1388 2864 1445 Damasci-nus
2914 1395 3199 1450 eelelirans
3254 1400 3356 1452 hoc
3392 1398 3591 1452 festum
3631 1417 3647 1452 :
3689 1400 3799 1452 Sed

2208 1479 2367 1549 quia,
2401 1480 2599 1549 inquit,
2634 1482 2887 1542 Christus
2934 1487 3133 1560 Moysis
3157 1504 3371 1559 quoque
3425 1489 3617 1544 faciem
3668 1493 3798 1542 Oilttl

2216 1570 2504 1639 splendore
2554 1576 2895 1632 extrinsecus
2920 1578 3127 1645 affecit,
3163 1572 3319 1633 lat'uit
3349 1595 3494 1635 nunc
3518 1582 3796 1635 diabolum

2218 1674 2311 1731 per
2340 1661 2680 1732 splendorem
2711 1669 2800 1736 qui
2850 1670 2939 1724 hic
2962 1670 3213 1738 apparuit
3250 1671 3437 1725 sensui
3484 1673 3797 1727 oculorum.

536 1778 676 1823 .ante
703 1767 897 1822 festum
922 1743 982 1818 in
1010 1743 1222 1821 cantico
1240 1765 1475 1834 septimo
1497 1764 1575 1818 sic
1594 1776 1673 1818 est
1698 1780 1712 1817 :
1742 1765 1841 1830 Qui
1863 1773 2112 1818 naturam
2153 1743 2295 1834 *Εἰ
2321 1756 2519 1821 ψιίιιυδ
2553 1754 2616 1810 ﬁl
2644 1756 3017 1826 "lallilel‘iumi
3043 1763 3188 1830 QUOd
3215 1761 3380 1817 iaC-es
3409 1762 3644 1829 υθηιίιιί,
3676 1782 3799 1834 qm:

532 1860 840 1913 “humanam
868 1857 1196 1912 sordidatam
1223 1871 1362 1926 aqua
1389 1864 1439 1909 et
1467 1855 1916 1925 ignirt-purgasli,
1938 1855 2117 1922 splen-
2152 1828 2190 1881 Β
2224 1845 2365 1898 Sicut
2414 1848 2494 1900 sol
2530 1848 2825 1917 splenduit,
2874 1851 3001 1919 quia
3033 1854 3136 1907 sub
3190 1867 3469 1922 aspectum
3509 1852 3793 1910 Oculorum

546 1954 733 2007 dorem
769 1950 931 2019 hujus
963 1957 1171 2002 natura:
1196 1949 1248 2001 in
1276 1962 1438 2001 carne
1468 1956 1558 1999 tua
1606 1947 1874 2011 osendis,
1920 1941 2116 1998 Salva—

548 2048 652 2100 tor,
684 2038 837 2108 enjus
884 2037 1051 2091 facies
1105 2034 1441 2104 splendidior
1490 2035 1602 2089 sole
1646 2036 1713 2088 ad
1776 2033 2113 2104 ﬁgurandum

532 2125 785 2185 laturam
810 2129 1038 2198 gloriam
1075 2128 1214 2183 facta
1240 2135 1344 2183 est.
1386 2126 1747 2181 Euarratores
1800 2125 2116 2195 Evangelia-

550 2240 671 2278 rum
713 2238 809 2292 per
858 2220 1240 2276 adnotationcs
1297 2219 1377 2274 sic
1427 2220 1625 2272 aiunt:
1682 2204 2116 2287 Transﬁguratio

536 2323 732 2369 autem
759 2321 977 2367 ostensa
1005 2310 1288 2378 discipulis
1311 2309 1366 2363 in
1399 2318 1603 2373 monte,
1651 2310 1955 2378 exemplum
2005 2309 2118 2378 glo-

522 2408 645 2460 ‘riae
661 2405 858 2459 futurae
882 2402 1186 2458 Salvatoris
1201 2401 1483 2470 prodebat;
1509 2410 1767 2469 corporee
1788 2415 1913 2453 vero
1929 2411 2113 2454 osten-

551 2497 804 2558 debatur,
840 2493 1091 2547 utoculis
1123 2491 1450 2545 mortalibus
1504 2493 1569 2544 ad
1597 2491 1948 2560 spectandum
1983 2491 2116 2545 sub-

542 2587 829 2658 jieeretur,
855 2583 1073 2639 tametsi
1100 2582 1327 2637 nimium
1353 2582 1721 2651 splendorem,
1766 2593 1813 2637 et
1846 2582 1917 2636 ita
1963 2598 2113 2637 sum-

536 2692 722 2744 :mom,
742 2690 796 2732 et
824 2675 998 2730 oculis
1022 2674 1223 2729 nostris
1251 2674 1510 2741 imparem
1535 2715 1550 2739 ,
1582 2675 1856 2729 sustinere
1890 2690 1995 2729 non
2024 2688 2117 2744 po-

526 2778 791 2824 e-tuernnt.
834 2766 898 2821 Et
957 2766 1205 2820 iterum:
1257 2763 1816 2834 Transﬁgurationem
1876 2765 2115 2832 intelligo

548 2877 654 2917 non
685 2861 868 2931 ﬁgura:
900 2860 1329 2914 immutationem
1387 2858 1577 2924 fuisse,
1631 2860 1722 2914 sed
1777 2860 1957 2929 potius
2002 2875 2118 2912 ma-

547 2962 715 3009 nente
765 2955 957 3024 ﬁgura,
1004 2952 1182 3022 qualis
1208 2952 1359 3022 ptius
1413 2963 1553 3018 erat,
1605 2954 1846 3008 accessio
1890 2953 2114 3007 luminis

546 3047 694 3102 facta
716 3055 819 3100 est.
849 3043 911 3097 Et
950 3059 1139 3100 rursus
1173 3043 1570 3114 :‘Splendorem
1602 3045 1786 3099 vultus
1821 3045 1997 3099 instar
2023 3059 2114 3099 so-

542 3140 639 3205 lis,
671 3149 725 3193 et
752 3144 1047 3193 candorem
1090 3137 1544 3191 vestimentorum
1576 3146 1730 3191 vocat
1762 3135 2115 3204 transﬁgura-
2139 3171 2184 3234 Ο

536 3233 776 3295 tionem,
813 3247 934 3300 quae
964 3244 1073 3285 non
1114 3238 1195 3284 est
1236 3228 1600 3285 existimanda
1639 3229 1824 3301 ﬁgura:
1848 3230 2112 3294 _mu:atio,

546 3325 887 3383 sed‘lnminis
939 3322 1364 3393 splendidissimi
1389 3323 1653 3387 accessio,
1711 3332 1764 3378 et
1811 3322 1950 3377 hanc
1995 3338 2116 3386 esse

545 3415 1178 3484 immutationemquam
1204 3413 1408 3470 Paulus
1436 3415 1572 3468 dicit
1627 3414 1697 3479 ⁸⁷,
1754 3413 2116 3484 Evangelistae

546 3518 727 3564 autem
779 3506 1301 3576 transﬁguralionem
1370 3506 1742 3560 nominarunt.
1798 3505 1864 3560 Et
1909 3506 2045 3559 alias
2097 3521 2111 3535 ο

545 3600 665 3656 Non
693 3602 931 3654 humana
966 3600 1131 3666 ﬁgura
1185 3599 1433 3668 corporis
1482 3598 1750 3666 deposita,
1793 3600 1890 3653 sed
1944 3597 2113 3667 gloria

541 3690 785 3763 quadam
833 3689 1142 3759 splendoris
1176 3704 1403 3758 corpore
1466 3688 1679 3742 induto.
1736 3686 1798 3742 Et
1852 3688 2048 3742 iterum
2099 3704 2114 3743 :

545 3783 1004 3852 Transﬁguratio,
1033 3796 1154 3849 qua!
1185 3780 1407 3845 dicitur,
1442 3782 1740 3836 secundum
1770 3780 2114 3849 splendorem

528 3886 683 3941 erat,
715 3890 824 3945 quo
850 3873 1014 3929 facies
1043 3874 1161 3944 ejus
1188 3874 1328 3928 sicut
1371 3872 1452 3926 sol
1486 3874 1780 3941 splenduit,
1806 3882 1855 3926 et
1902 3875 2113 3926 vestitus

536 3970 666 4040 ejus
699 3970 983 4039 factufeu
1016 3967 1169 4019 albus
1194 3977 1243 4019 et
1268 3964 1555 4034 refulgens,
1582 3964 1657 4018 ait
1679 3963 1855 4018 Lucas
1881 3963 1943 4015 “.
1981 3963 2116 4018 Mat-

508 4110 514 4115 .
543 4063 720 4115 tliaeus
753 4072 883 4113 vero
914 4058 1027 4112 ait:
1074 4054 1242 4108 Facta
1275 4064 1397 4108 sunt
1460 4055 1775 4121 uestimenta
1803 4055 1927 4107 alba
1977 4055 2112 4107 sicut

544 4153 726 4206 lumen
753 4167 770 4215 ;
801 4165 903 4202 non
931 4148 1077 4202 enim
1105 4146 1467 4216 exspectanda
1493 4146 1899 4200 estimmutatio
1929 4146 2113 4215 ﬁgura:

545 4245 599 4298 in
633 4256 798 4312 regno
827 4255 923 4294 nec
953 4240 1125 4307 ipsius
1157 4237 1482 4302 Salvatoris,
1540 4252 1640 4305 nec
1686 4252 1874 4290 eorum
1905 4237 1997 4306 qui
2039 4238 2113 4291 si-

546 4330 704 4384 miles
726 4329 775 4383 ei
797 4339 979 4390 erunt,
1021 4325 1117 4406 sed
1154 4326 1400 4380 accessio
1431 4325 1658 4380 luminis
1700 4325 2107 4396 lulgentissimi.

543 4421 773 4476 Divinus
803 4435 931 4473 vero
976 4404 1207 4473 Cosmas
1230 4417 1548 4474 incumbens
1580 4419 1647 4472 ad
1682 4419 2107 4490 cxplanandum,

452 4498 459 4507 “
543 4513 668 4581 quis
698 4520 836 4565 (sset
872 4511 963 4565 ille
994 4509 1146 4564 color
1170 4509 1509 4578 splendidus,
1566 4518 1621 4565 et
1670 4511 1939 4579 appositio
1965 4510 2112 4566 illius
2148 4518 2189 4574 ο

454 4644 461 4649 .
543 4600 978 4673 splendidissima
1007 4592 1318 4668 :Yiden'tes,
1344 4601 1543 4671 inquit,
1564 4603 1811 4672 discipuli
1830 4602 2108 4658 Christum

542 4696 795 4751 indutum
832 4695 974 4748 nube
1024 4693 1113 4747 illa
1142 4693 1320 4747 lucida
1358 4693 1412 4747 in
1445 4691 1688 4760 Thabor,
1716 4697 1869 4763 proni
1915 4705 1967 4749 et
2024 4695 2109 4748 in-

542 4790 729 4844 clinati
766 4787 818 4841 in
853 4795 1075 4853 terram,
1104 4787 1393 4841 illuminati
1452 4796 1632 4841 mente
1660 4788 1807 4841 hunc
1848 4803 1969 4842 cum
2005 4787 2109 4842 Pa-

541 4894 622 4935 tre
660 4889 714 4955 et
745 4878 948 4948 Spiritu
984 4886 1171 4932 sancto
1217 4876 1531 4933 laudabant.
1555 4874 1792 4932 Joannes
1818 4877 2109 4933 Damasce-

540 4988 642 5027 nus
689 4972 1058 5025 dit’ittissimus
1080 4988 1094 5025 :
1117 4970 1220 5036 Qui
1251 4968 1404 5034 olim,
1431 4969 1627 5039 inquit,
1657 4972 1710 5023 in
1744 4970 1883 5023 nube
1922 4968 2106 5022 forma:

539 5065 732 5132 igneae,
770 5063 822 5117 in
855 5062 1145 5117 solimdine
1175 5061 1430 5132 populum
1464 5062 1628 5117 Israel
1664 5060 1907 5129 deduxit,
1950 5062 2110 5116 hodie

540 5154 849 5226 in_Tltabor
877 5154 1239 5224 inexplicitbili
1278 5154 1437 5208 modo
1478 5157 1529 5207 in
1570 5154 1772 5208 lumine
1813 5155 2105 5222 splenduit.

521 5245 860 5301 ‘Rursusille
894 5247 1072 5316 lingua
1110 5261 1306 5300 aureus
1331 5245 1382 5298 in
1413 5248 1658 5299 oratione
1677 5247 1742 5299 ad
1763 5245 2104 5302 Theodorum

534 5340 744 5407 lapsum
775 5358 788 5393 :
820 5337 992 5402 'l'unc,
1019 5340 1211 5406 inquit,
1237 5346 1441 5389 tantum
1466 5338 1517 5389 in
1546 5346 1727 5390 monte
1750 5338 1881 5405 ipsis
1907 5339 2109 5391 detexit

536 5442 804 5501 quantum
839 5432 906 5484 ab
944 5432 1021 5485 cis
1066 5431 1231 5483 videri
1259 5443 1486 5499 p'ttcrttl,
1532 5440 1589 5483 ut
1628 5432 1870 5497 aspectui
1916 5413 2101 5484 viden-

539 5525 674 5577 tium
713 5541 819 5578 non
851 5535 1089 5577 noceret.
1132 5522 1191 5576 Et
1228 5524 1280 5575 in
1330 5526 1577 5577 oratione
1626 5523 1678 5574 itt
1720 5520 2101 5589 Translignra-

534 5623 738 5666 tionem
775 5630 786 5664 :
812 5612 937 5676 illic,
971 5614 1164 5679 inquit,
1197 5616 1450 5667 Dominus
1481 5618 1729 5666 (.ln-tstus
1759 5613 2101 5680 splendorem

2223 1937 2471 2004 corporis
2508 1940 2752 2008 cadebat,
2805 1951 2857 1996 et
2908 1946 3214 2013 exemplum
3243 1960 3566 2013 corporeum
3600 1946 3796 2002 lutum:

2224 2026 2408 2096 gloria:
2440 2031 2825 2086 ostendebatur
2853 2032 2995 2087 (τοιιῇ
3016 2044 3157 2089 ctum
3184 2038 3483 2092 secundum
3512 2047 3794 2105 aspectum

2224 2119 2489 2203 corporis,
2528 2133 2582 2175 et
2614 2124 2959 2193 splendorem
2992 2130 3246 2183 sensilem
3283 2130 3510 2200 gloriam
3546 2135 3795 2204 corporis

2222 2206 2427 2262 Christi
2475 2220 2596 2280 post
2623 2219 3075 2270 resurrectionem
3109 2220 3415 2287 glorilicati,
3454 2230 3508 2276 et
3538 2224 3792 2278 decorem

2223 2297 2514 2369 figurabat,
2539 2313 2590 2357 et
2609 2320 2713 2358 non
2736 2323 2937 2361 meram
2965 2311 3336 2367 divinitatem:
3365 2311 3485 2366 Non
3502 2315 3669 2381 enim,
3696 2316 3790 2382 ait,

2223 2392 2416 2447 videbit
2469 2396 2660 2461 aliquis
2696 2400 2887 2466 faciem
2919 2420 3082 2455 meam
3122 2416 3168 2458 et
3198 2407 3323 2460 vivet
3349 2407 3416 2460 “.
3447 2408 3790 2463 Demonstra-

2223 2492 2337 2537 tum
2371 2485 2534 2554 igitur
2558 2501 2639 2543 est
2674 2532 2687 2557 ,
2727 2490 3112 2550 itnmortalium
3134 2512 3422 2566 corporum
3477 2498 3702 2569 gloriam
3727 2503 3791 2556 ab

2224 2574 2443 2631 interitu
2475 2579 2660 2635 liberis
2725 2593 2777 2637 et
2820 2584 3218 2643 imtnortalilms
3263 2593 3434 2644 oculis
3469 2593 3707 2663 indigere
3737 2608 3790 2648 tit

2223 2665 2470 2721 videatur
2498 2685 2512 2733 ;
2546 2671 2785 2739 quandiu
2816 2689 2943 2728 vero
2989 2690 3188 2745 corpus
3219 2677 3428 2733 Domini
3458 2696 3583 2735 an'e
3609 2697 3789 2737 resur-

2223 2750 2535 2812 rectionem'
2569 2772 2687 2815 erat
2735 2763 2988 2820 similiter
3022 2779 3081 2820 nt
3124 2783 3223 2822 nos
3269 2780 3518 2839 (excepto
3544 2772 3786 2841 peccato)

2222 2850 2460 2917 passioui
2494 2853 2814 2921 obnoxium,
2841 2871 3215 2926 nccesseetat,
3248 2860 3430 2915 lumen
3454 2864 3598 2931 quod
3630 2880 3695 2919 ex
3726 2881 3790 2920 eo

2222 2943 2537 3011 apparebat,
2587 2946 2763 3002 oculis
2814 2952 3094 3018 corporeis
3144 2954 3402 3007 deﬁniri:
3436 2956 3650 3025 quodsi
3694 2959 3790 3012 liu-

2217 3033 2452 3102 jusmodi
2504 3037 2680 3091 oculis
2731 3038 3113 3108 deﬁniebatur,
3159 3046 3509 3100 manifestum
3541 3060 3627 3103 est
3670 3065 3789 3103 cor-

2224 3138 2445 3191 poreum
2473 3127 2647 3182 fuisse
2681 3131 2823 3197 quod
2857 3136 3107 3200 apparuit
3137 3154 3151 3199 ;
3184 3134 3426 3191 futuram
3452 3152 3636 3208 postea
3670 3142 3790 3211 glo-

2218 3218 2417 3272 ril'it-ati
2453 3222 2980 3292 corporisglorinm,
3014 3235 3068 3279 et
3115 3228 3460 3296 splendorem
3502 3235 3782 3289 immorta-

2218 3310 2318 3364 lem
2351 3322 2402 3366 cl
2446 3315 2512 3366 alt
2543 3314 2762 3368 interitu
2799 3317 3034 3372 liberum
3102 3328 3410 3389 ligurasse:
3452 3336 3580 3383 tunc
3634 3330 3782 3383 enim

2216 3404 2357 3457 oculi
2389 3405 2483 3473 qui
2507 3422 2626 3459 eam
2650 3408 2878 3477 gloriam
2915 3412 3200 3485 ridebunt,
3229 3415 3296 3469 ab
3325 3418 3547 3472 interitu
3581 3419 3791 3474 incolu-

2219 3509 2339 3548 mes
2356 3504 2410 3549 et
2469 3496 2806 3554 immortales
2832 3512 3016 3556 erunt.
3052 3503 3223 3560 Simul
3256 3509 3416 3562 etiam
3441 3508 3671 3566 demens
3703 3529 3787 3565 ta-

2217 3591 2333 3637 tum
2360 3596 2466 3649 est,
2496 3587 2632 3640 nihil
2676 3591 2818 3643 aliud
2844 3606 2967 3648 esse
3016 3595 3584 3669 transfigurationem,
3623 3616 3789 3669 quam

2216 3687 2471 3732 manente
2497 3678 2684 3734 divino
2718 3696 2969 3752 corpore,
3007 3687 3168 3756 quale
3198 3689 3350 3758 prius
3387 3699 3527 3755 erat,
3563 3707 3659 3761 rep
3682 3712 3787 3745 ιιιευ

2217 3770 2491 3825 Christum
2526 3774 2811 3843 splendido
2839 3779 3069 3846 quodam
3100 3781 3551 3836 coloreindutum
3588 3783 3782 3850 fuisse,

2215 3874 2271 3917 et
2332 3866 2703 3922 accessionem
2774 3868 3001 3927 luminis
3058 3872 3488 3942 splendidissimi
3555 3875 3777 3930 demou~

2215 3963 2329 4010 stra
2337 3971 2446 4011 $58.

2850 4056 3078 4130 CAPUT
3112 4074 3177 4131 γ.

2215 4183 2370 4250 Quod
2403 4186 2618 4259 lumen,
2640 4204 2744 4258 quo
2773 4189 2828 4241 in
2860 4187 3068 4243 Thabor
3110 4189 3360 4245 hominm
3381 4191 3663 4259 splenduit,
3696 4208 3801 4247 ne-.

2284 4273 2381 4331 que
2410 4258 2707 4331 substantia
2747 4261 2861 4331 ejus
2908 4271 3021 4311 erat
3056 4299 3070 4322 ,
3122 4276 3285 4328 neque
3353 4258 3586 4329 defluxit)
3639 4279 3780 4331 qam:-

2284 4328 2404 4378 dam
2438 4328 2619 4393 ipsius,
2647 4344 2710 4380 ac
2751 4329 2949 4397 fulgur,
2980 4332 3069 4383 sed
3097 4331 3387 4399 symbolum
3418 4328 3664 4389 occullw;
3735 4344 3781 4385 et

2281 4411 2385 4448 non
2418 4400 2878 4466 apparentismmc
2904 4399 3195 4454 divinitatis
3231 4399 3384 4453 Verbi
3403 4401 3518 4458 Dei.
3544 4412 3589 4454 et
3615 4403 3782 4468 imago

2285 4469 2456 4538 tenuis
2494 4468 2637 4519 illius
2668 4468 2873 4535 glorior,
2897 4485 3012 4536 quae
3039 4474 3140 4538 ipsi
3208 4471 3391 4538 futura
3437 4480 3572 4527 erat.
3629 4482 3675 4523 et
3715 4488 3776 4522 st-

2291 4536 2582 4606 mulocrum
2633 4538 2779 4606 regni
2803 4536 3073 4601 caelorum,
3131 4549 3179 4592 et
3209 4536 3616 4594 radnumerubile
3666 4542 3783 4595 aliis

2290 4603 2490 4659 Christi
2515 4603 2958 4674 supra'nutnram
2997 4610 3296 4668 miraculis.

2286 4693 2516 4751 Divinos
2551 4694 2890 4762 Theodorus,
2964 4695 3019 4751 in
3074 4700 3319 4754 oratione
3379 4687 3435 4752 iii
3493 4696 3781 4753 Eusebium

2208 4786 2479 4843 «adversus
2529 4786 2960 4843 lconomacltos:
3030 4787 3137 4843 Sed
3204 4789 3524 4852 insolenter,
3593 4788 3780 4857 inquit,

2213 4876 2383 4946 iactat
2416 4877 2688 4933 Eusebius
2708 4887 2977 4933 mutatum
3007 4894 3126 4935 esse
3152 4880 3204 4935 in
3263 4880 3448 4935 lumen
3502 4868 3778 4944 arcanum,

2221 4978 2275 5022 et
2304 4962 2703 5038 in’explicabile,
2729 4980 2784 5023 et
2817 4968 3054 5024 Verbum
3086 4970 3180 5026 Dei
3234 4971 3452 5026 decens.
3480 4973 3645 5041 Atqui
3698 4989 3740 5024 ιι.
3764 4999 3781 5009 -

2211 5075 2363 5115 nesse
2391 5070 2476 5114 est
2506 5076 2771 5130 quaerere,
2800 5064 3060 5131 quidnam
3098 5073 3240 5119 esset
3267 5065 3375 5117 hoc
3406 5065 3587 5119 lumen
3613 5082 3627 5119 :
3678 5078 3778 5116 non

2208 5151 2357 5204 enim
2387 5161 2571 5220 aperte
2621 5152 2868 5220 egregius
2923 5152 3006 5205 rir
3041 5153 3169 5220 quid
3225 5162 3329 5216 est,
3390 5151 3780 5206 demonstratit

2212 5259 2356 5298 nunc
2383 5262 2397 5309 ;
2428 5243 2772 5298 solummodo
2836 5243 3071 5297 Verbum
3115 5244 3211 5297 Dei
3281 5245 3549 5312 apposuit,
3594 5254 3778 5311 postea

2210 5354 2339 5392 vero
2369 5339 2608 5407 apertius
2643 5337 2804 5391 dicet.
2839 5336 2948 5392 Nos
2976 5347 3156 5391 tamen
3185 5351 3328 5391 nunc
3351 5346 3541 5390 contra
3576 5352 3638 5390 ea
3662 5352 3777 5405 qua:

2213 5434 2259 5486 ei
2293 5434 2407 5488 visa
2433 5445 2579 5500 sunt,
2612 5434 3255 5489 rationem‘excutiantus.
3293 5431 3432 5499 Quid
3467 5432 3630 5500 igitur
3660 5429 3779 5484 est?

2213 5525 2476 5593 nttmquid
2509 5525 2811 5580 substantia
2843 5525 3211 5593 qua:piam,et
3246 5522 3451 5593 aliquid
3491 5526 3634 5592 quod
3686 5536 3777 5589 per

2210 5629 2271 5663 se
2304 5613 2551 5677 exsistat,
2585 5628 2682 5667 nec
2733 5615 2900 5669 altero
2955 5614 3195 5684 indigeat
3251 5615 3316 5667 ad
3363 5610 3775 5667 exsistendutu?

612 5790 699 5841 ιτι
736 5791 860 5846 Ger.
897 5806 985 5855 xv,
1028 5791 1114 5844 Si.
1197 5791 1240 5820 θ’
1273 5791 1406 5850 an.
1443 5811 1518 5861 ix,
1548 5794 1635 5848 29.
1719 5793 1762 5825 θ’
1814 5791 1987 5847 Exod.
2016 5809 2207 5860 xum.
2244 5794 2331 5845 ΞΟ.
