4058 6306
576 362 678 427 831

570 580 695 627 rant
724 572 941 641 quidem
970 576 1122 643 prius
1155 577 1437 632 Dominum
1469 582 1937 653 transﬁguratum,
1970 598 2020 640 et
2046 606 2145 642 nu-

572 667 693 724 bem
730 683 852 737 quae
879 684 974 724 eos
1002 672 1191 725 umbra
1222 679 1469 737 texerat;
1512 682 1567 727 at
1615 693 1725 731 non
1771 680 2017 734 viderant
2050 696 2150 735 nu-

572 758 696 813 bem
729 760 779 812 in
807 774 984 815 aerem
1015 770 1067 814 et
1105 763 1157 815 in
1188 764 1355 818 caelus
1386 777 1593 837 raptam
1620 809 1634 830 ,
1680 779 1734 823 et
1763 771 2147 839 suscipientem

575 848 887 906 Dominum.
924 852 1242 909 Miraculum
1272 855 1374 910 fuit
1400 859 1554 923 illud,
1590 861 1915 915 miraculum
1946 872 1996 915 et
2024 864 2148 929 hoc;

574 940 668 994 sed
701 943 803 995 hoc
834 941 1043 996 ﬁrmius
1101 953 1156 997 et
1177 948 1541 1013 constantius;
1570 953 1671 1004 hoe
1706 950 1803 1005 illo
1829 953 2148 1013 sublimius,

578 1033 790 1085 tametsi
823 1033 986 1086 unius
1016 1032 1105 1087 Dei
1140 1044 1383 1104 potestas
1406 1046 1461 1092 et
1487 1043 1804 1109 mysterium
1838 1051 1974 1096 erat.
2007 1042 2155 1097 Tunc

578 1133 942 1191 apparuerunt
970 1125 1076 1178 illis
1099 1127 1298 1196 Moysi;
1327 1138 1375 1181 et
1400 1126 1545 1183 Elia:
1570 1146 1688 1183 cum
1712 1148 1777 1184 eo
1801 1132 2063 1200 loquentes
2082 1136 2153 1201 ἠς

581 1229 727 1268 nunc
766 1224 945 1269 autem
979 1216 1210 1272 thronus
1240 1221 1595 1285 cberubicus,
1626 1222 1813 1287 idest,
1842 1226 2016 1279 virtus
2038 1226 2155 1282 ina-

585 1306 923 1375 spectabilis,
965 1307 1017 1361 in
1049 1309 1192 1362 nube
1235 1310 1452 1365 abditus
1478 1322 1698 1381 repente
1730 1313 2020 1371 imminens
2053 1318 2156 1374 Do-

507 1457 529 1472 __
582 1398 789 1450 minum
831 1414 953 1453 cum
1003 1402 1178 1454 servis
1211 1400 1605 1471 colloquentem
1639 1406 1856 1472 rapuit;
1896 1415 2025 1461 tunc
2058 1409 2157 1462 Pe-

502 1489 527 1504 "
580 1493 700 1543 trus
727 1489 1059 1544 confidenter
1092 1493 1369 1560 respondit
1407 1512 1420 1546 :
1460 1494 1702 1560 Domine,
1733 1496 1920 1550 bonum
1948 1512 2024 1553 est
2064 1518 2157 1556 nos

582 1578 666 1632 hic
690 1597 831 1647 esse;
855 1583 1119 1651 faciamus
1152 1585 1235 1637 hic
1268 1586 1373 1639 tria
1404 1589 1747 1642 tabernacula
1790 1632 1804 1657 ,
1846 1593 1943 1646 tilri
1970 1608 2157 1659 unum,

584 1674 757 1744 Moysi
789 1693 973 1741 unum,
1017 1677 1149 1731 Elite
1178 1695 1386 1743 unum;
1420 1696 1564 1734 nunc
1593 1692 1772 1736 autem
1805 1699 1978 1752 neque
2009 1687 2157 1755 loqui

583 1766 732 1823 ullus
773 1768 1078 1837 discipulus
1128 1771 1324 1839 putuit,
1362 1786 1460 1827 nec
1498 1788 1561 1827 os
1607 1775 1853 1842 aperire;
1884 1778 2014 1845 quin
2046 1777 2157 1833 imo

586 1858 782 1913 timore
811 1860 1051 1915 maximo
1092 1863 1364 1928 perterriti
1410 1864 1831 1934 obstupuerunt.
1864 1867 2161 1939 Gregorius

587 1948 895 2018 Theologus
924 1952 981 2006 in
1003 1952 1251 2008 oratione
1299 1953 1369 2008 de
1414 1954 1557 2009 bono
1608 1957 1803 2013 ordine
1855 1959 2158 2015 disserendi

586 2042 664 2096 ait
697 2041 837 2109 :Qui
873 2044 1175 2098 ascendunt
1223 2059 1344 2098 cum
1379 2044 1601 2101 Christo
1646 2048 1700 2101 in
1748 2052 2029 2106 montem?
2052 2068 2160 2108 non

585 2132 730 2187 cnim
756 2150 945 2189 omnes
975 2135 1194 2190 fuerunt
1217 2146 1552 2206 spectatores
1582 2139 1730 2196 illius
1756 2142 2030 2209 miraculi,
2065 2147 2159 2199 sed

588 2223 761 2279 Solum
798 2225 1015 2291 Petrus,
1043 2226 1297 2293 Jacobus,
1323 2236 1376 2281 et
1406 2228 1666 2284 Joannes.
1698 2230 1764 2285 Et
1792 2248 1983 2289 rursus
2012 2235 2159 2291 idem

587 2318 656 2371 al
702 2314 969 2371 Heronem
1010 2334 1023 2371 :
1070 2318 1204 2372 Cum
1243 2318 1418 2389 fulgor
1458 2332 1512 2376 et
1555 2321 1815 2391 splendor
1844 2326 2161 2395 angelorum

590 2421 855 2475 corporee
907 2408 1237 2475 ﬁgurantur,
1279 2410 1515 2467 arbitror
1563 2415 1868 2484 symbolum
1907 2419 2164 2485 puritatis

591 2512 779 2551 eorum
811 2512 946 2552 esse.
986 2496 1052 2552 Et
1088 2499 1140 2553 in
1177 2500 1241 2555 iis
1270 2516 1391 2570 quae
1423 2502 1476 2555 in
1525 2500 1661 2557 festo
1695 2504 1799 2559 hoc
1842 2516 2161 2559 sariuntur:

593 2591 665 2645 Ut
703 2589 797 2660 qui
822 2633 837 2656 ,
879 2591 1091 2662 inquit,
1136 2593 1404 2647 mirabilia
1439 2604 1530 2648 tua
1577 2607 1919 2665 speetarunt,
1951 2612 2011 2650 ea
2044 2614 2165 2666 qua:

590 2696 784 2750 passus
812 2696 892 2747 es,
926 2697 992 2737 ne
1021 2684 1337 2739 formident.
1380 2685 1445 2741 Et
1477 2686 1528 2739 in
1573 2686 1959 2755 explanatione
1987 2688 2164 2743 Evan-

590 2774 714 2843 gclii
760 2772 988 2829 .ilatthtei
1020 2774 1122 2828 :lu
1158 2786 1421 2840 montem,
1463 2774 1660 2844 inquit,
1695 2778 1965 2843 ascendit,
2001 2788 2058 2832 ut
2106 2780 2161 2833 in

588 2867 809 2922 occulto
825 2867 1142 2922 miraculum
1165 2876 1438 2936 operetur.
1470 2868 1542 2922 Ex
1568 2870 1765 2938 quibus
1791 2870 1995 2939 pateﬁt,
2020 2872 2163 2940 quod

592 2962 801 3021 lumen,
846 2972 954 3021 quo
1000 2958 1279 3025 splenduit
1307 2958 1570 3011 Dominus
1602 2961 1656 3012 in
1706 2970 1891 3015 monte
1916 2961 2161 3023 Thabor,

592 3064 769 3117 neque
814 3047 997 3101 divina
1041 3048 1345 3102 subsmntia
1384 3060 1498 3102 erat
1533 3049 1646 3118 (illa
1700 3050 1846 3106 enim
1907 3068 2007 3109 uec
2044 3053 2154 3107 ullo

1726 376 2054 439 JOANNIS
2093 378 2662 442 crramssxore
2710 336 2713 337 ί
3734 377 3824 441 se

569 477 947 550 ﬁgurationem
1004 482 1219 548 Petrus,
1256 494 1309 539 et
1340 483 1593 555 Iacobus,
1626 498 1679 545 et
1701 490 1964 561 Joannes;
1998 496 2147 549 vide-
2178 500 2219 555 Α

2843 497 3073 556 CAPUT
3135 497 3221 553 Vl.

2249 633 2408 698 Quod
2430 652 2606 689 omnes
2641 636 2862 690 diversis
2897 636 3213 701 temporibus
3252 632 3479 686 luminis
3540 632 3715 686 divini
3745 648 3825 697 ap.

2320 707 2627 773 poritiones,
2665 722 2901 773 persona?
2928 708 3083 757 unius
3119 703 3237 757 Filii
3290 703 3381 755 Ιθεὶ
3418 702 3658 773 effectus
3690 714 3823 765 sunt,

2319 772 2367 827 et
2410 772 2852 843 quod'exemptar
2887 776 3120 831 corporis
3152 774 3267 838 ejus
3300 772 3615 840 glori/ictui
3640 773 3828 843 symbo-

2321 841 2429 896 nmt
2469 845 2569 908 fuit
2604 841 2897 898 divinitatis
2927 844 3039 911 ejus
3070 852 3283 910 propter
3314 844 3582 894 unionem
3613 841 3827 891 deorum

2322 914 2378 966 in
2425 913 2634 968 Christo
2684 914 2968 968 secundum
3020 914 3343 981 ltgpouasim
3392 922 3751 981 naturarum,
3788 919 3827 962 et

2326 985 2452 1049 quia
2492 984 2629 1037 idem
2674 994 2788 1037 erat
2842 983 2978 1036 Deus
3011 980 3067 1034 et
3093 982 3285 1044 homo;
3329 981 3477 1033 unde
3514 981 3576 1031 in
3622 980 3825 1042 singulis

2325 1054 2598 1106 miraculis
2640 1052 2839 1107 Christi
2872 1053 3120 1105 divinitas
3152 1052 3567 1113 ostendebatur,
3624 1058 3681 1102 et
3711 1049 3831 1100 dete-

2323 1123 2566 1190 gebatur,
2604 1133 2760 1192 atque
2800 1122 3151 1190 aperiebatur.

2328 1235 2562 1290 Sanctus
2613 1234 2907 1303 Gregorius
2965 1233 3283 1304 Nyssenns,
3344 1232 3401 1287 in
3463 1227 3715 1299 epistola
3771 1225 3827 1280 ad

2258 1327 2619 1398 Theophilum
2651 1326 3082 1381 Alexandrinum
3112 1336 3301 1380 contra
3345 1321 3824 1393 Appnllinarium:

2257 1418 2367 1473 Nec
2398 1421 2566 1484 enim,
2607 1419 2805 1488 inquit,
2834 1419 2962 1487 quia
3000 1418 3591 1475 aurtocsmculorum,
3621 1413 3828 1467 novissi.

2258 1511 2363 1565 mis
2389 1511 2585 1565 diebus
2616 1513 2763 1565 visus
2793 1519 2897 1574 est,
2930 1519 2984 1562 et
3017 1524 3138 1563 cum
3176 1509 3497 1562 hominibus
3548 1519 3825 1559 conversa-

2259 1610 2348 1657 tus
2393 1612 2475 1656 est
2495 1603 2565 1666 π,
2618 1602 2820 1656 idcirco
2872 1600 2982 1654 duo
3017 1598 3135 1653 Filii
3168 1598 3501 1664 secundum,
3539 1595 3818 1649 Ecclesiam

2261 1707 2643 1758 numerantur,
2681 1709 2823 1748 unus
2868 1700 3055 1746 auctor
3088 1692 3443 1754 saeculorum,
3484 1696 3547 1741 et
3577 1688 3717 1740 alius
3747 1684 3821 1753 qui

2262 1787 2315 1839 in
2364 1787 2469 1841 fine
2496 1787 2818 1840 saeculorum
2863 1786 3115 1838 humanae
3144 1783 3267 1835 vitae
3294 1795 3389 1849 per
3425 1793 3661 1833 carnem
3691 1785 3820 1846 pate-

2195 1838 2235 1894 Β
2264 1876 2442 1931 factus
2478 1885 2579 1930 est.
2616 1875 2672 1930 Si
2705 1878 2829 1946 quis
2876 1876 3019 1929 enim
3051 1873 3393 1930 mcenomice
3426 1870 3750 1939 apparuisse
3775 1868 3816 1919 in

2262 1983 2427 2025 carne
2452 1968 2793 2033 unigenitum
2827 1965 2918 2020 Dei
2962 1965 3139 2020 Patris
3179 1965 3375 2020 Filium
3411 1962 3489 2016 ita
3528 1961 3747 2028 accipit,
3772 1966 3819 2010 ut

2262 2062 2493 2116 alterum
2540 2058 2735 2113 Filium
2781 2057 3031 2120 fabricet,
3066 2071 3190 2108 cum
3220 2051 3600 2108 numeraverit
3647 2063 3814 2103 oumrs

2263 2154 2627 2223 spparitiones
2663 2151 2756 2206 Dei
2802 2150 3009 2205 sanctis
3037 2148 3208 2203 factas
3236 2156 3360 2200 ante
3394 2138 3564 2215 quam
3593 2142 3811 2211 unigeni-

2264 2256 2353 2301 tus
2402 2246 2491 2301 Dei
2537 2245 2706 2299 Filius
2756 2245 2809 2297 in
2846 2258 3011 2297 carne
3041 2251 3345 2309 appareret,
3381 2251 3435 2293 et
3489 2253 3685 2293 omnes
3712 2248 3811 2298 que

2263 2344 2388 2407 post
2438 2336 2730 2390 adventum
2779 2333 2898 2400 ejus
2948 2330 3103 2385 facta:
3136 2340 3263 2385 sunt
3312 2329 3377 2383 iis
3409 2328 3501 2397 qui
3537 2327 3681 2395 digni
3714 2324 3809 2377 lue

2266 2437 2429 2492 runt;
2464 2428 2553 2482 hic
2585 2426 2887 2481 secundum
2918 2437 3204 2476 numerum
3238 2421 3434 2473 divinae
3476 2413 3809 2486 apparitionis
3840 2474 3845 2479 τ

2267 2515 2669 2571 multitudinem
2703 2513 2935 2566 ﬁliorum
2980 2509 3311 2564 fabricavit:
3346 2508 3563 2575 eritque
3592 2505 3641 2557 ei
3682 2516 3804 2556 unus

2267 2609 2481 2677 quidem
2518 2605 2709 2671 Filius,
2736 2606 2829 2673 qui
2866 2603 3095 2657 Abrahze
3122 2602 3335 2655 locutus
3365 2607 3470 2662 est,
3509 2599 3639 2649 alter
3670 2608 3797 2653 vero,

2266 2705 2357 2770 qui
2406 2699 2552 2754 ls-tac
2585 2697 2873 2766 apparuit;
2905 2697 3066 2759 alius,
3107 2693 3198 2763 qui
3235 2708 3356 2747 cum
3397 2692 3562 2745 .laeob
3594 2690 3799 2741 lllt'lallts

2265 2804 2382 2855 est;
2416 2793 2577 2857 alius,
2605 2793 2696 2861 qui
2739 2807 2767 2844 a
2800 2790 2982 2861 Moyse
3020 2787 3253 2841 diversis
3284 2783 3702 2853 apparitionibus
3733 2787 3802 2828 est

2268 2886 2440 2947 visus,
2464 2885 2521 2939 iu
2543 2884 2768 2946 lumine,
2799 2883 2853 2936 in
2887 2881 3140 2949 caligine,
3174 2879 3226 2931 in
3255 2878 3508 2931 columna
3536 2874 3697 2930 multis,
3727 2869 3796 2921 fa-

2268 2980 2350 3032 cie
2378 2979 2444 3033 ad
2477 2977 2697 3041 faciem,
2718 2975 2771 3028 in
2797 2973 3224 3036 posterioribus;
3254 2969 3393 3023 alius
3419 2983 3600 3022 rursus
3624 2964 3790 3021 Filius,

2270 3072 2361 3140 qui
2412 3070 2715 3125 successori
2756 3067 2957 3138 Moysis
2984 3064 3155 3119 adfuit
3183 3064 3235 3117 in
3282 3062 3427 3125 acie;
3456 3071 3504 3113 et
3530 3059 3668 3125 alios,
3704 3050 3788 3120 qui

594 3140 754 3193 modo
787 3139 1057 3207 expromi,
1089 3154 1264 3209 neque
1299 3141 1579 3208 cognosci,
1617 3158 1796 3212 neque
1835 3145 2031 3211 videri,
2061 3164 2159 3203 nc-

2266 3139 2360 3231 per
2407 3161 2700 3229 procellam
2754 3157 2856 3213 Job
2910 3155 3210 3225 reSpondit,
3266 3162 3321 3208 et
3369 3152 3457 3221 qui
3499 3152 3542 3202 in
3587 3146 3778 3200 excelso

594 3246 701 3301 quc
742 3230 967 3299 cogitari
1003 3232 1223 3297 potest),
1249 3244 1351 3285 nec
1371 3240 1489 3285 erat
1516 3232 1755 3287 deﬁuxio
1787 3236 2032 3301 qumdam
2058 3279 2073 3303 ,
2113 3251 2164 3295 rt

592 3321 853 3390 splendor
904 3339 968 3376 ex
1028 3320 1118 3374 illa
1162 3337 1393 3378 manans
1454 3324 1661 3393 (divina
1715 3327 1860 3381 enim
1914 3332 2164 3398 operatio

592 3426 819 3477 mterea,
865 3416 947 3468 vel
977 3414 1158 3485 potius
1186 3431 1281 3485 per
1317 3430 1376 3470 se
1416 3419 1667 3485 operatio
1702 3418 1852 3472 nullo
1880 3422 2041 3475 modo
2073 3438 2160 3478 se-

592 3516 743 3561 creta
779 3520 861 3562 est
890 3523 917 3561 a
961 3508 1267 3563 substantia
1297 3507 1414 3575 ejus
1440 3527 1453 3572 ;
1491 3508 1602 3561 imo
1631 3509 1892 3578 quidquid
1924 3523 2005 3567 est
2035 3513 2166 3567 sub-

592 3600 791 3653 stantia
813 3600 1018 3664 divina,
1038 3610 1117 3652 est
1138 3599 1378 3667 coergia,
1402 3599 1518 3655 sive
1542 3600 1787 3668 operatio
1804 3600 1969 3671 ejus),
1994 3618 2165 3669 quare

592 3691 719 3759 quia
750 3707 849 3745 nec
881 3692 1002 3754 hoc,
1036 3707 1133 3745 nec
1164 3692 1296 3745 illud
1343 3702 1447 3759 ρει,
1494 3693 1827 3760 relinquitur
1847 3695 2162 3764 exemplum

595 3784 770 3840 fuisse
794 3784 980 3854 gloriae
1006 3793 1056 3837 et
1103 3784 1409 3847 splendoris
1446 3788 1693 3855 corporis
1731 3795 1855 3854 post
1913 3803 2166 3843 resurre-

594 3879 828 3934 ctionem
860 3877 1169 3946 glorificati,
1195 3876 1617 3948 symbolumque
1656 3878 1803 3933 illius
1839 3888 2047 3933 natura:
2075 3897 2167 3935 oc-

595 3972 756 4027 cultae
787 3980 840 4026 et
870 3970 1276 4041 inaspectabilis
1308 3970 1360 4023 in
1399 3984 1465 4024 eo
1497 3971 1736 4038 latentis,
1773 3980 1829 4026 et
1867 3972 2161 4043 imaginem

594 4075 812 4119 tenuem
847 4061 1047 4116 futura:
1076 4060 1281 4131 gloriae,
1317 4070 1370 4114 et
1415 4060 1770 4115 simulacrum
1816 4064 1965 4132 regni
2000 4064 2167 4117 ςωιυ-

595 4169 743 4218 rum,
775 4168 917 4206 nunc
944 4152 1160 4221 quidem
1188 4159 1316 4204 ante
1342 4150 1792 4204 resurrectionem
1823 4152 1874 4203 in
1904 4152 2169 4217 miraculo

595 4256 897 4302 ostensum.
924 4253 975 4296 ct
1006 4242 1057 4295 in
1094 4240 1315 4309 speculo
1347 4249 1511 4309 atque
1539 4242 1858 4310 aanigmate;
1887 4243 1939 4296 in
1984 4242 2167 4301 futuro

596 4344 776 4389 autem
814 4334 1056 4402 speculis
1091 4332 1302 4392 solutis.
1336 4331 1513 4386 oculis
1541 4331 1941 4386 immortalibus
1967 4376 1980 4400 ,
2009 4344 2062 4396 et
2098 4336 2167 4390 ab

595 4422 818 4479 interitu
850 4419 1036 4474 liberis
1064 4420 1202 4473 facie
1232 4419 1298 4473 ad
1334 4419 1527 4473 faciem
1561 4421 1944 4489 spectandum,
1975 4425 2161 4492 exple-

596 4528 710 4571 tqu
739 4523 788 4569 et
824 4515 1159 4569 cumulatum
1188 4513 1396 4568 visione
1426 4512 1518 4567 Dei
1548 4514 1862 4584 aspcctabili
1897 4516 1995 4586 (l),
2025 4518 2169 4573 sicut
2196 4493 2248 4554 Ῑ)
2275 4493 2370 4593 qui
2402 4525 2456 4578 in
2502 4540 2667 4579 came
2699 4524 2918 4579 latebat.
2966 4522 3031 4575 Et
3075 4535 3266 4575 rursus
3314 4518 3453 4572 idem
3504 4532 3520 4570 :

596 4608 716 4679 ipse
747 4617 820 4665 ρει
836 4651 848 4664 .

667 4761 709 4792 ⁷⁸
733 4761 920 4815 Matth.
959 4774 1089 4822 xvtt,
1111 4760 1166 4816 5.
1241 4758 1287 4790 "
1318 4754 1550 4813 Barttch.
1580 4771 1663 4821 ttt,
1688 4756 1779 4812 58.

2267 3256 2463 3307 throno
2520 3251 2671 3306 lsaia:
2718 3248 2992 3319 apparuit,
3052 3257 3107 3301 et
3157 3246 3211 3299 in
3266 3244 3425 3314 ﬁgura
3463 3242 3659 3292 humana
3701 3234 3763 3283 ab

2267 3342 2549 3396 Ezechiele
2578 3342 2759 3395 verbis
2806 3338 3114 3405 descriptus
3147 3346 3228 3391 est
3250 3375 3264 3399 ,
3320 3343 3367 3389 et
3395 3332 3477 3401 qui
3506 3337 3665 3396 postea
3707 3325 3756 3374 in

2267 3432 2469 3486 lumine
2487 3431 2716 3487 Paulum
2746 3429 3111 3485 circumfulsit
3137 3447 3150 3492 ;
3179 3438 3234 3480 et
3259 3426 3352 3496 qui
3380 3432 3519 3477 antea
3534 3422 3584 3472 in
3611 3419 3771 3468 monte

2266 3524 2321 3578 in
2347 3524 2667 3577 sublimiore
2690 3523 2859 3591 gloria
2890 3521 3039 3575 visus
3068 3528 3171 3574 est.
3202 3517 3297 3571 Sin
3322 3526 3499 3571 autem
3524 3506 3781 3566 absurdum

2267 3623 2348 3669 est
2383 3614 2509 3678 hoc,
2544 3624 2595 3667 et
2639 3612 2857 3682 penitus
2910 3611 3158 3680 impium,
3187 3607 3366 3659 varias
3422 3598 3659 3671 unigeniti
3685 3592 3788 3648 Filii

2268 3707 2361 3761 Dei
2431 3705 2799 3775 apparitiones
2858 3703 2911 3757 in
2968 3714 3255 3756 numerum
3319 3697 3536 3753 totidem
3591 3690 3791 3745 ﬁliorum

2269 3796 2481 3865 partiri,
2514 3808 2667 3861 aeque
2703 3791 3001 3847 absurdum
3049 3800 3152 3855 est,
3182 3806 3247 3844 ex
3280 3789 3514 3843 adventu
3568 3785 3618 3836 in
3658 3788 3795 3831 carne

2268 3886 2614 3939 occasionem
2676 3897 2874 3950 capere
2933 3880 3299 3935 constituendi
3356 3879 3581 3932 alterum
3626 3870 3793 3924 Filium

2271 3978 2361 4033 Dei
2395 3993 2410 4031 :
2449 3977 2779 4031 arbitramur
2804 3974 2945 4029 enim
2979 3974 3274 4027 secundum
3321 3982 3628 4024 mensuram
3661 3956 3804 4015 lacul-

2270 4071 2397 4125 tatis
2421 4070 2685 4139 cujusque
2716 4083 2932 4132 eorum,
2962 4066 3163 4135 quibus
3204 4063 3346 4117 Deus
3372 4059 3679 4129 apparebat,
3720 4065 3802 4117 ap-

2271 4162 2521 4231 paruisse
2575 4176 2790 4229 semper
2852 4159 3041 4212 Deum.
3095 4158 3162 4211 Et
3209 4155 3401 4209 beatus
3435 4148 3718 4218 Gregorius
3758 4141 3801 4192 in

2268 4252 2516 4306 oratione
2547 4251 2613 4305 de
2640 4259 2788 4306 recto
2827 4249 3017 4304 ordine
3052 4247 3105 4300 in
3138 4244 3461 4301 disserendo
3492 4257 3508 4296 ε
3534 4234 3809 4295 Ascendere

2272 4358 2401 4397 vero
2434 4344 2486 4397 in
2518 4352 2755 4396 montem
2794 4357 2927 4408 opus
2960 4340 3080 4401 fuit,
3108 4347 3166 4391 ut
3207 4352 3301 4406 per
3335 4335 3564 4389 formam
3596 4326 3813 4397 splende-

2273 4442 2373 4498 ret,
2429 4440 2483 4486 et
2526 4433 2866 4487 divinitatem
2921 4429 3259 4493 ostenderet,
3293 4427 3676 4495 detegerctqne
3707 4428 3809 4469 eum

3579 4511 3814 4568 Divinilas

2281 4632 2463 4689 pcrse
2496 4617 2904 4688 iuaspectabilis
2939 4625 3052 4681 eet;
3114 4615 3294 4670 veniet
3348 4619 3553 4675 autem,
3609 4615 3665 4663 ut
3716 4612 3815 4657 mea

2069 4848 2337 4928 Sghoha.

672 4965 687 5017 t
700 4961 750 5028 1)
794 4957 1034 5028 Ὀρατὴνν
1064 4957 1404 5028 θεοφάκξειαν,
1435 4954 1695 5028 visionem
1740 4951 2167 5028 Dei_as_pectabi-

598 5033 705 5085 lem
734 5021 919 5091 vocat,
954 5021 1139 5081 videre
1169 5021 1377 5081 scilicet
1406 5025 1579 5079 oculis
1607 5024 1806 5077 mentis
1826 5021 2165 5078 divinitatem

601 5118 700 5171 per
731 5114 932 5167 corpus
956 5097 1159 5171 Christi
1190 5096 1486 5171 gloriosum
1532 5095 1715 5171 oc_ulis_
1735 5092 2050 5171 gloriliea_tis
2081 5095 2165 5146 vi-

601 5162 722 5227 sum
755 5188 769 5225 :
799 5162 876 5223 sic
900 5168 1043 5221 enim
1076 5167 1377 5219 videbimus
1405 5180 1530 5219 eum
1561 5163 1717 5218 sicuti
1741 5171 1845 5227 est,
1879 5173 1939 5217 ut
1969 5162 2164 5218 beatus

599 5243 841 5297 Joannes
875 5238 972 5291 ait.
1013 5235 1126 5288 Non
1160 5235 1376 5305 quidem
1405 5234 1673 5305 signiﬁcat
1708 5232 1999 5305 videndam
2040 5246 2164 5305 esse

599 5317 655 5369 iu
697 5312 883 5365 futuro
908 5301 1199 5362 essentiam
1240 5302 1331 5358 Dei
1361 5304 1535 5359 oculis
1559 5304 1859 5371 corporeis,
1897 5301 1990 5356 sed
2015 5302 2162 5369 quod

600 5386 673 5438 ait
715 5379 1095 5436 Theodoretus
1129 5375 1182 5428 in
1233 5373 1657 5428 Commentariis
1710 5373 1764 5426 in
1809 5371 1853 5426 ll
1898 5371 2072 5439 Epist.
2097 5372 2165 5425 ad

598 5453 825 5509 Corinth
882 5464 1005 5517 cap.
1050 5448 1123 5501 ιε
1158 5445 1381 5511 Natura,
1434 5444 1631 5517 inquit,
1680 5442 1881 5506 divina,
1915 5456 2037 5517 quae
2065 5442 2166 5495 sub

599 5533 876 5591 aspectum
894 5513 1009 5591 non
1032 5517 1196 5591 cadit,
1228 5530 1403 5591 neque
1432 5513 1581 5591 cerni
1619 5520 1815 5591 potest,
1842 5526 1945 5591 per
1974 5513 2165 5564 huma-

599 5583 1087 5647 niiatem'Christi
1141 5583 1328 5639 divino
1373 5584 1576 5636 lumine
1623 5583 2012 5635 circumfusam
2045 5621 2058 5643 ,
2109 5592 2164 5634 et

599 5656 1444 5733 splenlentem,__jacicntenique
1471 5653 1663 5733 _t_'ad_iOs
1705 5650 2163 5733 cerniturmquan-

600 5722 720 5783 tum
747 5733 873 5783 licet
911 5722 1119 5781 scilicet
1145 5726 1303 5779 oculo
1337 5722 1555 5787 mentis,
1580 5725 1682 5775 hoc
1715 5722 1789 5774 ait
1824 5722 2161 5787 signiﬁcasse

600 5798 854 5861 Paulum,
912 5812 1033 5851 cum
1075 5796 1148 5849 ait
1198 5811 1211 5849 :
1260 5791 1363 5859 Qui
1395 5790 1525 5848 dixit
1579 5794 1644 5847 de
1686 5790 1922 5847 tenebns
1979 5790 2162 5844 lumen

2274 4953 2692 5023 splendescere,
2732 4949 3077 5023 ipsoilluxit
3122 4948 3175 5023 in
3225 4931 3813 5023 cordihganstrig

2275 5006 3076 5095 ilrlitniinationern'scientia:
3103 5017 3374 5095 claritatis
3420 5014 3538 5095 Dei.
3595 5014 3645 5095 in

2269 5094 2468 5148 Christi
2501 5090 2635 5166 Iesu
2670 5091 2739 5162 (ll
2775 5091 2898 5166 Cor.
2928 5104 3000 5166 tv,
3030 5088 3108 5166 ii),
3134 5089 3317 5166 idest,
3342 5084 3432 5154 qui
3461 5082 3597 5166 alit“
3630 5081 3821 5166 [υςυίυξξ

2272 5176 2523 5218 naturam
2558 5150 2688 5235 solo‘
2717 5161 2880 5235 verbo
2909 5150 3107 5222 eﬁ‘ecit,
3153 5150 3420 5235 dicens
3450 5152 3576 5233 Fiet
3626 5150 3745 5235 (of.

2440 5215 2800 5286 “suovlu'mine
2845 5240 3055 5283 mentes
3093 5215 3317 5281 nostras
3367 5220 3727 5277 illuminavit.
3770 5215 3817 5262 υι

2271 5302 2363 5357 Dei
2391 5304 2617 5372 gloriam
2651 5316 2743 5373 per
2774 5300 3048 5373 Christum
3076 5295 3550 5373 persigirerpmtts:
3589 5293 3819 5373 W931"

2273 5382 2360 5427 cat
2390 5363 2479 5443 hic
2512 5363 2700 5425 aui-tur
2732 5371 2839 5443 iste
2860 5363 3177 5443 θεοφᾲνέιαν
3209 5365 3431 5443 ὸρξτὴνῖ,
3463 5363 3514 5443 id
3546 5363 3815 5443 esuriat-tl:

2270 5457 2392 5497 nem
2430 5442 2521 5497 Dei
2548 5440 2932 5510 aspectabiiem
2957 5428 3311 5510 {iliujustnodi
3342 5428 3617 5510 est‘visio,
3647 5428 3817 5510 de!qu

2271 5510 2328 5566 S.
2362 5512 2559 5583 Thom.
2685 5529 2723 5583 ι,
2752 5500 3202 5583 (ιᾳ-ωειζηίετε.
3226 5503 3295 5583 ’5,
3338 5502 3405 5583 ad
3433 5501 3499 5583 2.,
3528 5514 3650 5581 cum

2683 5562 3068 5652 intellectuset
3099 5562 3422 5652 refulgentia
3449 5562 3648 5625 divinae
3678 5562 3816 5652 cla":

2270 5638 2410 5706 tatis.
2431 5654 2484 5705 in
2521 5650 2841 5717 corporibus
2867 5646 3182 5719 gloriﬁcatis
3207 5638 3448 5698 divinam
3492 5638 3813 5710 presenti“!

2266 5724 2448 5779 statim
2488 5721 2764 5791 cognosci.
