4058 6306
302 361 435 425 833⁵

948 359 1194 422 nscas
1214 359 1312 422 v1.
1336 382 1408 427 -.-
1431 356 1532 419 DE
1570 354 2220 449 armamenmus
2254 354 2877 428 DIVINI‘ILUMINIS.
2923 322 2931 334 ’
3026 312 3071 317 ”

3435 357 3569 421 sar

307 472 526 541 quidem
564 470 968 533 sententia-est,
1008 470 1153 537 talis,
1184 470 1364 540 qualis
1395 469 1546 525 visus
1586 477 1671 525 est
1708 467 1875 523 disci-
1907 461 2263 527 klirmantes
2295 471 2680 551 aspectabilem
2722 485 2845 526 esse
2879 469 3221 523 divinitatem
3252 467 3373 537 ejus
3423 470 3539 526 intl-

304 566 473 634 pnlis,
495 565 586 619 .vel
611 566 790 633 potius
818 565 997 635 qualis
1031 565 1398 620 subostensus
1422 568 1538 628 est,
1584 560 1748 616 nimis
1784 575 1878 613 su-

308 666 532 726 perante
580 654 865 710 divinitate
900 656 1191 710 humanam
1244 654 1621 708 carunculam.
1672 652 1747 706 Ac
1780 651 1879 705 ite-

308 761 428 800 rum
456 784 470 805 .
512 745 978 813 Lumen,.inquit,
1015 744 1117 797 fuit
1166 745 1426 799 divinitas
1458 742 1546 796 illa
1595 742 1651 795 in
1696 750 1879 794 monte

309 835 593 905 discipulis
622 836 972 891 subouensa.
1003 834 1229 889 solidior
1256 832 1391 899 fere,
1418 847 1582 901 quam
1617 840 1677 887 ut
1706 831 1877 885 videri

310 938 510 995 posset.
554 926 620 980 Et
654 927 1019 980 Damascenus
1049 942 1063 978 :
1098 925 1360 988 Assumit,
1403 924 1603 993 inquit,
1646 923 1880 992 purissi-

312 1030 463 1069 mum
514 1013 842 1084 virginitatis
906 1014 1359 1080 instrumentum,
1409 1021 1471 1068 ut
1509 1012 1606 1083 qui
1652 1013 1877 1085 gloriam

310 1106 430 1160 Filii
460 1115 719 1161 :eternam
741 1104 987 1171 vidisset,
1020 1104 1175 1169 illud,
1224 1102 1290 1158 In
1310 1105 1576 1173 principio
1605 1113 1720 1159 erat
1752 1102 1884 1158 Ver-

316 1195 438 1250 bum
481 1202 721 1250 tonaret.
769 1192 833 1248 Et
877 1193 1095 1249 divinus
1125 1193 1551 1264 Cbrysostomus
1580 1192 1883 1261 explanatis

262 1276 273 1289 ’
310 1284 443 1341 illud
476 1303 489 1339 :
525 1284 762 1339 Vidimus
774 1285 999 1355 gloriam
1021 1285 1162 1352 eius,
1189 1284 1587 1355 glorienqtmsi
1616 1283 1882 1356 ἄνείμηίιὶ

317 1392 357 1427 ιι
384 1374 542 1429 Patre
573 1391 591 1429 :
618 1375 1470 1445 Nunquam,.inquit,.vidissent.
1501 1375 1607 1431 nisi
1641 1390 1737 1446 per
1759 1390 1895 1430 cor-

322 1480 424 1532 pus
476 1465 761 1521 nobiscum
797 1466 968 1520 altum
1014 1474 1069 1521 et
1108 1466 1398 1537 nutritum.
1442 1465 1511 1521 Et
1562 1465 1762 1521 iterum
1825 1466 1887 1523 in-

313 1557 564 1611 oratione
604 1558 672 1612 de
700 1555 1200 1628 'l’t'ansliguratione
1234 1575 1248 1612 :
1287 1556 1563 1621 Ostendit,
1589 1557 1790 1627 inquit;
1827 1564 1905 1612 etv

316 1661 422 1698 non
456 1648 698 1702 ostendit
728 1648 959 1719 gloriam
996 1648 1147 1719 regni
1168 1649 1266 1704 .sui
1294 1648 1471 1704 divini
1517 1648 1886 1718 inaspectabiq

315 1735 385 1791 lis
420 1753 435 1791 ς
465 1739 705 1791 ostendit
752 1739 996 1808 quidem,
1048 1746 1458 1795 uteoswccrtos
1499 1738 1907 1805 faceretuton~

314 1833 496 1881 autem
546 1828 808 1891 ostendit,
838 1844 905 1882 ne
949 1844 1216 1885 marcum
1243 1838 1466 1900 aspectu
1511 1831 1679 1885 vitam
1715 1834 1905 1886 etiam.

316 1918 646 1973 amitterent.
711 1917 780 1973 Et
823 1920 1055 1975 divinus-
1086 1920 1322 1976 Cosmus
1366 1921 1423 1976 in
1471 1936 1685 1978 canone
1730 1921 1911 1987 fustis.

314 2008 531 2062 cantico
564 2020 761 2078 quarto
791 2027 807 2062 :
839 2008 914 2064 Ex
943 2025 1132 2077 carne,
1161 2010 1359 2080 inquit,
1388 2021 1485 2066 tua
1511 2012 1647 2066 radii
1680 2012 1883 2066 divini-

324 2100 456 2152 tatis
475 2100 722 2155 exibant.
753 2100 897 2156 Idem
924 2100 1106 2156 adhic
1134 2101 1187 2156 in
1209 2103 1402 2171 quinto
1428 2102 1645 2157 cantico
1676 2119 1691 2157 :
1716 2102 1906 2158 Com—-

325 2190 519 2244 ntistus
565 2205 672 2244 non
718 2188 971 2252 confuse,
1000 2188 1296 2245 carbonem
1345 2191 1647 2247 divinitatis
1699 2201 1889 2247 osten-

320 2280 472 2337 disti.
508 2281 720 2338 liursus
741 2281 1167 2354 Chrysostomns
1194 2282 1504 2336 inhomiiia
1525 2282 1697 2346 42,ἱο
1719 2283 1887 2337 Joan-

319 2389 440 2430 nem
467 2391 480 2428 :
512 2370 725 2436 Vident,
755 2371 1135 2441 inquit,illum
1164 2370 1603 2448 deambulantem
1645 2372 1697 2424 in
1725 2373 1886 2436 mari;

319 2474 373 2520 et
402 2464 482 2521 eis
511 2464 849 2519 conturbatis
886 2464 1019 2519 dicit
1047 2481 1062 2518 :
1090 2462 1273 2518 Nolis
1305 2463 1515 2530 timere,-
1537 2480 1633 2534 ego
1658 2480 1776 2517 sum
1806 2464 1850 2495 "
1871 2483 1911 2528 ;.

322 2567 492 2620 quare
521 2568 643 2607 non»
672 2554 927 2608 ascendit
949 2554 1131 2607 statim
1169 2555 1221 2607 in
1258 2554 1574 2623 navigium?
1612 2554 1750 2620 Quia
1790 2570 1889 2607 vo-

326 2644 471 2698 lebat
517 2645 1058 2712 majustniraculum
1104 2643 1304 2709 facere,
1342 2653 1398 2698 et
1438 2645 1777 2699 divinitatem
1810 2646 1892 2700 eis

325 2734 567 2802 apertius
591 2734 918 2812 patefacere.
951 2734 1017 2787 Et
1047 2748 1281 2801 magnus
1321 2733 1593 2789 Basilius:
1634 2735 1711 2789 Ex
1758 2751 1891 2788 ven-

326 2827 421 2890 tis,
456 2825 656 2893 inquit,
689 2834 743 2879 et
783 2825 944 2888 mari,
967 2839 1101 2893 qua:
1128 2824 1179 2877 ei
1228 2824 1574 2892 obedierunt,
1618 2841 1894 2897 cognove-

330 2917 830 2971 runttdirinitatam
858 2916 995 2985 ejus.
1029 2916 1107 2971 Ex
1145 2916 1561 2986 operationibus
1599 2917 1765 2985 igitur
1804 2934 1899 2973 Co-

328 3007 607 3074 gui:io,.et
633 3022 699 3060 ex
730 3008 1040 3074 cognitione
1082 3007 1446 3078 proﬁciscitur
1474 3009 1778 3065 veneratio.
1826 3008 1892 3063 Et

1985 562 2155 614 nitam
2188 571 2242 615 et
2263 561 2620 631 incognitam,
2651 560 2753 614 sed
2775 559 3186 615 similitudinem
3214 558 3538 625 divinitatis,

1977 668 2143 722 quam
2186 662 2443 721 tanquam
2477 653 2532 706 in
2566 652 2805 717 imagine
2839 649 3137 720 etspeculo
3173 658 3336 718 atque
3378 650 3547 715 δειλίᾳ-

1980 753 2125 798 mate
2170 743 2624 813 contemplamur.
2679 742 2747 797 Et
2794 742 2978 806 sicut,.
3010 756 3152 794 cum
3195 742 3305 795 sint
3336 740 3555 805 alioqui~

1981 835 2209 889 infinita
2235 833 2433 887 divina:
2479 832 2744 900 imagines
2782 831 3013 897 Christi,
3048 846 3153 885 non
3190 831 3344 884 multi
3380 830 3549 887 Chri-

1980 927 2072 990 sti,
2114 924 2212 981 sed
2247 941 2391 981 unus
2422 933 2631 1006 tantum
2665 923 2931 978 Dominus
2963 932 3146 978 noster
3195 921 3349 977 lesus
3381 921 3549 976 Chri-

1979 1008 2135 1082 stus;
2177 1016 2258 1073 sic
2307 995 2597 1073 cumsint
2634 1015 2859 1069 inﬁnita:
2906 1014 3171 1082 imagines
3219 1012 3551 1075 divinitatis,
3583 990 3603 1029 ³

1978 1122 2100 1176 quae
2148 1121 2314 1176 supra
2360 1106 2723 1161 substantiam
2760 1112 2867 1169 est,
2917 1113 2975 1158 et
3020 1104 3163 1158 sicut
3206 1115 3547 1171 unaquaeque

1979 1201 2163 1267 imago
2190 1196 2370 1252 divina
2396 1195 2659 1265 inscripta
2694 1204 2775 1248 est
2798 1193 3077 1258 Christus,
3105 1193 3186 1247 sic
3208 1203 3550 1260 unaquaeque

1982 1289 2177 1343 harum
2227 1285 2653 1342 similitudinum
2702 1285 2959 1341 divinitas
2999 1285 3266 1354 appellata
3310 1291 3415 1338 est.
3473 1280 3550 1334 Ex

1979 1377 2173 1431 ordine
2220 1375 2391 1439 enim,
2431 1373 2634 1444 inquit,
2680 1374 2924 1428 omnium
2975 1388 3183 1437 rerum,
3237 1381 3290 1425 ut
3340 1370 3432 1437 qui
3481 1372 3571 1422 ab.

1981 1468 2104 1538 ipso
2138 1466 2315 1521 factus
2336 1473 2443 1530 est,
2475 1473 2532 1519 et
2571 1466 2662 1534 qui
2710 1463 2979 1531 imagines
3003 1461 3271 1531 quasdam
3306 1466 3358 1512 et
3399 1459 3579 1512 simi-7

1982 1557 2246 1613 litudines
2295 1557 2605 1613 divinorum
2648 1555 2767 1624 ejus
2818 1554 3213 1624 exemplarium
3252 1552 3435 1615 habet,
3481 1550 3547 1602 ad

1982 1652 2115 1707 illud
2159 1666 2503 1720 supremum,
2541 1650 2685 1719 quod
2722 1648 2865 1704 ultra
2906 1646 3324 1715 universitatem
3367 1658 3575 1698 rerum.

1983 1754 2090 1808 est.
2125 1744 2210 1798 via
2241 1751 2303 1798 et
2321 1742 2515 1796 ordine
2556 1755 2654 1809 pro
2680 1740 2887 1793 viribus
2919 1737 3300 1800 ascendimus;
3326 1744 3380 1789 et
3407 1734 3550 1801 quod

1982 1835 2246 1904 plukest,
2279 1833 2498 1888 divinus
2548 1846 2755 1895 Sermo,
2792 1823 3103 1888 Faciamus,
3138 1826 3333 1895 inquit,
3387 1823 3555 1875 homi—

1983 1938 2100 1976 nem
2126 1922 2197 1973 ad
2223 1922 2504 1990 imaginem
2530 1931 2579 1973 et
2600 1919 3003 1974 similitudinem
3032 1926 3270 1970 nostram
3297 1913 3377 1978 τις
3408 1927 3515 1980 quo
3540 1915 3553 1963 l

1983 2020 2166 2067 autem
2208 2011 2339 2064 illud
2374 2010 2769 2065 subostendcre
2795 2019 2847 2063 et
2883 2006 3211 2062 adumbrare
3233 2005 3365 2059 dicit
3394 2003 3557 2058 simi-

1986 2100 2268 2155 litudinem
2308 2100 2639 2161 divinitatis,
2703 2098 3049 2153 manifestius
3102 2097 3205 2152 hoc
3257 2096 3315 2150 fit
3369 2110 3435 2151 ex
3488 2094 3555 2147 iis

1986 2208 2108 2261 qua
2152 2193 2344 2247 scribit
2392 2191 2533 2244 idem
2582 2189 2879 2259 Gregorius
2931 2187 3241 2249 Theologus
3295 2194 3553 2251 tanquam

1988 2302 2045 2342 se
2073 2287 2188 2356 ipse
2222 2285 2585 2353 interpretans
2610 2282 2662 2334 in
2710 2281 2850 2334 libro
2885 2278 2959 2333 De
2991 2278 3251 2346 theologia
3284 2275 3559 2339 secundo»,

1986 2380 2264 2449 quomodo
2310 2377 2425 2430 haec
2473 2382 2723 2443 oporteat
2769 2372 3069 2441 intelligere
3103 2389 3117 2424 :
3152 2368 3325 2433 Sicut,
3360 2369 3557 2435 inquit,

1990 2471 2196 2525 umbrae
2226 2477 2280 2521 et
2316 2467 2581 2535 imagines
2623 2464 2755 2518 soiis
2788 2464 2840 2516 in
2886 2462 3067 2532 aquis,
3106 2461 3344 2515 inllrmis
3385 2459 3561 2514 oculis

1990 2562 2157 2616 Solem
2186 2558 2611 2622 subostendnnt,
2655 2557 2784 2625 quia
2816 2554 2897 2609 sol
2930 2554 3063 2623 ipse,
3108 2568 3235 2607 cum
3270 2567 3405 2622 puro
3440 2554 3578 2621 ejus

1992 2652 2201 2705 lumina
2242 2665 2438 2704 sensus
2486 2658 2676 2703 noster
2711 2649 2982 2711 vincatur,
3019 2647 3185 2701 videri
3217 2661 3283 2701 ex
3324 2644 3571 2701 advers-ti

1995 2758 2101 2794 non
2127 2740 2605 2809 potest,qoocirca
2631 2753 2831 2792 sensus
2861 2748 3046 2790 noster
3086 2737 3355 2801 vincatur,
3388 2737 3560 2789 videri

1994 2849 2058 2887 ex
2088 2833 2320 2886 adverso
2343 2846 2449 2884 non
2480 2838 2680 2899 potest,
2708 2828 2967 2897 quocirca
2998 2826 3100 2881 hoc
3128 2827 3398 2897 signiticat
3432 2826 3571 2880 sub-

1996 2924 2305 2987 ostendere,
2328 2923 2472 2992 quod
2514 2935 2712 2978 sensus
2747 2934 2854 2974 non
2897 2927 3076 2989 potest
3112 2918 3315 2988 liquide
3353 2918 3563 2984 videre,

1999 3017 2111 3070 hoe
2148 3014 2562 3070 similitudinem
2595 3013 2714 3082 ejus
2756 3027 2852 3080 per
2895 3026 3117 3079 aquam,
3150 3019 3243 3063 aut
3278 3024 3373 3079 per
3398 3011 3560 3063 aliam

328 3097 381 3150 in
416 3097 481 3150 iis
505 3112 625 3165 quae
659 3096 710 3150 in
754 3096 987 3151 mediam
1028 3097 1417 3152 Pentecostemu
1441 3107 1713 3151 canuntur
1748 3115 1761 3150 :
1799 3097 1901 3153 νε·
1924 3111 1967 3167 c
2002 3122 2113 3159 rem
2145 3106 2459 3175 quampiam
2500 3105 2880 3159 intermediam
2910 3102 3241 3171 exprimere.
3290 3100 3381 3154 Sic
3416 3101 3559 3155 idem

328 3188 403 3241 nit
436 3188 672 3241 medium
719 3188 929 3240 dierum
966 3187 1335 3252 Pentecostes,
1368 3204 1491 3244 cum
1525 3188 1781 3244 Christus
1812 3190 1912 3243 di--

329 3280 451 3332 vina
495 3281 761 3348 potestate
790 3279 1028 3352 tenuiter
1056 3281 1299 3339 detecta,
1332 3281 1688 3348 paralyticum
1728 3297 1895 3335 sana-

330 3371 433 3435 vit;
474 3381 527 3424 et
565 3371 615 3423 in
644 3388 836 3425 novatn
868 3370 1203 3425 Deminicam
1239 3390 1252 3425 :
1280 3371 1527 3438 Domine,
1562 3373 1759 3440 inquit,
1787 3374 1903 3426 ful-

331 3476 460 3526 gere
517 3462 784 3515 tolerabili
820 3462 1124 3517 divinitatis
1156 3462 1358 3517 clausis
1400 3464 1587 3532 januis
1631 3464 1892 3531 adfuisti;

331 3564 380 3604 et
407 3552 613 3603 intinita
649 3553 753 3604 alia
795 3553 1087 3621 ejusmodi.
1116 3552 1189 3606 Ex
1214 3554 1413 3621 quibus
1444 3554 1789 3608 manifestum
1817 3556 1894 3617 lit,

333 3642 787 3709 quemadmodum
816 3645 964 3719 idem
994 3653 1047 3698 et
1074 3660 1217 3698 unus
1246 3644 1417 3698 Filius
1433 3643 1552 3711 Dei,
1578 3655 1633 3699 et
1658 3644 1895 3697 Verbum

340 3731 535 3795 l‘atris,
570 3730 663 3799 qui
703 3740 821 3785 erat
853 3741 979 3785 ante
1015 3731 1304 3785 adventum
1352 3731 1405 3785 in
1441 3747 1627 3792 carne.
1664 3733 1751 3785 hic
1784 3732 1900 3799 ipse

335 3822 719 3889 apparationes
740 3820 914 3874 variis
960 3820 1295 3889 temporibus
1338 3820 1513 3874 factas
1544 3821 1897 3890 aperabatur,

337 3919 391 3962 et
420 3909 471 3963 in
506 3908 734 3961 adventu
768 3923 868 3961 suo
901 3922 1025 3962 cum
1058 3923 1243 3971 carne,
1282 3908 1680 3978 quandiucum
1720 3909 1902 3962 homi-

344 4001 504 4055 nibus
543 4007 791 4054 versatus
827 4009 934 4063 est,
977 4000 1066 4054 hic
1119 4000 1237 4068 ipse
1270 4000 1488 4054 easdem
1534 4002 1903 4071 apparitiones

342 4091 431 4145 Dei
464 4108 583 4145 eum
635 4100 901 4161 potestate
937 4090 1174 4145 faciebat
1201 4108 1218 4144 ε
1250 4103 1304 4146 ει
1338 4101 1627 4161 postquam
1660 4094 1900 4161 comple-

342 4178 417 4237 vit
444 4183 807 4237 mcooomiam
836 4182 1096 4237 adventus
1131 4183 1215 4237 sui
1250 4182 1302 4236 in
1344 4197 1532 4248 carne,
1562 4192 1616 4237 et
1640 4185 1692 4238 in
1736 4185 1903 4239 ccelos

332 4285 649 4343 assumptus
679 4282 783 4338 est,
828 4289 1022 4328 rursus
1058 4273 1146 4327 hic
1185 4275 1301 4342 ipse
1342 4275 1643 4328 secundum
1677 4290 1905 4328 mensu-

338 4383 449 4431 ram
482 4366 1060 4435 potestatis-cujusque
1090 4364 1239 4431 fecit,
1281 4376 1337 4420 et
1366 4365 1497 4420 facit
1530 4374 1738 4420 natum
1770 4382 1904 4426 suae.

1998 3196 2297 3267 Gregorius
2350 3196 2618 3250 visionem
2671 3195 3061 3260 interpretatus
3121 3200 3205 3247 est
3258 3192 3563 3256 notionem,

1997 3290 2135 3344 libro
2168 3288 2412 3342 secundo
2443 3288 2510 3341 de
2542 3287 2682 3341 Filio
2714 3304 2738 3342 ς
2778 3286 2907 3353 Qui,
2959 3286 3161 3354 inquit,
3190 3285 3333 3340 novit
3371 3284 3569 3338 Filium

1999 3379 2125 3449 (hoc
2155 3378 2297 3433 enim
2329 3378 2603 3447 signiﬁcat
2638 3378 2771 3432 illud
2813 3394 2827 3430 :
2859 3376 2962 3442 Qui
2995 3376 3174 3446 vidit),
3202 3378 3340 3429 novit
3366 3392 3568 3444 quoque

1998 3471 2216 3525 Patrem
2238 3471 2308 3525 ⁷⁸.
2352 3471 2415 3524 Et
2441 3468 2681 3525 Joannes
2711 3469 3140 3539 Cbrysostomus
3185 3484 3201 3521 :
3249 3467 3568 3536 Respondit,

2000 3564 2201 3631 inquit,
2232 3561 2460 3625 Iudaeis,
2488 3570 2541 3615 et
2564 3560 2737 3615 dixit:
2768 3559 2884 3613 Non
2912 3560 3057 3628 quod
3092 3559 3304 3613 Patrem
3335 3561 3459 3629 quis
3487 3560 3564 3611 vi-

1999 3653 2100 3716 dit,
2125 3653 2229 3709 nisi
2273 3652 2365 3721 qui
2395 3658 2478 3706 est
2502 3665 2570 3705 ex
2615 3651 2722 3704 Deo
2742 3668 2762 3714 ;
2786 3650 2962 3703 etiam
2994 3649 3083 3703 hic
3112 3644 3374 3704 visionem
3414 3658 3574 3702 vocat

2000 3743 2391 3813 cognitionem.
2434 3740 2602 3812 Igitur
2652 3741 2879 3805 vidisse,
2929 3748 3225 3808 spectasse,
3281 3740 3572 3794 subosteu-

2001 3835 2170 3896 disse,
2202 3832 2586 3894 adumbrasse,
2623 3829 2921 3893 detexisse,
2971 3829 3229 3895 nudasse,
3275 3829 3570 3894 indicasse,

2001 3920 2349 3992 patefecisse,
2381 3921 2462 3975 vel
2492 3920 2817 3989 simpliciter
2855 3920 3176 3989 accipienda
3212 3927 3341 3974 sunt
3381 3934 3477 3988 pro
3501 3935 3567 3972 eo

2002 4014 2147 4085 quod
2187 4021 2287 4067 est.
2312 4012 2674 4077 cognovisse;
2729 4011 2810 4064 vel
2852 4010 3171 4079 accipienda
3219 4020 3347 4067 sunt
3381 4026 3477 4079 pro
3505 4026 3571 4061 co

2002 4102 2151 4175 quod
2184 4112 2267 4159 est
2311 4112 2569 4171 tanquam
2613 4102 2667 4155 in
2716 4101 2952 4171 imagine
2992 4109 3047 4156 et
3084 4100 3441 4156 similitudine
3478 4118 3575 4170 per

2005 4204 2284 4266 aspectum
2316 4195 2599 4250 oculorum
2623 4194 3019 4264 .perspexisse.
3074 4193 3337 4249 Similiter
3378 4208 3570 4263 parum

2004 4287 2308 4342 divinitatis
2335 4288 2742 4356 aperuisse,.ct
2790 4296 3009 4339 tenuem
3055 4268 3400 4355 splendorem
3456 4286 3576 4355 ejus

2010 4381 2209 4433 vidisse
2270 4380 2352 4432 sic
2394 4380 2646 4447 accipere
2694 4386 2931 4445 oportet,
2982 4389 3047 4430 ac
3097 4377 3143 4429 si
3197 4374 3447 4431 dicamus
3479 4392 3576 4465 p.er

337 4475 459 4526 qua:
493 4459 871 4526 supraomnia
914 4467 1017 4523 est,
1065 4459 1419 4528 spectacula;
1466 4469 1520 4514 et
1564 4458 1707 4513 sicut
1749 4470 1900 4511 aute-

2011 4469 2316 4539 specula,.et
2344 4470 2631 4536 aenigmata
2659 4468 2984 4535 conjecisse.
3010 4465 3120 4521 Nec
3142 4468 3288 4520 enim
3318 4444 3578 4521 divinitas

341 4565 503 4615 quam
542 4549 905 4614 fieretuhomo,
929 4565 1090 4604 omne
1118 4550 1425 4620 symbolum
1452 4560 1506 4605 et
1526 4565 1689 4606 omne
1720 4565 1903 4604 exem-

343 4640 479 4707 plar,
513 4640 816 4693 divinitatis
846 4640 967 4709 ejus
994 4651 1111 4694 erat
1142 4641 1448 4710 symbolum
1495 4651 1550 4695 et
1591 4641 1905 4710 exemplar;
1932 4668 1935 4669 ν

345 4728 423 4780 sic
456 4736 508 4779 et
551 4743 695 4781 nunc
724 4730 1003 4796 exemplar
1034 4730 1283 4797 corporis
1321 4728 1437 4796 ejus
1478 4729 1788 4796 gloriﬁcati,
1820 4727 1906 4781 di-

346 4818 586 4873 vinitatis
618 4820 734 4887 ejus
774 4819 1083 4888 symbolum
1123 4828 1242 4882 est;
1281 4833 1424 4872 unus
1450 4818 1596 4871 enim
1631 4827 1713 4872 est
1742 4818 1909 4871 Filius

340 4921 391 4963 et
421 4896 595 4973 Deus;
628 4918 682 4963 et
713 4917 837 4978 post
878 4917 1212 4977 assumptam
1248 4910 1641 4962 humanitatem
1684 4908 1908 4977 sangui-

347 5017 466 5056 nem
498 5000 590 5055 Dei
621 5009 675 5054 et
701 5016 902 5069 corpus
944 4999 1036 5054 Dei
1066 5000 1153 5069 pie
1181 5015 1524 5054 veneramur.
1566 4998 1719 5054 Sicut
1744 4999 1909 5068 igitur

344 5095 481 5158 haec,
542 5092 625 5147 sic
670 5092 976 5163 symbolum
1033 5090 1279 5144 humani
1321 5091 1567 5159 corporis
1613 5089 1907 5159 glorificati

345 5184 649 5255 symbolum
696 5198 819 5239 esse
856 5182 1165 5238 divinitatis
1195 5181 1317 5250 ejus
1367 5180 1454 5248 pie
1492 5181 1636 5233 docti
1696 5196 1915 5241 sumus,

346 5288 397 5332 et
428 5277 482 5331 in
521 5276 751 5348 singulis
779 5276 896 5344 ejus
926 5273 1125 5329 divinis
1171 5272 1343 5338 signis
1377 5272 1742 5329 divinitatem.
1785 5284 1921 5339 qum.

348 5381 508 5436 supra
560 5365 922 5421 substantiam
976 5371 1077 5430 est,
1130 5361 1470 5426 subosteudi,
1511 5371 1563 5414 ct
1611 5360 1808 5428 detegi,
1855 5366 1929 5413 et.

348 5455 569 5523 aperiri,
605 5463 661 5508 et
696 5454 889 5519 videri,
923 5462 981 5506 et
1025 5452 1284 5521 spectari,
1314 5460 1461 5504 recte
1497 5457 1661 5517 atque
1708 5462 1839 5501 sane
1879 5461 1931 5498 ai

350 5546 704 5614 sapientibus,
729 5545 819 5615 qui
853 5543 1035 5599 divina
1062 5543 1279 5607 callent,
1315 5542 1649 5611 accepimus,
1688 5554 1796 5594 non
1830 5538 1912 5592 af-

2009 4559 2209 4624 ntinor,
2258 4566 2349 4611 aut
2384 4557 2558 4626 major
2593 4573 2650 4611 se
2678 4557 2817 4626 ipsa,
2869 4555 3178 4611 videntibus
3220 4556 3525 4609 ostenditur
3560 4573 3576 4609 :

2009 4651 2103 4706 sed
2136 4650 2321 4719 potius
2352 4650 2540 4702 eadem
2570 4662 2723 4716 aeque
2758 4646 2993 4709 infinita,
3019 4656 3074 4699 et
3103 4661 3208 4700 non
3242 4647 3579 4717 vestigabilis

2009 4750 2063 4795 et
2102 4739 2469 4810 impartibilis,
2523 4738 2910 4792 convenienter
2960 4752 3231 4791 mensura:
3273 4737 3595 4795 videntium.

2013 4847 2175 4887 omne
2238 4846 2409 4899 genus
2461 4830 2729 4882 luminum
2783 4838 2955 4891 creat,
3004 4836 3059 4881 et
3099 4829 3166 4884 ad
3215 4828 3574 4884 elevatiOnetn

2018 4924 2281 4979 mentium
2312 4929 2625 4976 nostrarum
2671 4921 2945 4990 proponit.

422 5720 464 5748 "
492 5719 675 5774 .llaltlt.
714 5735 837 5788 xiv,
878 5721 968 5775 9.7.
1043 5721 1088 5756 ⁷⁵
1122 5720 1259 5778 Gen.
1291 5735 1329 5788 ι,
1358 5718 1448 5775 26.
1523 5720 1569 5751 "
1595 5715 1789 5774 Matth.
1823 5714 2011 5783 xt,,27.
