4058 6306
474 350 495 361 ’
533 350 638 414 8'85
1682 357 2002 421 IOANNIS
2040 356 2602 422 CYPARiSSlOTrE
3694 350 3794 417 856

2121 476 2167 531 Α
2202 479 2393 547 possit,
2437 494 2603 547 quem
2638 476 2860 548 quidem
2924 480 2977 531 in
3032 487 3219 530 monte
3269 473 3795 541 transﬁgurationis

2198 567 2412 621 Domini
2442 567 2652 637 Moyses
2677 577 2729 622 et
2758 566 2903 620 Elias
2929 574 3296 635 gestavernnt.
3319 564 3380 617 Et
3400 578 3657 632 magnus
3682 565 3797 619 Dio-

2197 660 2386 729 nysius
2434 660 2615 727 capite
2664 659 2840 727 primo
2891 658 2962 712 De
3006 658 3197 712 divinis
3244 656 3591 719 nominibus,
3644 653 3797 712 Nunc

2200 753 2446 821 quidem.
2478 753 2676 821 inquit,
2711 751 2952 806 charitas
2982 748 3072 802 Dei
3099 765 3225 819 erga
3257 750 3523 803 homines
3576 749 3633 801 in
3678 763 3798 804 san-

2198 846 2301 897 ctis
2351 842 2650 912 Scripturis
2690 853 2743 897 et
2789 842 3107 909 apostolicis
3144 840 3553 894 traditionibus
3591 854 3796 894 conre-

2198 937 2415 991 nienter
2448 937 2603 990 nobis
2647 950 2708 991 ea
2760 950 2882 1004 qua:
2917 934 3018 990 sub
3071 933 3501 1002 intelligentiam
3567 932 3794 996 cadunt,

2202 1028 2375 1084 sacris
2406 1029 2761 1097 operimentis
2779 1028 2879 1082 sub
2894 1042 3113 1081 sensum
3132 1026 3452 1080 cadentibus
3469 1026 3622 1079 velat
3644 1034 3796 1089 :etea

2201 1134 2322 1187 qllic
2351 1134 2512 1184 supra
2544 1119 2902 1173 substantiam
2936 1126 3086 1179 sunt,
3124 1118 3189 1170 iis
3215 1133 3337 1183 qua:
3370 1118 3424 1169 in
3467 1131 3667 1171 rerum
3706 1132 3797 1170 na-

2204 1220 2327 1264 tura
2364 1221 2517 1272 sunt,
2558 1208 2805 1277 obtegit;
2838 1207 3043 1263 formas
3083 1219 3136 1263 et
3174 1210 3376 1273 ﬁguras
3411 1208 3485 1263 iis
3523 1224 3658 1277 quae
3688 1207 3798 1261 for-

1121 471 1348 529 CAPU'I'
1392 471 1503 528 νη.

531 602 688 667 Quod
716 619 830 656 eam
860 602 1327 672 pulchritudinem.
1358 622 1513 670 quam
1552 606 1721 659 Adam
1753 617 1879 661 ante
1905 623 2093 672 pecca-

603 685 715 726 tum
744 690 846 726 non
874 674 1147 727 obediendi
1177 673 1455 738 habuerat,
1479 691 1616 729 nunc
1638 687 1882 729 naturam
1909 677 2097 741 huma-

601 758 725 795 nam
767 754 1099 809 recuperasse
1128 742 1385 797 Dominus
1415 743 1469 797 in
1507 754 1681 798 monte
1716 744 1926 799 Thabor
1955 746 2008 798 in
2043 760 2099 797 se

578 813 812 879 quidem
847 814 991 878 prius
1018 814 1086 865 ad
1121 816 1288 867 vivunt
1323 815 1601 876 expressit,
1625 828 1802 880 postea
1832 831 1949 869 vero
1984 824 2097 882 post

604 882 1032 952 resurrectionem
1069 898 1222 935 suam
1271 884 1407 937 sicut
1457 886 1564 952 ipse
1612 883 1869 937 Dominus
1915 886 2098 937 eodem

601 950 800 1022 lumine
826 951 989 1004 multo
1012 954 1299 1018 copiasiore
1326 953 1420 1022 (η),
1452 950 1768 1006 naturaliter
1790 954 2097 1022 splendebit,

603 1021 682 1092 sic
707 1037 892 1092 serum
942 1022 1149 1092 habebit
1176 1022 1352 1091 justas
1383 1034 1747 1092 consequentes
1781 1021 1891 1076 sele
1921 1022 2098 1089 splen-

600 1090 855 1152 didiores,
880 1091 1082 1145 scilicet
1116 1090 1392 1144 restituens
1424 1109 1510 1146 eos
1541 1090 1594 1145 in
1628 1095 1776 1147 illam
1810 1092 2099 1147 beatitudi-

599 1174 713 1212 nem
743 1160 861 1227 quat
894 1169 1009 1214 erat
1040 1172 1162 1215 ante
1186 1169 1457 1231 peccatum
1489 1163 1643 1218 Adw.

603 1293 831 1349 Divinus
852 1296 1095 1351 Andreas
1116 1296 1393 1354 Cretensis
1425 1301 1477 1354 in
1511 1314 1709 1368 magno
1730 1313 1941 1355 canone
1983 1300 2095 1354 ait:

534 1382 703 1437 Amisi
740 1384 972 1453 primam
1006 1399 1181 1439 meam
1230 1386 1715 1455 pulchritudinem,
1752 1397 1803 1441 et
1849 1388 2097 1442 decorem

529 1488 708 1528 meum
740 1492 753 1540 ;
784 1484 838 1528 et
886 1476 1012 1531 inde
1042 1476 1200 1545 jaceo
1237 1480 1439 1541 nudus,
1472 1490 1527 1531 et
1566 1479 1751 1546 pudet.
1786 1477 1853 1532 Et
1892 1478 2098 1547 Grego-

2202 1393 2347 1463 piex.
2380 1392 2526 1462 quod
2554 1404 2720 1459 supra
2768 1390 3131 1445 substantiam
3176 1400 3230 1442 et
3271 1399 3541 1443 naturam
3588 1398 3699 1450 est,
3747 1396 3797 1439 et

2207 1483 2350 1550 quod
2380 1481 2600 1549 ﬁgurari
2634 1496 2740 1533 non
2770 1488 2971 1547 potest,
2999 1477 3260 1532 varietate
3290 1477 3588 1546 signorum
3629 1474 3795 1543 parti-

2203 1316 2287 1354 ma
2316 1310 2369 1354 ct
2403 1301 2571 1368 ﬁgura
2605 1308 2815 1357 carent.
2840 1298 3101 1365 obducit;
3128 1307 3179 1352 et
3210 1297 3340 1351 illud
3367 1312 3554 1350 unum
3590 1308 3645 1351 et
3671 1297 3798 1351 sim-
3880 1329 3887 1333 -

530 1569 644 1622 rius
673 1565 985 1638 Theologus
1014 1569 1131 1639 (b):
1176 1569 1423 1624 Pclliceis
1454 1570 1655 1625 tunicis
1682 1570 1951 1637 induitur,
1988 1573 2102 1624 for-

468 1692 469 1695 η
531 1667 680 1713 tasse
708 1660 980 1714 crassiore
1008 1674 1197 1726 carne,
1237 1669 1290 1714 et
1338 1662 1578 1723 mortali,
1608 1670 1661 1717 et
1694 1663 1852 1727 dura,
1899 1677 1963 1716 ac
2014 1676 2101 1716 re-

526 1758 823 1821 pugnante.
856 1752 919 1806 Et
946 1751 1116 1805 divini
1140 1758 1305 1821 atque
1330 1752 1472 1807 hrati
1503 1754 1730 1809 Cosmas
1751 1764 1805 1807 et
1830 1754 2091 1818 Joannes,
2134 1798 2175 1853 Β

528 1842 583 1897 in
638 1844 942 1899 canonibus
999 1844 1052 1897 in
1084 1842 1644 1913 Translignrationem
1686 1864 1700 1900 :
1748 1846 1850 1911 Qui
1900 1852 2095 1909 totum,

531 1935 809 2006 inquiunt,
831 1937 997 1991 Adam
1025 1937 1271 2007 gestasti,
1293 1938 1528 2001 Christe,
1559 1947 1807 2013 naturam
1837 1938 2100 1993 obscura-

535 2039 644 2081 tam
677 2034 729 2082 et
780 2028 1090 2083 hebetatam
1143 2030 1514 2089 commutasti.
1540 2040 1593 2083 et
1623 2029 1959 2095 splendidam
1986 2028 2099 2097 jam

528 2128 688 2173 antea
725 2119 1046 2187 reddidisti;
1082 2131 1135 2176 et
1164 2121 1550 2176 immutatione
1583 2120 1772 2175 forma:
1801 2129 1908 2174 tua:
1941 2118 2098 2172 deiﬁ-

528 2212 687 2263 casti.
736 2208 804 2265 Et
849 2210 1086 2266 iterum:
1121 2211 1175 2265 In
1210 2211 1357 2264 hunc
1398 2211 1544 2266 enim
1595 2220 1833 2264 montem
1867 2226 1989 2265 cum
2041 2217 2098 2262 tit

530 2297 786 2351 Salvator
821 2313 929 2352 una
977 2314 1101 2353 cum
1138 2298 1424 2368 discipulis
1458 2299 1563 2353 tuis
1598 2301 1970 2363 ascendisses,
2008 2315 2103 2354 na-

528 2396 708 2443 turam
734 2390 788 2442 in
820 2390 992 2443 Adam
1025 2390 1419 2453 inumbralatn,
1446 2390 1887 2460 transﬁguratus,
1916 2392 2102 2461 Splen-

531 2478 667 2530 dere
706 2486 901 2530 rursus
942 2476 1137 2542 fecisti,
1171 2487 1392 2532 mutans
1424 2493 1543 2532 eam
1574 2479 1625 2532 in
1658 2479 1963 2535 divinitatis
1994 2490 2101 2537 tua:

528 2565 759 2630 gloriam
785 2575 840 2619 et
871 2565 1240 2634 splendorem.
1275 2566 1341 2620 Et
1374 2568 1571 2622 iterum
1606 2587 1620 2624 :
1655 2568 1823 2625 Hodie
1850 2572 2102 2626 Christus

527 2658 583 2708 in
630 2665 813 2710 monte
851 2656 1073 2711 Thabor
1122 2666 1374 2714 naturam
1431 2660 1602 2714 Adam
1666 2662 1997 2729 immutavit,
2050 2671 2102 2717 et

527 2747 866 2813 splendidam
893 2749 1127 2811 reddens
1152 2751 1451 2808 deiﬁcavit.
1479 2752 1545 2806 Et
1574 2753 1772 2808 iterum
1812 2772 1825 2808 :
1855 2754 1957 2820 Qui
1989 2769 2102 2808 ma-

526 2842 690 2897 nibus
712 2843 1199 2913 inaspectabilibus
1224 2845 1499 2899 hominem
1524 2846 1590 2899 ad
1617 2846 1907 2913 imaginem
1930 2855 2099 2911 tuam,

524 2934 763 2998 Christe,
806 2933 1079 2996 formasti,
1132 2934 1595 3002 pulchritudinem
1647 2937 1727 2989 ttti
1774 2937 2099 3007 exemplaris

525 3026 581 3077 iit
630 3035 831 3078 natura
863 3040 894 3077 a
926 3032 978 3078 te
1013 3024 1245 3078 formata
1277 3024 1668 3079 demonstrasti
1704 3040 1810 3077 non
1843 3036 2096 3093 tanquam

2204 1571 2392 1624 bilium
2423 1570 2766 1638 multiplicat,
2793 1578 2845 1621 et
2868 1567 3071 1635 eilingit
3095 1585 3109 1631 ;
3137 1582 3261 1621 cum
3292 1581 3418 1620 vero
3449 1566 3795 1619 immortales

2205 1662 2333 1716 facti
2358 1663 2584 1723 erimus,
2607 1670 2660 1715 et
2684 1662 2749 1714 ad
2779 1661 2929 1714 illum
2988 1660 3366 1714 beatissimum
3395 1668 3613 1714 statum
3642 1655 3793 1711 Chric

2204 1755 2273 1808 sti
2296 1750 2526 1808 similem
2554 1751 2963 1822 perveniemus.
2982 1762 3109 1804 tunc
3137 1762 3372 1818 semper,
3393 1750 3551 1803 sicut
3573 1749 3651 1802 ait
3670 1762 3789 1801 vera

2206 1843 2512 1911 Scriptura,
2538 1857 2663 1895 cum
2694 1836 2927 1895 Domino
2956 1842 3185 1903 erimus,
3216 1840 3413 1907 expleti
3446 1840 3789 1905 contempla-

2204 1937 2444 1990 tionihus
2474 1934 2789 2004 purissimis
2834 1933 3182 2001 aspectabilis
3223 1933 3442 2000 quidem
3479 1930 3782 1999 apparitio-

2204 2028 2289 2081 nis
2324 2028 2436 2090 Dci,
2471 2042 2592 2096 quae
2628 2040 2729 2080 nos
2776 2024 3128 2079 lucidissimis
3179 2023 3488 2093 fulgoribus
3550 2026 3786 2075 eirrum-

2205 2116 2417 2180 funilet,
2457 2126 2514 2170 ut
2562 2114 2864 2186 discipulos
2902 2116 2956 2167 in
3007 2114 3095 2168 illa
3139 2115 3487 2168 divinissima
3546 2111 3782 2165 Transti-

2204 2210 2527 2279 g’uratidne,
2587 2207 2993 2276 lnaspectahilis
3052 2221 3180 2259 vero
3241 2206 3676 2259 illuminationis
3728 2204 3776 2256 in

2205 2310 2386 2355 mente
2427 2300 2669 2353 materiae
2700 2306 2924 2366 experte
2949 2305 3003 2350 et
3044 2294 3331 2367 impatiliili
3364 2298 3667 2366 participes
3706 2293 3777 2347 ef-

2204 2391 2353 2453 fecti,
2387 2390 2548 2444 simul
2578 2401 2631 2444 et
2657 2389 2901 2454 unionis,
2933 2402 3054 2455 quae
3083 2400 3261 2442 mente
3294 2388 3513 2456 coiicipi
3550 2402 3657 2440 non
3690 2400 3776 2449 po—

2205 2491 2332 2539 test.
2371 2484 2424 2534 in
2464 2482 2704 2551 jactibns
2758 2480 2957 2549 ignotis
2988 2488 3041 2532 ct
3075 2479 3247 2533 beatis
3297 2478 3581 2532 radiorum
3615 2489 3769 2544 supra

2203 2572 2421 2625 modum
2448 2573 2744 2633 clarorum,
2772 2570 2823 2622 in
2848 2569 3157 2623 imitatione
3184 2567 3452 2621 diviniore
3477 2568 3770 2622 cwiestium

2204 2664 2468 2718 mentium
2497 2678 2511 2727 ;
2546 2660 2752 2715 erimus
2785 2660 2953 2725 enim,
2986 2661 3128 2715 Sil'lil
3160 2658 3235 2713 ait
3264 2658 3548 2727 Scriptura
3580 2658 3647 2721 ν’,
3680 2672 3768 2708 an-

2204 2757 2341 2825 gelis
2371 2752 2634 2825 aequales,
2668 2761 2724 2809 et
2758 2754 2851 2806 ﬁlii
2887 2751 3001 2819 Dei,
3038 2749 3167 2806 facti
3202 2748 3296 2804 ﬁlii
3333 2749 3761 2805 resurrectionis.

2205 2849 2329 2903 limc
2361 2854 2585 2901 sanctus
2611 2842 2879 2899 Maximus
2905 2860 3029 2898 cum
3067 2844 3316 2905 adnotat,
3340 2842 3550 2905 Sancti,
3576 2840 3758 2905 inquit,

2204 2942 2256 2995 iii
2278 2940 2681 2994 resurrectione
2702 2946 2899 2991 statum
2926 2934 3157 2989 similem
3184 2934 3389 2989 Christi
3414 2950 3531 2989 cum
3554 2935 3760 2987 immor-

2206 3032 2413 3086 talitate
2449 3031 2845 3099 adipiscentur,
2899 3027 3247 3096 splendentes
3282 3040 3451 3095 supra
3483 3039 3635 3094 quam
3678 3021 3754 3074 soi

528 3108 581 3161 in
618 3108 873 3177 imagine,
907 3108 1000 3162 sed
1029 3116 1288 3176 tanquam
1313 3108 1406 3176 qui
1442 3121 1593 3163 esses
1621 3110 1921 3163 substantia
1958 3109 2099 3165 Deus

2204 3126 2470 3196 splendet,
2516 3124 2657 3177 sicut
2706 3120 2965 3174 Dominus
3014 3121 3064 3173 iu
3118 3130 3299 3173 monte
3352 3117 3739 3185 transﬁguratus

529 3207 583 3253 it
618 3199 758 3253 idem
793 3199 978 3251 homo.
1010 3197 1075 3251 Et
1102 3198 1297 3251 iterum
1328 3212 1341 3251 :
1371 3196 1474 3262 Qui
1505 3198 1634 3251 olim
1666 3213 1790 3252 cum
1833 3199 2013 3270 Moyse
2049 3201 2099 3254 in

529 3298 715 3343 monte
743 3286 876 3341 Sina
918 3298 1013 3356 per
1056 3287 1302 3358 symbola
1344 3288 1563 3343 locutus
1608 3298 1710 3353 est,
1758 3305 1882 3343 cum
1921 3291 2101 3346 dixit:

529 3378 644 3448 Ego
675 3394 812 3443 sum,
836 3381 925 3448 qui
949 3378 1131 3433 sum"
1159 3419 1175 3444 ,
1204 3378 1364 3434 hodie
1389 3380 1812 3452 transﬁguratus
1836 3383 1888 3435 in
1918 3393 2102 3436 monte

528 3470 753 3527 Thabor
781 3488 965 3527 coram
1007 3472 1316 3543 discipulis,
1343 3474 1586 3528 ostendit
1622 3476 1675 3529 in
1704 3491 1763 3531 se
1794 3475 1912 3545 ipso
1947 3483 2104 3530 natu-

529 3582 647 3621 ram
682 3568 979 3621 humanam
1008 3566 1075 3620 ad
1109 3566 1386 3636 exemplar
1417 3567 1881 3636 pulchritudinem
1914 3569 2103 3636 imagi-

528 3660 614 3714 nis
652 3668 1028 3728 recuperasse.
1068 3654 1135 3711 Et
1168 3665 1392 3713 sanctus
1423 3657 1663 3728 Cyrillus
1696 3660 1836 3714 libro
1867 3662 2103 3729 septimo

528 3767 720 3807 eorum
749 3766 889 3822 quos
925 3766 1077 3805 more
1108 3749 1308 3821 dialogi
1338 3751 1563 3821 scripsit
1590 3770 1603 3806 :
1639 3751 1836 3809 Nonne
1866 3752 2104 3809 dicimus

528 3843 884 3898 fabrefactum
906 3854 1029 3898 esse
1060 3842 1337 3896 hominem
1372 3843 1426 3897 in
1457 3854 1599 3899 terra
1630 3848 1929 3903 secundum
1959 3848 2096 3901 ima-

529 3938 709 4003 ginem
748 3934 889 3991 Dei?
917 3935 1049 4002 Quis
1100 3934 1205 3990 hoc
1234 3935 1434 4006 neget?
1465 3937 1567 4002 Qui
1620 3947 1802 3992 autem
1860 3939 2099 3994 divinam

528 4030 822 4098 imaginem
850 4028 1008 4084 nobis
1038 4028 1323 4096 insculpit,
1357 4036 1414 4082 et
1445 4028 1905 4096 pulchritudinem
1938 4046 2101 4099 supra

526 4138 695 4189 quam
726 4121 1001 4178 ccclestem
1033 4121 1206 4176 instar
1238 4121 1399 4191 sigilli
1437 4120 1489 4174 in
1526 4124 1685 4177 nobis
1715 4123 1999 4193 imprimit,
2034 4140 2102 4179 an

530 4232 637 4270 non
682 4223 768 4269 est
810 4213 1083 4284 spiritus?
1118 4212 1184 4266 Et
1214 4212 1435 4267 divinus
1472 4213 1798 4269 Anastasius
1842 4217 2102 4283 Sinaltes,

528 4311 584 4363 in
624 4307 875 4362 oratione
918 4306 973 4360 in
1004 4303 1568 4374 Transﬁgurationem
1612 4323 1629 4361 :
1680 4305 1854 4363 Hodie
1908 4319 2104 4364 natura

529 4399 619 4453 illa
643 4396 860 4463 Adami,
884 4410 1004 4465 quae
1032 4395 1227 4450 similis
1259 4394 1366 4450 Deo
1391 4395 1552 4461 facta,
1575 4397 1640 4450 ad
1671 4396 1965 4455 deiformes
1988 4398 2104 4454 for-

530 4502 649 4544 tnas
683 4487 954 4544 idolorum
998 4487 1292 4543 obscurata
1328 4495 1466 4551 erat,
1512 4489 1895 4559 transﬁgurata
1926 4499 2010 4546 est
2046 4492 2100 4548 in

527 4582 809 4649 antiquam
840 4594 991 4634 suam
1028 4578 1493 4649 pulchritudinem
1523 4580 1589 4634 ad
1617 4581 1907 4651 imaginem
1939 4592 1991 4637 et
2024 4584 2099 4637 si-

528 4668 894 4724 militudinem
926 4670 1044 4725 Dci.
1080 4667 1251 4725 iiodie
1303 4679 1520 4735 natura,
1565 4686 1685 4739 quae
1720 4671 1772 4724 in
1821 4671 2099 4731 montibus

527 4770 831 4825 erraverat,
861 4768 915 4816 et
941 4760 1081 4816 idola
1118 4763 1385 4825 coluerat,
1418 4761 1537 4815 sine
1562 4762 1643 4815 sui
1675 4765 1999 4829 mutatione,
2041 4769 2094 4823 in

528 4863 713 4908 monte
755 4854 1003 4923 quinis-ita,
1058 4852 1375 4921 splendores
1425 4852 1729 4908 divinitatis
1774 4855 2105 4930 refulgentes

527 4947 732 5000 emisit.
768 4943 939 4999 liodie
970 4945 1061 5013 qui
1090 4944 1293 5001 tunicis
1323 4943 1428 4997 illis
1462 4944 1736 5010 tristibus,
1766 4957 1821 5001 et
1850 4951 2101 5008 molestis

528 5039 734 5094 tunicis
762 5039 987 5091 indutus
1013 5035 1137 5100 iuit,
1170 5036 1424 5092 vestitum
1461 5052 1490 5092 a
1541 5039 1653 5092 Deo
1696 5038 1898 5096 factum
1946 5060 2103 5099 sum-

528 5132 656 5201 psit,
713 5130 1159 5183 induenslumcn
1215 5137 1467 5197 tanquam
1526 5131 1929 5187 vestimentum.
1988 5138 2106 5188 imo

527 5225 693 5277 etiam
728 5220 816 5275 ille
849 5235 1012 5273 aurea
1057 5218 1365 5289 eloquentia
1397 5220 1723 5292 Theologus,
1774 5225 1827 5276 iit
1870 5224 2094 5280 ltomilia

529 5316 597 5369 de
622 5314 833 5383 jejunio
864 5314 944 5367 sic
978 5311 1092 5368 ait:
1130 5313 1326 5367 Amisit
1368 5313 1539 5366 Adam
1572 5315 1825 5368 vestitum
1853 5316 2091 5370 immor-

530 5407 754 5463 talitatis
803 5406 1039 5475 regiuni,
1074 5405 1503 5474 pulcherrimum
1556 5420 1721 5473 supra
1770 5420 1932 5475 quam
1988 5408 2097 5462 dici

598 5541 647 5574 '°
664 5540 832 5595 Exod.
866 5556 947 5601 ιη.
974 5540 1058 5593 id.
1135 5539 1179 5571 "
1204 5538 1395 5592 Matth.
1426 5552 1565 5602 XXII,
1598 5536 1686 5589 ΒΟ.

604 5681 679 5743 (al
710 5681 887 5734 idest.
915 5695 1040 5732 vere
1071 5679 1194 5732 etin
1220 5677 1520 5730 substantia
1554 5687 1671 5727 sua.

602 5749 675 5814 ib)
708 5750 762 5802 in
787 5748 1033 5803 (natione
1072 5750 1123 5803 itt
1157 5748 1392 5802 Natalem
1419 5744 1639 5801 Christi.

2207 3227 2312 3279 cst,
2348 3218 2494 3271 sicut
2533 3213 2825 3282 ApoStoitts
2858 3215 2925 3265 de
2960 3211 3165 3265 sanctis
3194 3212 3270 3264 ait
3300 3227 3311 3263 :
3350 3210 3483 3263 Tunc
3503 3213 3644 3260 erunt
3668 3200 3736 3252 si-

2206 3320 2289 3364 cut
2321 3320 2369 3363 et
2400 3311 2506 3377 ipse
2532 3318 2630 3374 est,
2663 3318 2709 3360 et
2749 3321 2951 3372 semper
2985 3321 3101 3356 cum
3140 3304 3357 3356 Domino
3384 3295 3613 3353 erimus"
3638 3310 3651 3345 :
3678 3301 3727 3343 et

2204 3399 2451 3453 divinum
2487 3398 2609 3464 ejus
2651 3412 2851 3463 corpus
2884 3395 3089 3465 ὁρατὴν
3135 3394 3302 3447 αὐτοῦ
3337 3392 3650 3459 θεοῖιὰνειιν.
3682 3382 3734 3435 id

2204 3500 2309 3553 est,
2360 3490 2733 3560 aspectabilem
2773 3487 2867 3541 Dei
2909 3488 3297 3555 opparitionem
3345 3494 3516 3547 vocat,
3559 3490 3614 3534 ut
3647 3476 3745 3543 iant

2198 3587 2308 3641 hoc
2334 3586 2534 3640 dictum
2567 3580 2729 3636 simul
2761 3580 2989 3650 quadret
3036 3581 3087 3632 in
3125 3570 3501 3637 Nestorianos,
3543 3582 3591 3626 ct
3618 3571 3734 3621 Ace-

2206 3676 2421 3745 pbalos,
2453 3686 2501 3729 et
2535 3674 2587 3727 in
2626 3688 2722 3727 eos
2775 3672 2867 3741 qui
2904 3671 3238 3739 lopinantur,
3290 3683 3400 3721 non
3459 3679 3577 3721 esse
3627 3671 3754 3714 nunc

2204 3783 2326 3823 cum
2378 3781 2541 3822 carne
2576 3760 2887 3817 Dominum.
2940 3759 3033 3815 Est
3069 3760 3121 3813 in
3165 3758 3384 3813 Christo
3430 3748 3757 3826 aspernabilis

2204 3840 2452 3929 quaedam
2480 3856 2751 3927 apparitio
2778 3852 2895 3917 Dei,
2931 3866 3052 3922 quin
3080 3860 3162 3905 est
3187 3864 3315 3903 caro
3341 3849 3465 3918 ejus
3497 3848 3717 3902 animata
3737 3848 3754 3901 λς

2204 3957 2257 4004 ct
2293 3957 2373 4001 est
2404 3946 2572 3999 altera
2601 3942 2870 4013 apparitio
2906 3940 2995 3992 Dei
3032 3938 3221 4007 νοητή,
3260 3934 3310 3989 id
3344 3945 3448 3995 est,
3476 3946 3594 4004 qua:
3621 3940 3733 3982 men

2204 4049 2257 4094 te
2292 4037 2611 4107 percipitur,
2649 4049 2767 4103 qua:
2799 4048 2828 4087 a
2862 4031 3024 4085 nobis
3072 4040 3204 4084 tunc
3231 4027 3529 4096 perfectius
3558 4016 3759 4095 partici-

2204 4131 2444 4204 pabitur,
2471 4126 2688 4197 quando
2719 4122 2965 4180 conversi
2998 4123 3064 4176 ad
3092 4121 3285 4182 Deum,
3321 4119 3608 4189 splendore
3630 4113 3763 4210 illine

2204 4220 2446 4290 perfecte
2475 4223 2700 4287 accepto
2728 4229 2898 4269 unum
2930 4214 3182 4282 copulate
3209 4210 3530 4273 emciemur,
3561 4207 3757 4290 liberati

2205 4288 2237 4365 ᾇ
2269 4306 2624 4364 varietatibus
2653 4321 2717 4361 ex
2748 4303 3146 4372 compositione
3180 4300 3677 4362 proﬁciscentibus.
3702 4288 3762 4343 Et

2206 4400 2526 4457 Anastasius
2554 4397 2811 4453 Sinaites.
2846 4397 2898 4448 in
2931 4395 3182 4448 Oratione
3219 4392 3273 4446 in
3306 4384 3763 4460 Transliguratio-

2210 4484 2332 4550 nem
2362 4509 2375 4546 :
2404 4490 2565 4557 Quid,
2625 4488 2823 4555 inquit,
2866 4486 3070 4555 majus,
3115 4493 3169 4538 et
3205 4475 3379 4552 magis
3430 4478 3763 4550 stupendum,

2208 4598 2372 4654 quam
2410 4578 2581 4634 videri
2629 4577 2796 4632 Deum
2831 4577 2880 4630 iit
2915 4577 3089 4631 forma
3123 4573 3365 4628 hominis
3413 4571 3554 4625 facie
3604 4569 3767 4638 splen-

2206 4676 2422 4729 dentem
2454 4673 2598 4727 sicut
2622 4670 2703 4724 sel
2734 4668 3007 4737 Splendet,
3032 4677 3085 4721 et
3111 4682 3272 4734 supra
3298 4680 3460 4735 quam
3490 4664 3574 4717 soi
3603 4660 3765 4729 splen-

2208 4764 2300 4821 det
2342 4763 2726 4833 refuigentem,
2759 4769 2815 4815 et
2868 4760 3054 4813 radios
3086 4758 3311 4812 luminis
3338 4758 3458 4811 sine
3495 4749 3763 4810 intermis-

2204 4858 2356 4912 sione
2395 4854 2503 4909 ulla
2546 4853 2868 4918 jacientem,
2904 4861 2957 4903 et
3007 4849 3310 4919 purissimo
3338 4848 3509 4916 digito
3548 4844 3626 4899 ori
3674 4848 3765 4893 suo

2206 4943 2462 5012 imposito
2495 4942 2597 5012 (ο),
2628 4939 2911 5009 discipulis
2946 4939 3037 5008 qui
3072 4952 3197 4992 cum
3228 4950 3293 4992 eo
3329 4937 3439 4990 illic
3472 4942 3654 4993 erant,
3684 4926 3761 4979 di-

2203 5042 2413 5089 centem
2444 5049 2457 5086 :
2499 5029 2591 5085 Sic
2624 5028 2911 5099 fulgebunt
2944 5029 3077 5098 justi
3122 5029 3173 5081 in
3206 5025 3656 5085 resurrectione;
3691 5015 3762 5071 sic

2204 5122 2679 5195 gloriﬁcabuntur,
2717 5121 2771 5175 in
2807 5122 2947 5176 hanc
2974 5118 3204 5188 gloriam
3230 5116 3686 5171 immutahuntur.
3714 5106 3760 5157 ίη

2203 5215 2516 5289 hujusmodi
2561 5215 2770 5281 iumen,
2820 5212 2876 5268 in
2924 5213 3064 5267 hanc
3113 5213 3286 5280 ipsam
3344 5207 3661 5277 imaginem,
3712 5197 3759 5249 Ῐιι

2204 5311 2347 5365 hanc
2389 5309 2647 5379 speciem,
2684 5308 2736 5362 in
2764 5306 3005 5361 eamdem
3039 5303 3430 5359 beatitudinem
3462 5300 3761 5354 conforma-

2208 5405 2432 5469 buntur,
2465 5399 2772 5459 coniormes
2808 5409 2864 5454 et
2909 5408 3261 5454 consessores
3293 5392 3423 5449 facti
3458 5391 3593 5446 mihi
3637 5379 3763 5441 Filio

1767 5536 1811 5569 ⁷⁸
1847 5537 1864 5592 1
1898 5536 2090 5593 Thess.
2129 5552 2201 5603 tv,
2257 5536 2345 5591 i6.

2278 5672 2350 5741 (ε)
2386 5671 2689 5741 Signiﬁcat.
2724 5672 2869 5742 quod
2896 5667 3173 5742 discipulis
3203 5665 3312 5723 illic
3343 5662 3499 5731 dixit,
3558 5653 3761 5715 Nemini

2205 5743 2441 5798 dixeritis
2471 5744 2740 5797 visionem.
