  <div class='ocr_page' id='page_1' title='image "/cluster/home/n/w/nwhite01/storage/ocr_20150623/152/mdp.39015078384735/436.png"; bbox 0 0 4058 6306; ppageno 0'>
   <div class='ocr_carea' id='block_1_1' title="bbox 295 393 398 455">
    <p class='ocr_par' dir='ltr' id='par_1_1' title="bbox 295 393 398 455">
     <span class='ocr_line' id='line_1_1' title="bbox 295 393 398 455; baseline 0 0"><span class='ocrx_word' id='word_1_1' title='bbox 295 393 398 455; x_wconf 72' lang='grc'><strong>857</strong></span> 
     </span>
    </p>
   </div>
   <div class='ocr_carea' id='block_1_2' title="bbox 953 386 2903 489">
    <p class='ocr_par' dir='ltr' id='par_1_2' title="bbox 953 386 2903 489">
     <span class='ocr_line' id='line_1_2' title="bbox 953 386 2903 489; baseline -0.005 -35"><span class='ocrx_word' id='word_1_2' title='bbox 953 396 1190 455; x_wconf 79' lang='lat' dir='ltr'><strong>DECAS</strong></span> <span class='ocrx_word' id='word_1_3' title='bbox 1220 397 1324 489; x_wconf 49' lang='lat' dir='ltr'><strong>VI.‘</strong></span> <span class='ocrx_word' id='word_1_4' title='bbox 1353 419 1422 428; x_wconf 83' lang='grc'><strong>-</strong></span> <span class='ocrx_word' id='word_1_5' title='bbox 1458 390 1553 453; x_wconf 90' lang='lat' dir='ltr'><strong>DE</strong></span> <span class='ocrx_word' id='word_1_6' title='bbox 1599 388 2242 450; x_wconf 78' lang='lat' dir='ltr'><strong>APPAIlITIONIBUS</strong></span> <span class='ocrx_word' id='word_1_7' title='bbox 2271 388 2522 450; x_wconf 80' lang='lat' dir='ltr'><strong>DIVINI</strong></span> <span class='ocrx_word' id='word_1_8' title='bbox 2548 386 2903 449; x_wconf 77' lang='lat' dir='ltr'><strong>LUMINIS.</strong></span> 
     </span>
    </p>
   </div>
   <div class='ocr_carea' id='block_1_3' title="bbox 3437 383 3550 447">
    <p class='ocr_par' dir='ltr' id='par_1_3' title="bbox 3437 383 3550 447">
     <span class='ocr_line' id='line_1_3' title="bbox 3437 383 3550 447; baseline 0 -1"><span class='ocrx_word' id='word_1_9' title='bbox 3437 383 3550 447; x_wconf 82' lang='lat'><strong>858</strong></span> 
     </span>
    </p>
   </div>
   <div class='ocr_carea' id='block_1_4' title="bbox 301 499 3545 573">
    <p class='ocr_par' dir='ltr' id='par_1_4' title="bbox 301 499 3545 573">
     <span class='ocr_line' id='line_1_4' title="bbox 301 499 3545 573; baseline -0.001 -17"><span class='ocrx_word' id='word_1_10' title='bbox 301 505 418 557; x_wconf 80' lang='lat' dir='ltr'><strong>Dei.</strong></span> <span class='ocrx_word' id='word_1_11' title='bbox 453 501 516 556; x_wconf 82' lang='lat' dir='ltr'><strong>Et</strong></span> <span class='ocrx_word' id='word_1_12' title='bbox 555 502 607 556; x_wconf 89' lang='lat' dir='ltr'><strong>in</strong></span> <span class='ocrx_word' id='word_1_13' title='bbox 659 504 725 557; x_wconf 89' lang='lat' dir='ltr'><strong>iis</strong></span> <span class='ocrx_word' id='word_1_14' title='bbox 757 518 878 573; x_wconf 71' lang='lat' dir='ltr'><strong>qua:</strong></span> <span class='ocrx_word' id='word_1_15' title='bbox 922 504 977 556; x_wconf 90' lang='lat' dir='ltr'><strong>in</strong></span> <span class='ocrx_word' id='word_1_16' title='bbox 1034 507 1136 558; x_wconf 90' lang='lat' dir='ltr'><strong>hoc</strong></span> <span class='ocrx_word' id='word_1_17' title='bbox 1190 503 1386 558; x_wconf 86' lang='lat' dir='ltr'><strong>festum</strong></span> <span class='ocrx_word' id='word_1_18' title='bbox 1425 510 1761 558; x_wconf 80' lang='lat' dir='ltr'><strong>cantantur:</strong></span> <span class='ocrx_word' id='word_1_19' title='bbox 1799 499 1869 554; x_wconf 85' lang='lat' dir='ltr'><strong>Ut</strong></span> <span class='ocrx_word' id='word_1_20' title='bbox 1894 501 1944 558; x_wconf 87' lang='lat' dir='ltr'><strong>A</strong></span> <span class='ocrx_word' id='word_1_21' title='bbox 1974 500 2174 570; x_wconf 77' lang='lat' dir='ltr'><strong>inquit,</strong></span> <span class='ocrx_word' id='word_1_22' title='bbox 2204 503 2427 557; x_wconf 80' lang='lat' dir='ltr'><strong>diabolo</strong></span> <span class='ocrx_word' id='word_1_23' title='bbox 2457 515 2506 557; x_wconf 88' lang='lat' dir='ltr'><strong>et</strong></span> <span class='ocrx_word' id='word_1_24' title='bbox 2539 503 2750 569; x_wconf 77' lang='lat' dir='ltr'><strong>angelis</strong></span> <span class='ocrx_word' id='word_1_25' title='bbox 2783 502 2903 570; x_wconf 83' lang='lat' dir='ltr'><strong>ejus</strong></span> <span class='ocrx_word' id='word_1_26' title='bbox 2931 499 2998 552; x_wconf 85' lang='lat' dir='ltr'><strong>ad</strong></span> <span class='ocrx_word' id='word_1_27' title='bbox 3039 507 3370 552; x_wconf 73' lang='lat' dir='ltr'><strong>tormentum</strong></span> <span class='ocrx_word' id='word_1_28' title='bbox 3401 514 3545 568; x_wconf 70' lang='lat' dir='ltr'><strong>prte-</strong></span> 
     </span>
    </p>
   </div>
   <div class='ocr_carea' id='block_1_5' title="bbox 298 593 1866 662">
    <p class='ocr_par' dir='ltr' id='par_1_5' title="bbox 298 593 1866 662">
     <span class='ocr_line' id='line_1_5' title="bbox 298 593 1866 662; baseline -0.003 -13"><span class='ocrx_word' id='word_1_29' title='bbox 298 593 638 654; x_wconf 87' lang='lat' dir='ltr'><strong>ostenderes.</strong></span> <span class='ocrx_word' id='word_1_30' title='bbox 681 593 882 662; x_wconf 90' lang='lat' dir='ltr'><strong>inquit,</strong></span> <span class='ocrx_word' id='word_1_31' title='bbox 926 595 1362 648; x_wconf 87' lang='lat' dir='ltr'><strong>immutationem</strong></span> <span class='ocrx_word' id='word_1_32' title='bbox 1399 593 1713 647; x_wconf 81' lang='lat' dir='ltr'><strong>mortalium</strong></span> <span class='ocrx_word' id='word_1_33' title='bbox 1741 606 1866 645; x_wconf 90' lang='lat' dir='ltr'><strong>cum</strong></span> 
     </span>
    </p>
   </div>
   <div class='ocr_carea' id='block_1_6' title="bbox 300 681 1871 756">
    <p class='ocr_par' dir='ltr' id='par_1_6' title="bbox 300 681 1871 756">
     <span class='ocr_line' id='line_1_6' title="bbox 300 681 1871 756; baseline -0.003 -18"><span class='ocrx_word' id='word_1_34' title='bbox 300 684 474 756; x_wconf 89' lang='lat' dir='ltr'><strong>gloria</strong></span> <span class='ocrx_word' id='word_1_35' title='bbox 498 694 610 746; x_wconf 87' lang='lat' dir='ltr'><strong>tua,</strong></span> <span class='ocrx_word' id='word_1_36' title='bbox 643 684 918 747; x_wconf 80' lang='lat' dir='ltr'><strong>Salvator,</strong></span> <span class='ocrx_word' id='word_1_37' title='bbox 949 684 1000 737; x_wconf 93' lang='lat' dir='ltr'><strong>in</strong></span> <span class='ocrx_word' id='word_1_38' title='bbox 1034 683 1276 739; x_wconf 83' lang='lat' dir='ltr'><strong>secundo</strong></span> <span class='ocrx_word' id='word_1_39' title='bbox 1299 701 1326 737; x_wconf 89' lang='lat' dir='ltr'><strong>a</strong></span> <span class='ocrx_word' id='word_1_40' title='bbox 1349 685 1534 738; x_wconf 89' lang='lat' dir='ltr'><strong>lvcnlu</strong></span> <span class='ocrx_word' id='word_1_41' title='bbox 1567 691 1659 737; x_wconf 89' lang='lat' dir='ltr'><strong>tuo</strong></span> <span class='ocrx_word' id='word_1_42' title='bbox 1689 681 1871 734; x_wconf 88' lang='lat' dir='ltr'><strong>horri-</strong></span> 
     </span>
    </p>
   </div>
   <div class='ocr_carea' id='block_1_7' title="bbox 302 771 1872 846">
    <p class='ocr_par' dir='ltr' id='par_1_7' title="bbox 302 771 1872 846">
     <span class='ocr_line' id='line_1_7' title="bbox 302 771 1872 846; baseline -0.004 -16"><span class='ocrx_word' id='word_1_43' title='bbox 302 777 394 831; x_wconf 69' lang='lat' dir='ltr'><strong>bili</strong></span> <span class='ocrx_word' id='word_1_44' title='bbox 437 783 698 840; x_wconf 72' lang='lat' dir='ltr'><strong>tutnt‘am,</strong></span> <span class='ocrx_word' id='word_1_45' title='bbox 732 775 786 828; x_wconf 90' lang='lat' dir='ltr'><strong>in</strong></span> <span class='ocrx_word' id='word_1_46' title='bbox 815 786 1000 830; x_wconf 90' lang='lat' dir='ltr'><strong>monte</strong></span> <span class='ocrx_word' id='word_1_47' title='bbox 1035 776 1454 846; x_wconf 81' lang='lat' dir='ltr'><strong>transﬁguratus</strong></span> <span class='ocrx_word' id='word_1_48' title='bbox 1506 790 1589 829; x_wconf 88' lang='lat' dir='ltr'><strong>es.</strong></span> <span class='ocrx_word' id='word_1_49' title='bbox 1636 771 1701 826; x_wconf 85' lang='lat' dir='ltr'><strong>Et</strong></span> <span class='ocrx_word' id='word_1_50' title='bbox 1735 771 1872 826; x_wconf 77' lang='lat' dir='ltr'><strong>Gre-</strong></span> 
     </span>
    </p>
   </div>
   <div class='ocr_carea' id='block_1_8' title="bbox 303 861 1876 943">
    <p class='ocr_par' dir='ltr' id='par_1_8' title="bbox 303 861 1876 943">
     <span class='ocr_line' id='line_1_8' title="bbox 303 861 1876 943; baseline -0.003 -25"><span class='ocrx_word' id='word_1_51' title='bbox 303 867 490 939; x_wconf 81' lang='lat' dir='ltr'><strong>gorius</strong></span> <span class='ocrx_word' id='word_1_52' title='bbox 534 865 866 943; x_wconf 65' lang='lat' dir='ltr'><strong>Theologus,</strong></span> <span class='ocrx_word' id='word_1_53' title='bbox 905 868 959 920; x_wconf 92' lang='lat' dir='ltr'><strong>in</strong></span> <span class='ocrx_word' id='word_1_54' title='bbox 1008 868 1258 921; x_wconf 89' lang='lat' dir='ltr'><strong>oratione</strong></span> <span class='ocrx_word' id='word_1_55' title='bbox 1307 867 1357 920; x_wconf 93' lang='lat' dir='ltr'><strong>iu</strong></span> <span class='ocrx_word' id='word_1_56' title='bbox 1399 864 1642 919; x_wconf 85' lang='lat' dir='ltr'><strong>Natalem</strong></span> <span class='ocrx_word' id='word_1_57' title='bbox 1693 861 1876 914; x_wconf 90' lang='lat' dir='ltr'><strong>Domi-</strong></span> 
     </span>
    </p>
   </div>
   <div class='ocr_carea' id='block_1_9' title="bbox 306 951 1876 1025">
    <p class='ocr_par' dir='ltr' id='par_1_9' title="bbox 306 951 1876 1025">
     <span class='ocr_line' id='line_1_9' title="bbox 306 951 1876 1025; baseline -0.005 -14"><span class='ocrx_word' id='word_1_58' title='bbox 306 959 400 1012; x_wconf 85' lang='lat' dir='ltr'><strong>ni:</strong></span> <span class='ocrx_word' id='word_1_59' title='bbox 433 957 606 1023; x_wconf 84' lang='lat' dir='ltr'><strong>Quam</strong></span> <span class='ocrx_word' id='word_1_60' title='bbox 641 957 822 1020; x_wconf 90' lang='lat' dir='ltr'><strong>multi,</strong></span> <span class='ocrx_word' id='word_1_61' title='bbox 869 957 1070 1025; x_wconf 92' lang='lat' dir='ltr'><strong>inquit,</strong></span> <span class='ocrx_word' id='word_1_62' title='bbox 1106 957 1238 1011; x_wconf 91' lang='lat' dir='ltr'><strong>mihi</strong></span> <span class='ocrx_word' id='word_1_63' title='bbox 1286 966 1588 1011; x_wconf 90' lang='lat' dir='ltr'><strong>conventus</strong></span> <span class='ocrx_word' id='word_1_64' title='bbox 1634 951 1876 1008; x_wconf 81' lang='lat' dir='ltr'><strong>celebres</strong></span> 
     </span>
    </p>
   </div>
   <div class='ocr_carea' id='block_1_10' title="bbox 305 1046 1874 1124">
    <p class='ocr_par' dir='ltr' id='par_1_10' title="bbox 305 1046 1874 1124">
     <span class='ocr_line' id='line_1_10' title="bbox 305 1046 1874 1124; baseline -0.004 -23"><span class='ocrx_word' id='word_1_65' title='bbox 305 1048 362 1101; x_wconf 88' lang='lat' dir='ltr'><strong>in</strong></span> <span class='ocrx_word' id='word_1_66' title='bbox 393 1047 624 1117; x_wconf 73' lang='lat' dir='ltr'><strong>singulis</strong></span> <span class='ocrx_word' id='word_1_67' title='bbox 645 1047 854 1124; x_wconf 32' lang='lat' dir='ltr'><strong>.Christi</strong></span> <span class='ocrx_word' id='word_1_68' title='bbox 889 1048 1166 1114; x_wconf 76' lang='lat' dir='ltr'><strong>tuySteriis</strong></span> <span class='ocrx_word' id='word_1_69' title='bbox 1191 1049 1214 1101; x_wconf 89' lang='lat'><strong>?</strong></span> <span class='ocrx_word' id='word_1_70' title='bbox 1238 1063 1471 1118; x_wconf 90' lang='lat' dir='ltr'><strong>quorum</strong></span> <span class='ocrx_word' id='word_1_71' title='bbox 1502 1046 1743 1100; x_wconf 89' lang='lat' dir='ltr'><strong>omnium</strong></span> <span class='ocrx_word' id='word_1_72' title='bbox 1779 1057 1874 1096; x_wconf 88' lang='lat' dir='ltr'><strong>ca-</strong></span> 
     </span>
    </p>
   </div>
   <div class='ocr_carea' id='block_1_11' title="bbox 307 1135 1876 1209">
    <p class='ocr_par' dir='ltr' id='par_1_11' title="bbox 307 1135 1876 1209">
     <span class='ocr_line' id='line_1_11' title="bbox 307 1135 1876 1209; baseline -0.001 -19"><span class='ocrx_word' id='word_1_73' title='bbox 307 1149 402 1208; x_wconf 90' lang='lat' dir='ltr'><strong>put</strong></span> <span class='ocrx_word' id='word_1_74' title='bbox 436 1154 602 1193; x_wconf 85' lang='lat' dir='ltr'><strong>unum</strong></span> <span class='ocrx_word' id='word_1_75' title='bbox 651 1148 733 1193; x_wconf 87' lang='lat' dir='ltr'><strong>est</strong></span> <span class='ocrx_word' id='word_1_76' title='bbox 765 1155 882 1194; x_wconf 85' lang='lat' dir='ltr'><strong>mea</strong></span> <span class='ocrx_word' id='word_1_77' title='bbox 919 1141 1204 1209; x_wconf 83' lang='lat' dir='ltr'><strong>perfectio,</strong></span> <span class='ocrx_word' id='word_1_78' title='bbox 1239 1147 1291 1194; x_wconf 87' lang='lat' dir='ltr'><strong>et</strong></span> <span class='ocrx_word' id='word_1_79' title='bbox 1325 1139 1682 1200; x_wconf 80' lang='lat' dir='ltr'><strong>instauratio,</strong></span> <span class='ocrx_word' id='word_1_80' title='bbox 1723 1145 1776 1190; x_wconf 89' lang='lat' dir='ltr'><strong>et</strong></span> <span class='ocrx_word' id='word_1_81' title='bbox 1809 1135 1876 1188; x_wconf 87' lang='lat' dir='ltr'><strong>ad</strong></span> 
     </span>
    </p>
   </div>
   <div class='ocr_carea' id='block_1_12' title="bbox 311 1226 1880 1298">
    <p class='ocr_par' dir='ltr' id='par_1_12' title="bbox 311 1226 1880 1298">
     <span class='ocr_line' id='line_1_12' title="bbox 311 1226 1880 1298; baseline -0.004 -16"><span class='ocrx_word' id='word_1_82' title='bbox 311 1232 545 1298; x_wconf 84' lang='lat' dir='ltr'><strong>primum</strong></span> <span class='ocrx_word' id='word_1_83' title='bbox 597 1231 768 1284; x_wconf 88' lang='lat' dir='ltr'><strong>Adam</strong></span> <span class='ocrx_word' id='word_1_84' title='bbox 816 1232 1086 1285; x_wconf 75' lang='lat' dir='ltr'><strong>reversio.</strong></span> <span class='ocrx_word' id='word_1_85' title='bbox 1142 1231 1204 1284; x_wconf 83' lang='lat' dir='ltr'><strong>Et</strong></span> <span class='ocrx_word' id='word_1_86' title='bbox 1251 1229 1548 1296; x_wconf 75' lang='lat' dir='ltr'><strong>Gregorius</strong></span> <span class='ocrx_word' id='word_1_87' title='bbox 1596 1226 1880 1298; x_wconf 84' lang='lat' dir='ltr'><strong>Nyssenus</strong></span> 
     </span>
    </p>
   </div>
   <div class='ocr_carea' id='block_1_13' title="bbox 310 1319 1877 1389">
    <p class='ocr_par' dir='ltr' id='par_1_13' title="bbox 310 1319 1877 1389">
     <span class='ocr_line' id='line_1_13' title="bbox 310 1319 1877 1389; baseline -0.004 -13"><span class='ocrx_word' id='word_1_88' title='bbox 310 1323 455 1376; x_wconf 86' lang='lat' dir='ltr'><strong>libro</strong></span> <span class='ocrx_word' id='word_1_89' title='bbox 497 1322 673 1389; x_wconf 87' lang='lat' dir='ltr'><strong>primo</strong></span> <span class='ocrx_word' id='word_1_90' title='bbox 702 1323 754 1374; x_wconf 91' lang='lat' dir='ltr'><strong>in</strong></span> <span class='ocrx_word' id='word_1_91' title='bbox 783 1321 1150 1377; x_wconf 75' lang='lat' dir='ltr'><strong>Ecclesiasten</strong></span> <span class='ocrx_word' id='word_1_92' title='bbox 1183 1340 1196 1376; x_wconf 93' lang='lat'><strong>:</strong></span> <span class='ocrx_word' id='word_1_93' title='bbox 1226 1320 1374 1376; x_wconf 83' lang='lat' dir='ltr'><strong>Talis</strong></span> <span class='ocrx_word' id='word_1_94' title='bbox 1399 1319 1534 1374; x_wconf 83' lang='lat' dir='ltr'><strong>facta</strong></span> <span class='ocrx_word' id='word_1_95' title='bbox 1560 1330 1642 1373; x_wconf 88' lang='lat' dir='ltr'><strong>est</strong></span> <span class='ocrx_word' id='word_1_96' title='bbox 1670 1319 1877 1382; x_wconf 88' lang='lat' dir='ltr'><strong>anima,</strong></span> 
     </span>
    </p>
   </div>
   <div class='ocr_carea' id='block_1_14' title="bbox 311 1408 1882 1482">
    <p class='ocr_par' dir='ltr' id='par_1_14' title="bbox 311 1408 1882 1482">
     <span class='ocr_line' id='line_1_14' title="bbox 311 1408 1882 1482; baseline 0.001 -20"><span class='ocrx_word' id='word_1_97' title='bbox 311 1413 492 1480; x_wconf 85' lang='lat' dir='ltr'><strong>qualis</strong></span> <span class='ocrx_word' id='word_1_98' title='bbox 522 1428 714 1467; x_wconf 83' lang='lat' dir='ltr'><strong>rursus</strong></span> <span class='ocrx_word' id='word_1_99' title='bbox 744 1422 928 1482; x_wconf 88' lang='lat' dir='ltr'><strong>postea</strong></span> <span class='ocrx_word' id='word_1_100' title='bbox 961 1413 1256 1467; x_wconf 84' lang='lat' dir='ltr'><strong>emundata</strong></span> <span class='ocrx_word' id='word_1_101' title='bbox 1287 1411 1571 1480; x_wconf 79' lang='lat' dir='ltr'><strong>apparebit</strong></span> <span class='ocrx_word' id='word_1_102' title='bbox 1601 1429 1613 1475; x_wconf 94' lang='lat'><strong>;</strong></span> <span class='ocrx_word' id='word_1_103' title='bbox 1670 1409 1774 1463; x_wconf 87' lang='lat' dir='ltr'><strong>tale</strong></span> <span class='ocrx_word' id='word_1_104' title='bbox 1802 1408 1882 1463; x_wconf 85' lang='lat' dir='ltr'><strong>fa-</strong></span> 
     </span>
    </p>
   </div>
   <div class='ocr_carea' id='block_1_15' title="bbox 306 1500 1878 1572">
    <p class='ocr_par' dir='ltr' id='par_1_15' title="bbox 306 1500 1878 1572">
     <span class='ocr_line' id='line_1_15' title="bbox 306 1500 1878 1572; baseline -0.002 -16"><span class='ocrx_word' id='word_1_105' title='bbox 306 1511 458 1556; x_wconf 90' lang='lat' dir='ltr'><strong>ctum</strong></span> <span class='ocrx_word' id='word_1_106' title='bbox 490 1513 574 1555; x_wconf 87' lang='lat' dir='ltr'><strong>est</strong></span> <span class='ocrx_word' id='word_1_107' title='bbox 614 1519 839 1572; x_wconf 86' lang='lat' dir='ltr'><strong>corpus,</strong></span> <span class='ocrx_word' id='word_1_108' title='bbox 873 1505 1014 1570; x_wconf 92' lang='lat' dir='ltr'><strong>quod</strong></span> <span class='ocrx_word' id='word_1_109' title='bbox 1041 1503 1293 1557; x_wconf 89' lang='lat' dir='ltr'><strong>manibus</strong></span> <span class='ocrx_word' id='word_1_110' title='bbox 1329 1501 1418 1555; x_wconf 87' lang='lat' dir='ltr'><strong>Dei</strong></span> <span class='ocrx_word' id='word_1_111' title='bbox 1440 1500 1737 1555; x_wconf 78' lang='lat' dir='ltr'><strong>formatum</strong></span> <span class='ocrx_word' id='word_1_112' title='bbox 1775 1509 1878 1562; x_wconf 91' lang='lat' dir='ltr'><strong>est,</strong></span> 
     </span>
    </p>
   </div>
   <div class='ocr_carea' id='block_1_16' title="bbox 308 1590 1884 1661">
    <p class='ocr_par' dir='ltr' id='par_1_16' title="bbox 308 1590 1884 1661">
     <span class='ocr_line' id='line_1_16' title="bbox 308 1590 1884 1661; baseline -0.003 -15"><span class='ocrx_word' id='word_1_113' title='bbox 308 1595 473 1661; x_wconf 86' lang='lat' dir='ltr'><strong>quale</strong></span> <span class='ocrx_word' id='word_1_114' title='bbox 501 1601 742 1661; x_wconf 85' lang='lat' dir='ltr'><strong>tempore</strong></span> <span class='ocrx_word' id='word_1_115' title='bbox 777 1610 878 1646; x_wconf 84' lang='lat' dir='ltr'><strong>suo</strong></span> <span class='ocrx_word' id='word_1_116' title='bbox 906 1595 1237 1647; x_wconf 76' lang='lat' dir='ltr'><strong>resurrectio</strong></span> <span class='ocrx_word' id='word_1_117' title='bbox 1265 1591 1683 1645; x_wconf 65' lang='lat' dir='ltr'><strong>demonstrabit.</strong></span> <span class='ocrx_word' id='word_1_118' title='bbox 1713 1590 1884 1656; x_wconf 80' lang='lat' dir='ltr'><strong>Quale</strong></span> 
     </span>
    </p>
   </div>
   <div class='ocr_carea' id='block_1_17' title="bbox 302 1683 1888 1750">
    <p class='ocr_par' dir='ltr' id='par_1_17' title="bbox 302 1683 1888 1750">
     <span class='ocr_line' id='line_1_17' title="bbox 302 1683 1888 1750; baseline -0.001 -13"><span class='ocrx_word' id='word_1_119' title='bbox 302 1686 445 1737; x_wconf 86' lang='lat' dir='ltr'><strong>enim</strong></span> <span class='ocrx_word' id='word_1_120' title='bbox 482 1695 600 1749; x_wconf 83' lang='lat' dir='ltr'><strong>post</strong></span> <span class='ocrx_word' id='word_1_121' title='bbox 632 1688 1081 1741; x_wconf 84' lang='lat' dir='ltr'><strong>resurrectionem</strong></span> <span class='ocrx_word' id='word_1_122' title='bbox 1114 1701 1234 1741; x_wconf 89' lang='lat' dir='ltr'><strong>esse</strong></span> <span class='ocrx_word' id='word_1_123' title='bbox 1263 1683 1494 1750; x_wconf 86' lang='lat' dir='ltr'><strong>videbis,</strong></span> <span class='ocrx_word' id='word_1_124' title='bbox 1528 1684 1634 1739; x_wconf 85' lang='lat' dir='ltr'><strong>tale</strong></span> <span class='ocrx_word' id='word_1_125' title='bbox 1662 1685 1888 1738; x_wconf 91' lang='lat' dir='ltr'><strong>omnino</strong></span> 
     </span>
    </p>
   </div>
   <div class='ocr_carea' id='block_1_18' title="bbox 304 1777 1885 1848">
    <p class='ocr_par' dir='ltr' id='par_1_18' title="bbox 304 1777 1885 1848">
     <span class='ocr_line' id='line_1_18' title="bbox 304 1777 1885 1848; baseline 0.002 -19"><span class='ocrx_word' id='word_1_126' title='bbox 304 1777 403 1829; x_wconf 90' lang='lat' dir='ltr'><strong>fuit</strong></span> <span class='ocrx_word' id='word_1_127' title='bbox 426 1779 619 1845; x_wconf 80' lang='lat' dir='ltr'><strong>primo;</strong></span> <span class='ocrx_word' id='word_1_128' title='bbox 644 1795 740 1833; x_wconf 89' lang='lat' dir='ltr'><strong>nec</strong></span> <span class='ocrx_word' id='word_1_129' title='bbox 756 1781 901 1832; x_wconf 90' lang='lat' dir='ltr'><strong>enim</strong></span> <span class='ocrx_word' id='word_1_130' title='bbox 925 1780 1070 1834; x_wconf 88' lang='lat' dir='ltr'><strong>aliud</strong></span> <span class='ocrx_word' id='word_1_131' title='bbox 1091 1792 1170 1836; x_wconf 87' lang='lat' dir='ltr'><strong>est</strong></span> <span class='ocrx_word' id='word_1_132' title='bbox 1191 1780 1716 1848; x_wconf 78' lang='lat' dir='ltr'><strong>resurrectio,quam</strong></span> <span class='ocrx_word' id='word_1_133' title='bbox 1739 1778 1885 1832; x_wconf 86' lang='lat' dir='ltr'><strong>redi-</strong></span> 
     </span>
    </p>
   </div>
   <div class='ocr_carea' id='block_1_19' title="bbox 1972 588 3542 662">
    <p class='ocr_par' dir='ltr' id='par_1_19' title="bbox 1972 588 3542 662">
     <span class='ocr_line' id='line_1_19' title="bbox 1972 588 3542 662; baseline 0.001 -20"><span class='ocrx_word' id='word_1_134' title='bbox 1972 601 2198 660; x_wconf 87' lang='lat' dir='ltr'><strong>paratus</strong></span> <span class='ocrx_word' id='word_1_135' title='bbox 2229 591 2496 646; x_wconf 89' lang='lat' dir='ltr'><strong>dividitur</strong></span> <span class='ocrx_word' id='word_1_136' title='bbox 2525 607 2659 646; x_wconf 85' lang='lat' dir='ltr'><strong>voce</strong></span> <span class='ocrx_word' id='word_1_137' title='bbox 2700 591 2939 662; x_wconf 67' lang='lat' dir='ltr'><strong>Domini,</strong></span> <span class='ocrx_word' id='word_1_138' title='bbox 2977 600 3034 643; x_wconf 93' lang='lat' dir='ltr'><strong>ut</strong></span> <span class='ocrx_word' id='word_1_139' title='bbox 3060 588 3188 658; x_wconf 87' lang='lat' dir='ltr'><strong>quia</strong></span> <span class='ocrx_word' id='word_1_140' title='bbox 3221 588 3418 656; x_wconf 82' lang='lat' dir='ltr'><strong>duplex</strong></span> <span class='ocrx_word' id='word_1_141' title='bbox 3457 591 3542 643; x_wconf 82' lang='lat' dir='ltr'><strong>vis</strong></span> 
     </span>
    </p>
   </div>
   <div class='ocr_carea' id='block_1_20' title="bbox 1969 680 3554 754">
    <p class='ocr_par' dir='ltr' id='par_1_20' title="bbox 1969 680 3554 754">
     <span class='ocr_line' id='line_1_20' title="bbox 1969 680 3554 754; baseline -0.001 -17"><span class='ocrx_word' id='word_1_142' title='bbox 1969 682 2112 737; x_wconf 87' lang='lat' dir='ltr'><strong>inest</strong></span> <span class='ocrx_word' id='word_1_143' title='bbox 2136 683 2268 754; x_wconf 87' lang='lat' dir='ltr'><strong>igni,</strong></span> <span class='ocrx_word' id='word_1_144' title='bbox 2295 698 2402 738; x_wconf 87' lang='lat' dir='ltr'><strong>una</strong></span> <span class='ocrx_word' id='word_1_145' title='bbox 2427 683 2641 748; x_wconf 88' lang='lat' dir='ltr'><strong>urendi,</strong></span> <span class='ocrx_word' id='word_1_146' title='bbox 2666 684 2834 736; x_wconf 71' lang='lat' dir='ltr'><strong>altera</strong></span> <span class='ocrx_word' id='word_1_147' title='bbox 2859 681 3230 743; x_wconf 91' lang='lat' dir='ltr'><strong>illuminandi,</strong></span> <span class='ocrx_word' id='word_1_148' title='bbox 3261 680 3389 733; x_wconf 81' lang='lat' dir='ltr'><strong>illud</strong></span> <span class='ocrx_word' id='word_1_149' title='bbox 3427 695 3554 735; x_wconf 87' lang='lat' dir='ltr'><strong>acre</strong></span> 
     </span>
    </p>
   </div>
   <div class='ocr_carea' id='block_1_21' title="bbox 1969 773 3554 844">
    <p class='ocr_par' dir='ltr' id='par_1_21' title="bbox 1969 773 3554 844">
     <span class='ocr_line' id='line_1_21' title="bbox 1969 773 3554 844; baseline -0.002 -13"><span class='ocrx_word' id='word_1_150' title='bbox 1969 785 2020 831; x_wconf 90' lang='lat' dir='ltr'><strong>et</strong></span> <span class='ocrx_word' id='word_1_151' title='bbox 2050 791 2212 830; x_wconf 86' lang='lat' dir='ltr'><strong>urens</strong></span> <span class='ocrx_word' id='word_1_152' title='bbox 2241 776 2422 844; x_wconf 80' lang='lat' dir='ltr'><strong>dignis</strong></span> <span class='ocrx_word' id='word_1_153' title='bbox 2447 777 2687 829; x_wconf 87' lang='lat' dir='ltr'><strong>cruciatu</strong></span> <span class='ocrx_word' id='word_1_154' title='bbox 2713 776 3049 842; x_wconf 82' lang='lat' dir='ltr'><strong>relinquatur</strong></span> <span class='ocrx_word' id='word_1_155' title='bbox 3072 791 3086 836; x_wconf 88' lang='lat'><strong>;</strong></span> <span class='ocrx_word' id='word_1_156' title='bbox 3108 773 3250 840; x_wconf 90' lang='lat' dir='ltr'><strong>quod</strong></span> <span class='ocrx_word' id='word_1_157' title='bbox 3279 787 3404 826; x_wconf 88' lang='lat' dir='ltr'><strong>vero</strong></span> <span class='ocrx_word' id='word_1_158' title='bbox 3429 773 3554 827; x_wconf 82' lang='lat' dir='ltr'><strong>illu-</strong></span> 
     </span>
    </p>
   </div>
   <div class='ocr_carea' id='block_1_22' title="bbox 1974 858 3556 936">
    <p class='ocr_par' dir='ltr' id='par_1_22' title="bbox 1974 858 3556 936">
     <span class='ocr_line' id='line_1_22' title="bbox 1974 858 3556 936; baseline -0.004 -13"><span class='ocrx_word' id='word_1_159' title='bbox 1974 870 2172 932; x_wconf 89' lang='lat' dir='ltr'><strong>minat,</strong></span> <span class='ocrx_word' id='word_1_160' title='bbox 2200 858 2251 922; x_wconf 84' lang='lat' dir='ltr'><strong>et</strong></span> <span class='ocrx_word' id='word_1_161' title='bbox 2276 867 2624 936; x_wconf 89' lang='lat' dir='ltr'><strong>splendidum</strong></span> <span class='ocrx_word' id='word_1_162' title='bbox 2657 875 2760 931; x_wconf 84' lang='lat' dir='ltr'><strong>est,</strong></span> <span class='ocrx_word' id='word_1_163' title='bbox 2789 868 3046 920; x_wconf 86' lang='lat' dir='ltr'><strong>bilaritati</strong></span> <span class='ocrx_word' id='word_1_164' title='bbox 3077 867 3368 921; x_wconf 68' lang='lat' dir='ltr'><strong>laetantium</strong></span> <span class='ocrx_word' id='word_1_165' title='bbox 3400 867 3556 918; x_wconf 86' lang='lat' dir='ltr'><strong>attri-</strong></span> 
     </span>
    </p>
   </div>
   <div class='ocr_carea' id='block_1_23' title="bbox 1977 957 3551 1031">
    <p class='ocr_par' dir='ltr' id='par_1_23' title="bbox 1977 957 3551 1031">
     <span class='ocr_line' id='line_1_23' title="bbox 1977 957 3551 1031; baseline -0.004 -16"><span class='ocrx_word' id='word_1_166' title='bbox 1977 963 2197 1016; x_wconf 90' lang='lat' dir='ltr'><strong>buatur.</strong></span> <span class='ocrx_word' id='word_1_167' title='bbox 2251 960 2368 1014; x_wconf 76' lang='lat' dir='ltr'><strong>Vox</strong></span> <span class='ocrx_word' id='word_1_168' title='bbox 2431 961 2599 1031; x_wconf 89' lang='lat' dir='ltr'><strong>igitur</strong></span> <span class='ocrx_word' id='word_1_169' title='bbox 2648 959 2862 1015; x_wconf 90' lang='lat' dir='ltr'><strong>Domini</strong></span> <span class='ocrx_word' id='word_1_170' title='bbox 2915 959 3210 1014; x_wconf 85' lang='lat' dir='ltr'><strong>dividentis</strong></span> <span class='ocrx_word' id='word_1_171' title='bbox 3277 957 3551 1012; x_wconf 82' lang='lat' dir='ltr'><strong>ﬂammam</strong></span> 
     </span>
    </p>
   </div>
   <div class='ocr_carea' id='block_1_24' title="bbox 1979 1033 3557 1120">
    <p class='ocr_par' dir='ltr' id='par_1_24' title="bbox 1979 1033 3557 1120">
     <span class='ocr_line' id='line_1_24' title="bbox 1979 1033 3557 1120; baseline -0.004 -15"><span class='ocrx_word' id='word_1_172' title='bbox 1979 1033 2144 1120; x_wconf 58' lang='lat' dir='ltr'><strong>i&#39;gnis,</strong></span> <span class='ocrx_word' id='word_1_173' title='bbox 2190 1061 2243 1105; x_wconf 87' lang='lat' dir='ltr'><strong>et</strong></span> <span class='ocrx_word' id='word_1_174' title='bbox 2276 1051 2604 1120; x_wconf 86' lang='lat' dir='ltr'><strong>partientis;</strong></span> <span class='ocrx_word' id='word_1_175' title='bbox 2645 1059 2705 1104; x_wconf 92' lang='lat' dir='ltr'><strong>ut</strong></span> <span class='ocrx_word' id='word_1_176' title='bbox 2736 1051 2876 1118; x_wconf 82' lang='lat' dir='ltr'><strong>ignis</strong></span> <span class='ocrx_word' id='word_1_177' title='bbox 2911 1049 3166 1102; x_wconf 85' lang='lat' dir='ltr'><strong>tormenti</strong></span> <span class='ocrx_word' id='word_1_178' title='bbox 3211 1062 3322 1100; x_wconf 91' lang='lat' dir='ltr'><strong>non</strong></span> <span class='ocrx_word' id='word_1_179' title='bbox 3369 1048 3557 1115; x_wconf 83' lang='lat' dir='ltr'><strong>splen-</strong></span> 
     </span>
    </p>
   </div>
   <div class='ocr_carea' id='block_1_25' title="bbox 1983 1142 3558 1199">
    <p class='ocr_par' dir='ltr' id='par_1_25' title="bbox 1983 1142 3558 1199">
     <span class='ocr_line' id='line_1_25' title="bbox 1983 1142 3558 1199; baseline -0.001 -1"><span class='ocrx_word' id='word_1_180' title='bbox 1983 1145 2111 1198; x_wconf 91' lang='lat' dir='ltr'><strong>deat</strong></span> <span class='ocrx_word' id='word_1_181' title='bbox 2159 1154 2211 1199; x_wconf 86' lang='lat' dir='ltr'><strong>et</strong></span> <span class='ocrx_word' id='word_1_182' title='bbox 2253 1146 2433 1197; x_wconf 88' lang='lat' dir='ltr'><strong>lumen</strong></span> <span class='ocrx_word' id='word_1_183' title='bbox 2493 1144 2914 1199; x_wconf 85' lang='lat' dir='ltr'><strong>resurrectionis</strong></span> <span class='ocrx_word' id='word_1_184' title='bbox 2947 1158 3054 1198; x_wconf 82' lang='lat' dir='ltr'><strong>non</strong></span> <span class='ocrx_word' id='word_1_185' title='bbox 3087 1150 3230 1196; x_wconf 89' lang='lat' dir='ltr'><strong>urat.</strong></span> <span class='ocrx_word' id='word_1_186' title='bbox 3261 1142 3324 1195; x_wconf 82' lang='lat' dir='ltr'><strong>Et</strong></span> <span class='ocrx_word' id='word_1_187' title='bbox 3361 1156 3558 1196; x_wconf 80' lang='lat' dir='ltr'><strong>rursus</strong></span> 
     </span>
    </p>
   </div>
   <div class='ocr_carea' id='block_1_26' title="bbox 1978 1221 3555 1302">
    <p class='ocr_par' dir='ltr' id='par_1_26' title="bbox 1978 1221 3555 1302">
     <span class='ocr_line' id='line_1_26' title="bbox 1978 1221 3555 1302; baseline -0.002 -15"><span class='ocrx_word' id='word_1_188' title='bbox 1978 1233 2120 1287; x_wconf 87' lang='lat' dir='ltr'><strong>libro</strong></span> <span class='ocrx_word' id='word_1_189' title='bbox 2151 1234 2326 1302; x_wconf 92' lang='lat' dir='ltr'><strong>primo</strong></span> <span class='ocrx_word' id='word_1_190' title='bbox 2367 1232 2716 1288; x_wconf 72' lang='lat' dir='ltr'><strong>Hexaemeri:</strong></span> <span class='ocrx_word' id='word_1_191' title='bbox 2753 1221 2901 1298; x_wconf 82' lang='lat' dir='ltr'><strong>Erat,</strong></span> <span class='ocrx_word' id='word_1_192' title='bbox 2955 1232 3152 1300; x_wconf 91' lang='lat' dir='ltr'><strong>inquit,</strong></span> <span class='ocrx_word' id='word_1_193' title='bbox 3192 1231 3408 1299; x_wconf 89' lang='lat' dir='ltr'><strong>quidem</strong></span> <span class='ocrx_word' id='word_1_194' title='bbox 3439 1239 3555 1285; x_wconf 85' lang='lat' dir='ltr'><strong>sta-</strong></span> 
     </span>
    </p>
   </div>
   <div class='ocr_carea' id='block_1_27' title="bbox 1983 1325 3557 1394">
    <p class='ocr_par' dir='ltr' id='par_1_27' title="bbox 1983 1325 3557 1394">
     <span class='ocr_line' id='line_1_27' title="bbox 1983 1325 3557 1394; baseline -0.003 -16"><span class='ocrx_word' id='word_1_195' title='bbox 1983 1336 2070 1379; x_wconf 91' lang='lat' dir='ltr'><strong>tus</strong></span> <span class='ocrx_word' id='word_1_196' title='bbox 2120 1326 2395 1394; x_wconf 87' lang='lat' dir='ltr'><strong>antiquior</strong></span> <span class='ocrx_word' id='word_1_197' title='bbox 2446 1334 2568 1378; x_wconf 88' lang='lat' dir='ltr'><strong>ortu</strong></span> <span class='ocrx_word' id='word_1_198' title='bbox 2626 1325 2836 1387; x_wconf 88' lang='lat' dir='ltr'><strong>mundi,</strong></span> <span class='ocrx_word' id='word_1_199' title='bbox 2884 1326 2975 1393; x_wconf 88' lang='lat' dir='ltr'><strong>qui</strong></span> <span class='ocrx_word' id='word_1_200' title='bbox 3029 1331 3328 1392; x_wconf 83' lang='lat' dir='ltr'><strong>potestates</strong></span> <span class='ocrx_word' id='word_1_201' title='bbox 3362 1338 3557 1392; x_wconf 81' lang='lat' dir='ltr'><strong>supra-</strong></span> 
     </span>
    </p>
   </div>
   <div class='ocr_carea' id='block_1_28' title="bbox 1985 1417 3550 1485">
    <p class='ocr_par' dir='ltr' id='par_1_28' title="bbox 1985 1417 3550 1485">
     <span class='ocr_line' id='line_1_28' title="bbox 1985 1417 3550 1485; baseline -0.002 -14"><span class='ocrx_word' id='word_1_202' title='bbox 1985 1417 2290 1472; x_wconf 88' lang='lat' dir='ltr'><strong>mundanas</strong></span> <span class='ocrx_word' id='word_1_203' title='bbox 2323 1417 2575 1482; x_wconf 83' lang='lat' dir='ltr'><strong>decebat,</strong></span> <span class='ocrx_word' id='word_1_204' title='bbox 2606 1431 2769 1484; x_wconf 81' lang='lat' dir='ltr'><strong>supra</strong></span> <span class='ocrx_word' id='word_1_205' title='bbox 2803 1425 3038 1485; x_wconf 85' lang='lat' dir='ltr'><strong>tempus,</strong></span> <span class='ocrx_word' id='word_1_206' title='bbox 3072 1425 3310 1471; x_wconf 66' lang='lat' dir='ltr'><strong>aeternus</strong></span> <span class='ocrx_word' id='word_1_207' title='bbox 3343 1424 3396 1469; x_wconf 89' lang='lat' dir='ltr'><strong>et</strong></span> <span class='ocrx_word' id='word_1_208' title='bbox 3422 1430 3550 1484; x_wconf 87' lang='lat' dir='ltr'><strong>per-</strong></span> 
     </span>
    </p>
   </div>
   <div class='ocr_carea' id='block_1_29' title="bbox 1988 1506 3558 1579">
    <p class='ocr_par' dir='ltr' id='par_1_29' title="bbox 1988 1506 3558 1579">
     <span class='ocr_line' id='line_1_29' title="bbox 1988 1506 3558 1579; baseline -0.001 -18"><span class='ocrx_word' id='word_1_209' title='bbox 1988 1519 2225 1579; x_wconf 75' lang='lat' dir='ltr'><strong>petuuS:</strong></span> <span class='ocrx_word' id='word_1_210' title='bbox 2266 1511 2317 1561; x_wconf 93' lang='lat' dir='ltr'><strong>in</strong></span> <span class='ocrx_word' id='word_1_211' title='bbox 2349 1523 2416 1562; x_wconf 92' lang='lat' dir='ltr'><strong>co</strong></span> <span class='ocrx_word' id='word_1_212' title='bbox 2458 1517 2640 1561; x_wconf 91' lang='lat' dir='ltr'><strong>autem</strong></span> <span class='ocrx_word' id='word_1_213' title='bbox 2680 1517 2822 1563; x_wconf 88' lang='lat' dir='ltr'><strong>statu</strong></span> <span class='ocrx_word' id='word_1_214' title='bbox 2854 1517 3136 1562; x_wconf 74' lang='lat' dir='ltr'><strong>creaturas</strong></span> <span class='ocrx_word' id='word_1_215' title='bbox 3175 1517 3366 1561; x_wconf 84' lang='lat' dir='ltr'><strong>auctor</strong></span> <span class='ocrx_word' id='word_1_216' title='bbox 3390 1517 3444 1561; x_wconf 88' lang='lat' dir='ltr'><strong>et</strong></span> <span class='ocrx_word' id='word_1_217' title='bbox 3478 1506 3558 1561; x_wconf 89' lang='lat' dir='ltr'><strong>fa-</strong></span> 
     </span>
    </p>
   </div>
   <div class='ocr_carea' id='block_1_30' title="bbox 1987 1597 3558 1666">
    <p class='ocr_par' dir='ltr' id='par_1_30' title="bbox 1987 1597 3558 1666">
     <span class='ocr_line' id='line_1_30' title="bbox 1987 1597 3558 1666; baseline -0.001 -12"><span class='ocrx_word' id='word_1_218' title='bbox 1987 1601 2229 1655; x_wconf 87' lang='lat' dir='ltr'><strong>bricator</strong></span> <span class='ocrx_word' id='word_1_219' title='bbox 2275 1600 2519 1654; x_wconf 86' lang='lat' dir='ltr'><strong>universi</strong></span> <span class='ocrx_word' id='word_1_220' title='bbox 2553 1599 2730 1655; x_wconf 81' lang='lat' dir='ltr'><strong>etI&#39;ecit</strong></span> <span class='ocrx_word' id='word_1_221' title='bbox 2759 1619 2772 1663; x_wconf 91' lang='lat'>;</span> <span class='ocrx_word' id='word_1_222' title='bbox 2807 1601 2986 1654; x_wconf 85' lang='lat' dir='ltr'><strong>lumen</strong></span> <span class='ocrx_word' id='word_1_223' title='bbox 3036 1599 3374 1663; x_wconf 87' lang='lat' dir='ltr'><strong>intellectile,</strong></span> <span class='ocrx_word' id='word_1_224' title='bbox 3410 1597 3558 1666; x_wconf 86' lang='lat' dir='ltr'><strong>quod</strong></span> 
     </span>
    </p>
   </div>
   <div class='ocr_carea' id='block_1_31' title="bbox 1994 1691 3560 1763">
    <p class='ocr_par' dir='ltr' id='par_1_31' title="bbox 1994 1691 3560 1763">
     <span class='ocr_line' id='line_1_31' title="bbox 1994 1691 3560 1763; baseline 0.001 -20"><span class='ocrx_word' id='word_1_225' title='bbox 1994 1694 2321 1748; x_wconf 71' lang='lat' dir='ltr'><strong>beatitudini</strong></span> <span class='ocrx_word' id='word_1_226' title='bbox 2351 1694 2694 1763; x_wconf 81' lang='lat' dir='ltr'><strong>diligentiam</strong></span> <span class='ocrx_word' id='word_1_227' title='bbox 2725 1693 3014 1748; x_wconf 84' lang='lat' dir='ltr'><strong>Dominum</strong></span> <span class='ocrx_word' id='word_1_228' title='bbox 3044 1691 3442 1754; x_wconf 81' lang='lat' dir='ltr'><strong>conveniebat;</strong></span> <span class='ocrx_word' id='word_1_229' title='bbox 3476 1704 3560 1744; x_wconf 89' lang='lat' dir='ltr'><strong>ra-</strong></span> 
     </span>
    </p>
   </div>
   <div class='ocr_carea' id='block_1_32' title="bbox 1995 1785 3561 1854">
    <p class='ocr_par' dir='ltr' id='par_1_32' title="bbox 1995 1785 3561 1854">
     <span class='ocr_line' id='line_1_32' title="bbox 1995 1785 3561 1854; baseline -0.006 -16"><span class='ocrx_word' id='word_1_230' title='bbox 1995 1786 2163 1839; x_wconf 87' lang='lat' dir='ltr'><strong>tionis</strong></span> <span class='ocrx_word' id='word_1_231' title='bbox 2185 1795 2488 1854; x_wconf 80' lang='lat' dir='ltr'><strong>compotes,</strong></span> <span class='ocrx_word' id='word_1_232' title='bbox 2516 1796 2569 1839; x_wconf 87' lang='lat' dir='ltr'><strong>et</strong></span> <span class='ocrx_word' id='word_1_233' title='bbox 2595 1785 3014 1854; x_wconf 84' lang='lat' dir='ltr'><strong>inaspectablles</strong></span> <span class='ocrx_word' id='word_1_234' title='bbox 3045 1794 3291 1843; x_wconf 86' lang='lat' dir='ltr'><strong>naturas,</strong></span> <span class='ocrx_word' id='word_1_235' title='bbox 3314 1796 3561 1835; x_wconf 78' lang='lat' dir='ltr'><strong>omnem-</strong></span> 
     </span>
    </p>
   </div>
   <div class='ocr_carea' id='block_1_33' title="bbox 304 1854 3562 1947">
    <p class='ocr_par' dir='ltr' id='par_1_33' title="bbox 304 1854 3562 1947">
     <span class='ocr_line' id='line_1_33' title="bbox 304 1854 3562 1947; baseline 0.002 -26"><span class='ocrx_word' id='word_1_236' title='bbox 304 1878 394 1923; x_wconf 90' lang='lat' dir='ltr'><strong>tus</strong></span> <span class='ocrx_word' id='word_1_237' title='bbox 419 1874 482 1922; x_wconf 84' lang='lat' dir='ltr'><strong>ad</strong></span> <span class='ocrx_word' id='word_1_238' title='bbox 507 1870 973 1941; x_wconf 88' lang='lat' dir='ltr'><strong>autiquum.llinc</strong></span> <span class='ocrx_word' id='word_1_239' title='bbox 994 1875 1049 1928; x_wconf 89' lang='lat' dir='ltr'><strong>lit</strong></span> <span class='ocrx_word' id='word_1_240' title='bbox 1072 1874 1421 1928; x_wconf 78' lang='lat' dir='ltr'><strong>manifestum</strong></span> <span class='ocrx_word' id='word_1_241' title='bbox 1444 1875 1724 1941; x_wconf 78' lang='lat' dir='ltr'><strong>quo-deam</strong></span> <span class='ocrx_word' id='word_1_242' title='bbox 1755 1874 1877 1942; x_wconf 69' lang='lat' dir='ltr'><strong>pul~</strong></span> <span class='ocrx_word' id='word_1_243' title='bbox 1917 1854 1957 1908; x_wconf 71' lang='grc' dir='ltr'><strong>Β</strong></span> <span class='ocrx_word' id='word_1_244' title='bbox 1997 1894 2104 1947; x_wconf 87' lang='lat' dir='ltr'><strong>que</strong></span> <span class='ocrx_word' id='word_1_245' title='bbox 2135 1860 2386 1934; x_wconf 85' lang='lat' dir='ltr'><strong>ordinem</strong></span> <span class='ocrx_word' id='word_1_246' title='bbox 2423 1893 2632 1931; x_wconf 88' lang='lat' dir='ltr'><strong>carum.</strong></span> <span class='ocrx_word' id='word_1_247' title='bbox 2659 1878 2726 1931; x_wconf 85' lang='lat' dir='ltr'><strong>Et</strong></span> <span class='ocrx_word' id='word_1_248' title='bbox 2755 1876 3052 1945; x_wconf 81' lang='lat' dir='ltr'><strong>Gregorius</strong></span> <span class='ocrx_word' id='word_1_249' title='bbox 3083 1875 3384 1946; x_wconf 79' lang='lat' dir='ltr'><strong>Nyssenus,</strong></span> <span class='ocrx_word' id='word_1_250' title='bbox 3421 1874 3562 1926; x_wconf 86' lang='lat' dir='ltr'><strong>libro</strong></span> 
     </span>
    </p>
   </div>
   <div class='ocr_carea' id='block_1_34' title="bbox 307 1966 1882 2038">
    <p class='ocr_par' dir='ltr' id='par_1_34' title="bbox 307 1966 1882 2038">
     <span class='ocr_line' id='line_1_34' title="bbox 307 1966 1882 2038; baseline 0.004 -22"><span class='ocrx_word' id='word_1_251' title='bbox 307 1966 673 2020; x_wconf 87' lang='lat' dir='ltr'><strong>cbritudinem</strong></span> <span class='ocrx_word' id='word_1_252' title='bbox 703 1985 865 2036; x_wconf 90' lang='lat' dir='ltr'><strong>quam</strong></span> <span class='ocrx_word' id='word_1_253' title='bbox 899 1970 1080 2025; x_wconf 83' lang='lat' dir='ltr'><strong>habuit</strong></span> <span class='ocrx_word' id='word_1_254' title='bbox 1108 1971 1276 2025; x_wconf 81' lang='lat' dir='ltr'><strong>Adam</strong></span> <span class='ocrx_word' id='word_1_255' title='bbox 1299 1980 1591 2038; x_wconf 85' lang='lat' dir='ltr'><strong>antequam</strong></span> <span class='ocrx_word' id='word_1_256' title='bbox 1618 1984 1724 2023; x_wconf 86' lang='lat' dir='ltr'><strong>non</strong></span> <span class='ocrx_word' id='word_1_257' title='bbox 1754 1970 1882 2023; x_wconf 85' lang='lat' dir='ltr'><strong>obc-</strong></span> 
     </span>
    </p>
   </div>
   <div class='ocr_carea' id='block_1_35' title="bbox 305 2057 1875 2132">
    <p class='ocr_par' dir='ltr' id='par_1_35' title="bbox 305 2057 1875 2132">
     <span class='ocr_line' id='line_1_35' title="bbox 305 2057 1875 2132; baseline 0.003 -24"><span class='ocrx_word' id='word_1_258' title='bbox 305 2057 467 2119; x_wconf 79' lang='lat' dir='ltr'><strong>dirct,</strong></span> <span class='ocrx_word' id='word_1_259' title='bbox 521 2066 574 2108; x_wconf 74' lang='grc' dir='ltr'><strong>(ιι</strong></span> <span class='ocrx_word' id='word_1_260' title='bbox 624 2075 745 2111; x_wconf 87' lang='lat' dir='ltr'><strong>eum</strong></span> <span class='ocrx_word' id='word_1_261' title='bbox 784 2061 1152 2128; x_wconf 85' lang='lat' dir='ltr'><strong>splendorem,</strong></span> <span class='ocrx_word' id='word_1_262' title='bbox 1182 2063 1234 2114; x_wconf 92' lang='lat' dir='ltr'><strong>in</strong></span> <span class='ocrx_word' id='word_1_263' title='bbox 1271 2078 1380 2132; x_wconf 90' lang='lat' dir='ltr'><strong>quo</strong></span> <span class='ocrx_word' id='word_1_264' title='bbox 1421 2072 1549 2116; x_wconf 88' lang='lat' dir='ltr'><strong>tunc</strong></span> <span class='ocrx_word' id='word_1_265' title='bbox 1577 2060 1875 2115; x_wconf 89' lang='lat' dir='ltr'><strong>secundum</strong></span> 
     </span>
    </p>
   </div>
   <div class='ocr_carea' id='block_1_36' title="bbox 308 2151 1883 2217">
    <p class='ocr_par' dir='ltr' id='par_1_36' title="bbox 308 2151 1883 2217">
     <span class='ocr_line' id='line_1_36' title="bbox 308 2151 1883 2217; baseline 0.001 -17"><span class='ocrx_word' id='word_1_266' title='bbox 308 2161 558 2201; x_wconf 86' lang='lat' dir='ltr'><strong>naturam</strong></span> <span class='ocrx_word' id='word_1_267' title='bbox 610 2159 828 2203; x_wconf 81' lang='lat' dir='ltr'><strong>creatus</strong></span> <span class='ocrx_word' id='word_1_268' title='bbox 873 2161 974 2214; x_wconf 76' lang='lat' dir='ltr'><strong>est,</strong></span> <span class='ocrx_word' id='word_1_269' title='bbox 1035 2167 1180 2204; x_wconf 90' lang='lat' dir='ltr'><strong>nunc</strong></span> <span class='ocrx_word' id='word_1_270' title='bbox 1229 2151 1493 2205; x_wconf 87' lang='lat' dir='ltr'><strong>Dominus</strong></span> <span class='ocrx_word' id='word_1_271' title='bbox 1545 2152 1597 2204; x_wconf 92' lang='lat' dir='ltr'><strong>in</strong></span> <span class='ocrx_word' id='word_1_272' title='bbox 1654 2164 1883 2217; x_wconf 84' lang='lat' dir='ltr'><strong>corpore</strong></span> 
     </span>
    </p>
   </div>
   <div class='ocr_carea' id='block_1_37' title="bbox 308 2239 1882 2312">
    <p class='ocr_par' dir='ltr' id='par_1_37' title="bbox 308 2239 1882 2312">
     <span class='ocr_line' id='line_1_37' title="bbox 308 2239 1882 2312; baseline 0.001 -20"><span class='ocrx_word' id='word_1_273' title='bbox 308 2255 410 2292; x_wconf 87' lang='lat' dir='ltr'><strong>suo</strong></span> <span class='ocrx_word' id='word_1_274' title='bbox 440 2239 678 2293; x_wconf 85' lang='lat' dir='ltr'><strong>humano</strong></span> <span class='ocrx_word' id='word_1_275' title='bbox 709 2257 1063 2311; x_wconf 86' lang='lat' dir='ltr'><strong>recuperasse</strong></span> <span class='ocrx_word' id='word_1_276' title='bbox 1090 2253 1342 2296; x_wconf 83' lang='lat' dir='ltr'><strong>naturam</strong></span> <span class='ocrx_word' id='word_1_277' title='bbox 1379 2243 1670 2296; x_wconf 82' lang='lat' dir='ltr'><strong>humanam</strong></span> <span class='ocrx_word' id='word_1_278' title='bbox 1705 2241 1882 2312; x_wconf 48' lang='lat' dir='ltr'><strong>praefi-</strong></span> 
     </span>
    </p>
   </div>
   <div class='ocr_carea' id='block_1_38' title="bbox 308 2331 1882 2404">
    <p class='ocr_par' dir='ltr' id='par_1_38' title="bbox 308 2331 1882 2404">
     <span class='ocr_line' id='line_1_38' title="bbox 308 2331 1882 2404; baseline 0 -20"><span class='ocrx_word' id='word_1_279' title='bbox 308 2333 542 2398; x_wconf 75' lang='lat' dir='ltr'><strong>guravit,</strong></span> <span class='ocrx_word' id='word_1_280' title='bbox 572 2347 695 2385; x_wconf 89' lang='lat' dir='ltr'><strong>cum</strong></span> <span class='ocrx_word' id='word_1_281' title='bbox 728 2333 778 2384; x_wconf 94' lang='lat' dir='ltr'><strong>in</strong></span> <span class='ocrx_word' id='word_1_282' title='bbox 810 2344 993 2388; x_wconf 80' lang='lat' dir='ltr'><strong>monte</strong></span> <span class='ocrx_word' id='word_1_283' title='bbox 1023 2333 1243 2387; x_wconf 82' lang='lat' dir='ltr'><strong>Thahor</strong></span> <span class='ocrx_word' id='word_1_284' title='bbox 1263 2335 1386 2402; x_wconf 87' lang='lat' dir='ltr'><strong>plus</strong></span> <span class='ocrx_word' id='word_1_285' title='bbox 1413 2350 1576 2404; x_wconf 90' lang='lat' dir='ltr'><strong>quam</strong></span> <span class='ocrx_word' id='word_1_286' title='bbox 1597 2333 1676 2387; x_wconf 91' lang='lat' dir='ltr'><strong>sol</strong></span> <span class='ocrx_word' id='word_1_287' title='bbox 1699 2331 1882 2401; x_wconf 84' lang='lat' dir='ltr'><strong>splen-</strong></span> 
     </span>
    </p>
   </div>
   <div class='ocr_carea' id='block_1_39' title="bbox 309 2413 1882 2494">
    <p class='ocr_par' dir='ltr' id='par_1_39' title="bbox 309 2413 1882 2494">
     <span class='ocr_line' id='line_1_39' title="bbox 309 2413 1882 2494; baseline 0.003 -20"><span class='ocrx_word' id='word_1_288' title='bbox 309 2425 421 2474; x_wconf 87' lang='lat' dir='ltr'><strong>duit</strong></span> <span class='ocrx_word' id='word_1_289' title='bbox 453 2437 465 2484; x_wconf 91' lang='lat'><strong>;</strong></span> <span class='ocrx_word' id='word_1_290' title='bbox 501 2413 686 2490; x_wconf 55' lang='lat' dir='ltr'><strong>postea</strong></span> <span class='ocrx_word' id='word_1_291' title='bbox 721 2433 899 2478; x_wconf 85' lang='lat' dir='ltr'><strong>tamen</strong></span> <span class='ocrx_word' id='word_1_292' title='bbox 965 2436 1086 2494; x_wconf 86' lang='lat' dir='ltr'><strong>post</strong></span> <span class='ocrx_word' id='word_1_293' title='bbox 1115 2426 1574 2480; x_wconf 83' lang='lat' dir='ltr'><strong>resurrectionem</strong></span> <span class='ocrx_word' id='word_1_294' title='bbox 1607 2440 1763 2480; x_wconf 89' lang='lat' dir='ltr'><strong>suam</strong></span> <span class='ocrx_word' id='word_1_295' title='bbox 1803 2423 1882 2478; x_wconf 88' lang='lat' dir='ltr'><strong>si-</strong></span> 
     </span>
    </p>
   </div>
   <div class='ocr_carea' id='block_1_40' title="bbox 313 2515 1882 2588">
    <p class='ocr_par' dir='ltr' id='par_1_40' title="bbox 313 2515 1882 2588">
     <span class='ocr_line' id='line_1_40' title="bbox 313 2515 1882 2588; baseline 0.001 -22"><span class='ocrx_word' id='word_1_296' title='bbox 313 2524 402 2566; x_wconf 90' lang='lat' dir='ltr'><strong>cut</strong></span> <span class='ocrx_word' id='word_1_297' title='bbox 441 2523 690 2568; x_wconf 87' lang='lat' dir='ltr'><strong>naturam</strong></span> <span class='ocrx_word' id='word_1_298' title='bbox 738 2515 806 2568; x_wconf 88' lang='lat' dir='ltr'><strong>ab</strong></span> <span class='ocrx_word' id='word_1_299' title='bbox 835 2515 1058 2570; x_wconf 87' lang='lat' dir='ltr'><strong>interitu</strong></span> <span class='ocrx_word' id='word_1_300' title='bbox 1097 2517 1368 2588; x_wconf 74' lang='lat' dir='ltr'><strong>liberaiit,</strong></span> <span class='ocrx_word' id='word_1_301' title='bbox 1419 2525 1474 2570; x_wconf 86' lang='lat' dir='ltr'><strong>et</strong></span> <span class='ocrx_word' id='word_1_302' title='bbox 1520 2518 1882 2571; x_wconf 82' lang='lat' dir='ltr'><strong>immortalem</strong></span> 
     </span>
    </p>
   </div>
   <div class='ocr_carea' id='block_1_41' title="bbox 314 2601 1886 2679">
    <p class='ocr_par' dir='ltr' id='par_1_41' title="bbox 314 2601 1886 2679">
     <span class='ocr_line' id='line_1_41' title="bbox 314 2601 1886 2679; baseline 0.003 -27"><span class='ocrx_word' id='word_1_303' title='bbox 314 2601 572 2662; x_wconf 86' lang='lat' dir='ltr'><strong>reddidit,</strong></span> <span class='ocrx_word' id='word_1_304' title='bbox 607 2603 688 2654; x_wconf 89' lang='lat' dir='ltr'><strong>sic</strong></span> <span class='ocrx_word' id='word_1_305' title='bbox 734 2602 781 2654; x_wconf 82' lang='lat' dir='ltr'><strong>ei</strong></span> <span class='ocrx_word' id='word_1_306' title='bbox 822 2611 998 2656; x_wconf 90' lang='lat' dir='ltr'><strong>totum</strong></span> <span class='ocrx_word' id='word_1_307' title='bbox 1035 2604 1379 2670; x_wconf 74' lang='lat' dir='ltr'><strong>Splendorem</strong></span> <span class='ocrx_word' id='word_1_308' title='bbox 1419 2605 1678 2679; x_wconf 71' lang='lat' dir='ltr'><strong>restituit,</strong></span> <span class='ocrx_word' id='word_1_309' title='bbox 1715 2605 1886 2657; x_wconf 90' lang='lat' dir='ltr'><strong>multo</strong></span> 
     </span>
    </p>
   </div>
   <div class='ocr_carea' id='block_1_42' title="bbox 317 2693 1886 2762">
    <p class='ocr_par' dir='ltr' id='par_1_42' title="bbox 317 2693 1886 2762">
     <span class='ocr_line' id='line_1_42' title="bbox 317 2693 1886 2762; baseline 0.003 -18"><span class='ocrx_word' id='word_1_310' title='bbox 317 2693 524 2762; x_wconf 82' lang='lat' dir='ltr'><strong>majore</strong></span> <span class='ocrx_word' id='word_1_311' title='bbox 557 2708 721 2759; x_wconf 88' lang='lat' dir='ltr'><strong>quam</strong></span> <span class='ocrx_word' id='word_1_312' title='bbox 756 2693 861 2746; x_wconf 86' lang='lat' dir='ltr'><strong>dici</strong></span> <span class='ocrx_word' id='word_1_313' title='bbox 897 2703 1078 2762; x_wconf 76' lang='lat' dir='ltr'><strong>potest</strong></span> <span class='ocrx_word' id='word_1_314' title='bbox 1115 2735 1129 2758; x_wconf 86' lang='lat'><strong>,</strong></span> <span class='ocrx_word' id='word_1_315' title='bbox 1162 2696 1368 2750; x_wconf 89' lang='lat' dir='ltr'><strong>lumine</strong></span> <span class='ocrx_word' id='word_1_316' title='bbox 1391 2697 1596 2748; x_wconf 90' lang='lat' dir='ltr'><strong>circum</strong></span> <span class='ocrx_word' id='word_1_317' title='bbox 1627 2710 1746 2748; x_wconf 88' lang='lat' dir='ltr'><strong>eam</strong></span> <span class='ocrx_word' id='word_1_318' title='bbox 1772 2694 1886 2748; x_wconf 91' lang='lat' dir='ltr'><strong>col-</strong></span> 
     </span>
    </p>
   </div>
   <div class='ocr_carea' id='block_1_43' title="bbox 318 2784 1892 2854">
    <p class='ocr_par' dir='ltr' id='par_1_43' title="bbox 318 2784 1892 2854">
     <span class='ocr_line' id='line_1_43' title="bbox 318 2784 1892 2854; baseline 0.002 -18"><span class='ocrx_word' id='word_1_319' title='bbox 318 2784 528 2844; x_wconf 88' lang='lat' dir='ltr'><strong>luceus,</strong></span> <span class='ocrx_word' id='word_1_320' title='bbox 564 2784 878 2851; x_wconf 76' lang='lat' dir='ltr'><strong>habensque</strong></span> <span class='ocrx_word' id='word_1_321' title='bbox 910 2799 1094 2837; x_wconf 81' lang='lat' dir='ltr'><strong>secum</strong></span> <span class='ocrx_word' id='word_1_322' title='bbox 1128 2785 1221 2852; x_wconf 92' lang='lat' dir='ltr'><strong>qui</strong></span> <span class='ocrx_word' id='word_1_323' title='bbox 1258 2794 1686 2854; x_wconf 88' lang='lat' dir='ltr'><strong>consequantur,</strong></span> <span class='ocrx_word' id='word_1_324' title='bbox 1709 2787 1892 2853; x_wconf 81' lang='lat' dir='ltr'><strong>justus</strong></span> 
     </span>
    </p>
   </div>
   <div class='ocr_carea' id='block_1_44' title="bbox 318 2871 1890 2945">
    <p class='ocr_par' dir='ltr' id='par_1_44' title="bbox 318 2871 1890 2945">
     <span class='ocr_line' id='line_1_44' title="bbox 318 2871 1890 2945; baseline 0.007 -26"><span class='ocrx_word' id='word_1_325' title='bbox 318 2873 439 2940; x_wconf 80' lang='lat' dir='ltr'><strong>plus</strong></span> <span class='ocrx_word' id='word_1_326' title='bbox 471 2871 883 2942; x_wconf 61' lang='lat' dir='ltr'><strong>soleiulgeutes</strong></span> <span class='ocrx_word' id='word_1_327' title='bbox 911 2891 924 2928; x_wconf 91' lang='lat'><strong>:</strong></span> <span class='ocrx_word' id='word_1_328' title='bbox 971 2875 1116 2943; x_wconf 91' lang='lat' dir='ltr'><strong>quod</strong></span> <span class='ocrx_word' id='word_1_329' title='bbox 1159 2875 1202 2930; x_wconf 89' lang='lat' dir='ltr'><strong>si</strong></span> <span class='ocrx_word' id='word_1_330' title='bbox 1239 2891 1349 2930; x_wconf 89' lang='lat' dir='ltr'><strong>non</strong></span> <span class='ocrx_word' id='word_1_331' title='bbox 1381 2875 1535 2945; x_wconf 87' lang='lat' dir='ltr'><strong>plene</strong></span> <span class='ocrx_word' id='word_1_332' title='bbox 1564 2886 1618 2930; x_wconf 83' lang='lat' dir='ltr'><strong>et</strong></span> <span class='ocrx_word' id='word_1_333' title='bbox 1654 2877 1890 2944; x_wconf 82' lang='lat' dir='ltr'><strong>perfecte</strong></span> 
     </span>
    </p>
   </div>
   <div class='ocr_carea' id='block_1_45' title="bbox 320 2963 1893 3042">
    <p class='ocr_par' dir='ltr' id='par_1_45' title="bbox 320 2963 1893 3042">
     <span class='ocr_line' id='line_1_45' title="bbox 320 2963 1893 3042; baseline 0.002 -26"><span class='ocrx_word' id='word_1_334' title='bbox 320 2963 502 3042; x_wconf 60' lang='lat' dir='ltr'><strong>hodie,</strong></span> <span class='ocrx_word' id='word_1_335' title='bbox 544 2973 600 3018; x_wconf 89' lang='lat' dir='ltr'><strong>at</strong></span> <span class='ocrx_word' id='word_1_336' title='bbox 649 2975 793 3017; x_wconf 76' lang='lat' dir='ltr'><strong>certe</strong></span> <span class='ocrx_word' id='word_1_337' title='bbox 822 2965 872 3018; x_wconf 91' lang='lat' dir='ltr'><strong>in</strong></span> <span class='ocrx_word' id='word_1_338' title='bbox 904 2967 1180 3020; x_wconf 87' lang='lat' dir='ltr'><strong>communi</strong></span> <span class='ocrx_word' id='word_1_339' title='bbox 1207 2967 1421 3038; x_wconf 79' lang='lat' dir='ltr'><strong>generis</strong></span> <span class='ocrx_word' id='word_1_340' title='bbox 1453 2967 1678 3020; x_wconf 84' lang='lat' dir='ltr'><strong>humani</strong></span> <span class='ocrx_word' id='word_1_341' title='bbox 1708 2982 1893 3020; x_wconf 88' lang='lat' dir='ltr'><strong>resur-</strong></span> 
     </span>
    </p>
   </div>
   <div class='ocr_carea' id='block_1_46' title="bbox 321 3058 1891 3128">
    <p class='ocr_par' dir='ltr' id='par_1_46' title="bbox 321 3058 1891 3128">
     <span class='ocr_line' id='line_1_46' title="bbox 321 3058 1891 3128; baseline 0.004 -21"><span class='ocrx_word' id='word_1_342' title='bbox 321 3058 586 3122; x_wconf 88' lang='lat' dir='ltr'><strong>rectione,</strong></span> <span class='ocrx_word' id='word_1_343' title='bbox 634 3072 758 3109; x_wconf 84' lang='lat' dir='ltr'><strong>cum</strong></span> <span class='ocrx_word' id='word_1_344' title='bbox 794 3072 894 3112; x_wconf 88' lang='lat' dir='ltr'><strong>nos</strong></span> <span class='ocrx_word' id='word_1_345' title='bbox 927 3058 981 3110; x_wconf 92' lang='lat' dir='ltr'><strong>in</strong></span> <span class='ocrx_word' id='word_1_346' title='bbox 1031 3073 1093 3112; x_wconf 89' lang='lat' dir='ltr'><strong>ca</strong></span> <span class='ocrx_word' id='word_1_347' title='bbox 1146 3060 1261 3128; x_wconf 86' lang='lat' dir='ltr'><strong>ipsa</strong></span> <span class='ocrx_word' id='word_1_348' title='bbox 1309 3067 1507 3114; x_wconf 87' lang='lat' dir='ltr'><strong>natura</strong></span> <span class='ocrx_word' id='word_1_349' title='bbox 1557 3059 1891 3114; x_wconf 85' lang='lat' dir='ltr'><strong>immortales</strong></span> 
     </span>
    </p>
   </div>
   <div class='ocr_carea' id='block_1_47' title="bbox 1995 1965 3565 2036">
    <p class='ocr_par' dir='ltr' id='par_1_47' title="bbox 1995 1965 3565 2036">
     <span class='ocr_line' id='line_1_47' title="bbox 1995 1965 3565 2036; baseline -0.002 -15"><span class='ocrx_word' id='word_1_350' title='bbox 1995 1969 2174 2036; x_wconf 88' lang='lat' dir='ltr'><strong>primo</strong></span> <span class='ocrx_word' id='word_1_351' title='bbox 2203 1965 2647 2035; x_wconf 79' lang='lat' dir='ltr'><strong>Confutationum</strong></span> <span class='ocrx_word' id='word_1_352' title='bbox 2671 1967 2723 2021; x_wconf 91' lang='lat' dir='ltr'><strong>in</strong></span> <span class='ocrx_word' id='word_1_353' title='bbox 2771 1965 3114 2028; x_wconf 79' lang='lat' dir='ltr'><strong>Eunomium,</strong></span> <span class='ocrx_word' id='word_1_354' title='bbox 3145 1979 3198 2019; x_wconf 88' lang='lat' dir='ltr'><strong>c.</strong></span> <span class='ocrx_word' id='word_1_355' title='bbox 3232 1965 3338 2018; x_wconf 72' lang='lat'><strong>26:</strong></span> <span class='ocrx_word' id='word_1_356' title='bbox 3375 1965 3565 2020; x_wconf 89' lang='lat' dir='ltr'><strong>Omni-</strong></span> 
     </span>
    </p>
   </div>
   <div class='ocr_carea' id='block_1_48' title="bbox 1995 2057 3564 2134">
    <p class='ocr_par' dir='ltr' id='par_1_48' title="bbox 1995 2057 3564 2134">
     <span class='ocr_line' id='line_1_48' title="bbox 1995 2057 3564 2134; baseline -0.003 -22"><span class='ocrx_word' id='word_1_357' title='bbox 1995 2061 2118 2134; x_wconf 67' lang='lat' dir='ltr'><strong>bus,</strong></span> <span class='ocrx_word' id='word_1_358' title='bbox 2148 2060 2348 2128; x_wconf 85' lang='lat' dir='ltr'><strong>inquit,</strong></span> <span class='ocrx_word' id='word_1_359' title='bbox 2374 2059 2612 2112; x_wconf 86' lang='lat' dir='ltr'><strong>arbitror</strong></span> <span class='ocrx_word' id='word_1_360' title='bbox 2644 2068 2831 2112; x_wconf 90' lang='lat' dir='ltr'><strong>notum</strong></span> <span class='ocrx_word' id='word_1_361' title='bbox 2855 2074 2998 2119; x_wconf 83' lang='lat' dir='ltr'><strong>esse,</strong></span> <span class='ocrx_word' id='word_1_362' title='bbox 3024 2074 3119 2112; x_wconf 87' lang='lat' dir='ltr'><strong>eos</strong></span> <span class='ocrx_word' id='word_1_363' title='bbox 3150 2057 3298 2121; x_wconf 86' lang='lat' dir='ltr'><strong>dico,</strong></span> <span class='ocrx_word' id='word_1_364' title='bbox 3325 2057 3418 2125; x_wconf 87' lang='lat' dir='ltr'><strong>qui</strong></span> <span class='ocrx_word' id='word_1_365' title='bbox 3449 2068 3564 2108; x_wconf 82' lang='lat' dir='ltr'><strong>me-</strong></span> 
     </span>
    </p>
   </div>
   <div class='ocr_carea' id='block_1_49' title="bbox 1989 2149 3566 2217">
    <p class='ocr_par' dir='ltr' id='par_1_49' title="bbox 1989 2149 3566 2217">
     <span class='ocr_line' id='line_1_49' title="bbox 1989 2149 3566 2217; baseline -0.003 -13"><span class='ocrx_word' id='word_1_366' title='bbox 1989 2151 2251 2206; x_wconf 90' lang='lat' dir='ltr'><strong>diocriter</strong></span> <span class='ocrx_word' id='word_1_367' title='bbox 2288 2165 2350 2204; x_wconf 89' lang='lat' dir='ltr'><strong>ea</strong></span> <span class='ocrx_word' id='word_1_368' title='bbox 2395 2165 2517 2217; x_wconf 71' lang='lat' dir='ltr'><strong>qua:</strong></span> <span class='ocrx_word' id='word_1_369' title='bbox 2545 2160 2698 2212; x_wconf 81' lang='lat' dir='ltr'><strong>sunt,</strong></span> <span class='ocrx_word' id='word_1_370' title='bbox 2743 2149 3254 2214; x_wconf 86' lang='lat' dir='ltr'><strong>consideraverunt,</strong></span> <span class='ocrx_word' id='word_1_371' title='bbox 3288 2149 3431 2216; x_wconf 88' lang='lat' dir='ltr'><strong>quod</strong></span> <span class='ocrx_word' id='word_1_372' title='bbox 3466 2163 3566 2202; x_wconf 86' lang='lat' dir='ltr'><strong>au-</strong></span> 
     </span>
    </p>
   </div>
   <div class='ocr_carea' id='block_1_50' title="bbox 1991 2238 3563 2309">
    <p class='ocr_par' dir='ltr' id='par_1_50' title="bbox 1991 2238 3563 2309">
     <span class='ocr_line' id='line_1_50' title="bbox 1991 2238 3563 2309; baseline -0.001 -16"><span class='ocrx_word' id='word_1_373' title='bbox 1991 2252 2108 2294; x_wconf 83' lang='lat' dir='ltr'><strong>ctor</strong></span> <span class='ocrx_word' id='word_1_374' title='bbox 2138 2240 2402 2305; x_wconf 86' lang='lat' dir='ltr'><strong>universi,</strong></span> <span class='ocrx_word' id='word_1_375' title='bbox 2434 2240 2531 2309; x_wconf 89' lang='lat' dir='ltr'><strong>qui</strong></span> <span class='ocrx_word' id='word_1_376' title='bbox 2570 2241 2794 2306; x_wconf 68' lang='lat' dir='ltr'><strong>saecula,</strong></span> <span class='ocrx_word' id='word_1_377' title='bbox 2832 2241 2947 2296; x_wconf 83' lang='lat' dir='ltr'><strong>sive</strong></span> <span class='ocrx_word' id='word_1_378' title='bbox 2973 2255 3174 2304; x_wconf 68' lang='lat' dir='ltr'><strong>aevum,</strong></span> <span class='ocrx_word' id='word_1_379' title='bbox 3213 2249 3268 2294; x_wconf 90' lang='lat' dir='ltr'><strong>et</strong></span> <span class='ocrx_word' id='word_1_380' title='bbox 3299 2240 3476 2294; x_wconf 83' lang='lat' dir='ltr'><strong>locum</strong></span> <span class='ocrx_word' id='word_1_381' title='bbox 3507 2238 3563 2291; x_wconf 90' lang='lat' dir='ltr'><strong>in</strong></span> 
     </span>
    </p>
   </div>
   <div class='ocr_carea' id='block_1_51' title="bbox 1991 2329 3564 2402">
    <p class='ocr_par' dir='ltr' id='par_1_51' title="bbox 1991 2329 3564 2402">
     <span class='ocr_line' id='line_1_51' title="bbox 1991 2329 3564 2402; baseline -0.003 -16"><span class='ocrx_word' id='word_1_382' title='bbox 1991 2336 2092 2392; x_wconf 84' lang='lat' dir='ltr'><strong>eis.</strong></span> <span class='ocrx_word' id='word_1_383' title='bbox 2129 2343 2387 2402; x_wconf 86' lang='lat' dir='ltr'><strong>tauquam</strong></span> <span class='ocrx_word' id='word_1_384' title='bbox 2421 2332 2822 2400; x_wconf 82' lang='lat' dir='ltr'><strong>receptaculum</strong></span> <span class='ocrx_word' id='word_1_385' title='bbox 2849 2347 3041 2386; x_wconf 87' lang='lat' dir='ltr'><strong>eorum</strong></span> <span class='ocrx_word' id='word_1_386' title='bbox 3071 2347 3190 2400; x_wconf 66' lang='lat' dir='ltr'><strong>qua</strong></span> <span class='ocrx_word' id='word_1_387' title='bbox 3217 2333 3270 2384; x_wconf 86' lang='lat' dir='ltr'><strong>in</strong></span> <span class='ocrx_word' id='word_1_388' title='bbox 3303 2332 3386 2384; x_wconf 86' lang='lat' dir='ltr'><strong>eis</strong></span> <span class='ocrx_word' id='word_1_389' title='bbox 3424 2329 3564 2384; x_wconf 79' lang='lat' dir='ltr'><strong>facta</strong></span> 
     </span>
    </p>
   </div>
   <div class='ocr_carea' id='block_1_52' title="bbox 1991 2423 3568 2489">
    <p class='ocr_par' dir='ltr' id='par_1_52' title="bbox 1991 2423 3568 2489">
     <span class='ocr_line' id='line_1_52' title="bbox 1991 2423 3568 2489; baseline -0.002 -9"><span class='ocrx_word' id='word_1_390' title='bbox 1991 2437 2139 2484; x_wconf 87' lang='lat' dir='ltr'><strong>sunt,</strong></span> <span class='ocrx_word' id='word_1_391' title='bbox 2171 2425 2370 2489; x_wconf 82' lang='lat' dir='ltr'><strong>eﬂ‘eeit,</strong></span> <span class='ocrx_word' id='word_1_392' title='bbox 2398 2425 2451 2478; x_wconf 92' lang='lat' dir='ltr'><strong>in</strong></span> <span class='ocrx_word' id='word_1_393' title='bbox 2483 2423 2570 2479; x_wconf 85' lang='lat' dir='ltr'><strong>his</strong></span> <span class='ocrx_word' id='word_1_394' title='bbox 2609 2436 2762 2479; x_wconf 89' lang='lat' dir='ltr'><strong>creat</strong></span> <span class='ocrx_word' id='word_1_395' title='bbox 2785 2425 3014 2488; x_wconf 89' lang='lat' dir='ltr'><strong>omnia;</strong></span> <span class='ocrx_word' id='word_1_396' title='bbox 3055 2439 3156 2480; x_wconf 90' lang='lat' dir='ltr'><strong>nec</strong></span> <span class='ocrx_word' id='word_1_397' title='bbox 3202 2426 3348 2478; x_wconf 89' lang='lat' dir='ltr'><strong>enim</strong></span> <span class='ocrx_word' id='word_1_398' title='bbox 3387 2430 3568 2489; x_wconf 81' lang='lat' dir='ltr'><strong>potest</strong></span> 
     </span>
    </p>
   </div>
   <div class='ocr_carea' id='block_1_53' title="bbox 1991 2517 3564 2588">
    <p class='ocr_par' dir='ltr' id='par_1_53' title="bbox 1991 2517 3564 2588">
     <span class='ocr_line' id='line_1_53' title="bbox 1991 2517 3564 2588; baseline 0 -18"><span class='ocrx_word' id='word_1_399' title='bbox 1991 2520 2290 2588; x_wconf 83' lang='lat' dir='ltr'><strong>quidquam</strong></span> <span class='ocrx_word' id='word_1_400' title='bbox 2336 2533 2530 2575; x_wconf 81' lang='lat' dir='ltr'><strong>eorum</strong></span> <span class='ocrx_word' id='word_1_401' title='bbox 2578 2533 2700 2587; x_wconf 70' lang='lat' dir='ltr'><strong>quae</strong></span> <span class='ocrx_word' id='word_1_402' title='bbox 2744 2526 2922 2572; x_wconf 81' lang='lat' dir='ltr'><strong>creata</strong></span> <span class='ocrx_word' id='word_1_403' title='bbox 2965 2525 3116 2581; x_wconf 88' lang='lat' dir='ltr'><strong>sunt,</strong></span> <span class='ocrx_word' id='word_1_404' title='bbox 3168 2517 3250 2570; x_wconf 80' lang='lat' dir='ltr'><strong>vel</strong></span> <span class='ocrx_word' id='word_1_405' title='bbox 3285 2524 3564 2574; x_wconf 83' lang='lat' dir='ltr'><strong>creantur.</strong></span> 
     </span>
    </p>
   </div>
   <div class='ocr_carea' id='block_1_54' title="bbox 1995 2607 3568 2677">
    <p class='ocr_par' dir='ltr' id='par_1_54' title="bbox 1995 2607 3568 2677">
     <span class='ocr_line' id='line_1_54' title="bbox 1995 2607 3568 2677; baseline -0.001 -15"><span class='ocrx_word' id='word_1_406' title='bbox 1995 2626 2102 2662; x_wconf 85' lang='lat' dir='ltr'><strong>non</strong></span> <span class='ocrx_word' id='word_1_407' title='bbox 2131 2625 2255 2664; x_wconf 86' lang='lat' dir='ltr'><strong>esse</strong></span> <span class='ocrx_word' id='word_1_408' title='bbox 2285 2610 2366 2662; x_wconf 86' lang='lat' dir='ltr'><strong>vel</strong></span> <span class='ocrx_word' id='word_1_409' title='bbox 2410 2611 2468 2663; x_wconf 91' lang='lat' dir='ltr'><strong>in</strong></span> <span class='ocrx_word' id='word_1_410' title='bbox 2520 2609 2664 2672; x_wconf 89' lang='lat' dir='ltr'><strong>loco,</strong></span> <span class='ocrx_word' id='word_1_411' title='bbox 2698 2609 2780 2661; x_wconf 87' lang='lat' dir='ltr'><strong>vel</strong></span> <span class='ocrx_word' id='word_1_412' title='bbox 2813 2608 2865 2660; x_wconf 87' lang='lat' dir='ltr'><strong>in</strong></span> <span class='ocrx_word' id='word_1_413' title='bbox 2917 2617 3182 2676; x_wconf 78' lang='lat' dir='ltr'><strong>tempore.</strong></span> <span class='ocrx_word' id='word_1_414' title='bbox 3232 2607 3296 2660; x_wconf 83' lang='lat' dir='ltr'><strong>Et</strong></span> <span class='ocrx_word' id='word_1_415' title='bbox 3336 2622 3568 2677; x_wconf 83' lang='lat' dir='ltr'><strong>magnus</strong></span> 
     </span>
    </p>
   </div>
   <div class='ocr_carea' id='block_1_55' title="bbox 1995 2696 3570 2766">
    <p class='ocr_par' dir='ltr' id='par_1_55' title="bbox 1995 2696 3570 2766">
     <span class='ocr_line' id='line_1_55' title="bbox 1995 2696 3570 2766; baseline -0.002 -11"><span class='ocrx_word' id='word_1_416' title='bbox 1995 2701 2349 2761; x_wconf 79' lang='lat' dir='ltr'><strong>Athanasius,</strong></span> <span class='ocrx_word' id='word_1_417' title='bbox 2385 2699 2523 2752; x_wconf 86' lang='lat' dir='ltr'><strong>libro</strong></span> <span class='ocrx_word' id='word_1_418' title='bbox 2571 2699 2814 2752; x_wconf 86' lang='lat' dir='ltr'><strong>secundo</strong></span> <span class='ocrx_word' id='word_1_419' title='bbox 2843 2696 3044 2751; x_wconf 79' lang='lat' dir='ltr'><strong>Contra</strong></span> <span class='ocrx_word' id='word_1_420' title='bbox 3089 2698 3363 2752; x_wconf 76' lang='lat' dir='ltr'><strong>Ariano‘s:</strong></span> <span class='ocrx_word' id='word_1_421' title='bbox 3399 2699 3570 2766; x_wconf 87' lang='lat' dir='ltr'><strong>Igitur</strong></span> 
     </span>
    </p>
   </div>
   <div class='ocr_carea' id='block_1_56' title="bbox 1998 2789 3572 2860">
    <p class='ocr_par' dir='ltr' id='par_1_56' title="bbox 1998 2789 3572 2860">
     <span class='ocr_line' id='line_1_56' title="bbox 1998 2789 3572 2860; baseline -0.003 -15"><span class='ocrx_word' id='word_1_422' title='bbox 1998 2792 2168 2845; x_wconf 88' lang='lat' dir='ltr'><strong>multo</strong></span> <span class='ocrx_word' id='word_1_423' title='bbox 2216 2792 2390 2859; x_wconf 84' lang='lat' dir='ltr'><strong>magis</strong></span> <span class='ocrx_word' id='word_1_424' title='bbox 2429 2790 2624 2844; x_wconf 81' lang='lat' dir='ltr'><strong>Petrus</strong></span> <span class='ocrx_word' id='word_1_425' title='bbox 2651 2793 2760 2844; x_wconf 84' lang='lat' dir='ltr'><strong>non</strong></span> <span class='ocrx_word' id='word_1_426' title='bbox 2798 2799 3110 2843; x_wconf 85' lang='lat' dir='ltr'><strong>creaturam</strong></span> <span class='ocrx_word' id='word_1_427' title='bbox 3142 2805 3263 2845; x_wconf 82' lang='lat' dir='ltr'><strong>esse</strong></span> <span class='ocrx_word' id='word_1_428' title='bbox 3299 2789 3572 2860; x_wconf 74' lang='lat' dir='ltr'><strong>signiﬁca-</strong></span> 
     </span>
    </p>
   </div>
   <div class='ocr_carea' id='block_1_57' title="bbox 1999 2881 3567 2946">
    <p class='ocr_par' dir='ltr' id='par_1_57' title="bbox 1999 2881 3567 2946">
     <span class='ocr_line' id='line_1_57' title="bbox 1999 2881 3567 2946; baseline 0 -10"><span class='ocrx_word' id='word_1_429' title='bbox 1999 2883 2110 2946; x_wconf 87' lang='lat' dir='ltr'><strong>bat,</strong></span> <span class='ocrx_word' id='word_1_430' title='bbox 2136 2896 2259 2935; x_wconf 88' lang='lat' dir='ltr'><strong>cum</strong></span> <span class='ocrx_word' id='word_1_431' title='bbox 2289 2881 2396 2934; x_wconf 87' lang='lat' dir='ltr'><strong>huc</strong></span> <span class='ocrx_word' id='word_1_432' title='bbox 2424 2881 2605 2936; x_wconf 88' lang='lat' dir='ltr'><strong>aiebat</strong></span> <span class='ocrx_word' id='word_1_433' title='bbox 2633 2899 2648 2945; x_wconf 84' lang='lat'><strong>;</strong></span> <span class='ocrx_word' id='word_1_434' title='bbox 2674 2881 2883 2935; x_wconf 86' lang='lat' dir='ltr'><strong>sciebat</strong></span> <span class='ocrx_word' id='word_1_435' title='bbox 2905 2881 3050 2934; x_wconf 88' lang='lat' dir='ltr'><strong>enim</strong></span> <span class='ocrx_word' id='word_1_436' title='bbox 3080 2896 3200 2936; x_wconf 88' lang='lat' dir='ltr'><strong>esse</strong></span> <span class='ocrx_word' id='word_1_437' title='bbox 3223 2881 3418 2935; x_wconf 84' lang='lat' dir='ltr'><strong>Filium</strong></span> <span class='ocrx_word' id='word_1_438' title='bbox 3452 2882 3567 2944; x_wconf 87' lang='lat' dir='ltr'><strong>Dei,</strong></span> 
     </span>
    </p>
   </div>
   <div class='ocr_carea' id='block_1_58' title="bbox 1997 2969 3569 3040">
    <p class='ocr_par' dir='ltr' id='par_1_58' title="bbox 1997 2969 3569 3040">
     <span class='ocr_line' id='line_1_58' title="bbox 1997 2969 3569 3040; baseline 0 -14"><span class='ocrx_word' id='word_1_439' title='bbox 1997 2990 2158 3040; x_wconf 86' lang='lat' dir='ltr'><strong>quem</strong></span> <span class='ocrx_word' id='word_1_440' title='bbox 2191 2974 2478 3027; x_wconf 85' lang='lat' dir='ltr'><strong>confessus</strong></span> <span class='ocrx_word' id='word_1_441' title='bbox 2509 2983 2648 3036; x_wconf 87' lang='lat' dir='ltr'><strong>erat,</strong></span> <span class='ocrx_word' id='word_1_442' title='bbox 2682 2972 2934 3039; x_wconf 88' lang='lat' dir='ltr'><strong>inquiens</strong></span> <span class='ocrx_word' id='word_1_443' title='bbox 2961 2989 2975 3025; x_wconf 88' lang='lat'><strong>:</strong></span> <span class='ocrx_word' id='word_1_444' title='bbox 3001 2969 3079 3024; x_wconf 85' lang='lat' dir='ltr'><strong>Tu</strong></span> <span class='ocrx_word' id='word_1_445' title='bbox 3109 2988 3162 3024; x_wconf 87' lang='lat' dir='ltr'><strong>es</strong></span> <span class='ocrx_word' id='word_1_446' title='bbox 3195 2971 3442 3026; x_wconf 81' lang='lat' dir='ltr'><strong>Christus</strong></span> <span class='ocrx_word' id='word_1_447' title='bbox 3473 2971 3569 3026; x_wconf 80' lang='lat' dir='ltr'><strong>Fi-</strong></span> 
     </span>
    </p>
   </div>
   <div class='ocr_carea' id='block_1_59' title="bbox 1999 3059 3573 3131">
    <p class='ocr_par' dir='ltr' id='par_1_59' title="bbox 1999 3059 3573 3131">
     <span class='ocr_line' id='line_1_59' title="bbox 1999 3059 3573 3131; baseline 0 -15"><span class='ocrx_word' id='word_1_448' title='bbox 1999 3063 2100 3117; x_wconf 79' lang='lat' dir='ltr'><strong>lius</strong></span> <span class='ocrx_word' id='word_1_449' title='bbox 2139 3062 2231 3114; x_wconf 86' lang='lat' dir='ltr'><strong>Dei</strong></span> <span class='ocrx_word' id='word_1_450' title='bbox 2267 3060 2434 3114; x_wconf 74' lang='lat' dir='ltr'><strong>vivi”</strong></span> <span class='ocrx_word' id='word_1_451' title='bbox 2462 3078 2477 3116; x_wconf 87' lang='lat'><strong>:</strong></span> <span class='ocrx_word' id='word_1_452' title='bbox 2515 3061 2611 3115; x_wconf 88' lang='lat' dir='ltr'><strong>sed</strong></span> <span class='ocrx_word' id='word_1_453' title='bbox 2644 3059 2824 3129; x_wconf 86' lang='lat' dir='ltr'><strong>potius</strong></span> <span class='ocrx_word' id='word_1_454' title='bbox 2857 3061 3224 3131; x_wconf 85' lang='lat' dir='ltr'><strong>significabat,</strong></span> <span class='ocrx_word' id='word_1_455' title='bbox 3260 3076 3483 3130; x_wconf 79' lang='lat' dir='ltr'><strong>regnum</strong></span> <span class='ocrx_word' id='word_1_456' title='bbox 3517 3073 3573 3116; x_wconf 86' lang='lat' dir='ltr'><strong>et</strong></span> 
     </span>
    </p>
   </div>
   <div class='ocr_carea' id='block_1_60' title="bbox 323 3146 3570 3225">
    <p class='ocr_par' dir='ltr' id='par_1_60' title="bbox 323 3146 3570 3225">
     <span class='ocr_line' id='line_1_60' title="bbox 323 3146 3570 3225; baseline 0.003 -27"><span class='ocrx_word' id='word_1_457' title='bbox 323 3147 468 3220; x_wconf 68' lang='lat' dir='ltr'><strong>facti,</strong></span> <span class='ocrx_word' id='word_1_458' title='bbox 501 3156 700 3201; x_wconf 90' lang='lat' dir='ltr'><strong>statum</strong></span> <span class='ocrx_word' id='word_1_459' title='bbox 738 3146 938 3202; x_wconf 90' lang='lat' dir='ltr'><strong>Christi</strong></span> <span class='ocrx_word' id='word_1_460' title='bbox 973 3149 1230 3212; x_wconf 79' lang='lat' dir='ltr'><strong>similem,</strong></span> <span class='ocrx_word' id='word_1_461' title='bbox 1258 3157 1311 3204; x_wconf 91' lang='lat' dir='ltr'><strong>et</strong></span> <span class='ocrx_word' id='word_1_462' title='bbox 1343 3150 1724 3206; x_wconf 87' lang='lat' dir='ltr'><strong>beatissimum</strong></span> <span class='ocrx_word' id='word_1_463' title='bbox 1759 3165 1884 3204; x_wconf 90' lang='lat' dir='ltr'><strong>cum</strong></span> <span class='ocrx_word' id='word_1_464' title='bbox 1915 3161 1959 3222; x_wconf 76' lang='grc' dir='ltr'>ο</span> <span class='ocrx_word' id='word_1_465' title='bbox 1993 3157 2333 3210; x_wconf 85' lang='lat' dir='ltr'><strong>dominatum</strong></span> <span class='ocrx_word' id='word_1_466' title='bbox 2365 3155 2485 3224; x_wconf 86' lang='lat' dir='ltr'><strong>ejus</strong></span> <span class='ocrx_word' id='word_1_467' title='bbox 2517 3154 2570 3207; x_wconf 92' lang='lat' dir='ltr'><strong>in</strong></span> <span class='ocrx_word' id='word_1_468' title='bbox 2602 3154 2758 3208; x_wconf 86' lang='lat' dir='ltr'><strong>nobis</strong></span> <span class='ocrx_word' id='word_1_469' title='bbox 2784 3170 2876 3224; x_wconf 89' lang='lat' dir='ltr'><strong>per</strong></span> <span class='ocrx_word' id='word_1_470' title='bbox 2896 3155 3124 3225; x_wconf 77' lang='lat' dir='ltr'><strong>gratiam</strong></span> <span class='ocrx_word' id='word_1_471' title='bbox 3151 3163 3397 3210; x_wconf 87' lang='lat' dir='ltr'><strong>creatum</strong></span> <span class='ocrx_word' id='word_1_472' title='bbox 3426 3148 3570 3218; x_wconf 82' lang='lat' dir='ltr'><strong>esse,</strong></span> 
     </span>
    </p>
   </div>
   <div class='ocr_carea' id='block_1_61' title="bbox 317 3240 1881 3314">
    <p class='ocr_par' dir='ltr' id='par_1_61' title="bbox 317 3240 1881 3314">
     <span class='ocr_line' id='line_1_61' title="bbox 317 3240 1881 3314; baseline 0.003 -23"><span class='ocrx_word' id='word_1_473' title='bbox 317 3240 534 3292; x_wconf 73' lang='lat' dir='ltr'><strong>(lbi-isto</strong></span> <span class='ocrx_word' id='word_1_474' title='bbox 559 3255 936 3314; x_wconf 66' lang='lat' dir='ltr'><strong>assequemur,</strong></span> <span class='ocrx_word' id='word_1_475' title='bbox 971 3257 1092 3295; x_wconf 88' lang='lat' dir='ltr'><strong>cum</strong></span> <span class='ocrx_word' id='word_1_476' title='bbox 1128 3241 1348 3298; x_wconf 82' lang='lat' dir='ltr'><strong>Christo</strong></span> <span class='ocrx_word' id='word_1_477' title='bbox 1378 3243 1637 3298; x_wconf 88' lang='lat' dir='ltr'><strong>choream</strong></span> <span class='ocrx_word' id='word_1_478' title='bbox 1670 3243 1881 3297; x_wconf 86' lang='lat' dir='ltr'><strong>ducen-</strong></span> 
     </span>
    </p>
   </div>
   <div class='ocr_carea' id='block_1_62' title="bbox 318 3329 1892 3402">
    <p class='ocr_par' dir='ltr' id='par_1_62' title="bbox 318 3329 1892 3402">
     <span class='ocr_line' id='line_1_62' title="bbox 318 3329 1892 3402; baseline 0.003 -20"><span class='ocrx_word' id='word_1_479' title='bbox 318 3338 439 3382; x_wconf 85' lang='lat' dir='ltr'><strong>tes:</strong></span> <span class='ocrx_word' id='word_1_480' title='bbox 479 3329 601 3383; x_wconf 85' lang='lat' dir='ltr'><strong>finis</strong></span> <span class='ocrx_word' id='word_1_481' title='bbox 632 3331 779 3382; x_wconf 91' lang='lat' dir='ltr'><strong>enim</strong></span> <span class='ocrx_word' id='word_1_482' title='bbox 813 3331 1100 3386; x_wconf 85' lang='lat' dir='ltr'><strong>charitatis</strong></span> <span class='ocrx_word' id='word_1_483' title='bbox 1137 3330 1440 3387; x_wconf 88' lang='lat' dir='ltr'><strong>Salvatoris</strong></span> <span class='ocrx_word' id='word_1_484' title='bbox 1469 3347 1597 3402; x_wconf 85' lang='lat' dir='ltr'><strong>erga</strong></span> <span class='ocrx_word' id='word_1_485' title='bbox 1632 3347 1731 3387; x_wconf 87' lang='lat' dir='ltr'><strong>nos</strong></span> <span class='ocrx_word' id='word_1_486' title='bbox 1776 3347 1892 3386; x_wconf 87' lang='lat' dir='ltr'><strong>ma-</strong></span> 
     </span>
    </p>
   </div>
   <div class='ocr_carea' id='block_1_63' title="bbox 316 3421 1892 3499">
    <p class='ocr_par' dir='ltr' id='par_1_63' title="bbox 316 3421 1892 3499">
     <span class='ocr_line' id='line_1_63' title="bbox 316 3421 1892 3499; baseline 0.006 -31"><span class='ocrx_word' id='word_1_487' title='bbox 316 3421 455 3489; x_wconf 84' lang='lat' dir='ltr'><strong>joris</strong></span> <span class='ocrx_word' id='word_1_488' title='bbox 485 3438 646 3490; x_wconf 82' lang='lat' dir='ltr'><strong>quam</strong></span> <span class='ocrx_word' id='word_1_489' title='bbox 692 3431 750 3477; x_wconf 91' lang='lat' dir='ltr'><strong>ut</strong></span> <span class='ocrx_word' id='word_1_490' title='bbox 777 3424 1000 3492; x_wconf 83' lang='lat' dir='ltr'><strong>cogitari</strong></span> <span class='ocrx_word' id='word_1_491' title='bbox 1037 3425 1233 3499; x_wconf 65' lang='lat' dir='ltr'><strong>possit,</strong></span> <span class='ocrx_word' id='word_1_492' title='bbox 1299 3436 1488 3480; x_wconf 89' lang='lat' dir='ltr'><strong>nostra</strong></span> <span class='ocrx_word' id='word_1_493' title='bbox 1520 3424 1782 3494; x_wconf 76' lang='lat' dir='ltr'><strong>perfectio</strong></span> <span class='ocrx_word' id='word_1_494' title='bbox 1810 3435 1892 3478; x_wconf 87' lang='lat' dir='ltr'><strong>est</strong></span> 
     </span>
    </p>
   </div>
   <div class='ocr_carea' id='block_1_64' title="bbox 322 3513 1894 3585">
    <p class='ocr_par' dir='ltr' id='par_1_64' title="bbox 322 3513 1894 3585">
     <span class='ocr_line' id='line_1_64' title="bbox 322 3513 1894 3585; baseline 0.004 -21"><span class='ocrx_word' id='word_1_495' title='bbox 322 3523 377 3565; x_wconf 83' lang='lat' dir='ltr'><strong>et</strong></span> <span class='ocrx_word' id='word_1_496' title='bbox 411 3513 754 3574; x_wconf 87' lang='lat' dir='ltr'><strong>instauratio,</strong></span> <span class='ocrx_word' id='word_1_497' title='bbox 783 3523 836 3568; x_wconf 85' lang='lat' dir='ltr'><strong>et</strong></span> <span class='ocrx_word' id='word_1_498' title='bbox 858 3518 922 3569; x_wconf 87' lang='lat' dir='ltr'><strong>ad</strong></span> <span class='ocrx_word' id='word_1_499' title='bbox 955 3516 1188 3585; x_wconf 84' lang='lat' dir='ltr'><strong>primum</strong></span> <span class='ocrx_word' id='word_1_500' title='bbox 1214 3516 1384 3570; x_wconf 80' lang='lat' dir='ltr'><strong>Adam</strong></span> <span class='ocrx_word' id='word_1_501' title='bbox 1409 3516 1894 3571; x_wconf 83' lang='lat' dir='ltr'><strong>reditusaChristo</strong></span> 
     </span>
    </p>
   </div>
   <div class='ocr_carea' id='block_1_65' title="bbox 325 3605 1893 3676">
    <p class='ocr_par' dir='ltr' id='par_1_65' title="bbox 325 3605 1893 3676">
     <span class='ocr_line' id='line_1_65' title="bbox 325 3605 1893 3676; baseline 0.003 -18"><span class='ocrx_word' id='word_1_502' title='bbox 325 3620 424 3675; x_wconf 86' lang='lat' dir='ltr'><strong>per</strong></span> <span class='ocrx_word' id='word_1_503' title='bbox 478 3605 870 3660; x_wconf 89' lang='lat' dir='ltr'><strong>humanitatem</strong></span> <span class='ocrx_word' id='word_1_504' title='bbox 925 3623 1075 3660; x_wconf 86' lang='lat' dir='ltr'><strong>suam</strong></span> <span class='ocrx_word' id='word_1_505' title='bbox 1133 3607 1542 3676; x_wconf 83' lang='lat' dir='ltr'><strong>sapientissime</strong></span> <span class='ocrx_word' id='word_1_506' title='bbox 1582 3607 1893 3663; x_wconf 84' lang='lat' dir='ltr'><strong>confectus.</strong></span> 
     </span>
    </p>
   </div>
   <div class='ocr_carea' id='block_1_66' title="bbox 908 3713 1314 3772">
    <p class='ocr_par' dir='ltr' id='par_1_66' title="bbox 908 3713 1314 3772">
     <span class='ocr_line' id='line_1_66' title="bbox 908 3713 1314 3772; baseline -0.005 0"><span class='ocrx_word' id='word_1_507' title='bbox 908 3713 1135 3772; x_wconf 80' lang='lat' dir='ltr'><strong>CAPUT</strong></span> <span class='ocrx_word' id='word_1_508' title='bbox 1181 3715 1314 3770; x_wconf 81' lang='lat' dir='ltr'><strong>VIII.</strong></span> 
     </span>
    </p>
   </div>
   <div class='ocr_carea' id='block_1_67' title="bbox 329 3827 1898 3900">
    <p class='ocr_par' dir='ltr' id='par_1_67' title="bbox 329 3827 1898 3900">
     <span class='ocr_line' id='line_1_67' title="bbox 329 3827 1898 3900; baseline -0.004 -14"><span class='ocrx_word' id='word_1_509' title='bbox 329 3834 483 3900; x_wconf 81' lang='lat' dir='ltr'><strong>Quod</strong></span> <span class='ocrx_word' id='word_1_510' title='bbox 513 3835 581 3887; x_wconf 85' lang='lat' dir='ltr'><strong>sit</strong></span> <span class='ocrx_word' id='word_1_511' title='bbox 606 3830 892 3886; x_wconf 81' lang='lat' dir='ltr'><strong>secundum</strong></span> <span class='ocrx_word' id='word_1_512' title='bbox 924 3830 1203 3882; x_wconf 72' lang='lat' dir='ltr'><strong>essentiam</strong></span> <span class='ocrx_word' id='word_1_513' title='bbox 1241 3831 1481 3900; x_wconf 68' lang='lat' dir='ltr'><strong>futurum</strong></span> <span class='ocrx_word' id='word_1_514' title='bbox 1513 3827 1687 3900; x_wconf 71' lang='lat' dir='ltr'><strong>iumen</strong></span> <span class='ocrx_word' id='word_1_515' title='bbox 1719 3843 1898 3881; x_wconf 84' lang='lat' dir='ltr'><strong>resur-</strong></span> 
     </span>
    </p>
   </div>
   <div class='ocr_carea' id='block_1_68' title="bbox 398 3898 1901 3967">
    <p class='ocr_par' dir='ltr' id='par_1_68' title="bbox 398 3898 1901 3967">
     <span class='ocr_line' id='line_1_68' title="bbox 398 3898 1901 3967; baseline -0.006 -9"><span class='ocrx_word' id='word_1_516' title='bbox 398 3906 670 3965; x_wconf 82' lang='lat' dir='ltr'><strong>rectionis,</strong></span> <span class='ocrx_word' id='word_1_517' title='bbox 710 3913 758 3956; x_wconf 83' lang='lat' dir='ltr'><strong>et</strong></span> <span class='ocrx_word' id='word_1_518' title='bbox 796 3901 931 3967; x_wconf 81' lang='lat' dir='ltr'><strong>quod</strong></span> <span class='ocrx_word' id='word_1_519' title='bbox 965 3902 1030 3954; x_wconf 86' lang='lat' dir='ltr'><strong>sit</strong></span> <span class='ocrx_word' id='word_1_520' title='bbox 1068 3915 1284 3966; x_wconf 82' lang='lat' dir='ltr'><strong>regnum</strong></span> <span class='ocrx_word' id='word_1_521' title='bbox 1319 3899 1415 3952; x_wconf 83' lang='lat' dir='ltr'><strong>Dei</strong></span> <span class='ocrx_word' id='word_1_522' title='bbox 1448 3898 1597 3951; x_wconf 81' lang='lat' dir='ltr'><strong>nobis</strong></span> <span class='ocrx_word' id='word_1_523' title='bbox 1631 3914 1901 3967; x_wconf 66' lang='lat' dir='ltr'><strong>prepara-</strong></span> 
     </span>
    </p>
   </div>
   <div class='ocr_carea' id='block_1_69' title="bbox 400 3968 1899 4044">
    <p class='ocr_par' dir='ltr' id='par_1_69' title="bbox 400 3968 1899 4044">
     <span class='ocr_line' id='line_1_69' title="bbox 400 3968 1899 4044; baseline -0.004 -16"><span class='ocrx_word' id='word_1_524' title='bbox 400 3987 533 4037; x_wconf 85' lang='lat' dir='ltr'><strong>tnm,</strong></span> <span class='ocrx_word' id='word_1_525' title='bbox 563 3984 611 4027; x_wconf 82' lang='lat' dir='ltr'><strong>et</strong></span> <span class='ocrx_word' id='word_1_526' title='bbox 645 3988 762 4044; x_wconf 76' lang='lat' dir='ltr'><strong>qua:</strong></span> <span class='ocrx_word' id='word_1_527' title='bbox 793 3971 980 4023; x_wconf 86' lang='lat' dir='ltr'><strong>civitas</strong></span> <span class='ocrx_word' id='word_1_528' title='bbox 1018 3969 1268 4033; x_wconf 67' lang='lat' dir='ltr'><strong>caelestis,</strong></span> <span class='ocrx_word' id='word_1_529' title='bbox 1302 3985 1419 4039; x_wconf 78' lang='lat' dir='ltr'><strong>qua:</strong></span> <span class='ocrx_word' id='word_1_530' title='bbox 1455 3969 1522 4022; x_wconf 90' lang='lat' dir='ltr'><strong>ad</strong></span> <span class='ocrx_word' id='word_1_531' title='bbox 1557 3984 1770 4039; x_wconf 78' lang='lat' dir='ltr'><strong>regnum</strong></span> <span class='ocrx_word' id='word_1_532' title='bbox 1803 3968 1899 4022; x_wconf 87' lang='lat' dir='ltr'><strong>Dei</strong></span> 
     </span>
    </p>
   </div>
   <div class='ocr_carea' id='block_1_70' title="bbox 398 4047 643 4110">
    <p class='ocr_par' dir='ltr' id='par_1_70' title="bbox 398 4047 643 4110">
     <span class='ocr_line' id='line_1_70' title="bbox 398 4047 643 4110; baseline 0 -13"><span class='ocrx_word' id='word_1_533' title='bbox 398 4047 643 4110; x_wconf 78' lang='lat' dir='ltr'><strong>pertinet.</strong></span> 
     </span>
    </p>
   </div>
   <div class='ocr_carea' id='block_1_71' title="bbox 404 4150 1900 4225">
    <p class='ocr_par' dir='ltr' id='par_1_71' title="bbox 404 4150 1900 4225">
     <span class='ocr_line' id='line_1_71' title="bbox 404 4150 1900 4225; baseline -0.004 -15"><span class='ocrx_word' id='word_1_534' title='bbox 404 4157 630 4225; x_wconf 83' lang='lat' dir='ltr'><strong>Magnus</strong></span> <span class='ocrx_word' id='word_1_535' title='bbox 675 4153 910 4208; x_wconf 86' lang='lat' dir='ltr'><strong>Basilius</strong></span> <span class='ocrx_word' id='word_1_536' title='bbox 965 4152 1018 4206; x_wconf 90' lang='lat' dir='ltr'><strong>in</strong></span> <span class='ocrx_word' id='word_1_537' title='bbox 1054 4151 1276 4206; x_wconf 88' lang='lat' dir='ltr'><strong>homilia</strong></span> <span class='ocrx_word' id='word_1_538' title='bbox 1329 4161 1484 4206; x_wconf 83' lang='lat' dir='ltr'><strong>sexta</strong></span> <span class='ocrx_word' id='word_1_539' title='bbox 1532 4150 1851 4205; x_wconf 68' lang='lat' dir='ltr'><strong>Hexaemeri</strong></span> <span class='ocrx_word' id='word_1_540' title='bbox 1881 4165 1900 4204; x_wconf 91' lang='lat'><strong><em>:</em></strong></span> 
     </span>
    </p>
   </div>
   <div class='ocr_carea' id='block_1_72' title="bbox 333 4244 1902 4316">
    <p class='ocr_par' dir='ltr' id='par_1_72' title="bbox 333 4244 1902 4316">
     <span class='ocr_line' id='line_1_72' title="bbox 333 4244 1902 4316; baseline -0.003 -15"><span class='ocrx_word' id='word_1_541' title='bbox 333 4248 438 4302; x_wconf 71' lang='lat' dir='ltr'><strong>Nec</strong></span> <span class='ocrx_word' id='word_1_542' title='bbox 491 4263 616 4316; x_wconf 80' lang='lat' dir='ltr'><strong>ego,</strong></span> <span class='ocrx_word' id='word_1_543' title='bbox 657 4244 859 4314; x_wconf 90' lang='lat' dir='ltr'><strong>inquit,</strong></span> <span class='ocrx_word' id='word_1_544' title='bbox 907 4245 1032 4298; x_wconf 88' lang='lat' dir='ltr'><strong>dico</strong></span> <span class='ocrx_word' id='word_1_545' title='bbox 1079 4258 1239 4313; x_wconf 84' lang='lat' dir='ltr'><strong>posse</strong></span> <span class='ocrx_word' id='word_1_546' title='bbox 1273 4254 1324 4297; x_wconf 89' lang='lat' dir='ltr'><strong>te</strong></span> <span class='ocrx_word' id='word_1_547' title='bbox 1374 4253 1467 4297; x_wconf 88' lang='lat' dir='ltr'><strong>aut</strong></span> <span class='ocrx_word' id='word_1_548' title='bbox 1514 4259 1600 4298; x_wconf 90' lang='lat' dir='ltr'><strong>me</strong></span> <span class='ocrx_word' id='word_1_549' title='bbox 1633 4245 1815 4297; x_wconf 90' lang='lat' dir='ltr'><strong>lumen</strong></span> <span class='ocrx_word' id='word_1_550' title='bbox 1872 4259 1902 4296; x_wconf 90' lang='lat' dir='ltr'><strong>a</strong></span> 
     </span>
    </p>
   </div>
   <div class='ocr_carea' id='block_1_73' title="bbox 330 4335 1904 4410">
    <p class='ocr_par' dir='ltr' id='par_1_73' title="bbox 330 4335 1904 4410">
     <span class='ocr_line' id='line_1_73' title="bbox 330 4335 1904 4410; baseline -0.001 -16"><span class='ocrx_word' id='word_1_551' title='bbox 330 4355 559 4410; x_wconf 85' lang='lat' dir='ltr'><strong>corpore</strong></span> <span class='ocrx_word' id='word_1_552' title='bbox 587 4338 720 4393; x_wconf 87' lang='lat' dir='ltr'><strong>solis</strong></span> <span class='ocrx_word' id='word_1_553' title='bbox 752 4351 1065 4402; x_wconf 89' lang='lat' dir='ltr'><strong>secernere,</strong></span> <span class='ocrx_word' id='word_1_554' title='bbox 1116 4335 1212 4391; x_wconf 89' lang='lat' dir='ltr'><strong>sed</strong></span> <span class='ocrx_word' id='word_1_555' title='bbox 1250 4339 1397 4405; x_wconf 90' lang='lat' dir='ltr'><strong>quod</strong></span> <span class='ocrx_word' id='word_1_556' title='bbox 1421 4351 1485 4390; x_wconf 90' lang='lat' dir='ltr'><strong>ea</strong></span> <span class='ocrx_word' id='word_1_557' title='bbox 1513 4351 1638 4406; x_wconf 83' lang='lat' dir='ltr'><strong>quae</strong></span> <span class='ocrx_word' id='word_1_558' title='bbox 1681 4351 1710 4390; x_wconf 89' lang='lat' dir='ltr'><strong>a</strong></span> <span class='ocrx_word' id='word_1_559' title='bbox 1747 4337 1904 4392; x_wconf 83' lang='lat' dir='ltr'><strong>nobis</strong></span> 
     </span>
    </p>
   </div>
   <div class='ocr_carea' id='block_1_74' title="bbox 332 4428 1905 4500">
    <p class='ocr_par' dir='ltr' id='par_1_74' title="bbox 332 4428 1905 4500">
     <span class='ocr_line' id='line_1_74' title="bbox 332 4428 1905 4500; baseline -0.001 -16"><span class='ocrx_word' id='word_1_560' title='bbox 332 4433 664 4497; x_wconf 69' lang='lat' dir='ltr'><strong>cogitatione</strong></span> <span class='ocrx_word' id='word_1_561' title='bbox 693 4431 936 4500; x_wconf 86' lang='lat' dir='ltr'><strong>separari</strong></span> <span class='ocrx_word' id='word_1_562' title='bbox 967 4439 1220 4498; x_wconf 90' lang='lat' dir='ltr'><strong>possunt,</strong></span> <span class='ocrx_word' id='word_1_563' title='bbox 1270 4436 1500 4498; x_wconf 88' lang='lat' dir='ltr'><strong>possunt</strong></span> <span class='ocrx_word' id='word_1_564' title='bbox 1547 4438 1674 4483; x_wconf 86' lang='lat' dir='ltr'><strong>actu</strong></span> <span class='ocrx_word' id='word_1_565' title='bbox 1701 4428 1772 4482; x_wconf 91' lang='lat' dir='ltr'><strong>ab</strong></span> <span class='ocrx_word' id='word_1_566' title='bbox 1807 4443 1905 4482; x_wconf 81' lang='lat' dir='ltr'><strong>au-</strong></span> 
     </span>
    </p>
   </div>
   <div class='ocr_carea' id='block_1_75' title="bbox 1995 3243 3570 3316">
    <p class='ocr_par' dir='ltr' id='par_1_75' title="bbox 1995 3243 3570 3316">
     <span class='ocr_line' id='line_1_75' title="bbox 1995 3243 3570 3316; baseline -0.001 -15"><span class='ocrx_word' id='word_1_567' title='bbox 1995 3256 2049 3301; x_wconf 86' lang='lat' dir='ltr'><strong>ct</strong></span> <span class='ocrx_word' id='word_1_568' title='bbox 2079 3248 2367 3301; x_wconf 73' lang='lat' dir='ltr'><strong>exsistere.</strong></span> <span class='ocrx_word' id='word_1_569' title='bbox 2412 3245 2474 3298; x_wconf 85' lang='lat' dir='ltr'><strong>Et</strong></span> <span class='ocrx_word' id='word_1_570' title='bbox 2495 3245 2712 3300; x_wconf 88' lang='lat' dir='ltr'><strong>divinus</strong></span> <span class='ocrx_word' id='word_1_571' title='bbox 2739 3243 3163 3316; x_wconf 73' lang='lat' dir='ltr'><strong>Chrys-ostentus</strong></span> <span class='ocrx_word' id='word_1_572' title='bbox 3215 3245 3269 3299; x_wconf 94' lang='lat' dir='ltr'><strong>in</strong></span> <span class='ocrx_word' id='word_1_573' title='bbox 3317 3246 3570 3300; x_wconf 89' lang='lat' dir='ltr'><strong>oratione</strong></span> 
     </span>
    </p>
   </div>
   <div class='ocr_carea' id='block_1_76' title="bbox 1994 3339 3570 3409">
    <p class='ocr_par' dir='ltr' id='par_1_76' title="bbox 1994 3339 3570 3409">
     <span class='ocr_line' id='line_1_76' title="bbox 1994 3339 3570 3409; baseline -0.002 -15"><span class='ocrx_word' id='word_1_574' title='bbox 1994 3356 2156 3407; x_wconf 90' lang='lat' dir='ltr'><strong>quam</strong></span> <span class='ocrx_word' id='word_1_575' title='bbox 2186 3340 2462 3408; x_wconf 82' lang='lat' dir='ltr'><strong>inscripsit</strong></span> <span class='ocrx_word' id='word_1_576' title='bbox 2503 3349 2692 3394; x_wconf 89' lang='lat' dir='ltr'><strong>contra</strong></span> <span class='ocrx_word' id='word_1_577' title='bbox 2725 3339 3034 3402; x_wconf 73' lang='lat' dir='ltr'><strong>haereticos,</strong></span> <span class='ocrx_word' id='word_1_578' title='bbox 3065 3348 3122 3392; x_wconf 87' lang='lat' dir='ltr'><strong>et</strong></span> <span class='ocrx_word' id='word_1_579' title='bbox 3155 3340 3206 3392; x_wconf 93' lang='lat' dir='ltr'><strong>in</strong></span> <span class='ocrx_word' id='word_1_580' title='bbox 3255 3340 3570 3409; x_wconf 86' lang='lat' dir='ltr'><strong>petitionem</strong></span> 
     </span>
    </p>
   </div>
   <div class='ocr_carea' id='block_1_77' title="bbox 1998 3426 3574 3495">
    <p class='ocr_par' dir='ltr' id='par_1_77' title="bbox 1998 3426 3574 3495">
     <span class='ocr_line' id='line_1_77' title="bbox 1998 3426 3574 3495; baseline -0.002 -14"><span class='ocrx_word' id='word_1_581' title='bbox 1998 3429 2230 3482; x_wconf 85' lang='lat' dir='ltr'><strong>filiorum</strong></span> <span class='ocrx_word' id='word_1_582' title='bbox 2263 3426 2531 3490; x_wconf 68' lang='lat' dir='ltr'><strong>Zebedmi,</strong></span> <span class='ocrx_word' id='word_1_583' title='bbox 2560 3441 2681 3494; x_wconf 62' lang='lat' dir='ltr'><strong>qua)</strong></span> <span class='ocrx_word' id='word_1_584' title='bbox 2718 3427 2908 3495; x_wconf 89' lang='lat' dir='ltr'><strong>incipit</strong></span> <span class='ocrx_word' id='word_1_585' title='bbox 2935 3449 2945 3474; x_wconf 93' lang='lat'><strong>-.</strong></span> <span class='ocrx_word' id='word_1_586' title='bbox 2969 3427 3098 3480; x_wconf 80' lang='lat' dir='ltr'><strong>Heri</strong></span> <span class='ocrx_word' id='word_1_587' title='bbox 3131 3441 3194 3480; x_wconf 78' lang='lat' dir='ltr'><strong>ea:</strong></span> <span class='ocrx_word' id='word_1_588' title='bbox 3220 3426 3354 3479; x_wconf 87' lang='lat' dir='ltr'><strong>bello</strong></span> <span class='ocrx_word' id='word_1_589' title='bbox 3379 3427 3574 3480; x_wconf 80' lang='lat' dir='ltr'><strong>reversi</strong></span> 
     </span>
    </p>
   </div>
   <div class='ocr_carea' id='block_1_78' title="bbox 1999 3515 3573 3587">
    <p class='ocr_par' dir='ltr' id='par_1_78' title="bbox 1999 3515 3573 3587">
     <span class='ocr_line' id='line_1_78' title="bbox 1999 3515 3573 3587; baseline -0.002 -12"><span class='ocrx_word' id='word_1_590' title='bbox 1999 3515 2202 3582; x_wconf 70' lang='lat' dir='ltr'><strong>sun&#39;ms,</strong></span> <span class='ocrx_word' id='word_1_591' title='bbox 2244 3521 2568 3578; x_wconf 73' lang='lat' dir='ltr'><strong>Considera,</strong></span> <span class='ocrx_word' id='word_1_592' title='bbox 2609 3519 2810 3586; x_wconf 89' lang='lat' dir='ltr'><strong>inquit,</strong></span> <span class='ocrx_word' id='word_1_593' title='bbox 2839 3519 3005 3573; x_wconf 82' lang='lat' dir='ltr'><strong>etiam</strong></span> <span class='ocrx_word' id='word_1_594' title='bbox 3037 3519 3124 3572; x_wconf 90' lang='lat' dir='ltr'><strong>hic</strong></span> <span class='ocrx_word' id='word_1_595' title='bbox 3155 3519 3380 3572; x_wconf 88' lang='lat' dir='ltr'><strong>multam</strong></span> <span class='ocrx_word' id='word_1_596' title='bbox 3411 3534 3573 3587; x_wconf 82' lang='lat' dir='ltr'><strong>gene-</strong></span> 
     </span>
    </p>
   </div>
   <div class='ocr_carea' id='block_1_79' title="bbox 2001 3609 3573 3678">
    <p class='ocr_par' dir='ltr' id='par_1_79' title="bbox 2001 3609 3573 3678">
     <span class='ocr_line' id='line_1_79' title="bbox 2001 3609 3573 3678; baseline -0.001 -12"><span class='ocrx_word' id='word_1_597' title='bbox 2001 3615 2078 3668; x_wconf 86' lang='lat' dir='ltr'><strong>ris</strong></span> <span class='ocrx_word' id='word_1_598' title='bbox 2130 3612 2301 3666; x_wconf 83' lang='lat' dir='ltr'><strong>nostri</strong></span> <span class='ocrx_word' id='word_1_599' title='bbox 2353 3610 2818 3675; x_wconf 80' lang='lat' dir='ltr'><strong>procurationem,</strong></span> <span class='ocrx_word' id='word_1_600' title='bbox 2862 3624 2988 3662; x_wconf 91' lang='lat' dir='ltr'><strong>cum</strong></span> <span class='ocrx_word' id='word_1_601' title='bbox 3027 3609 3274 3677; x_wconf 86' lang='lat' dir='ltr'><strong>loquitur</strong></span> <span class='ocrx_word' id='word_1_602' title='bbox 3330 3609 3396 3661; x_wconf 80' lang='lat' dir='ltr'><strong>iis</strong></span> <span class='ocrx_word' id='word_1_603' title='bbox 3433 3626 3573 3678; x_wconf 84' lang='lat' dir='ltr'><strong>quos</strong></span> 
     </span>
    </p>
   </div>
   <div class='ocr_carea' id='block_1_80' title="bbox 2003 3697 3572 3766">
    <p class='ocr_par' dir='ltr' id='par_1_80' title="bbox 2003 3697 3572 3766">
     <span class='ocr_line' id='line_1_80' title="bbox 2003 3697 3572 3766; baseline -0.004 -8"><span class='ocrx_word' id='word_1_604' title='bbox 2003 3720 2202 3758; x_wconf 85' lang='lat' dir='ltr'><strong>corona</strong></span> <span class='ocrx_word' id='word_1_605' title='bbox 2237 3703 2402 3754; x_wconf 82' lang='lat' dir='ltr'><strong>donat</strong></span> <span class='ocrx_word' id='word_1_606' title='bbox 2427 3715 2440 3752; x_wconf 90' lang='lat'><strong>:</strong></span> <span class='ocrx_word' id='word_1_607' title='bbox 2469 3701 2672 3764; x_wconf 81' lang='lat' dir='ltr'><strong>Venite,</strong></span> <span class='ocrx_word' id='word_1_608' title='bbox 2702 3700 2902 3764; x_wconf 91' lang='lat' dir='ltr'><strong>inquit,</strong></span> <span class='ocrx_word' id='word_1_609' title='bbox 2932 3699 3188 3752; x_wconf 81' lang='lat' dir='ltr'><strong>benedicti</strong></span> <span class='ocrx_word' id='word_1_610' title='bbox 3223 3697 3424 3762; x_wconf 83' lang='lat' dir='ltr'><strong>Patris,</strong></span> <span class='ocrx_word' id='word_1_611' title='bbox 3449 3716 3572 3766; x_wconf 82' lang='lat' dir='ltr'><strong>pos-</strong></span> 
     </span>
    </p>
   </div>
   <div class='ocr_carea' id='block_1_81' title="bbox 2003 3791 3576 3863">
    <p class='ocr_par' dir='ltr' id='par_1_81' title="bbox 2003 3791 3576 3863">
     <span class='ocr_line' id='line_1_81' title="bbox 2003 3791 3576 3863; baseline -0.004 -14"><span class='ocrx_word' id='word_1_612' title='bbox 2003 3797 2170 3850; x_wconf 85' lang='lat' dir='ltr'><strong>sidete</strong></span> <span class='ocrx_word' id='word_1_613' title='bbox 2221 3803 2465 3863; x_wconf 81' lang='lat' dir='ltr'><strong>paratum</strong></span> <span class='ocrx_word' id='word_1_614' title='bbox 2516 3793 2658 3846; x_wconf 70' lang='lat' dir='ltr'><strong>vobis</strong></span> <span class='ocrx_word' id='word_1_615' title='bbox 2715 3806 2934 3860; x_wconf 80' lang='lat' dir='ltr'><strong>regnum</strong></span> <span class='ocrx_word' id='word_1_616' title='bbox 2981 3799 3104 3843; x_wconf 83' lang='lat' dir='ltr'><strong>ante</strong></span> <span class='ocrx_word' id='word_1_617' title='bbox 3148 3791 3576 3844; x_wconf 80' lang='lat' dir='ltr'><strong>constitutionem</strong></span> 
     </span>
    </p>
   </div>
   <div class='ocr_carea' id='block_1_82' title="bbox 2005 3881 3574 3951">
    <p class='ocr_par' dir='ltr' id='par_1_82' title="bbox 2005 3881 3574 3951">
     <span class='ocr_line' id='line_1_82' title="bbox 2005 3881 3574 3951; baseline -0.003 -10"><span class='ocrx_word' id='word_1_618' title='bbox 2005 3888 2228 3947; x_wconf 79' lang='lat' dir='ltr'><strong>mundi;</strong></span> <span class='ocrx_word' id='word_1_619' title='bbox 2261 3887 2330 3941; x_wconf 86' lang='lat' dir='ltr'><strong>iis</strong></span> <span class='ocrx_word' id='word_1_620' title='bbox 2359 3896 2491 3938; x_wconf 85' lang='lat' dir='ltr'><strong>vero</strong></span> <span class='ocrx_word' id='word_1_621' title='bbox 2525 3882 2618 3951; x_wconf 85' lang='lat' dir='ltr'><strong>qui</strong></span> <span class='ocrx_word' id='word_1_622' title='bbox 2658 3893 3006 3950; x_wconf 87' lang='lat' dir='ltr'><strong>torquentur,</strong></span> <span class='ocrx_word' id='word_1_623' title='bbox 3039 3897 3148 3935; x_wconf 90' lang='lat' dir='ltr'><strong>non</strong></span> <span class='ocrx_word' id='word_1_624' title='bbox 3184 3881 3318 3935; x_wconf 82' lang='lat' dir='ltr'><strong>dixit</strong></span> <span class='ocrx_word' id='word_1_625' title='bbox 3348 3899 3361 3935; x_wconf 91' lang='lat'>:</span> <span class='ocrx_word' id='word_1_626' title='bbox 3402 3881 3574 3936; x_wconf 69' lang='lat' dir='ltr'><strong>[lece-</strong></span> 
     </span>
    </p>
   </div>
   <div class='ocr_carea' id='block_1_83' title="bbox 2005 3971 3576 4043">
    <p class='ocr_par' dir='ltr' id='par_1_83' title="bbox 2005 3971 3576 4043">
     <span class='ocr_line' id='line_1_83' title="bbox 2005 3971 3576 4043; baseline -0.004 -11"><span class='ocrx_word' id='word_1_627' title='bbox 2005 3981 2116 4034; x_wconf 90' lang='lat' dir='ltr'><strong>ditc</strong></span> <span class='ocrx_word' id='word_1_628' title='bbox 2145 3993 2175 4032; x_wconf 91' lang='lat' dir='ltr'><strong>a</strong></span> <span class='ocrx_word' id='word_1_629' title='bbox 2209 3992 2314 4040; x_wconf 89' lang='lat' dir='ltr'><strong>me,</strong></span> <span class='ocrx_word' id='word_1_630' title='bbox 2347 3973 2644 4037; x_wconf 86' lang='lat' dir='ltr'><strong>maledicti,</strong></span> <span class='ocrx_word' id='word_1_631' title='bbox 2673 3974 2728 4027; x_wconf 92' lang='lat' dir='ltr'><strong>in</strong></span> <span class='ocrx_word' id='word_1_632' title='bbox 2759 3973 2934 4043; x_wconf 90' lang='lat' dir='ltr'><strong>ignem</strong></span> <span class='ocrx_word' id='word_1_633' title='bbox 2969 3981 3218 4042; x_wconf 84' lang='lat' dir='ltr'><strong>paratum</strong></span> <span class='ocrx_word' id='word_1_634' title='bbox 3266 3971 3446 4036; x_wconf 90' lang='lat' dir='ltr'><strong>vobis,</strong></span> <span class='ocrx_word' id='word_1_635' title='bbox 3480 3975 3576 4026; x_wconf 84' lang='lat' dir='ltr'><strong>sed</strong></span> 
     </span>
    </p>
   </div>
   <div class='ocr_carea' id='block_1_84' title="bbox 2007 4063 3574 4139">
    <p class='ocr_par' dir='ltr' id='par_1_84' title="bbox 2007 4063 3574 4139">
     <span class='ocr_line' id='line_1_84' title="bbox 2007 4063 3574 4139; baseline -0.005 -15"><span class='ocrx_word' id='word_1_636' title='bbox 2007 4079 2255 4139; x_wconf 84' lang='lat' dir='ltr'><strong>paratum</strong></span> <span class='ocrx_word' id='word_1_637' title='bbox 2291 4067 2508 4121; x_wconf 79' lang='lat' dir='ltr'><strong>diabolo</strong></span> <span class='ocrx_word' id='word_1_638' title='bbox 2554 4075 2602 4120; x_wconf 83' lang='lat' dir='ltr'><strong>et</strong></span> <span class='ocrx_word' id='word_1_639' title='bbox 2651 4067 2851 4134; x_wconf 81' lang='lat' dir='ltr'><strong>angelis</strong></span> <span class='ocrx_word' id='word_1_640' title='bbox 2891 4065 3008 4134; x_wconf 82' lang='lat' dir='ltr'><strong>ejus</strong></span> <span class='ocrx_word' id='word_1_641' title='bbox 3033 4064 3104 4131; x_wconf 70' lang='grc' dir='ltr'><strong>ἰ,</strong></span> <span class='ocrx_word' id='word_1_642' title='bbox 3155 4079 3382 4133; x_wconf 79' lang='lat' dir='ltr'><strong>regnum</strong></span> <span class='ocrx_word' id='word_1_643' title='bbox 3429 4063 3574 4117; x_wconf 89' lang='lat' dir='ltr'><strong>enim</strong></span> 
     </span>
    </p>
   </div>
   <div class='ocr_carea' id='block_1_85' title="bbox 2011 4155 3577 4226">
    <p class='ocr_par' dir='ltr' id='par_1_85' title="bbox 2011 4155 3577 4226">
     <span class='ocr_line' id='line_1_85' title="bbox 2011 4155 3577 4226; baseline -0.004 -12"><span class='ocrx_word' id='word_1_644' title='bbox 2011 4160 2324 4214; x_wconf 88' lang='lat' dir='ltr'><strong>hominibus</strong></span> <span class='ocrx_word' id='word_1_645' title='bbox 2354 4158 2698 4226; x_wconf 70' lang='lat' dir='ltr'><strong>praeparavit,</strong></span> <span class='ocrx_word' id='word_1_646' title='bbox 2732 4155 3036 4226; x_wconf 77' lang='lat' dir='ltr'><strong>gehennam</strong></span> <span class='ocrx_word' id='word_1_647' title='bbox 3079 4170 3211 4209; x_wconf 83' lang='lat' dir='ltr'><strong>vero</strong></span> <span class='ocrx_word' id='word_1_648' title='bbox 3257 4171 3362 4210; x_wconf 91' lang='lat' dir='ltr'><strong>non</strong></span> <span class='ocrx_word' id='word_1_649' title='bbox 3399 4156 3577 4210; x_wconf 89' lang='lat' dir='ltr'><strong>homi-</strong></span> 
     </span>
    </p>
   </div>
   <div class='ocr_carea' id='block_1_86' title="bbox 2012 4246 3578 4318">
    <p class='ocr_par' dir='ltr' id='par_1_86' title="bbox 2012 4246 3578 4318">
     <span class='ocr_line' id='line_1_86' title="bbox 2012 4246 3578 4318; baseline -0.002 -14"><span class='ocrx_word' id='word_1_650' title='bbox 2012 4253 2196 4316; x_wconf 86' lang='lat' dir='ltr'><strong>nibus,</strong></span> <span class='ocrx_word' id='word_1_651' title='bbox 2235 4249 2434 4318; x_wconf 87' lang='lat' dir='ltr'><strong>inqttit,</strong></span> <span class='ocrx_word' id='word_1_652' title='bbox 2485 4250 2578 4301; x_wconf 88' lang='lat' dir='ltr'><strong>sed</strong></span> <span class='ocrx_word' id='word_1_653' title='bbox 2605 4246 2819 4300; x_wconf 84' lang='lat' dir='ltr'><strong>diabolo</strong></span> <span class='ocrx_word' id='word_1_654' title='bbox 2850 4255 2900 4300; x_wconf 79' lang='lat' dir='ltr'><strong>et</strong></span> <span class='ocrx_word' id='word_1_655' title='bbox 2931 4246 3131 4314; x_wconf 77' lang='lat' dir='ltr'><strong>angelis</strong></span> <span class='ocrx_word' id='word_1_656' title='bbox 3167 4247 3305 4315; x_wconf 78' lang='lat' dir='ltr'><strong>ejus.</strong></span> <span class='ocrx_word' id='word_1_657' title='bbox 3340 4247 3494 4310; x_wconf 83' lang='lat' dir='ltr'><strong>Quod</strong></span> <span class='ocrx_word' id='word_1_658' title='bbox 3530 4248 3578 4301; x_wconf 86' lang='lat' dir='ltr'><strong>si</strong></span> 
     </span>
    </p>
   </div>
   <div class='ocr_carea' id='block_1_87' title="bbox 2010 4336 3633 4406">
    <p class='ocr_par' dir='ltr' id='par_1_87' title="bbox 2010 4336 3633 4406">
     <span class='ocr_line' id='line_1_87' title="bbox 2010 4336 3633 4406; baseline -0.002 -14"><span class='ocrx_word' id='word_1_659' title='bbox 2010 4357 2107 4394; x_wconf 76' lang='lat' dir='ltr'><strong>vos</strong></span> <span class='ocrx_word' id='word_1_660' title='bbox 2135 4341 2216 4394; x_wconf 82' lang='lat' dir='ltr'><strong>sic</strong></span> <span class='ocrx_word' id='word_1_661' title='bbox 2252 4340 2414 4392; x_wconf 83' lang='lat' dir='ltr'><strong>vitam</strong></span> <span class='ocrx_word' id='word_1_662' title='bbox 2447 4337 2693 4406; x_wconf 77' lang='lat' dir='ltr'><strong>egeritis,</strong></span> <span class='ocrx_word' id='word_1_663' title='bbox 2743 4348 2801 4392; x_wconf 84' lang='lat' dir='ltr'><strong>ut</strong></span> <span class='ocrx_word' id='word_1_664' title='bbox 2845 4336 2992 4404; x_wconf 78' lang='lat' dir='ltr'><strong>digiti</strong></span> <span class='ocrx_word' id='word_1_665' title='bbox 3048 4338 3318 4405; x_wconf 78' lang='lat' dir='ltr'><strong>supplicio</strong></span> <span class='ocrx_word' id='word_1_666' title='bbox 3359 4347 3416 4392; x_wconf 87' lang='lat' dir='ltr'><strong>ct</strong></span> <span class='ocrx_word' id='word_1_667' title='bbox 3447 4353 3576 4392; x_wconf 90' lang='lat' dir='ltr'><strong>cru-</strong></span> <span class='ocrx_word' id='word_1_668' title='bbox 3625 4349 3633 4356; x_wconf 88' lang='lat'><strong><em>&#39;</em></strong></span> 
     </span>
    </p>
   </div>
   <div class='ocr_carea' id='block_1_88' title="bbox 2011 4429 3578 4499">
    <p class='ocr_par' dir='ltr' id='par_1_88' title="bbox 2011 4429 3578 4499">
     <span class='ocr_line' id='line_1_88' title="bbox 2011 4429 3578 4499; baseline -0.002 -13"><span class='ocrx_word' id='word_1_669' title='bbox 2011 4434 2158 4486; x_wconf 82' lang='lat' dir='ltr'><strong>ciatu</strong></span> <span class='ocrx_word' id='word_1_670' title='bbox 2187 4431 2330 4494; x_wconf 88' lang='lat' dir='ltr'><strong>sitis,</strong></span> <span class='ocrx_word' id='word_1_671' title='bbox 2363 4445 2580 4499; x_wconf 64' lang='lat' dir='ltr'><strong>aequum</strong></span> <span class='ocrx_word' id='word_1_672' title='bbox 2615 4441 2700 4484; x_wconf 87' lang='lat' dir='ltr'><strong>est</strong></span> <span class='ocrx_word' id='word_1_673' title='bbox 2733 4437 2794 4482; x_wconf 89' lang='lat' dir='ltr'><strong>ut</strong></span> <span class='ocrx_word' id='word_1_674' title='bbox 2835 4429 2994 4483; x_wconf 90' lang='lat' dir='ltr'><strong>vobis</strong></span> <span class='ocrx_word' id='word_1_675' title='bbox 3030 4429 3132 4498; x_wconf 90' lang='lat' dir='ltr'><strong>ipsi</strong></span> <span class='ocrx_word' id='word_1_676' title='bbox 3159 4431 3336 4497; x_wconf 84' lang='lat' dir='ltr'><strong>ignem</strong></span> <span class='ocrx_word' id='word_1_677' title='bbox 3365 4445 3578 4498; x_wconf 74' lang='lat' dir='ltr'><strong>przepa-</strong></span> 
     </span>
    </p>
   </div>
   <div class='ocr_carea' id='block_1_89' title="bbox 334 4509 3581 4597">
    <p class='ocr_par' dir='ltr' id='par_1_89' title="bbox 334 4509 3581 4597">
     <span class='ocr_line' id='line_1_89' title="bbox 334 4509 3581 4597; baseline 0 -22"><span class='ocrx_word' id='word_1_678' title='bbox 334 4536 486 4576; x_wconf 85' lang='lat' dir='ltr'><strong>ctore</strong></span> <span class='ocrx_word' id='word_1_679' title='bbox 519 4534 728 4576; x_wconf 83' lang='lat' dir='ltr'><strong>naturae</strong></span> <span class='ocrx_word' id='word_1_680' title='bbox 755 4521 999 4590; x_wconf 88' lang='lat' dir='ltr'><strong>separari</strong></span> <span class='ocrx_word' id='word_1_681' title='bbox 1029 4538 1042 4573; x_wconf 89' lang='lat'><strong>:</strong></span> <span class='ocrx_word' id='word_1_682' title='bbox 1079 4521 1352 4591; x_wconf 85' lang='lat' dir='ltr'><strong>siquidem</strong></span> <span class='ocrx_word' id='word_1_683' title='bbox 1379 4531 1433 4577; x_wconf 89' lang='lat' dir='ltr'><strong>et</strong></span> <span class='ocrx_word' id='word_1_684' title='bbox 1458 4532 1516 4576; x_wconf 91' lang='lat' dir='ltr'><strong>tu</strong></span> <span class='ocrx_word' id='word_1_685' title='bbox 1551 4522 1657 4577; x_wconf 87' lang='lat' dir='ltr'><strong>vim</strong></span> <span class='ocrx_word' id='word_1_686' title='bbox 1687 4523 1903 4597; x_wconf 68' lang='lat' dir='ltr'><strong>utendi,</strong></span> <span class='ocrx_word' id='word_1_687' title='bbox 1936 4509 1986 4568; x_wconf 86' lang='lat' dir='ltr'><strong>D</strong></span> <span class='ocrx_word' id='word_1_688' title='bbox 2015 4538 2165 4578; x_wconf 84' lang='lat' dir='ltr'><strong>rasse</strong></span> <span class='ocrx_word' id='word_1_689' title='bbox 2211 4520 2626 4577; x_wconf 82' lang='lat' dir='ltr'><strong>esistimemini.</strong></span> <span class='ocrx_word' id='word_1_690' title='bbox 2679 4519 2758 4574; x_wconf 81' lang='lat' dir='ltr'><strong>Ac</strong></span> <span class='ocrx_word' id='word_1_691' title='bbox 2813 4520 2933 4573; x_wconf 86' lang='lat' dir='ltr'><strong>vide</strong></span> <span class='ocrx_word' id='word_1_692' title='bbox 2980 4529 3186 4589; x_wconf 72' lang='lat' dir='ltr'><strong>quanta</strong></span> <span class='ocrx_word' id='word_1_693' title='bbox 3249 4521 3323 4574; x_wconf 86' lang='lat' dir='ltr'><strong>sit</strong></span> <span class='ocrx_word' id='word_1_694' title='bbox 3369 4521 3459 4575; x_wconf 86' lang='lat' dir='ltr'><strong>Dei</strong></span> <span class='ocrx_word' id='word_1_695' title='bbox 3512 4523 3581 4577; x_wconf 88' lang='lat' dir='ltr'><strong>ad</strong></span> 
     </span>
    </p>
   </div>
   <div class='ocr_carea' id='block_1_90' title="bbox 335 4612 1902 4682">
    <p class='ocr_par' dir='ltr' id='par_1_90' title="bbox 335 4612 1902 4682">
     <span class='ocr_line' id='line_1_90' title="bbox 335 4612 1902 4682; baseline 0 -16"><span class='ocrx_word' id='word_1_696' title='bbox 335 4629 457 4682; x_wconf 76' lang='lat' dir='ltr'><strong>quae</strong></span> <span class='ocrx_word' id='word_1_697' title='bbox 485 4618 539 4665; x_wconf 84' lang='lat' dir='ltr'><strong>In</strong></span> <span class='ocrx_word' id='word_1_698' title='bbox 567 4613 692 4680; x_wconf 82' lang='lat' dir='ltr'><strong>igne</strong></span> <span class='ocrx_word' id='word_1_699' title='bbox 731 4612 895 4674; x_wconf 88' lang='lat' dir='ltr'><strong>inest,</strong></span> <span class='ocrx_word' id='word_1_700' title='bbox 951 4626 981 4664; x_wconf 91' lang='lat' dir='ltr'><strong>a</strong></span> <span class='ocrx_word' id='word_1_701' title='bbox 1027 4613 1319 4680; x_wconf 85' lang='lat' dir='ltr'><strong>splendore</strong></span> <span class='ocrx_word' id='word_1_702' title='bbox 1351 4612 1471 4680; x_wconf 85' lang='lat' dir='ltr'><strong>ejus</strong></span> <span class='ocrx_word' id='word_1_703' title='bbox 1506 4627 1764 4682; x_wconf 84' lang='lat' dir='ltr'><strong>separare</strong></span> <span class='ocrx_word' id='word_1_704' title='bbox 1793 4628 1902 4667; x_wconf 87' lang='lat' dir='ltr'><strong>non</strong></span> 
     </span>
    </p>
   </div>
   <div class='ocr_carea' id='block_1_91' title="bbox 339 4703 1908 4773">
    <p class='ocr_par' dir='ltr' id='par_1_91' title="bbox 339 4703 1908 4773">
     <span class='ocr_line' id='line_1_91' title="bbox 339 4703 1908 4773; baseline 0.001 -18"><span class='ocrx_word' id='word_1_705' title='bbox 339 4714 536 4773; x_wconf 89' lang='lat' dir='ltr'><strong>potes;</strong></span> <span class='ocrx_word' id='word_1_706' title='bbox 570 4712 626 4756; x_wconf 88' lang='lat' dir='ltr'><strong>at</strong></span> <span class='ocrx_word' id='word_1_707' title='bbox 678 4703 818 4758; x_wconf 88' lang='lat' dir='ltr'><strong>Deus</strong></span> <span class='ocrx_word' id='word_1_708' title='bbox 871 4717 996 4757; x_wconf 90' lang='lat' dir='ltr'><strong>cum</strong></span> <span class='ocrx_word' id='word_1_709' title='bbox 1036 4703 1195 4756; x_wconf 88' lang='lat' dir='ltr'><strong>vellet</strong></span> <span class='ocrx_word' id='word_1_710' title='bbox 1235 4703 1500 4757; x_wconf 77' lang='lat' dir='ltr'><strong>famulum</strong></span> <span class='ocrx_word' id='word_1_711' title='bbox 1540 4719 1700 4757; x_wconf 91' lang='lat' dir='ltr'><strong>suum</strong></span> <span class='ocrx_word' id='word_1_712' title='bbox 1733 4703 1908 4757; x_wconf 82' lang='lat' dir='ltr'><strong>admi-</strong></span> 
     </span>
    </p>
   </div>
   <div class='ocr_carea' id='block_1_92' title="bbox 339 4793 1910 4870">
    <p class='ocr_par' dir='ltr' id='par_1_92' title="bbox 339 4793 1910 4870">
     <span class='ocr_line' id='line_1_92' title="bbox 339 4793 1910 4870; baseline -0.002 -20"><span class='ocrx_word' id='word_1_713' title='bbox 339 4795 496 4850; x_wconf 68' lang='lat' dir='ltr'><strong>Publii</strong></span> <span class='ocrx_word' id='word_1_714' title='bbox 527 4794 791 4849; x_wconf 89' lang='lat' dir='ltr'><strong>miraculo</strong></span> <span class='ocrx_word' id='word_1_715' title='bbox 822 4804 1161 4870; x_wconf 65' lang='lat' dir='ltr'><strong>convertere,</strong></span> <span class='ocrx_word' id='word_1_716' title='bbox 1197 4794 1374 4862; x_wconf 83' lang='lat' dir='ltr'><strong>ignem</strong></span> <span class='ocrx_word' id='word_1_717' title='bbox 1401 4794 1585 4862; x_wconf 80' lang='lat' dir='ltr'><strong>injecit</strong></span> <span class='ocrx_word' id='word_1_718' title='bbox 1617 4795 1778 4859; x_wconf 86' lang='lat' dir='ltr'><strong>rubo,</strong></span> <span class='ocrx_word' id='word_1_719' title='bbox 1816 4793 1910 4861; x_wconf 88' lang='lat' dir='ltr'><strong>qui</strong></span> 
     </span>
    </p>
   </div>
   <div class='ocr_carea' id='block_1_93' title="bbox 337 4885 1906 4962">
    <p class='ocr_par' dir='ltr' id='par_1_93' title="bbox 337 4885 1906 4962">
     <span class='ocr_line' id='line_1_93' title="bbox 337 4885 1906 4962; baseline -0.002 -21"><span class='ocrx_word' id='word_1_720' title='bbox 337 4905 366 4941; x_wconf 87' lang='lat' dir='ltr'><strong>a</strong></span> <span class='ocrx_word' id='word_1_721' title='bbox 418 4888 537 4942; x_wconf 81' lang='lat' dir='ltr'><strong>solo</strong></span> <span class='ocrx_word' id='word_1_722' title='bbox 584 4885 873 4954; x_wconf 77' lang='lat' dir='ltr'><strong>Splendore</strong></span> <span class='ocrx_word' id='word_1_723' title='bbox 909 4885 1251 4939; x_wconf 82' lang='lat' dir='ltr'><strong>etlicientiam</strong></span> <span class='ocrx_word' id='word_1_724' title='bbox 1301 4885 1544 4962; x_wconf 84' lang='lat' dir='ltr'><strong>haberet,</strong></span> <span class='ocrx_word' id='word_1_725' title='bbox 1594 4885 1906 4940; x_wconf 83' lang='lat' dir='ltr'><strong>facultatem</strong></span> 
     </span>
    </p>
   </div>
   <div class='ocr_carea' id='block_1_94' title="bbox 337 4977 1906 5052">
    <p class='ocr_par' dir='ltr' id='par_1_94' title="bbox 337 4977 1906 5052">
     <span class='ocr_line' id='line_1_94' title="bbox 337 4977 1906 5052; baseline 0 -20"><span class='ocrx_word' id='word_1_726' title='bbox 337 4995 470 5034; x_wconf 87' lang='lat' dir='ltr'><strong>vero</strong></span> <span class='ocrx_word' id='word_1_727' title='bbox 499 4978 690 5034; x_wconf 89' lang='lat' dir='ltr'><strong>urendi</strong></span> <span class='ocrx_word' id='word_1_728' title='bbox 723 4993 979 5052; x_wconf 69' lang='lat' dir='ltr'><strong>vacuam,</strong></span> <span class='ocrx_word' id='word_1_729' title='bbox 1007 4987 1062 5032; x_wconf 91' lang='lat' dir='ltr'><strong>et</strong></span> <span class='ocrx_word' id='word_1_730' title='bbox 1084 4978 1218 5031; x_wconf 89' lang='lat' dir='ltr'><strong>nihil</strong></span> <span class='ocrx_word' id='word_1_731' title='bbox 1241 4986 1490 5047; x_wconf 83' lang='lat' dir='ltr'><strong>agentem</strong></span> <span class='ocrx_word' id='word_1_732' title='bbox 1518 4995 1532 5043; x_wconf 90' lang='lat'><strong>;</strong></span> <span class='ocrx_word' id='word_1_733' title='bbox 1565 4977 1709 5033; x_wconf 88' lang='lat' dir='ltr'><strong>sicut</strong></span> <span class='ocrx_word' id='word_1_734' title='bbox 1739 4977 1906 5032; x_wconf 89' lang='lat' dir='ltr'><strong>David</strong></span> 
     </span>
    </p>
   </div>
   <div class='ocr_carea' id='block_1_95' title="bbox 341 5061 1912 5144">
    <p class='ocr_par' dir='ltr' id='par_1_95' title="bbox 341 5061 1912 5144">
     <span class='ocr_line' id='line_1_95' title="bbox 341 5061 1912 5144; baseline -0.003 -20"><span class='ocrx_word' id='word_1_735' title='bbox 341 5079 594 5144; x_wconf 66' lang='lat' dir='ltr'><strong>testatur,</strong></span> <span class='ocrx_word' id='word_1_736' title='bbox 624 5061 749 5122; x_wconf 75' lang='lat' dir='ltr'><strong>cilm</strong></span> <span class='ocrx_word' id='word_1_737' title='bbox 782 5069 859 5122; x_wconf 86' lang='lat' dir='ltr'><strong>ait</strong></span> <span class='ocrx_word' id='word_1_738' title='bbox 887 5086 902 5124; x_wconf 89' lang='lat'><strong>:</strong></span> <span class='ocrx_word' id='word_1_739' title='bbox 943 5068 1050 5122; x_wconf 74' lang='lat' dir='ltr'><strong>Vox</strong></span> <span class='ocrx_word' id='word_1_740' title='bbox 1087 5069 1296 5140; x_wconf 80' lang='lat' dir='ltr'><strong>Domini</strong></span> <span class='ocrx_word' id='word_1_741' title='bbox 1325 5069 1601 5122; x_wconf 82' lang='lat' dir='ltr'><strong>dividentis</strong></span> <span class='ocrx_word' id='word_1_742' title='bbox 1637 5070 1912 5136; x_wconf 83' lang='lat' dir='ltr'><strong>ﬂammam</strong></span> 
     </span>
    </p>
   </div>
   <div class='ocr_carea' id='block_1_96' title="bbox 345 5159 1914 5238">
    <p class='ocr_par' dir='ltr' id='par_1_96' title="bbox 345 5159 1914 5238">
     <span class='ocr_line' id='line_1_96' title="bbox 345 5159 1914 5238; baseline -0.003 -22"><span class='ocrx_word' id='word_1_743' title='bbox 345 5162 480 5231; x_wconf 83' lang='lat' dir='ltr'><strong>ignis</strong></span> <span class='ocrx_word' id='word_1_744' title='bbox 508 5161 588 5225; x_wconf 68' lang='lat'><strong>’9;</strong></span> <span class='ocrx_word' id='word_1_745' title='bbox 632 5159 774 5214; x_wconf 88' lang='lat' dir='ltr'><strong>ttnde</strong></span> <span class='ocrx_word' id='word_1_746' title='bbox 819 5175 1000 5238; x_wconf 80' lang='lat' dir='ltr'><strong>sermo</strong></span> <span class='ocrx_word' id='word_1_747' title='bbox 1048 5161 1270 5228; x_wconf 89' lang='lat' dir='ltr'><strong>quidam</strong></span> <span class='ocrx_word' id='word_1_748' title='bbox 1305 5161 1478 5214; x_wconf 89' lang='lat' dir='ltr'><strong>fertur</strong></span> <span class='ocrx_word' id='word_1_749' title='bbox 1521 5175 1777 5224; x_wconf 89' lang='lat' dir='ltr'><strong>arcanus,</strong></span> <span class='ocrx_word' id='word_1_750' title='bbox 1820 5159 1914 5228; x_wconf 89' lang='lat' dir='ltr'><strong>qui</strong></span> 
     </span>
    </p>
   </div>
   <div class='ocr_carea' id='block_1_97' title="bbox 347 5250 1914 5327">
    <p class='ocr_par' dir='ltr' id='par_1_97' title="bbox 347 5250 1914 5327">
     <span class='ocr_line' id='line_1_97' title="bbox 347 5250 1914 5327; baseline -0.002 -20"><span class='ocrx_word' id='word_1_751' title='bbox 347 5252 640 5327; x_wconf 42' lang='lat' dir='ltr'><strong>nos&#39;docet</strong></span> <span class='ocrx_word' id='word_1_752' title='bbox 667 5253 719 5304; x_wconf 92' lang='lat' dir='ltr'><strong>in</strong></span> <span class='ocrx_word' id='word_1_753' title='bbox 752 5251 1288 5306; x_wconf 84' lang='lat' dir='ltr'><strong>remunerationibus</strong></span> <span class='ocrx_word' id='word_1_754' title='bbox 1316 5266 1562 5320; x_wconf 88' lang='lat' dir='ltr'><strong>operam,</strong></span> <span class='ocrx_word' id='word_1_755' title='bbox 1591 5254 1714 5305; x_wconf 71' lang='lat' dir='ltr'><strong>vitae</strong></span> <span class='ocrx_word' id='word_1_756' title='bbox 1749 5250 1914 5318; x_wconf 90' lang='lat' dir='ltr'><strong>hujus</strong></span> 
     </span>
    </p>
   </div>
   <div class='ocr_carea' id='block_1_98' title="bbox 345 5343 1910 5418">
    <p class='ocr_par' dir='ltr' id='par_1_98' title="bbox 345 5343 1910 5418">
     <span class='ocr_line' id='line_1_98' title="bbox 345 5343 1910 5418; baseline -0.003 -20"><span class='ocrx_word' id='word_1_757' title='bbox 345 5344 692 5418; x_wconf 70' lang='lat' dir='ltr'><strong>dividendam</strong></span> <span class='ocrx_word' id='word_1_758' title='bbox 720 5358 843 5398; x_wconf 85' lang='lat' dir='ltr'><strong>esse</strong></span> <span class='ocrx_word' id='word_1_759' title='bbox 878 5353 1127 5398; x_wconf 88' lang='lat' dir='ltr'><strong>naturam</strong></span> <span class='ocrx_word' id='word_1_760' title='bbox 1164 5343 1343 5414; x_wconf 83' lang='lat' dir='ltr'><strong>ignis;</strong></span> <span class='ocrx_word' id='word_1_761' title='bbox 1377 5352 1428 5396; x_wconf 89' lang='lat' dir='ltr'><strong>et</strong></span> <span class='ocrx_word' id='word_1_762' title='bbox 1475 5344 1654 5397; x_wconf 89' lang='lat' dir='ltr'><strong>lumen</strong></span> <span class='ocrx_word' id='word_1_763' title='bbox 1689 5343 1910 5411; x_wconf 88' lang='lat' dir='ltr'><strong>quidem</strong></span> 
     </span>
    </p>
   </div>
   <div class='ocr_carea' id='block_1_99' title="bbox 340 5433 1911 5507">
    <p class='ocr_par' dir='ltr' id='par_1_99' title="bbox 340 5433 1911 5507">
     <span class='ocr_line' id='line_1_99' title="bbox 340 5433 1911 5507; baseline -0.003 -18"><span class='ocrx_word' id='word_1_764' title='bbox 340 5436 504 5506; x_wconf 85' lang='lat' dir='ltr'><strong>justis</strong></span> <span class='ocrx_word' id='word_1_765' title='bbox 529 5437 594 5491; x_wconf 85' lang='lat' dir='ltr'><strong>ad</strong></span> <span class='ocrx_word' id='word_1_766' title='bbox 625 5433 936 5500; x_wconf 76' lang='lat' dir='ltr'><strong>fruendum,</strong></span> <span class='ocrx_word' id='word_1_767' title='bbox 966 5444 1169 5504; x_wconf 89' lang='lat' dir='ltr'><strong>partem</strong></span> <span class='ocrx_word' id='word_1_768' title='bbox 1193 5450 1320 5488; x_wconf 88' lang='lat' dir='ltr'><strong>vero</strong></span> <span class='ocrx_word' id='word_1_769' title='bbox 1341 5435 1529 5488; x_wconf 90' lang='lat' dir='ltr'><strong>urendi</strong></span> <span class='ocrx_word' id='word_1_770' title='bbox 1555 5434 1619 5489; x_wconf 87' lang='lat' dir='ltr'><strong>ad</strong></span> <span class='ocrx_word' id='word_1_771' title='bbox 1644 5434 1911 5507; x_wconf 64' lang='lat' dir='ltr'><strong>dolerem,</strong></span> 
     </span>
    </p>
   </div>
   <div class='ocr_carea' id='block_1_100' title="bbox 349 5525 1908 5597">
    <p class='ocr_par' dir='ltr' id='par_1_100' title="bbox 349 5525 1908 5597">
     <span class='ocr_line' id='line_1_100' title="bbox 349 5525 1908 5597; baseline 0.001 -19"><span class='ocrx_word' id='word_1_772' title='bbox 349 5526 458 5580; x_wconf 86' lang='lat' dir='ltr'><strong>reis</strong></span> <span class='ocrx_word' id='word_1_773' title='bbox 490 5529 806 5597; x_wconf 86' lang='lat' dir='ltr'><strong>torqueudis</strong></span> <span class='ocrx_word' id='word_1_774' title='bbox 835 5527 1224 5582; x_wconf 81' lang='lat' dir='ltr'><strong>secerncndam</strong></span> <span class='ocrx_word' id='word_1_775' title='bbox 1250 5542 1390 5581; x_wconf 85' lang='lat' dir='ltr'><strong>esse.</strong></span> <span class='ocrx_word' id='word_1_776' title='bbox 1429 5526 1496 5579; x_wconf 81' lang='lat' dir='ltr'><strong>Et</strong></span> <span class='ocrx_word' id='word_1_777' title='bbox 1530 5542 1721 5581; x_wconf 89' lang='lat' dir='ltr'><strong>rursus</strong></span> <span class='ocrx_word' id='word_1_778' title='bbox 1769 5525 1908 5579; x_wconf 88' lang='lat' dir='ltr'><strong>idem</strong></span> 
     </span>
    </p>
   </div>
   <div class='ocr_carea' id='block_1_101' title="bbox 351 5613 1911 5686">
    <p class='ocr_par' dir='ltr' id='par_1_101' title="bbox 351 5613 1911 5686">
     <span class='ocr_line' id='line_1_101' title="bbox 351 5613 1911 5686; baseline 0.002 -18"><span class='ocrx_word' id='word_1_779' title='bbox 351 5613 566 5670; x_wconf 86' lang='lat' dir='ltr'><strong>Psalmo</strong></span> <span class='ocrx_word' id='word_1_780' title='bbox 589 5618 854 5673; x_wconf 87' lang='lat' dir='ltr'><strong>vicesimo</strong></span> <span class='ocrx_word' id='word_1_781' title='bbox 880 5626 1071 5673; x_wconf 89' lang='lat' dir='ltr'><strong>octavo</strong></span> <span class='ocrx_word' id='word_1_782' title='bbox 1094 5618 1148 5672; x_wconf 91' lang='lat' dir='ltr'><strong>in</strong></span> <span class='ocrx_word' id='word_1_783' title='bbox 1169 5616 1393 5672; x_wconf 79' lang='lat' dir='ltr'><strong>homiiia</strong></span> <span class='ocrx_word' id='word_1_784' title='bbox 1415 5618 1698 5672; x_wconf 86' lang='lat' dir='ltr'><strong>moraliutn</strong></span> <span class='ocrx_word' id='word_1_785' title='bbox 1728 5636 1740 5672; x_wconf 89' lang='lat'>:</span> <span class='ocrx_word' id='word_1_786' title='bbox 1771 5615 1911 5686; x_wconf 83' lang='lat' dir='ltr'><strong>Ignis</strong></span> 
     </span>
    </p>
   </div>
   <div class='ocr_carea' id='block_1_102' title="bbox 423 5789 1597 5862">
    <p class='ocr_par' dir='ltr' id='par_1_102' title="bbox 423 5789 1597 5862">
     <span class='ocr_line' id='line_1_102' title="bbox 423 5789 1597 5862; baseline -0.003 -15"><span class='ocrx_word' id='word_1_787' title='bbox 423 5789 631 5844; x_wconf 68' lang='lat' dir='ltr'><strong>&quot;Paul.</strong></span> <span class='ocrx_word' id='word_1_788' title='bbox 690 5809 875 5862; x_wconf 78' lang='lat' dir='ltr'><strong>nvut,</strong></span> <span class='ocrx_word' id='word_1_789' title='bbox 937 5798 985 5851; x_wconf 81' lang='lat'><strong>7.</strong></span> <span class='ocrx_word' id='word_1_790' title='bbox 1065 5795 1108 5825; x_wconf 74' lang='lat'><strong>&#39;°</strong></span> <span class='ocrx_word' id='word_1_791' title='bbox 1146 5793 1330 5852; x_wconf 78' lang='lat' dir='ltr'><strong>Matth.</strong></span> <span class='ocrx_word' id='word_1_792' title='bbox 1373 5809 1480 5862; x_wconf 79' lang='lat' dir='ltr'><strong>xvi,</strong></span> <span class='ocrx_word' id='word_1_793' title='bbox 1517 5795 1597 5848; x_wconf 81' lang='lat' dir='ltr'><strong>l6.</strong></span> 
     </span>
    </p>
   </div>
   <div class='ocr_carea' id='block_1_103' title="bbox 2007 4611 3582 4682">
    <p class='ocr_par' dir='ltr' id='par_1_103' title="bbox 2007 4611 3582 4682">
     <span class='ocr_line' id='line_1_103' title="bbox 2007 4611 3582 4682; baseline -0.001 -14"><span class='ocrx_word' id='word_1_794' title='bbox 2007 4615 2334 4669; x_wconf 82' lang='lat' dir='ltr'><strong>charitatem</strong></span> <span class='ocrx_word' id='word_1_795' title='bbox 2364 4628 2490 4682; x_wconf 79' lang='lat' dir='ltr'><strong>erga</strong></span> <span class='ocrx_word' id='word_1_796' title='bbox 2522 4611 2774 4665; x_wconf 88' lang='lat' dir='ltr'><strong>homines</strong></span> <span class='ocrx_word' id='word_1_797' title='bbox 2797 4613 3124 4680; x_wconf 86' lang='lat' dir='ltr'><strong>propensio:</strong></span> <span class='ocrx_word' id='word_1_798' title='bbox 3155 4613 3395 4666; x_wconf 88' lang='lat' dir='ltr'><strong>nondum</strong></span> <span class='ocrx_word' id='word_1_799' title='bbox 3418 4624 3582 4667; x_wconf 79' lang='lat' dir='ltr'><strong>erant</strong></span> 
     </span>
    </p>
   </div>
   <div class='ocr_carea' id='block_1_104' title="bbox 2007 4701 3581 4776">
    <p class='ocr_par' dir='ltr' id='par_1_104' title="bbox 2007 4701 3581 4776">
     <span class='ocr_line' id='line_1_104' title="bbox 2007 4701 3581 4776; baseline -0.002 -15"><span class='ocrx_word' id='word_1_800' title='bbox 2007 4708 2102 4776; x_wconf 86' lang='lat' dir='ltr'><strong>qui</strong></span> <span class='ocrx_word' id='word_1_801' title='bbox 2132 4714 2427 4767; x_wconf 88' lang='lat' dir='ltr'><strong>certarent,</strong></span> <span class='ocrx_word' id='word_1_802' title='bbox 2459 4713 2514 4758; x_wconf 86' lang='lat' dir='ltr'><strong>et</strong></span> <span class='ocrx_word' id='word_1_803' title='bbox 2537 4703 2650 4774; x_wconf 89' lang='lat' dir='ltr'><strong>jam</strong></span> <span class='ocrx_word' id='word_1_804' title='bbox 2693 4717 2915 4757; x_wconf 70' lang='lat' dir='ltr'><strong>coronae</strong></span> <span class='ocrx_word' id='word_1_805' title='bbox 2941 4712 2998 4756; x_wconf 89' lang='lat' dir='ltr'><strong>et</strong></span> <span class='ocrx_word' id='word_1_806' title='bbox 3023 4701 3241 4770; x_wconf 73' lang='lat' dir='ltr'><strong>prannia</strong></span> <span class='ocrx_word' id='word_1_807' title='bbox 3279 4715 3581 4771; x_wconf 75' lang='lat' dir='ltr'><strong>pneparata</strong></span> 
     </span>
    </p>
   </div>
   <div class='ocr_carea' id='block_1_105' title="bbox 2011 4779 3585 4862">
    <p class='ocr_par' dir='ltr' id='par_1_105' title="bbox 2011 4779 3585 4862">
     <span class='ocr_line' id='line_1_105' title="bbox 2011 4779 3585 4862; baseline -0.003 -12"><span class='ocrx_word' id='word_1_808' title='bbox 2011 4806 2205 4851; x_wconf 87' lang='lat' dir='ltr'><strong>erant:</strong></span> <span class='ocrx_word' id='word_1_809' title='bbox 2231 4795 2508 4848; x_wconf 80' lang='lat' dir='ltr'><strong>Possidete</strong></span> <span class='ocrx_word' id='word_1_810' title='bbox 2555 4793 2724 4858; x_wconf 88' lang='lat' dir='ltr'><strong>enim,</strong></span> <span class='ocrx_word' id='word_1_811' title='bbox 2756 4794 2953 4862; x_wconf 91' lang='lat' dir='ltr'><strong>inquit,</strong></span> <span class='ocrx_word' id='word_1_812' title='bbox 2980 4809 3197 4862; x_wconf 80' lang='lat' dir='ltr'><strong>regnum</strong></span> <span class='ocrx_word' id='word_1_813' title='bbox 3224 4779 3468 4858; x_wconf 74' lang='lat' dir='ltr'><strong>paratum</strong></span> <span class='ocrx_word' id='word_1_814' title='bbox 3497 4809 3585 4846; x_wconf 75' lang='lat' dir='ltr'><strong>ro-</strong></span> 
     </span>
    </p>
   </div>
   <div class='ocr_carea' id='block_1_106' title="bbox 2009 4874 3581 4940">
    <p class='ocr_par' dir='ltr' id='par_1_106' title="bbox 2009 4874 3581 4940">
     <span class='ocr_line' id='line_1_106' title="bbox 2009 4874 3581 4940; baseline -0.001 0"><span class='ocrx_word' id='word_1_815' title='bbox 2009 4889 2086 4940; x_wconf 74' lang='lat' dir='ltr'><strong>bis</strong></span> <span class='ocrx_word' id='word_1_816' title='bbox 2121 4874 2256 4940; x_wconf 55' lang='lat' dir='ltr'><strong>&#39;ante</strong></span> <span class='ocrx_word' id='word_1_817' title='bbox 2291 4886 2723 4940; x_wconf 80' lang='lat' dir='ltr'><strong>constitutionem</strong></span> <span class='ocrx_word' id='word_1_818' title='bbox 2757 4885 2963 4939; x_wconf 81' lang='lat' dir='ltr'><strong>mundi.</strong></span> <span class='ocrx_word' id='word_1_819' title='bbox 2998 4885 3142 4939; x_wconf 86' lang='lat' dir='ltr'><strong>Idem</strong></span> <span class='ocrx_word' id='word_1_820' title='bbox 3182 4887 3378 4939; x_wconf 87' lang='lat' dir='ltr'><strong>iterum</strong></span> <span class='ocrx_word' id='word_1_821' title='bbox 3407 4902 3422 4938; x_wconf 88' lang='lat'><strong>:</strong></span> <span class='ocrx_word' id='word_1_822' title='bbox 3464 4885 3581 4939; x_wconf 82' lang='lat' dir='ltr'><strong>Non</strong></span> 
     </span>
    </p>
   </div>
   <div class='ocr_carea' id='block_1_107' title="bbox 2013 4977 3579 5041">
    <p class='ocr_par' dir='ltr' id='par_1_107' title="bbox 2013 4977 3579 5041">
     <span class='ocr_line' id='line_1_107' title="bbox 2013 4977 3579 5041; baseline -0.002 -10"><span class='ocrx_word' id='word_1_823' title='bbox 2013 4978 2189 5031; x_wconf 90' lang='lat' dir='ltr'><strong>solum</strong></span> <span class='ocrx_word' id='word_1_824' title='bbox 2216 4992 2318 5032; x_wconf 87' lang='lat' dir='ltr'><strong>nos</strong></span> <span class='ocrx_word' id='word_1_825' title='bbox 2347 4992 2378 5030; x_wconf 85' lang='lat' dir='ltr'><strong>a</strong></span> <span class='ocrx_word' id='word_1_826' title='bbox 2402 4977 2689 5031; x_wconf 89' lang='lat' dir='ltr'><strong>tormentis</strong></span> <span class='ocrx_word' id='word_1_827' title='bbox 2712 4977 2963 5030; x_wconf 75' lang='lat' dir='ltr'><strong>liberavit</strong></span> <span class='ocrx_word' id='word_1_828' title='bbox 2989 4977 3257 5041; x_wconf 88' lang='lat' dir='ltr'><strong>Christus,</strong></span> <span class='ocrx_word' id='word_1_829' title='bbox 3291 4977 3385 5031; x_wconf 87' lang='lat' dir='ltr'><strong>sed</strong></span> <span class='ocrx_word' id='word_1_830' title='bbox 3413 4979 3579 5031; x_wconf 89' lang='lat' dir='ltr'><strong>etiam</strong></span> 
     </span>
    </p>
   </div>
   <div class='ocr_carea' id='block_1_108' title="bbox 2009 5065 3580 5134">
    <p class='ocr_par' dir='ltr' id='par_1_108' title="bbox 2009 5065 3580 5134">
     <span class='ocr_line' id='line_1_108' title="bbox 2009 5065 3580 5134; baseline -0.001 -17"><span class='ocrx_word' id='word_1_831' title='bbox 2009 5069 2176 5120; x_wconf 84' lang='lat' dir='ltr'><strong>vitam</strong></span> <span class='ocrx_word' id='word_1_832' title='bbox 2230 5067 2388 5120; x_wconf 86' lang='lat' dir='ltr'><strong>nobis</strong></span> <span class='ocrx_word' id='word_1_833' title='bbox 2435 5066 2658 5120; x_wconf 89' lang='lat' dir='ltr'><strong>donavit</strong></span> <span class='ocrx_word' id='word_1_834' title='bbox 2709 5067 2880 5119; x_wconf 89' lang='lat' dir='ltr'><strong>multo</strong></span> <span class='ocrx_word' id='word_1_835' title='bbox 2927 5065 3367 5134; x_wconf 86' lang='lat' dir='ltr'><strong>splendidiorem,</strong></span> <span class='ocrx_word' id='word_1_836' title='bbox 3416 5079 3580 5134; x_wconf 79' lang='lat' dir='ltr'><strong>quam</strong></span> 
     </span>
    </p>
   </div>
   <div class='ocr_carea' id='block_1_109' title="bbox 2011 5155 3580 5226">
    <p class='ocr_par' dir='ltr' id='par_1_109' title="bbox 2011 5155 3580 5226">
     <span class='ocr_line' id='line_1_109' title="bbox 2011 5155 3580 5226; baseline -0.003 -15"><span class='ocrx_word' id='word_1_837' title='bbox 2011 5165 2131 5211; x_wconf 84' lang='lat' dir='ltr'><strong>erat</strong></span> <span class='ocrx_word' id='word_1_838' title='bbox 2154 5157 2341 5226; x_wconf 91' lang='lat' dir='ltr'><strong>prior;</strong></span> <span class='ocrx_word' id='word_1_839' title='bbox 2379 5155 2432 5210; x_wconf 82' lang='lat' dir='ltr'><strong>in</strong></span> <span class='ocrx_word' id='word_1_840' title='bbox 2458 5157 2622 5211; x_wconf 91' lang='lat' dir='ltr'><strong>alium</strong></span> <span class='ocrx_word' id='word_1_841' title='bbox 2649 5172 2747 5210; x_wconf 91' lang='lat' dir='ltr'><strong>nos</strong></span> <span class='ocrx_word' id='word_1_842' title='bbox 2777 5157 3079 5210; x_wconf 71' lang='lat' dir='ltr'><strong>introduxit</strong></span> <span class='ocrx_word' id='word_1_843' title='bbox 3104 5158 3389 5220; x_wconf 85' lang='lat' dir='ltr'><strong>mundum,</strong></span> <span class='ocrx_word' id='word_1_844' title='bbox 3418 5156 3580 5213; x_wconf 79' lang='lat' dir='ltr'><strong>aliam</strong></span> 
     </span>
    </p>
   </div>
   <div class='ocr_carea' id='block_1_110' title="bbox 2008 5248 3582 5315">
    <p class='ocr_par' dir='ltr' id='par_1_110' title="bbox 2008 5248 3582 5315">
     <span class='ocr_line' id='line_1_110' title="bbox 2008 5248 3582 5315; baseline -0.004 -12"><span class='ocrx_word' id='word_1_845' title='bbox 2008 5259 2310 5303; x_wconf 68' lang='lat' dir='ltr'><strong>creaturam</strong></span> <span class='ocrx_word' id='word_1_846' title='bbox 2343 5249 2539 5304; x_wconf 80' lang='lat' dir='ltr'><strong>effecit.</strong></span> <span class='ocrx_word' id='word_1_847' title='bbox 2571 5249 2636 5303; x_wconf 85' lang='lat' dir='ltr'><strong>Et</strong></span> <span class='ocrx_word' id='word_1_848' title='bbox 2666 5259 2888 5303; x_wconf 90' lang='lat' dir='ltr'><strong>sanctus</strong></span> <span class='ocrx_word' id='word_1_849' title='bbox 2941 5248 3124 5303; x_wconf 87' lang='lat' dir='ltr'><strong>Isaac:</strong></span> <span class='ocrx_word' id='word_1_850' title='bbox 3159 5248 3334 5312; x_wconf 87' lang='lat' dir='ltr'><strong>Time,</strong></span> <span class='ocrx_word' id='word_1_851' title='bbox 3385 5248 3582 5315; x_wconf 88' lang='lat' dir='ltr'><strong>inquit,</strong></span> 
     </span>
    </p>
   </div>
   <div class='ocr_carea' id='block_1_111' title="bbox 2010 5341 3583 5412">
    <p class='ocr_par' dir='ltr' id='par_1_111' title="bbox 2010 5341 3583 5412">
     <span class='ocr_line' id='line_1_111' title="bbox 2010 5341 3583 5412; baseline -0.006 -16"><span class='ocrx_word' id='word_1_852' title='bbox 2010 5343 2204 5404; x_wconf 85' lang='lat' dir='ltr'><strong>Deum,</strong></span> <span class='ocrx_word' id='word_1_853' title='bbox 2237 5351 2290 5395; x_wconf 87' lang='lat' dir='ltr'><strong>et</strong></span> <span class='ocrx_word' id='word_1_854' title='bbox 2321 5343 2526 5396; x_wconf 85' lang='lat' dir='ltr'><strong>senties</strong></span> <span class='ocrx_word' id='word_1_855' title='bbox 2557 5343 2650 5412; x_wconf 92' lang='lat' dir='ltr'><strong>qui</strong></span> <span class='ocrx_word' id='word_1_856' title='bbox 2686 5353 2736 5396; x_wconf 90' lang='lat' dir='ltr'><strong>te</strong></span> <span class='ocrx_word' id='word_1_857' title='bbox 2769 5341 2946 5404; x_wconf 73' lang='lat' dir='ltr'><strong>(insit,</strong></span> <span class='ocrx_word' id='word_1_858' title='bbox 3017 5353 3072 5394; x_wconf 90' lang='lat' dir='ltr'><strong>et</strong></span> <span class='ocrx_word' id='word_1_859' title='bbox 3108 5343 3353 5401; x_wconf 86' lang='lat' dir='ltr'><strong>roborat,</strong></span> <span class='ocrx_word' id='word_1_860' title='bbox 3387 5348 3440 5390; x_wconf 90' lang='lat' dir='ltr'><strong>et</strong></span> <span class='ocrx_word' id='word_1_861' title='bbox 3485 5353 3583 5389; x_wconf 89' lang='lat' dir='ltr'><strong>cu-</strong></span> 
     </span>
    </p>
   </div>
   <div class='ocr_carea' id='block_1_112' title="bbox 2019 5427 3582 5503">
    <p class='ocr_par' dir='ltr' id='par_1_112' title="bbox 2019 5427 3582 5503">
     <span class='ocr_line' id='line_1_112' title="bbox 2019 5427 3582 5503; baseline -0.006 -16"><span class='ocrx_word' id='word_1_862' title='bbox 2019 5434 2208 5495; x_wconf 85' lang='lat' dir='ltr'><strong>stodit,</strong></span> <span class='ocrx_word' id='word_1_863' title='bbox 2258 5442 2312 5486; x_wconf 85' lang='lat' dir='ltr'><strong>ct</strong></span> <span class='ocrx_word' id='word_1_864' title='bbox 2345 5434 2438 5503; x_wconf 88' lang='lat' dir='ltr'><strong>qui</strong></span> <span class='ocrx_word' id='word_1_865' title='bbox 2484 5443 2701 5503; x_wconf 84' lang='lat' dir='ltr'><strong>propter</strong></span> <span class='ocrx_word' id='word_1_866' title='bbox 2732 5443 2782 5488; x_wconf 89' lang='lat' dir='ltr'><strong>te</strong></span> <span class='ocrx_word' id='word_1_867' title='bbox 2826 5433 3095 5501; x_wconf 90' lang='lat' dir='ltr'><strong>duplicem</strong></span> <span class='ocrx_word' id='word_1_868' title='bbox 3147 5430 3405 5484; x_wconf 90' lang='lat' dir='ltr'><strong>mundum</strong></span> <span class='ocrx_word' id='word_1_869' title='bbox 3436 5427 3582 5490; x_wconf 85' lang='lat' dir='ltr'><strong>fecit,</strong></span> 
     </span>
    </p>
   </div>
   <div class='ocr_carea' id='block_1_113' title="bbox 2019 5517 3583 5593">
    <p class='ocr_par' dir='ltr' id='par_1_113' title="bbox 2019 5517 3583 5593">
     <span class='ocr_line' id='line_1_113' title="bbox 2019 5517 3583 5593; baseline -0.008 -15"><span class='ocrx_word' id='word_1_870' title='bbox 2019 5539 2189 5579; x_wconf 88' lang='lat' dir='ltr'><strong>unum</strong></span> <span class='ocrx_word' id='word_1_871' title='bbox 2219 5525 2435 5592; x_wconf 86' lang='lat' dir='ltr'><strong>quidem</strong></span> <span class='ocrx_word' id='word_1_872' title='bbox 2463 5534 2719 5593; x_wconf 87' lang='lat' dir='ltr'><strong>tanquam</strong></span> <span class='ocrx_word' id='word_1_873' title='bbox 2754 5524 3072 5592; x_wconf 80' lang='lat' dir='ltr'><strong>magistrum</strong></span> <span class='ocrx_word' id='word_1_874' title='bbox 3108 5528 3162 5572; x_wconf 89' lang='lat' dir='ltr'><strong>et</strong></span> <span class='ocrx_word' id='word_1_875' title='bbox 3194 5517 3583 5578; x_wconf 85' lang='lat' dir='ltr'><strong>institutorem,</strong></span> 
     </span>
    </p>
   </div>
   <div class='ocr_carea' id='block_1_114' title="bbox 2018 5607 3583 5678">
    <p class='ocr_par' dir='ltr' id='par_1_114' title="bbox 2018 5607 3583 5678">
     <span class='ocr_line' id='line_1_114' title="bbox 2018 5607 3583 5678; baseline -0.007 -8"><span class='ocrx_word' id='word_1_876' title='bbox 2018 5628 2393 5671; x_wconf 83' lang='lat' dir='ltr'><strong>verumtamen</strong></span> <span class='ocrx_word' id='word_1_877' title='bbox 2427 5617 2692 5670; x_wconf 86' lang='lat' dir='ltr'><strong>caducum</strong></span> <span class='ocrx_word' id='word_1_878' title='bbox 2725 5634 2736 5678; x_wconf 88' lang='lat'><strong>;</strong></span> <span class='ocrx_word' id='word_1_879' title='bbox 2777 5613 3007 5668; x_wconf 82' lang='lat' dir='ltr'><strong>alterunt</strong></span> <span class='ocrx_word' id='word_1_880' title='bbox 3044 5623 3169 5665; x_wconf 77' lang='lat' dir='ltr'><strong>vero</strong></span> <span class='ocrx_word' id='word_1_881' title='bbox 3196 5619 3456 5678; x_wconf 87' lang='lat' dir='ltr'><strong>tanquam</strong></span> <span class='ocrx_word' id='word_1_882' title='bbox 3485 5607 3583 5660; x_wconf 86' lang='lat' dir='ltr'><strong>do-</strong></span> 
     </span>
    </p>
   </div>
   <div class='ocr_carea' id='block_1_115' title="bbox 1677 5791 2430 5861">
    <p class='ocr_par' dir='ltr' id='par_1_115' title="bbox 1677 5791 2430 5861">
     <span class='ocr_line' id='line_1_115' title="bbox 1677 5791 2430 5861; baseline 0 -17"><span class='ocrx_word' id='word_1_883' title='bbox 1677 5793 1716 5824; x_wconf 77' lang='lat'>“</span> <span class='ocrx_word' id='word_1_884' title='bbox 1777 5791 1968 5845; x_wconf 78' lang='lat' dir='ltr'><strong>Matth.</strong></span> <span class='ocrx_word' id='word_1_885' title='bbox 2028 5808 2154 5861; x_wconf 72' lang='lat' dir='ltr'><strong>xxv,</strong></span> <span class='ocrx_word' id='word_1_886' title='bbox 2200 5791 2287 5854; x_wconf 72' lang='lat' dir='ltr'><strong>5i,</strong></span> <span class='ocrx_word' id='word_1_887' title='bbox 2343 5791 2430 5846; x_wconf 71' lang='grc'><strong>41.</strong></span> 
     </span>
    </p>
   </div>
  </div>
