4058 6306
508 269 615 334 89

1686 259 2016 329 J'OANNIS‘
2047 236 2621 325 (ἶῩΡΑΚῐΞΞῖδΤῙΕῖ

3694 252 3769 323 δε
3776 254 3827 320 σι

504 397 658 437 mum
690 393 998 454 paternam;
1026 392 1079 438 et
1110 380 1483 438 hmreditatem
1522 390 1670 436 tuam
1698 391 1980 436 aeternam.
2014 380 2071 433 Et
2108 382 2148 436 A
2179 381 2434 444 stantius,
2476 381 2672 450 inquit,
2713 395 2820 435 non
2856 389 3118 449 tanquam
3179 376 3632 451 symbolarum,
3681 392 3813 447 qua

507 488 740 543 magnus
776 472 1005 527 Basilius
1038 472 1093 525 in
1130 471 1500 526 Hexaemero:
1538 472 1708 538 Quid,
1757 471 1955 541 inquit,
1985 471 2074 524 illa

508 562 857 615 beatitudine
886 562 1107 630 dignum
1142 562 1380 630 cogitare
1408 561 1533 630 quis
1566 570 1765 630 potest.
1799 577 1959 629 quam
1991 562 2079 615 lte-

509 653 679 707 ti'ﬂcat
716 652 913 707 ﬂumen
963 652 1090 716 Dei,
1122 663 1175 706 et
1204 653 1323 721 ejus
1382 642 1573 708 artifex
1606 663 1660 709 et
1683 653 1976 708 fabricator
1998 663 2080 707 est

516 743 682 806 Deus,
717 758 880 811 quam
917 743 1425 798 Paulus-civitatem
1460 744 1740 799 caelestem
1776 755 1938 799 vocat
1972 744 2090 801 illis

512 842 895 903 pit-mperatum:
925 834 1016 901 qui
1051 845 1270 902 propter
1302 834 1462 889 [idem
1499 835 1593 889 Dei
1620 836 1867 890 civitates
1902 844 2095 888 terre-

514 941 617 980 nus
644 925 981 992 reliquerunt
1007 925 1046 979 Υ
1081 926 1262 992 cujus,
1303 926 1502 995 inquit,
1554 927 1752 981 artifex
1796 937 1849 981 et
1890 939 2097 983 auctor

512 1014 679 1068 Deus.
713 1012 791 1066 Ex
817 1015 1018 1083 quibus
1044 1014 1100 1069 iit
1134 1015 1682 1085 manifestummuod
1722 1018 1967 1073 futurum
1992 1020 2080 1071 lu-

515 1119 637 1159 men
672 1106 1091 1160 resurrectionis
1125 1106 1427 1160 secundum
1473 1107 1768 1161 essentiam
1820 1108 2084 1176 splendor

512 1206 599 1251 est
635 1196 797 1264 ignis,
835 1197 1113 1264 splendor,
1140 1196 1385 1265 inquam,
1420 1207 1704 1265 separatus
1739 1198 1807 1252 ab
1834 1198 1978 1268 igne.
2012 1200 2081 1251 ah

512 1290 701 1363 coqui
734 1288 911 1357 ignem
941 1287 1168 1352 creavit,
1222 1288 1316 1357 qui
1350 1288 1697 1357 splendorem
1733 1290 2082 1357 quidem-jus

514 1380 629 1434 stis
662 1379 730 1431 ad
772 1377 1224 1433 illuminationem
1275 1380 1571 1445 attribuit;
1590 1382 1696 1434 vim
1734 1397 1862 1434 vero
1890 1383 2082 1435 urendi

518 1475 597 1530 iis
614 1476 709 1544 qui
746 1476 1116 1545 deliquerunt,
1151 1474 1215 1527 ad
1242 1475 1511 1529 dolorem.
1544 1475 1705 1528 Sicut
1723 1475 1867 1528 enim
1900 1476 2083 1529 brtitia

513 1566 680 1634 justis
735 1572 861 1620 ante
900 1566 1345 1619 constitutionem
1400 1565 1600 1619 mundi-
1636 1574 1821 1635 parata
1857 1576 1960 1628 est,
2008 1566 2088 1619 sic

518 1657 652 1711 item
688 1658 864 1725 iisqui
896 1666 1279 1726 peccaverunt,
1312 1656 1640 1726 supplicium
1668 1672 1681 1709 :
1708 1666 1761 1711 et
1784 1657 1921 1710 sicut
1947 1671 2097 1710 nova

516 1757 573 1800 et
605 1748 863 1802 inusitata
894 1758 976 1802 est
1004 1747 1153 1802 illius
1183 1747 1326 1816 ignis
1359 1749 1518 1802 ustio-
1542 1748 1560 1818 (
1584 1762 1690 1800 non
1723 1748 1865 1801 enim
1895 1762 2089 1802 consu-

518 1838 617 1889 ntit
650 1851 713 1890 ea
737 1852 857 1905 quae
903 1837 1111 1891 in-eum
1147 1837 1355 1905 injecta
1370 1846 1516 1901 sunt,
1549 1837 1614 1891 ad
1667 1838 1840 1893 instar
1872 1845 2080 1891 natum

520 1925 663 1994 ignis
692 1926 784 1995 qui
809 1941 837 1979 a
864 1927 1034 1982 nobis
1048 1941 1193 1981 nunc
1213 1932 1458 1982 cernitur
1480 1928 1614 1993 :sed
1642 1928 1820 1996 potius
1845 1929 2081 1981 dnlnrctn

521 2018 749 2088 quidem
783 2021 1073 2089 aequalem,
1111 2030 1209 2076 aut
1246 2021 1522 2091 majorem
1562 2021 1727 2076 infert
1756 2022 1976 2091 injectis
2027 2023 2083 2075 in

519 2124 669 2173 eum,
712 2126 740 2162 λ
789 2113 1162 2168 consumendo
1213 2127 1341 2166 vero
1373 2113 1586 2167 alienus
1614 2122 1703 2167 est
1721 2118 1761 2183 ).
1788 2114 1868 2168 sic
1918 2115 2083 2165 etiam

522 2200 855 2253 illuminatio
900 2201 989 2255 illa
1024 2200 1077 2253 in
1118 2202 1402 2255 meliorem
1434 2208 1654 2256 mutata
1678 2209 1783 2267 est,
1812 2216 1973 2270 quam
2019 2202 2088 2255 sit

521 2300 715 2344 nostra
763 2290 1086 2344 illuminatio
1111 2308 1133 2354 ;:
1160 2300 1353 2359 estque
1387 2290 1632 2345 ccelestis
1662 2300 1717 2345 et
1746 2291 2119 2365 inseparabix

525 2382 616 2447 lis,
650 2393 704 2435 et
750 2382 927 2436 oculis
972 2382 1373 2459 immortalibus
1418 2382 1725 2436 immortale
1766 2384 1968 2435 lumen.
2008 2382 2086 2436 Ad

526 2471 939 2526 similitudinem
972 2460 1601 2539 igitur‘illuminationis
1651 2488 1878 2541 regnum
1927 2489 2090 2542 paru-

529 2571 641 2613 tnm
672 2562 855 2631 justis.
887 2562 1243 2618 est'etl'ectum
1275 2571 1329 2617 et
1357 2570 1599 2618 creatum
1629 2577 1658 2616 a
1689 2557 1792 2621 σο
1821 2562 2090 2623 universi,

527 2653 621 2722 qui
656 2657 888 2707 mundos
923 2653 1061 2708 duos
1089 2654 1287 2713 effecit.
1327 2669 1495 2707 unum
1543 2654 1764 2720 quidem
1818 2655 1963 2705 hunc
1998 2667 2095 2709 no-

529 2757 702 2801 strum
733 2748 994 2802 caducum
1027 2761 1079 2802 et
1108 2749 1379 2816 fragilem,
1413 2750 1646 2802 alterum
1677 2762 1803 2799 vero
1831 2757 2090 2799 aeternam

531 2841 780 2903 domum,
827 2848 881 2894 et
919 2840 1195 2894 cmlestem
1227 2848 1390 2908 atque
1425 2837 1758 2892 immobilem
1792 2837 2089 2901 civitatem,

529 2939 585 2982 et
628 2939 889 2982 aternum
916 2928 1037 2995 ejus
1077 2945 1328 2998 regnum,
1360 2939 1413 2983 ct
1447 2929 1814 2984 dominatum.
1850 2937 1905 2981 et
1934 2926 2097 2994 cujus

534 3016 648 3086 ipse
678 3032 803 3071 vere
834 3032 925 3071 rex
958 3028 1012 3071 et
1039 3020 1296 3071 dominus
1326 3027 1431 3071 est.

1127 3128 1357 3185 CAPUT
1390 3128 1479 3182 l‘X.

538 3242 689 3309 Quod
717 3258 865 3295 omne
896 3260 1070 3296 tamen
1098 3244 1211 3296 sive
1240 3244 1452 3304 sensile,
1482 3244 1589 3297 sive
1662 3244 1984 3305 intellectile,
2040 3259 2110 3299 ea:

610 3329 727 3366 vero
770 3322 818 3365 et
854 3329 1033 3376 .sttpra
1075 3315 1427 3366 substantiam
1477 3315 1676 3367 lumine
1739 3313 2007 3382 refulget:
2055 3325 2121 3367 et'

608 3383 746 3452 quod
768 3383 938 3436 lumen
969 3384 1279 3437 intell‘ectile
1313 3382 1448 3438 Deus
1483 3394 1583 3438 est.

611 3475 835 3544 Magnus
868 3474 1157 3546 Dionysius
1184 3477 1361 3543 Cupite
1393 3475 1568 3543 primo
1600 3474 1837 3530 Caelestis
1872 3474 2107 3530 Hierar-

543 3566 673 3618 enim
701 3581 719 3619 :
753 3563 941 3629 Omne,
977 3565 1174 3633 inquit,
1199 3567 1384 3618 datum
1421 3568 1619 3619 bonum
1643 3576 1691 3619 et
1723 3581 1874 3619 omne
1911 3570 2123 3620 donum‘

542 3660 819 3727 perfectum
847 3660 1127 3711 desursum
1148 3666 1225 3712 est
1273 3659 1588 3711 descendens
1649 3676 1682 3712 a
1750 3658 1912 3712 Patre
1949 3659 2125 3712 lumi-~

544 3750 778 3803 nutus“.
819 3750 924 3804 Sed
968 3759 1021 3804 et
1060 3751 1241 3803 omnis
1278 3752 1553 3803 etnanatio
1581 3750 1804 3805 luminis
1855 3764 1887 3804 a
1947 3750 2124 3804 Patre-

542 3841 955 3909 protlciscentis,
991 3856 1110 3911 quas
1144 3841 1208 3894 ad
1229 3857 1328 3897 nos
1359 3851 1612 3912 tauquam
1660 3843 1867 3896 bonum
1897 3842 2098 3897 donum

543 3933 719 3999 venit,
749 3950 941 3987 rursus
1000 3943 1259 4003 tanquam
1328 3935 1410 3989 ris
1462 3934 1710 4002 quzedam
1760 3934 1957 3988 uniﬁea
2013 3949 2113 3989 nos

544 4038 762 4078 sursum
793 4024 1052 4090 elevatus,
1080 4026 1358 4093 simplices
1384 4026 1580 4088 reddit,
1629 4037 1685 4079 et
1711 4026 1787 4079 ad
1847 4028 2117 4080 unitatem

548 4116 725 4170 Patris
759 4118 1161 4185 congregantis,
1190 4126 1244 4171 et
1278 4116 1344 4170 ad
1376 4118 1782 4185 simplicitatem
1847 4118 2122 4187 (l)-deili~

548 4209 951 4261 cameonvertit
987 4207 1069 4260 :si
1122 4208 1342 4275 quidem
1400 4222 1464 4260 ex
1510 4209 1630 4277 ipso
1691 4209 1895 4273 omnia,
1955 4216 2017 4262 et
2061 4211 2112 4263 in

550 4299 749 4367 ipsum,
784 4299 924 4350 sicut
953 4299 1027 4349 ait
1063 4311 1217 4350 sacra
1265 4296 1545 4363 Scriptura
1574 4297 1689 4350 ⁸¹’⁴.
1723 4296 1909 4351 Jesutlt
1944 4300 2113 4367 igitur

550 4389 887 4449 invocantes,
913 4387 1003 4455 qtti
1030 4395 1113 4441 est
1138 4386 1319 4440 lumen
1352 4396 1660 4455 paternum,
1695 4387 1891 4442 lumen
1917 4405 2108 4445 verum

550 4481 695 4549 quod
720 4480 983 4532 illuminat
1002 4494 1225 4534 omnem
1243 4480 1515 4534 hominem
1552 4483 1858 4535 venientem
1895 4483 1948 4536 in
1974 4487 2119 4538 hunc

555 4569 817 4623 mundum
847 4569 916 4634 ⁸³,
948 4583 1044 4638 per
1074 4583 1236 4638 quem
1262 4571 1551 4626 habuimus
1584 4586 1865 4627 accessum
1910 4572 1975 4625 ad
2014 4571 2117 4625 Pa-

553 4673 690 4717 trem
739 4661 834 4723 ⁸²⁶,
889 4663 1214 4730 principium
1256 4662 1500 4730 luminis,
1564 4666 1618 4718 in
1688 4665 2121 4720 illuminationes

553 4734 873 4809 satirarum
908 4754 1323 4823 Scripturarum
1350 4770 1381 4810 a
1409 4755 1665 4811 Patribus
1731 4757 1966 4813 traditas
2022 4773 2122 4827 pro

555 4846 762 4900 viribus
794 4849 1122 4900 intueamur.
1156 4846 1220 4901 Et
1252 4862 1442 4903 rursus
1467 4848 1611 4903 idem
1646 4863 1763 4917 cap.
1791 4849 1847 4913 7,
1873 4849 2120 4919 ejusdem

2180 472 2473 537 vel'sensu,
2500 473 2582 526 vel
2617 483 2794 527 mente
2818 473 3211 543 percipiantur,
3259 470 3677 540 spectatrices,
3705 485 3804 523 ne-

2179 556 2283 641 que
2324 562 3079 633 varietatecontemplationis
3116 578 3400 620 sacrarum
3452 561 3823 631 Scriptura-7

2184 670 2300 708 rum
2334 655 2398 709 ad
2423 654 2591 709 Deum
2616 656 2855 711 elevalas
2879 675 2895 721 ;
2916 657 3007 711 sed
3036 666 3292 726 tauquam
3355 656 3531 711 omni
3601 654 3804 724 cogni-

2185 746 2333 799 tione
2360 746 2593 815 simplici
2625 747 2836 801 altioris
2870 746 3095 801 luminis
3122 746 3390 815 expletas.
3431 755 3497 799 et
3532 753 3803 798 contem-

2180 838 2421 907 platione
2452 838 2607 892 illius
2629 837 3074 908 pulchritudinis,
3133 852 3256 908 qua
3305 848 3389 892 est
3414 836 3707 892 εσθαι-ἧι
3747 843 3819 892 ειη

2182 931 2337 999 origo
2366 930 2817 1000 pulchritudinis,
2840 942 2894 987 et
2915 947 3221 1002 quae'supra
3241 931 3662 986 substantiam
3687 928 3811 996 est,

2183 1021 2320 1074 et‘in
2347 1020 2517 1075 tribus
2551 1021 2819 1091 splendet,
2878 1031 3150 1090 quatenus
3201 1019 3284 1075 fas
3342 1032 3459 1085 est,
3523 1019 3796 1083 refertas,

2183 1111 2586 1165 communionis
2617 1128 2747 1165 vero
2778 1109 2904 1166 Iesu
2933 1112 3193 1166 similiter
3249 1111 3569 1180 participes
3617 1112 3804 1165 factas

2186 1204 2376 1255 nonin
2415 1202 2745 1272 imaginibus
2771 1213 2959 1257 sancte
3011 1202 3340 1262 informatis.
3408 1216 3556 1271 quae
3622 1202 3794 1255 veluti

2187 1293 2459 1347 lnrnusin
2518 1295 2597 1347 eis
2631 1294 2891 1349 deiﬁcatn
2939 1295 3350 1349 similitudinem
3425 1293 3792 1361 exprimant,

2186 1384 2280 1437 sed
2308 1392 2723 1452 tanquam‘vere
2753 1384 2819 1439 ad
2847 1399 2987 1439 eum
3033 1384 3563 1453 appropinquantes
3588 1383 3645 1437 in
3678 1384 3791 1452 ipsa

2189 1477 2361 1544 prima
2410 1476 2825 1545 participatione
2898 1475 3230 1546 cognitionis
3294 1475 3584 1528 luminum
3646 1473 3790 1543 ejus,

2188 1581 2308 1632 qua!
2339 1565 2529 1620 deiﬁca
2562 1574 2714 1631 sunt,
2747 1574 2857 1620 etc.
2891 1566 2968 1621 Rc
2991 1582 3182 1620 rursus
3211 1566 3351 1620 idem
3407 1579 3551 1634 cap.
3592 1565 3653 1629 4,
3722 1564 3792 1617 De

2189 1656 2378 1709 divinis
2403 1656 2699 1709 nominibus
2729 1672 2747 1710 :
2776 1656 2934 1711 Nunc
2972 1666 3154 1711 autem
3212 1656 3625 1710 celebrandum
3681 1671 3781 1706 no—

2196 1744 2280 1797 bis
2348 1743 2603 1798 laudibus
2642 1753 2728 1799 est
2763 1759 2962 1799 nomen
3030 1743 3277 1807 luminis,
3326 1757 3442 1813 quo
3496 1757 3787 1799 sumntum

2192 1837 2391 1889 bonum
2423 1835 2739 1889 nominatur
2765 1852 2778 1899 ;
2805 1848 3083 1891 summum
3116 1837 3261 1889 enim
3294 1835 3509 1889 bonum
3579 1834 3785 1888 dicitur

2191 1926 2373 1980 lumen
2400 1925 2731 1986 intellecttle.
2765 1925 2892 1995 quia
2919 1940 3138 1978 omnem
3180 1936 3420 1978 mentem
3490 1939 3782 1994 supraem-

2191 2016 2383 2071 lestem
2430 2015 2619 2084 implet
2682 2015 2888 2069 lumine
2939 2015 3282 2079 intellectili;
3316 2030 3542 2069 omnem
3598 2025 3776 2068 autem

2193 2106 2554 2177 ignorantiam
2584 2114 2638 2161 et
2668 2120 2915 2161 errorem
2950 2120 3015 2160 ex
3046 2089 3299 2160 omnibus
3332 2105 3564 2163 animis.
3600 2106 3781 2173 inqui-

2194 2195 2298 2250 bus
2322 2205 2427 2261 est,
2480 2195 2654 2261 ejicit,
2680 2205 2736 2250 et
2789 2194 2921 2264 ipsis
2966 2195 3222 2249 omnibus
3274 2195 3460 2249 lumen
3523 2206 3773 2249 sanctum

2196 2287 2462 2355 impertit,
2504 2301 2806 2355 earumque
2850 2286 3041 2341 oculos
3097 2288 3295 2340 utentis
3355 2300 3383 2337 a
3417 2285 3657 2355 caligine
3710 2301 3770 2338 ex

2196 2376 2504 2445 ignorantia
2527 2377 2855 2431 circumfusa
2897 2386 3149 2446 repurgat
3178 2388 3231 2431 et
3257 2376 3452 2430 liberat
3480 2394 3500 2440 ;
3527 2386 3584 2430 et
3618 2376 3767 2429 exci-

2200 2473 2275 2522 tat
2304 2475 2468 2534 atque
2507 2467 2684 2535 aperit
2714 2467 2879 2519 multa
2919 2467 3187 2534 gravitate
3216 2465 3575 2521 tenebrarum
3624 2480 3772 2520 cotu-

2195 2571 2412 2625 pressos
2439 2565 2493 2610 et
2515 2557 2753 2620 clausos,
2803 2555 3006 2624 datque
3060 2558 3293 2623 primum
3353 2557 3578 2626 quidem
3657 2570 3766 2607 me-

2199 2650 2438 2702 diocrem
2498 2647 2866 2717 splendorem,
2921 2644 3116 2701 deinde
3165 2656 3425 2716 tanquam
3484 2646 3763 2715 degustato

2201 2739 2430 2804 lumine,
2463 2751 2512 2793 et
2558 2740 2731 2795 oculis
2748 2738 2861 2809 jam
2931 2738 3104 2809 magis
3148 2750 3274 2808 post
3334 2740 3757 2811 degustationrm

2199 2832 2382 2887 lumen
2417 2833 2826 2907 appetentibus,
2871 2831 3047 2899 magis
3093 2832 3437 2900 seimpertit,
3487 2840 3540 2886 et
3584 2830 3758 2897 copio-

2200 2923 2318 2978 sius
2349 2924 2543 2994 fulget,
2576 2924 2704 2994 qu'ra
2758 2922 3066 2977 dilexerunt
3123 2923 3388 2988 multum;
3443 2939 3504 2978 ac
3552 2936 3755 2990 semper

2127 3008 2172 3070 C
2204 3029 2296 3069 eas
2324 3015 2550 3070 ulterius
2578 3017 2829 3084 provehit
2858 3018 3214 3085 proportione
3253 3015 3425 3070 studii
3452 3029 3628 3069 earum
3680 3011 3743 3088 ad

2206 3107 2577 3175 aspiciendum
2609 3122 2851 3163 sursum.
2896 3106 3104 3161 Lumen
3138 3108 3305 3175 igitur
3333 3104 3616 3160 intellectile
3654 3102 3732 3151 di-

2207 3198 2351 3252 citur
2378 3198 2507 3251 illud
2548 3200 2774 3265 bonum,
2809 3199 2954 3268 quod
3003 3206 3088 3254 est
3143 3214 3306 3267 supra
3352 3213 3497 3251 omne
3535 3194 3724 3254 lu‘uen.

2208 3300 2464 3359 tanquam
2487 3290 2608 3344 fons
2626 3290 2929 3356 radiorum,
2950 3300 3001 3345 et
3018 3289 3212 3345 etinsio
3233 3290 3445 3345 luminis
3476 3284 3733 3341 inundans

2209 3398 2424 3437 omnem
2457 3368 2705 3437 mentem-
2736 3383 3237 3452 supramuudanam
3303 3381 3379 3451 (2)
3438 3390 3484 3434 et
3530 3378 3745 3431 circuiu-

2208 3476 2641 3541 mundanam,et
2663 3477 3016 3538 mundanam,
3046 3490 3119 3529 ex-
3150 3473 3484 3543 plenitudine
3513 3484 3603 3526 sua
3634 3465 3749 3520 illu—

2211 3571 2451 3633 minaus,
2482 3577 2536 3624 et
2569 3576 2717 3622 totas
2760 3582 2947 3621 earum
2980 3566 3263 3621 facultates
3310 3558 3635 3633 intelligendi
3676 3569 3754 3608 re-

2210 3675 2442 3723 novans,
2464 3669 2517 3713 et
2538 3673 2727 3712 omnes
2768 3657 3078 3719 continens,
3120 3664 3395 3725 quatenus
3445 3667 3601 3721 supra
3652 3659 3760 3701 om-

2213 3764 2313 3805 nes
2376 3748 2675 3811 tenditur;
2726 3756 2777 3801 et
2796 3746 3051 3801 omnibus
3104 3745 3461 3806 antecellens,
3508 3749 3758 3811 quatenus

2212 3855 2378 3909 supra
2410 3854 2601 3892 omnes
2631 3846 2761 3902 stat,
2800 3847 2854 3890 et
2887 3835 3133 3890 utsemel
3159 3835 3357 3899 dicam,
3388 3848 3599 3889 onmem
3625 3829 3760 3898 prin-

2212 3933 2449 4001 cipatum
2508 3929 2843 3984 illuminandi
2907 3935 3162 3996 tanquam
3224 3927 3477 3996 princeps
3535 3918 3759 3977 luminis,

2212 4032 2265 4077 et
2296 4038 2458 4092 supra
2491 4037 2653 4091 quam
2702 4021 2911 4084 lumen,
2983 4020 3035 4071 iu
3063 4034 3122 4072 se
3175 4018 3623 4084 comprehensum
3683 4010 3766 4061 ha-

2216 4116 2328 4179 bet,
2386 4125 2439 4168 et
2497 4130 2659 4182 supra
2710 4128 2873 4182 quam
2934 4111 3104 4165 habet
3152 4119 3206 4164 et
3275 4109 3582 4179 prmhabet;
3623 4112 3767 4171 atque

2214 4208 2397 4262 omnia
2433 4208 2644 4261 ratione
2682 4216 2733 4260 et
2767 4216 2949 4258 men'e
2990 4204 3194 4256 utentia
3242 4211 3556 4270 congregat,
3600 4204 3651 4251 et
3720 4193 3766 4243 in

2219 4316 2384 4353 unum
2422 4296 2912 4366 copulttycteuim
2986 4295 3143 4349 sicut-
3209 4293 3515 4362 ignorantia
3595 4300 3768 4342 erran—

2219 4401 2299 4446 tcs
2384 4390 2627 4451 diritnit,
2693 4390 2773 4442 sic
2850 4387 3115 4441 adventus
3197 4384 3422 4459 luminis
3498 4380 3771 4448 congregat

2213 4491 2268 4537 et
2305 4482 2521 4550 copulat
2570 4480 2919 4543 illuminatos,
2962 4477 3278 4548 perlicitque
3336 4491 3451 4540 eos,
3506 4484 3578 4543 et.
3607 4470 3669 4524 ad
3726 4463 3783 4527 id,

2213 4574 2355 4643 quod
2418 4586 2541 4626 vere
2598 4581 2716 4635 eSI,
2764 4579 3055 4634 convertit,
3112 4583 3141 4621 a
3198 4567 3408 4622 multis
3463 4557 3771 4635 opinationi-

2227 4665 2328 4719 bus
2361 4677 2454 4719 eos
2488 4675 2766 4722 revocans.
2793 4676 2858 4714 ac
2886 4662 3077 4714 varios
3124 4667 3401 4728 aspectus,
3438 4658 3519 4711 vel
3578 4663 3635 4708 ut
3667 4664 3771 4704 ma-

2226 4758 2309 4826 gis
2342 4756 2556 4825 pmprie
2596 4755 2794 4820 dicam,
2858 4755 3016 4809 varia
3047 4755 3161 4809 visa
3223 4754 3276 4807 in
3318 4768 3478 4807 uuam
3521 4761 3692 4806 veram
3728 4748 3775 4795 et

2228 4862 2416 4917 puram
2462 4861 2546 4900 .ac
2589 4845 2888 4915 simplicem
2946 4844 3313 4915 cogn'tioncm
3378 4840 3671 4899 contrahit,
3727 4838 3774 4885 ει

558 4936 889 4993 Hierarcltia'
923 4938 1149 4993 caelestis
1186 4939 1719 5008 :Coutemplatrices
1757 4950 1939 4995 autem
1997 4941 2139 4994 sub-
2235 4938 2573 4993 unoluminc
2589 4939 2790 4992 uni-ilco
2822 4937 3031 5008 implet.
3073 4934 3267 4992 lmoct
3286 4934 3585 5006 Gregorius
3610 4929 3773 4984 Theo-

627 5052 693 5084 ⁶¹⁶
720 5051 836 5108 Jac.
858 5067 896 5116 ι,
926 5052 1006 5105 l7.
1080 5053 1337 5107 ""Rom.
1365 5053 1550 5119 XI,3’5.
1626 5052 1854 5108 "Idan.
1876 5069 1913 5116 ι,
1941 5051 1992 5107 9.
2068 5053 2350 5121 "’Ephes.
2370 5071 2428 5121 tt,
2457 5053 2561 5120 f8;
2592 5052 2745 5110 Rom.
2778 5069 2830 5119 ν,
2856 5050 2910 5109 2.

666 5161 680 5176 '
2032 5146 2313 5211 Scholia.

629 5251 703 5313 (ι)
745 5246 861 5321 Hoc
890 5252 1176 5321 contingit,
1201 5268 1324 5309 cum
1373 5267 1565 5306 sumus
1616 5249 1806 5321 eodem
1842 5263 2019 5321 fensu
2062 5258 2118 5321 ct

562 5318 855 5379 sententia,
911 5322 1051 5375 sit-ut
1083 5316 1394 5389 'Apostulus
1440 5320 1684 5388 prret-ipit
1730 5316 1775 5386 (1·
1828 5316 2055 5389 σὸτηιη
2092 5317 2121 5389 ἴ

563 5400 776 5458 seqq.);
832 5391 974 5455 quoi
1026 5386 1242 5456 quidem
1298 5408 1391 5458 per
1438 5386 1904 5458 participationem
1949 5386 2133 5458 divini

566 5454 796 5526 Ιιιιηῖιιίῖξ
828 5460 905 5521 ﬁt.
952 5454 1318 5526 impleutrque
1368 5454 1494 5511 illud
1529 5459 1582 5511 in
1619 5457 1911 5526 Evangelii)
1950 5454 2121 5508 Joan-

757 5524 826 5587 Ut
867 5542 918 5582 et
953 5523 1051 5597 ipsi
1102 5532 1156 5583 in
1206 5529 1361 5584 nobis
1394 5544 1561 5582 unum
1612 5529 1722 5581 sint
1760 5523 1939 5595 (Joun.
1988 5540 2135 5591 xm,

564 5601 584 5625 ς

745 5666 977 5737 Angelus
1025 5666 1442 5723 cxcellcutiorcs
1466 5665 1597 5722 dicit
1647 5664 1972 5721 aSsis‘ieutcs
2010 5662 2124 5717 Deo

2227 5250 2390 5319 (Dan.
2412 5257 2530 5314 νηὶ,
2553 5261 2606 5306 et
2624 5250 2845 5316 angelos
2862 5249 3125 5304 obeuntes
3142 5247 3603 5319 ministeria‘circa
3624 5243 3774 5294 humi-

2226 5314 2321 5375 nes
2360 5323 2410 5373 itt
2445 5320 2548 5373 huc
2567 5314 2768 5373 mundo
2793 5320 2907 5383 ;-ad
2937 5319 3033 5373 hos
3067 5320 3295 5387 pertinet
3327 5319 3456 5371 illud
3487 5317 3539 5371 itt
3574 5314 3769 5367 Deum-

2230 5404 2375 5442 χχιιι
2405 5405 2420 5439 :
2448 5389 2740 5443 Constituit
2775 5390 3037 5443 terminos
3062 5389 3301 5456 gentium
3321 5388 3471 5455 juxta
3509 5387 3772 5456 nume'rtltfj

2229 5442 2678 5523 angelorum-Dei.
2701 5442 2839 5530 Etin
2876 5442 3356 5530 Evange’Mdlottlt,
3397 5442 3773 5530 κνιιιγεᾼιικοβ

2228 5544 2415 5581 eorum
2464 5543 2681 5596 semper
2732 5529 2915 5581 vident
2958 5528 3154 5591 faciem
3211 5527 3421 5590 Patris;
3474 5527 3785 5582 tat-animas,

2228 5614 2367 5666 quas
2403 5596 2723 5654 tttuudanas-
2746 5605 2956 5653 utentes
2985 5606 3165 5653 vocat.
