4078 6274
506 309 615 372 δεῖ
1675 306 2002 365 JOANNlS
2039 305 2221 365 CYPA
2236 304 2606 366 RISSIOTJE
2726 313 2739 325 '
3655 307 3768 369 821i

512 434 598 473 tur
623 420 881 475 insistens
924 428 1180 489 tanquam
1216 418 1269 471 in
1312 416 1563 487 vestigiis
1625 419 1859 473 summis
1913 421 2087 473 intcl-.
2112 431 2154 485 Α
2187 422 2298 484 Dei,
2324 432 2377 475 et
2414 421 2593 488 ignem
2628 421 2757 472 item
2792 418 3084 493 imaginem
3124 417 3254 483 Dei;
3288 428 3345 472 et
3378 433 3407 472 τι
3471 419 3775 495 ιιιιιιιιξιιιυις-¹

442 508 452 517 ’
509 515 743 569 luctibus
767 514 1010 567 locorum
1035 513 1150 584 ejus
1176 510 1646 565 sanctissin'rorum
1681 529 1693 562 :
1730 528 1794 567 ac
1846 520 1980 565 tunc
2008 514 2077 568 ah
2171 513 2296 574 bus,
2319 524 2376 566 ιιι
2409 511 2524 566 sole
2565 510 2873 574 ct'lumine,
2909 511 3142 577 imponit
3182 510 3293 566 Deo
3327 526 3524 564 nomen
3590 510 3759 564 lumi-

511 610 580 663 iis
596 624 715 677 qua:
746 607 1017 670 videntur,
1043 605 1185 660 etab
1210 605 1275 659 iis
1307 603 1395 673 qui
1425 603 1629 667 vident,
1690 604 1980 661 absolutus
2026 616 2079 660 et

511 699 898 769 expeditus,in
943 696 1229 765 caliginem
1254 711 1393 758 _vere
1412 696 1696 766 mysticam
1750 695 2074 766 ignorantiae

513 792 839 860 Ingreditur,
867 789 920 842 in
948 805 1051 859 qua
1087 786 1319 856 mystica
1353 788 1587 857 caligine
1607 803 1802 843 omnes
1830 792 2082 843 notiones

510 883 771 947 excludit,
799 883 922 936 etin
958 880 1184 952 ipsequi
1219 880 1469 935 funditus
1502 895 1679 950 neque
1699 881 1869 951 tangi,
1904 897 2082 951 neque

512 980 678 1031 videri
716 985 914 1046 potest,
949 976 1141 1039 lueret,
1172 973 1351 1031 iactus
1404 984 1552 1029 tctus
1579 974 1752 1044 ipsius
1784 976 1877 1046 qui
1938 976 2083 1030 ultra

509 1070 818 1133 nuntiaest,
853 1084 1032 1138 neque
1051 1083 1206 1134 suus,
1241 1083 1343 1122 nec
1372 1068 1539 1123 ullius
1560 1066 1808 1134 alterius,
1835 1083 1957 1122 cum
2018 1083 2083 1123 ευ

506 1173 683 1213 autem
721 1160 920 1231 quiest
963 1161 1178 1230 penitus
1230 1159 1561 1230 incognitus,
1612 1173 1709 1228 per
1739 1161 2080 1214 vacationem

507 1251 685 1307 omnis
748 1250 1102 1322 cognitionis,
1183 1250 1481 1304 secundum
1521 1249 1795 1303 meliorem
1870 1259 2080 1318 partem

506 1343 817 1410 copulatus.
886 1341 951 1396 Et
1004 1340 1301 1411 Gregorius
1353 1337 1664 1411 'l'heologus
1695 1341 1749 1394 in
1834 1341 2082 1395 Oratione

508 1428 576 1481 de
640 1428 956 1497 baptismo:
1007 1427 1169 1494 Deus,
1202 1428 1398 1496 inquit,
1474 1437 1559 1483 est
1585 1429 1768 1484 lumen
1798 1445 2076 1484 summum

506 1526 562 1571 et
616 1517 978 1582 inaccessum,
1050 1516 1197 1585 quod
1261 1532 1435 1587 neque
1458 1526 1640 1574 mente
1667 1519 2078 1589 comprehendi,

506 1622 686 1674 neque
729 1610 977 1663 oratione
1018 1610 1266 1679 expromi
1318 1616 1514 1679 potest,
1572 1611 1827 1681 quodque
1862 1627 2078 1667 omnem

507 1716 540 1752 ιι
581 1711 759 1754 turam
837 1700 1070 1757 rationis
1133 1700 1454 1771 participem
1511 1700 1856 1757 illuminandi
1918 1704 2090 1759 habet.

510 1790 577 1843 fa.
602 1791 857 1844 nitatem:
935 1792 1039 1846 hoc
1118 1800 1201 1846 est
1251 1791 1306 1845 in
1367 1791 1434 1847 iis
1500 1808 1622 1862 qua:
1677 1792 2076 1862 intelliguntur,

511 1883 660 1947 quod
722 1881 802 1937 sol
839 1883 891 1936 in
986 1882 1052 1937 iis
1077 1877 1199 1951 quae
1224 1854 1550 1938 sentiuntur.
1577 1883 1652 1938 Ex
1679 1854 1882 1954 quibus
1908 1895 2077 1955 patet,
2107 1854 2153 1914 Β

506 1971 691 2027 omnia
769 1971 995 2037 lumina,
1031 1974 1146 2030 sive
1177 1990 1298 2045 qua:
1328 1989 1495 2030 sensu
1555 1976 1961 2044 percipiuntur,
2008 1975 2085 2031 si-

508 2076 577 2117 ve
605 2077 727 2130 qua:
755 2063 1136 2135 intelligentia,
1195 2064 1338 2120 inira
1372 2067 1605 2137 relinqui
1631 2067 1701 2122 ab
1728 2068 1794 2123 iis
1851 2067 1942 2136 qui
2009 2068 2079 2122 ad

509 2166 781 2221 summam
813 2156 1333 2224 contemplationem
1366 2160 1487 2227 eius
1539 2156 1632 2227 qui
1686 2157 1830 2213 ultra
1890 2159 2077 2213 omnia

507 2254 612 2309 est,
642 2255 956 2311 evaserunt,
992 2254 1051 2300 et
1112 2247 1168 2301 iu
1215 2247 1504 2317 caliginem
1575 2249 2074 2319 splendidissimam

506 2354 616 2391 non
643 2338 1136 2408 comprehendendi
1165 2338 1290 2394 eum
1345 2340 1577 2410 ingressi
1612 2350 1761 2408 sunt,
1791 2341 1941 2395 nullo
1994 2342 2082 2396 lu-

511 2429 657 2481 tnine
686 2444 807 2482 eum
838 2430 1177 2498 exprimente
1211 2439 1265 2485 et
1294 2431 1630 2500 designante.
1668 2431 1742 2487 Ex
1808 2432 2080 2501 capitibus

512 2520 788 2596 dispositis
818 2531 1031 2575 constat
1052 2522 1318 2590 expositio
1351 2523 1659 2578 materiaria
1684 2523 1845 2595 hujus
1879 2527 2083 2595 partis;

507 2611 755 2664 Ostensio
772 2611 912 2665 cnim
947 2602 1211 2668 luminum
1243 2614 1548 2670 divinorum
1582 2626 1676 2670 aut
1701 2616 1752 2670 in
1789 2617 2086 2672 luminibus

508 2715 630 2772 quin
651 2702 982 2770 sentiuntur,
998 2704 1340 2772 continetur;
1365 2716 1419 2762 et
1439 2705 1571 2762 facit
1594 2707 1762 2763 solem
1793 2691 2081 2779 imaginem

2186 605 2373 670 nis;et
2412 620 2438 654 τι
2500 604 2714 668 mediis,
2751 612 2809 655 ut
2847 603 2917 657 ab
2981 604 3126 673 igne,
3192 598 3287 656 aut
3337 604 3649 657 continetur
3703 604 3761 656 in

2184 694 2478 751 luminibus
2505 696 2883 768 sytnbolicisin
2914 697 3115 766 quibus
3135 699 3405 765 prmcipua
3427 706 3510 749 est
3536 697 3763 765 appari-

2184 789 2260 844 tio
2324 791 2547 845 luminis
2613 789 2752 845 faeta
2787 791 2840 844 itt
2904 789 3250 845 divinissima
3324 789 3769 855 transliguralio—

2187 897 2254 936 ne
2320 882 2501 937 vultus
2562 883 2802 945 Domini,
2864 882 2955 947 qui
3006 880 3284 950 splenduit
3313 881 3583 941 sicutsol,
3636 895 3768 949 qua:

2146 970 2432 1031 ,decorem
2501 972 2746 1041 corporis
2825 970 3027 1025 Christi
3090 979 3212 1039 post
3290 968 3760 1023 resurrectionem

2184 1061 2410 1131 gloriosi
2448 1061 2575 1115 facti
2618 1072 2877 1130 tanquam
2936 1061 2993 1115 in
3041 1061 3275 1130 imagine
3300 1061 3762 1129 reprzescntabat;

2181 1164 2236 1208 et
2284 1154 2584 1223 symbolum
2640 1164 2755 1208 erat
2806 1135 3127 1215 divinitatis.
3166 1169 3287 1222 quse
3314 1152 3365 1206 in
3403 1169 3470 1207 eo
3500 1151 3701 1206 latebat
3744 1169 3764 1209 :

2180 1246 2306 1314 quia
2382 1245 2435 1297 in
2511 1243 2733 1298 Christo
2812 1243 3095 1298 Saluatore
3182 1253 3370 1305 nostro
3450 1243 3593 1296 idem
3678 1252 3770 1297 est

2181 1338 2364 1391 dicere
2422 1338 2731 1404 symbolum
2805 1337 3055 1405 corporis
3105 1334 3393 1406 gloriﬁcati
3456 1344 3512 1387 et
3558 1333 3767 1388 divini-

2181 1429 2309 1483 tatis
2362 1428 2499 1498 ejus,
2536 1438 2591 1481 ει
2645 1429 2787 1498 quod
2833 1428 3036 1493 lumen,
3104 1428 3253 1497 quod
3297 1427 3465 1482 sicin
3529 1428 3767 1484 Domino

2184 1519 2241 1571 in
2294 1529 2475 1573 monte
2527 1519 2744 1574 Thabor
2794 1521 3066 1589 apparuit,
3115 1520 3574 1587 pulchritudinem
3628 1520 3767 1575 Adae

2178 1605 2305 1662 ante
2337 1619 2614 1677 peccatum
2665 1609 3012 1679 signiﬁcavit,
3067 1625 3296 1678 eamque
3339 1611 3452 1676 jam
3506 1619 3759 1663 naturam

2180 1701 2234 1754 in
2299 1702 2632 1754 lmmanitate
2688 1700 2894 1756 Christi
2970 1716 3340 1768 recuperasse.
3400 1710 3455 1757 et
3516 1701 3760 1755 futurum

2180 1805 2302 1846 esse
2354 1801 2477 1860 post
2550 1793 3001 1846 resurrectionem
3073 1792 3420 1861 splendorum
3461 1794 3761 1863 iustorum,

2182 1892 2235 1936 et
2263 1884 2387 1949 quid
2412 1883 2484 1937 sit
2512 1884 2813 1939 secundum
2854 1886 3229 1939 exslstentiam
3264 1885 3470 1946 lumen,
3521 1884 3665 1953 quod
3702 1887 3757 1937 in

2182 1975 2367 2031 futuro
2429 1977 2714 2047 apparebit
2746 1987 2871 2044 post
2921 1974 3436 2031 resurrectionem:
3498 1991 3555 2030 ει
3611 1977 3758 2044 quod

2182 2065 2327 2122 Deus
2356 2056 3001 2133 cstlumenintellectile,
3053 2067 3277 2135 quodin
3326 2067 3536 2121 naturis
3578 2068 3760 2120 ineor-

2182 2157 2361 2229 poreis
2392 2157 2664 2228 splendet,
2700 2166 2976 2228 quatenus
3010 2173 3136 2212 vere
3192 2156 3503 2225 splendoris
3566 2170 3759 2209 earum

2180 2248 2402 2302 ell'ertor
2422 2258 2526 2309 est.
2557 2255 2835 2317 postremo
2861 2248 2980 2302 loco
2998 2248 3342 2302 vacationem
3383 2249 3451 2300 ab
3475 2246 3624 2301 omni
3668 2246 3758 2301 Iu-

2186 2336 2329 2392 mine
2362 2339 2678 2408 posuimus;
2715 2349 2769 2395 et
2798 2340 2967 2408 ipsam
3008 2339 3250 2393 divinam
3304 2339 3613 2403 caliginem.
3664 2337 3760 2389 Ni-

2190 2430 2260 2483 hil
2295 2431 2458 2500 igitur
2483 2432 2536 2486 in
2573 2433 2888 2486 materiaria
2945 2431 3293 2502 expositione
3330 2431 3493 2496 hujus
3560 2438 3763 2484 tracta-

2189 2521 2354 2576 tionis
2395 2523 2463 2577 de
2510 2525 2714 2578 lumine
2760 2524 3189 2593 praetermissum
3247 2532 3351 2589 est,
3398 2521 3529 2592 quin
3577 2522 3762 2591 potius

2189 2614 2370 2668 omnis
2397 2610 2568 2669 divini
2599 2614 2825 2671 luminis
2856 2615 3101 2670 ostensio
3125 2614 3360 2671 breviter
3390 2621 3619 2670 tractata
3654 2622 3757 2671 est.

1112 2979 1363 3042 ΠΕΟΛὲ
1402 2981 1772 3044 SEPTlMA.
1806 3016 1879 3028 -—
1908 2984 2021 3046 DE
2046 2972 3137 3064 DIVINAbPARTICIPATIONEf

1141 3124 1371 3183 CAPUT
1400 3129 1443 3184 Ι.

503 3259 665 3325 Quod
698 3261 966 3330 proprium
1017 3260 1112 3316 Dei
1150 3272 1249 3325 est,
1292 3264 1477 3319 adesse
1522 3268 1764 3321 omnibus
1795 3283 2083 3324 scamnum

583 3331 977 3405 substantiam;
1014 3342 1075 3405 et,
1108 3334 1241 3386 sicut
1266 3335 1591 3405 substantia
1627 3339 1776 3390 adest
1827 3354 2078 3405 prresens,

580 3403 656 3454 sic
685 3403 846 3480 etiam
879 3404 1188 3480 operatione
1205 3403 1354 3480 adest
1382 3419 1400 3458 :
1426 3414 1474 3458 et
1501 3408 1621 3475 quis
1646 3403 1920 3461 madescit
1940 3403 2079 3479 ρων-ἓ

580 3474 767 3529 seutiu:
795 3472 910 3539 ejus
931 3473 1023 3541 qui
1047 3472 1306 3542 explicari
1335 3490 1435 3528 non
1465 3472 1659 3544 potest.

582 3583 821 3639 Sanctus
856 3581 1104 3640 Justinus
1157 3595 1382 3658 martyr,
1428 3587 1482 3642 in
1532 3587 1795 3645 Oratione
1828 3591 1896 3645 de
1930 3600 2079 3646 recta

500 3674 859 3731 confessione
885 3676 966 3731 ait
1001 3694 1017 3731 :
1049 3678 1338 3744 Quomodo
1370 3679 1607 3735 Verbum
1642 3682 1841 3753 ubique
1867 3694 1955 3738 est
1996 3699 2084 3740 se-

509 3768 752 3821 cundum
794 3768 1194 3824 substantiam?
1226 3771 1296 3825 Et
1325 3773 1599 3840 quomodo
1626 3774 1679 3828 iu
1710 3790 1812 3829 suo
1842 3776 2082 3845 templo?

506 3854 723 3910 Etenim
750 3859 796 3912 si
827 3859 939 3913 iliic
965 3871 1076 3925 est,
1112 3862 1252 3916 sicut
1277 3872 1360 3917 est
1396 3864 1449 3916 in
1479 3864 1761 3928 omnibus,
1798 3865 1929 3919 nihil
1961 3883 2079 3921 am-

508 3947 653 4013 plius
688 3948 908 4005 habebit
935 3952 1220 4020 templum,
1248 3961 1411 4021 atque
1435 3958 1630 4008 caetera
1659 3959 1865 4011 munia.
1892 3956 1956 4012 Et
1989 3959 2079 4013 ubi

510 4039 643 4092 illud
679 4053 969 4108 ponemus,
995 4043 1141 4110 quod
1169 4043 1433 4111 scriptum
1462 4051 1545 4098 est
1573 4061 1589 4097 :
1615 4041 1687 4096 In
1723 4046 1837 4112 ipso
1872 4046 2081 4101 Ιισιὺίιαι

505 4131 785 4199 plenitudo
812 4131 1107 4185 divinitatis
1137 4133 1486 4199 corporaliter
1501 4134 1549 4167 ”
1568 4135 1591 4187 Ἰ
1608 4133 1724 4189 ἐἰη
1751 4146 1931 4190 autem
1953 4138 2079 4207 quis

498 4224 800 4287 ,t-oneedat,
843 4223 1016 4293 magis
1040 4238 1165 4279 esse
1214 4225 1269 4278 in
1305 4226 1530 4295 templo,
1558 4241 1668 4283 non
1720 4229 1872 4284 adest
1903 4231 2082 4283 omni-

508 4314 613 4369 bus
655 4315 956 4369 secundum
1012 4315 1401 4381 substantiam,
1452 4319 1599 4387 quod
1655 4327 1737 4374 est
1793 4321 2093 4390 proprium,

435 4470 439 4473 ν
510 4402 627 4458 Dei.
658 4402 894 4459 Evidens
922 4411 1306 4474 argumentum
1346 4416 1431 4462 est
1485 4408 1745 4476 perﬁdia,
1778 4409 1964 4467 dicere
2015 4414 2080 4468 de

513 4497 642 4563 Deo,
673 4496 999 4563 Quomodo?
1040 4497 1326 4564 Quomodo
1374 4502 1498 4556 caeli
1528 4501 1752 4559 eﬂ’ector
1789 4515 1895 4567 ost,
1938 4521 2081 4572 quo-
2115 4485 2156 4538 υ

511 4587 675 4641 modo
709 4597 888 4653 terrae,
918 4591 1194 4659 quomodo
1224 4592 1411 4657 maris,
1433 4596 1686 4664 aerisque
1711 4605 1766 4650 et
1798 4598 2077 4667 stirpium,

509 4688 563 4733 et
598 4680 957 4735 animantium
984 4684 1253 4744 omnium.
1293 4696 1347 4740 et
1376 4688 1454 4741 tui
1505 4688 1713 4754 ipsius?
1742 4689 1845 4756 Qui
1891 4691 2077 4746 omnia

509 4772 801 4838 diligenter
822 4775 893 4830 de
932 4773 1044 4829 Deo
1072 4776 1295 4844 quarris,
1325 4779 1483 4845 plane
1522 4780 1697 4846 dices,
1723 4781 1908 4837 omnia
1948 4792 2078 4852 pro-

508 4866 735 4920 duxisse
772 4868 991 4936 cepiosa
1021 4869 1258 4938 potentia
1300 4885 1420 4925 sua.
1451 4869 1590 4927 Num
1630 4872 1796 4943 igitur
1835 4876 2079 4943 potentia

516 4954 607 5008 Dei
635 4957 820 5011 aderat
852 4958 1156 5012 secundum
1198 4960 1454 5016 accidens
1496 4962 1563 5016 iis
1590 4978 1713 5031 quae
1752 4964 1972 5028 ﬂebant,
2009 4978 2078 5018 an

512 5050 813 5102 secundum
873 5050 1274 5105 substantiam?
1320 5054 1380 5108 Si
1446 5055 1744 5111 secundum
1797 5056 2078 5121 accidens,

512 5141 702 5194 aderat
734 5140 953 5209 quidem
987 5141 1093 5195 illis
1120 5145 1274 5210 quasi
1302 5154 1507 5209 essent,
1529 5153 1818 5215 antequam
1850 5147 2076 5211 ﬂerent;

513 5229 779 5300 siquidem
805 5231 1076 5300 [accidens
1106 5249 1211 5288 non
1249 5244 1333 5289 est
1359 5235 1658 5289 secundum
1695 5244 1945 5289 naturam
1985 5253 2080 5306 per

516 5334 596 5397 se,
636 5321 729 5379 sed
762 5320 812 5374 in
845 5322 1116 5390 aliquibus
1144 5323 1298 5393 prius
1339 5324 1606 5393 subjectis
1634 5326 1870 5381 exsistit.
1912 5327 1984 5380 At
2032 5324 2077 5380 si

517 5413 619 5464 hoc
643 5413 931 5466 ridiculum
973 5423 1077 5477 est,
1115 5415 1443 5485 relinquitur
1482 5417 1780 5484 potentiam
1829 5416 1918 5471 Dei
1958 5434 2079 5471 om-

518 5502 680 5557 nibus
726 5504 918 5558 adesse
959 5506 1262 5562 secundum
1294 5506 1681 5563 substantiam.
1733 5508 1874 5564 Num
1915 5508 2081 5581 igitur

590 5670 636 5704 ⁸³
668 5673 879 5732 (loloss.
912 5693 975 5744 tt,
1001 5678 1056 5733 9.

2101 3137 2149 3201 C
2178 3139 2306 3208 quia
2354 3138 2592 3207 potentia
2647 3135 2738 3191 Dei
2772 3136 3029 3190 omnibus
3077 3148 3199 3206 quae
3257 3133 3416 3196 llum,
3451 3134 3755 3188 secundum

2184 3229 2545 3284 substantiam
2593 3229 2802 3291 aderat,
2835 3228 2968 3281 nihil
3010 3226 3246 3296 amplius
3280 3225 3539 3295 templum
3577 3226 3756 3292 ipsum

2185 3322 2238 3376 in
2270 3333 2377 3388 quo
2421 3317 2544 3385 fuit,
2575 3317 2853 3391 habebat?
2891 3315 3064 3371 Habet
3111 3318 3214 3370 hoc
3257 3316 3674 3381 dubitationem,
3704 3323 3757 3369 et

2183 3412 2315 3467 illud
2351 3411 2545 3480 habet;
2592 3420 2643 3465 et
2676 3408 2808 3465 ﬁdes
2841 3419 2927 3464 est
2970 3409 3257 3477 utriusque
3282 3408 3640 3462 dubitationis
3669 3423 3757 3462 so-

2186 3505 2340 3559 lutio.
2396 3501 2580 3558 Vidisti
2614 3501 3072 3572 quemadmodum
3121 3500 3273 3553 ratio'
3300 3499 3504 3554 invicta
3558 3501 3754 3554 evertit

2182 3595 2461 3668 perﬁdiam
2487 3614 2500 3662 ;
2536 3595 2655 3648 vide
2687 3594 2901 3663 linguas
2931 3606 3055 3645 cum
3086 3588 3198 3646 Deo
3229 3598 3532 3660 pugnantes
3562 3593 3747 3644 ocrlu-

2183 3700 2294 3740 sas.
2329 3686 2472 3746 Idem
2505 3684 2704 3739 etiam:
2742 3684 2835 3738 Die
2865 3683 3030 3752 igitur
3060 3682 3336 3752 quomodo
3366 3679 3598 3736 Verbum
3619 3696 3747 3736 caro

2183 3778 2409 3842 factum,
2450 3782 2619 3833 cados
2652 3790 2758 3832 non
2793 3774 3127 3846 dereliquit?
3162 3772 3307 3828 Sane
3345 3773 3558 3839 dicetis,
3602 3775 3744 3845 quod

2183 3883 2410 3925 manens
2461 3869 2620 3933 Deus,
2653 3867 2736 3924 sic
2792 3865 2969 3921 fartus
3015 3874 3121 3920 est.
3161 3864 3374 3919 llursus
3425 3879 3556 3934 ergo
3587 3864 3749 3918 dicite

2182 3961 2362 4025 nobis,
2404 3961 2678 4030 quomodo
2706 3972 2954 4023 mancus,
2981 3955 3157 4010 factus
3176 3964 3260 4011 est
3280 3956 3307 4009 Y
3331 3954 3387 4009 Si
3419 3955 3564 4008 enim
3604 3970 3750 4007 tuan-

2180 4050 2420 4119 sitquod
2454 4057 2593 4113 erat,
2638 4049 2917 4118 quomodo
2953 4045 3129 4100 factus
3169 4054 3255 4100 est
3282 4045 3428 4115 quod
3465 4059 3575 4100 non
3606 4044 3752 4098 erat?

2180 4141 2274 4197 Sin
2330 4141 2737 4199 auteml‘actus
2791 4149 2872 4194 est
2925 4139 3070 4206 quod
3124 4153 3230 4191 non
3288 4147 3424 4201 erat,
3474 4137 3746 4206 quomodo

2181 4233 2385 4287 mansit
2430 4216 2576 4301 quod
2622 4231 2772 4285 erat?
2834 4231 3070 4284 Dubium
3126 4228 3295 4283 habes
3343 4229 3408 4280 de
3457 4228 3748 4286 solutione,

2181 4324 2321 4378 habe
2367 4324 2529 4376 etiam
2578 4322 2806 4377 dubium
2863 4320 2932 4375 de
2983 4319 3141 4374 modo
3177 4318 3420 4372 unionis.
3474 4319 3542 4370 At
3575 4317 3748 4370 credis

2180 4416 2323 4485 quod
2356 4428 2606 4477 manens,
2637 4412 2813 4467 factus
2842 4420 2962 4477 est;
2994 4411 3156 4467 crede
3184 4410 3347 4464 etiam
3395 4408 3587 4464 adesse
3632 4409 3749 4460 ubi-

2183 4523 2291 4577 que
2339 4506 2638 4561 se'eundum
2681 4504 3040 4559 substantiam
3090 4501 3347 4565 Verbum,
3394 4510 3450 4555 et
3480 4501 3750 4571 pra-cipue

2188 4595 2588 4665 quodammodo
2612 4608 2733 4648 esse
2762 4592 3054 4661 intemplo
3097 4604 3219 4645 suo.
3270 4590 3387 4643 lino
3431 4598 3752 4643 tet-sanctus

2187 4686 2510 4743 Anastasius
2558 4685 2954 4746 Antiochenus,
2997 4685 3051 4736 in
3085 4683 3227 4737 libro
3263 4681 3336 4736 De
3364 4679 3755 4734 incircumscri-

2185 4790 2297 4852 pto,
2322 4782 2397 4834 ait
2432 4800 2447 4836 :
2472 4781 2577 4836 Sed
2611 4780 2859 4849 quidam,
2889 4778 3085 4849 inquit,
3112 4788 3169 4833 ut
3198 4778 3434 4848 videtur,
3468 4777 3754 4830 inﬁrmita-

2189 4881 2294 4926 tem
2326 4871 2558 4941 propria
2582 4874 2792 4924 natura
2829 4870 2882 4922 in
2915 4866 3081 4923 Deum
3119 4867 3480 4929 transferunt,
3514 4865 3753 4923 restricti

2189 4964 2242 5018 in
2278 4962 2554 5025 maximis,
2577 4971 2630 5016 et
2651 4962 3029 5017 existimantes
3060 4959 3258 5035 melius
3278 4974 3401 5014 esse
3427 4957 3752 5013 contrahere

2187 5053 2423 5108 divinam
2456 5061 2705 5107 naturam
2740 5065 2767 5105 a
2800 5051 3237 5120 materia,quaut
3262 5050 3606 5113 existimare,
3634 5062 3757 5103 eam

2188 5159 2358 5215 usque
2410 5145 2477 5203 ad
2531 5145 2714 5217 omnia
2768 5143 2915 5198 tendi
2972 5152 3027 5197 ct
3064 5142 3306 5212 porrigi;
3357 5155 3578 5210 prorsus
3612 5139 3758 5193 arbi—

2190 5245 2397 5290 trantes
2425 5236 2578 5292 nefas
2606 5244 2660 5290 et
2700 5237 2925 5306 impium
2967 5248 3111 5298 esse,
3154 5244 3401 5287 naturam
3446 5232 3592 5286 illam
3633 5244 3779 5300 quae.

2190 5330 2478 5397 plusquam
2528 5327 2668 5380 ultra
2700 5326 2886 5380 omnia
2928 5337 3031 5389 est,
3072 5321 3219 5378 indui
3274 5320 3597 5391 corporibus
3630 5335 3750 5395 non

2189 5416 2528 5481 decentibus,
2562 5414 2813 5470 sordibus
2844 5422 2898 5468 et
2924 5423 3062 5468 tetro
3087 5415 3251 5467 odore
3295 5413 3492 5482 plenis,
3518 5410 3603 5468 vel
3631 5411 3751 5464 ani-

2193 5509 2297 5563 mis
2330 5507 2512 5577 impiis
2540 5526 2559 5573 ;
2597 5508 2681 5564 vel
2714 5507 2836 5564 aliis
2869 5504 3229 5577 quibusdam,
3265 5521 3385 5575 qum
3431 5504 3655 5560 minime
3686 5502 3754 5558 de

2162 5808 2177 5815 _
2202 5807 2219 5813 δ
2230 5800 2367 5813 υ.-η⁴-ι.
