4078 6274
371 398 488 461 ἐἷἰὂ

1179 406 1423 467 DEC.\S
1457 409 1564 467 VII
1625 431 1682 444 ιη
1721 409 1818 468 DE
1855 407 2114 468 DIVINA
2149 407 2822 472 PARTICIPATIONE.

3508 417 3613 478 865

382 511 492 566 Deo
524 515 748 582 ('Ogilari
782 515 1009 579 dcbnnt;
1039 513 1094 568 hi
1133 500 1574 571 rcverahuuiilia
1609 519 1872 582 sentiunt,
1897 528 1950 571 et
1981 529 2032 575 Α.
2050 526 2130 568 est
2170 530 2266 584 per
2301 530 2361 571 se
2410 518 2762 587 substantia),
2796 516 3022 574 evidens
3049 521 3366 576 consecutio
3411 537 3519 590 est,
3561 531 3613 584 in

381 601 512 668 Deo,
547 620 610 658 ac
645 605 1022 673 magnitudine
1055 606 1172 675 ejus
1206 622 1327 675 (tua:
1360 609 1550 677 attingi
1590 623 1696 662 non
1745 618 1943 674 potest,

375 693 624 762 indigna.
670 694 733 747 Et
770 695 931 762 paulo
981 709 1103 763 post
1139 713 1152 749 :
1187 696 1390 751 Debilia
1425 698 1591 766 igitur
1638 707 1692 751 et
1733 699 1945 751 infirma

377 783 578 839 animis
604 787 830 854 agitant,
883 787 1197 855 nullumque
1231 789 1631 843 [irritamentum
1665 790 1942 854 habentia,

375 875 503 946 quia
524 878 743 931 ~nullam
796 889 1104 934 creaturam
1141 896 1295 934 suam
1355 883 1530 948 rejicit
1569 881 1748 948 Deus;
1809 883 1942 937 nihil

375 971 524 1023 enim
559 971 841 1024 sordidum
872 960 1060 1025 eorum
1105 988 1224 1042 qua:
1276 985 1424 1038 sunt,
1458 975 1771 1041 existimat;
1815 976 1943 1041 quin

376 1061 488 1115 imo
519 1077 638 1114 cum
673 1062 738 1114 ad
770 1077 870 1116 nos
896 1065 1317 1132 appropinquat,
1342 1065 1458 1119 vitii
1499 1067 1667 1120 nostri
1703 1082 1806 1120 non
1833 1065 1944 1120 effi-

353 1154 518 1207 ‘citur
550 1153 844 1223 particeps.
879 1153 945 1208 Et
979 1157 1252 1219 rursusin
1285 1157 1476 1211 eodem
1512 1157 1652 1212 libro
1683 1175 1696 1210 :
1745 1156 1938 1211 Verum

367 1246 497 1313 quia
556 1247 925 1314 operationem
977 1247 1031 1300 in
1081 1248 1338 1303 omnibus
1381 1264 1503 1303 csse
1563 1250 1718 1303 aiunt
1777 1249 1940 1318 (hanc

366 1339 513 1389 enim
539 1339 724 1390 volunt
753 1353 857 1389 non
888 1337 1365 1405 circumscribere)
1391 1338 1760 1410 interrogandi
1789 1347 1936 1403 Sunt,

366 1427 641 1494 quomodo
681 1427 744 1482 de
774 1443 834 1481 ea
888 1428 1149 1482 sentiant.
1183 1427 1453 1497 Numquid
1497 1428 1686 1484 dicunt
1715 1429 1938 1497 partici-

365 1535 401 1590 p
422 1533 497 1571 ire
532 1519 702 1587 ipsam
731 1530 976 1574 terrenas
1004 1523 1216 1586 sordes,
1246 1536 1366 1574 cum
1404 1522 1800 1591 appmpinquat
1832 1523 1933 1587 eis,

364 1625 431 1662 au
465 1610 614 1663 non?
659 1610 808 1676 Quod
842 1611 885 1665 si
916 1627 1102 1664 verum
1134 1610 1428 1677 fateantur,
1473 1612 1822 1668 manifestum
1853 1624 1936 1668 est

365 1704 480 1756 tieri
519 1719 700 1774 posse,
740 1714 797 1758 ut
843 1705 986 1773 quod
1039 1707 1462 1775 appropinquat,
1497 1722 1603 1760 non
1643 1700 1935 1774 pariii-ipet

362 1793 554 1846 vitium
587 1809 776 1846 eorum
815 1795 1014 1861 quibus
1064 1795 1548 1864 appropinquavit.
1579 1796 1736 1861 Quod
1772 1798 1816 1850 si
1852 1798 1935 1849 di-

2027 605 2252 672 ,quibus
2302 615 2387 661 est
2432 609 2729 662 secundum
2760 609 3134 677 operationem
3169 610 3284 666 sive
3310 623 3517 680 actum,
3557 619 3610 670 in

2031 695 2118 752 iis
2171 695 2306 764 ipsis
2352 712 2473 751 esse
2521 698 2826 752 secundum
2863 699 3356 762 substantiam..Et
3385 719 3616 775 magnus

2048 787 2385 843 Athanasius
2437 789 2491 842 in
2533 789 2687 845 libris
2723 790 2926 845 Contra
2960 792 3184 848 Arianos
3215 810 3235 849 :
3269 794 3502 866 Ubique,
3535 799 3618 854 in-

2046 877 2189 946 quit,
2228 877 2382 934 adest
2412 893 2650 948 praesens
2698 881 3005 936 substantia
3039 885 3431 953 magnitudinis
3467 871 3613 954 suae;

2044 965 2172 1033 quia
2203 965 2430 1034 aqualis
2461 979 2546 1020 est
2575 966 2747 1023 Filius
2781 969 2948 1034 Patri,
2988 981 3042 1026 et
3072 988 3194 1026 cum
3229 974 3386 1030 Patre
3416 977 3616 1047 ubique

2037 1058 2199 1112 adest
2225 1058 2548 1125 divinitate;
2577 1068 2631 1114 et
2660 1063 2788 1130 quia
2808 1063 2990 1116 omnia
3023 1048 3267 1120 continet
3287 1071 3612 1127 substantia;

2046 1145 2103 1198 Si
2141 1146 2285 1200 enim
2345 1148 2550 1202 dixeris
2591 1163 2700 1203 non
2733 1149 2925 1205 adesse
2974 1152 3194 1222 ubique,
3238 1157 3446 1226 majora
3489 1176 3614 1217 esse

2042 1235 2190 1290 dices
2239 1251 2302 1291 ea
2349 1253 2472 1307 qua:
2503 1237 2645 1293 facta
2676 1249 2824 1305 sunt,
2857 1255 3021 1310 quam
3055 1258 3244 1298 eorum
3277 1258 3470 1302 auctor
3515 1252 3610 1306 sit.
3659 1263 3706 1322 ﬁ

2042 1327 2108 1382 Et
2159 1329 2378 1386 divinus
2427 1332 2900 1404 Chrysostomus:
2946 1337 3103 1404 Quod
3137 1342 3358 1408 quidem
3408 1347 3614 1417 ubique

2043 1420 2184 1475 Deus
2217 1432 2323 1487 est,
2359 1424 2496 1488 scio,
2533 1434 2585 1478 et
2608 1426 2750 1495 quod
2775 1436 2921 1482 totus
2955 1439 3037 1484 est
3069 1431 3304 1501 ubi-que;
3335 1440 3612 1504 quomodo

2038 1521 2245 1578 autem,
2277 1514 2483 1579 nescio;
2511 1530 2616 1571 non
2641 1519 2785 1570 enim
2815 1519 2928 1573 ﬂeri
2956 1531 3136 1590 potest
3164 1532 3222 1576 ut
3249 1526 3614 1582 substantiam-

2038 1603 2346 1670 videamus,
2375 1620 2552 1674 neque
2581 1623 2701 1676 quae
2730 1624 2762 1664 a
2790 1624 2847 1665 se
2877 1621 2980 1676 est,
3027 1627 3202 1682 neque
3237 1631 3357 1680 quae
3383 1619 3450 1671 ab
3475 1620 3609 1674 alio.

2038 1691 2102 1746 Et
2143 1693 2382 1765 Cyr-illus
2432 1694 2962 1768 llicrosolymitanus
2999 1701 3054 1755 in
3091 1701 3499 1760 Catechosibus:
3551 1707 3610 1762 ln

2038 1799 2207 1849 mera,
2235 1785 2436 1855 inquit,
2457 1787 2742 1844 divinitate
2771 1804 3232 1858 supervacaneum
3262 1803 3345 1850 est
3369 1799 3609 1868 cogitare

359 1884 501 1936 cturi
543 1892 670 1937 situt
717 1885 1068 1954 participare,
1122 1886 1311 1940 eadem
1353 1887 1665 1940 absurditas
1709 1902 1806 1942 eos
1838 1890 1931 1956 qui

2038 1890 2328 1931 ascensum
2383 1887 2437 1933 et
2467 1881 2849 1948 ,descensum;
2886 1886 3127 1952 potentia
3161 1888 3304 1941 enim
3363 1864 3463 1943 illa
3485 1907 3608 1959 quae

360 1978 464 2029 hoc
495 1976 702 2041 dicunt,
742 1986 1130 2046 consequetur,
1165 1995 1326 2047 quam
1371 1988 1427 2033 ut
1453 1979 1719 2047 fugerent,
1759 1980 1932 2034 Deum

361 2068 912 2136 circuitiscribcbaut.
955 2069 1297 2124 Contrabant
1359 2071 1523 2141 igitur
1552 2080 1606 2125 et
1661 2074 1934 2141 operatio-

358 2175 506 2223 nem,
542 2171 596 2212 ut
635 2161 949 2214 universum
979 2161 1136 2230 plane
1165 2162 1486 2216 dissolvant.
1525 2145 1621 2216 Sin
1653 2177 1780 2218 vero
1817 2180 1932 2216 tne-

359 2263 574 2306 tucutes
623 2253 723 2306 hoc
758 2251 1080 2318 absurdum,
1116 2262 1372 2323 tauquam
1407 2254 1723 2322 paenitentia
1757 2256 1928 2320 ducti,

353 2343 597 2398 divinam
640 2342 1019 2414 operationem
1060 2345 1191 2400 nihil
1239 2346 1539 2417 quidquam
1570 2346 1689 2400 hedi
1723 2346 1928 2413 dicant,

354 2452 454 2490 cur
485 2454 590 2490 non
634 2437 734 2492 hoc
770 2439 944 2508 ipsum
998 2440 1066 2493 de
1121 2439 1432 2494 substantia
1485 2437 1794 2494 aﬂirmauti
1845 2443 1929 2493 Ad

354 2525 491 2589 hanc,
526 2523 756 2579 Photius
789 2525 1118 2595 patriarcha,
1159 2527 1210 2580 in
1261 2526 1651 2592 Quwstionibas
1693 2528 1762 2581 ad
1804 2527 1932 2580 Aut-

353 2617 699 2686 philochium,
733 2635 854 2689 cap.
899 2619 966 2673 75
1013 2637 1027 2672 :
1081 2619 1261 2684 Quare
1307 2620 1400 2689 qui
1451 2619 1682 2685 dubitat,
1729 2620 1924 2690 inquit,

354 2722 535 2764 utrum
571 2711 618 2766 si
676 2710 814 2764 Deus
848 2722 930 2766 est
964 2711 1016 2764 in
1048 2712 1326 2778 omnibus,
1373 2727 1480 2766 non
1513 2713 1585 2765 sit
1614 2726 1778 2780 supra
1805 2727 1925 2766 οιιι-

351 2801 467 2867 nia,
498 2803 671 2857 nescit
707 2819 766 2857 se
815 2803 1068 2872 ignorare
1113 2819 1235 2872 quae
1281 2805 1346 2857 dc
1394 2803 1577 2857 divina
1627 2813 1818 2856 natura
1869 2805 1925 2859 itt

350 2892 634 2962 Scriptura
689 2904 880 2951 sancta
933 2895 1134 2965 scripta
1193 2905 1356 2962 sunt;
1413 2911 1590 2966 neque
1623 2897 1922 2966 quidquam

350 2986 543 3053 altius,
596 3004 757 3057 quam
794 2989 1136 3042 consuetudo
1190 3003 1370 3042 rerum
1406 2999 1746 3044 terrenarum
1789 2991 1922 3066 fert,

345 3093 526 3148 neque
559 3080 799 3134 divinius
828 3081 1032 3149 aliquid
1069 3081 1135 3134 de
1173 3079 1238 3134 iis
1275 3095 1395 3148 qua:
1434 3082 1659 3135 materia
1707 3092 1920 3148 vacant,

345 3169 661 3240 cogital.At
687 3185 819 3225 vero
849 3171 1126 3240 quomodo
1174 3168 1226 3224 in
1264 3171 1520 3227 erunibus
1558 3183 1642 3227 est
1673 3174 1790 3244 (a)?
1838 3174 1926 3227 Di-
1950 3195 1995 3254 ρ

343 3273 494 3316 ctum
527 3263 746 3334 quidem
798 3276 901 3328 est,
961 3265 1106 3318 nullo
1156 3264 1316 3318 modo
1357 3281 1548 3319 eorum
1597 3282 1718 3335 quae
1769 3277 1919 3333 sunt,

342 3365 400 3408 et
455 3355 683 3424 si—quid
728 3358 899 3426 magis
951 3356 1016 3409 ad
1072 3357 1587 3424 contemplationem
1643 3359 1921 3426 pertinens

342 3446 638 3500 dicendum
669 3456 773 3510 est,
804 3457 857 3501 et
907 3461 1015 3499 non
1067 3454 1147 3500 cst
1183 3446 1642 3502 reformidandum
1698 3461 1918 3502 sursum

341 3536 502 3590 evehi
529 3538 690 3591 simul
720 3552 844 3590 cum
883 3537 950 3591 iis
977 3539 1071 3606 qui
1099 3549 1226 3593 sunt
1258 3539 1363 3592 alta
1399 3549 1600 3604 mente,
1637 3540 1705 3593 ad
1735 3541 1921 3594 altitu-

340 3629 526 3684 dinem
557 3629 871 3699 dogmatum
899 3629 1353 3698 theologicorum,
1398 3639 1483 3684 est
1527 3629 1670 3685 Deus
1707 3629 1760 3684 in
1799 3632 1922 3684 uui-

341 3735 507 3774 verso
539 3720 838 3774 secundum
865 3720 1234 3788 operationem
1267 3719 1428 3773 simul
1455 3729 1508 3774 ct
1532 3719 1916 3775 substantiam.

340 3813 410 3868 Et
444 3829 510 3869 ne
548 3813 684 3868 mihi
737 3814 890 3868 dicas
936 3811 1303 3879 :Quomodo?
1361 3811 1574 3867 Dictum
1634 3812 1780 3868 enim
1833 3824 1918 3868 est

332 3910 478 3980 jam,
535 3907 684 3961 nullo
739 3906 902 3960 modo
954 3915 1354 3960 creaturarum.
1411 3903 1695 3969 Quomodo
1751 3905 1916 3973 igitur

337 4011 426 4056 est
479 3999 783 4054 secundum
838 3997 1240 4053 substantiam?
1275 3995 1430 4050 Sient
1466 3996 1777 4051 intellexisti
1831 4011 1917 4050 se-

339 4093 582 4147 cundum
614 4091 1014 4160 operationem.
1037 4089 1174 4155 Quia
1197 4087 1342 4145 enim
1369 4089 1476 4143 alia
1505 4099 1635 4144 sunt
1662 4092 1914 4160 quando-

336 4199 450 4251 que
498 4184 759 4253 potentia,
820 4191 873 4236 et
906 4183 1238 4252 quandoque
1294 4191 1459 4246 actu;
1512 4183 1652 4237 Deus
1690 4179 1909 4248 autem,

334 4287 610 4348 quatenus
646 4291 800 4330 mens
827 4285 983 4329 acuta
1020 4274 1324 4345 intelligere
1351 4284 1549 4343 potest,
1580 4291 1796 4344 semper
1830 4285 1914 4330 est

333 4381 463 4426 artu
496 4370 625 4437 (non
656 4367 800 4420 enim
833 4383 898 4421 ex
943 4367 1260 4437 imperfecto
1291 4366 1358 4422 ad
1403 4367 1697 4436 perfectura
1749 4371 1913 4438 proli-

332 4463 598 4527 ciscitur;
652 4477 749 4516 nec
783 4459 930 4515 aliud
961 4460 1280 4531 quidquam,
1323 4475 1485 4529 quam
1517 4475 1610 4531 per
1645 4475 1705 4518 se
1732 4472 1908 4528 actus,

410 4605 458 4638 ³ο
487 4604 688 4661 Jerem.
726 4618 881 4668 χχιιι,
927 4601 1018 4656 24.

2036 1969 2220 2023 omnia
2252 1971 2519 2036 continet,
2548 1973 2640 2028 ille
2669 1975 2763 2043 qui
2795 1976 2996 2044 ubique
3020 1978 3275 2035 omnibus
3309 1982 3486 2047 adest,
3512 1985 3606 2052 qui

2036 2060 2288 2115 universa
2323 2062 2519 2130 spiritu
2556 2077 2656 2119 suo
2697 2066 3024 2132 circumdat,
3080 2084 3186 2124 non
3221 2072 3545 2127 transfertur
3574 2091 3607 2130 a

2032 2151 2169 2206 locis
2201 2153 2254 2206 in
2289 2155 2403 2208 loco
2439 2172 2454 2219 ;
2487 2155 2661 2223 ipsius
2691 2167 2774 2212 est
2799 2172 2903 2213 vox
2923 2167 2948 2216 ἐ
2986 2160 3184 2214 Caelum
3214 2170 3264 2216 et
3295 2171 3488 2217 terram
3513 2184 3608 2235 ego.
3672 2157 3674 2161 ’

2032 2241 2222 2311 impleo
2251 2245 2320 2298 9°.
2374 2245 2432 2298 Si
2469 2245 2635 2315 igitur
2681 2247 2888 2317 implet,
2921 2263 3031 2319 quo
3065 2254 3498 2309 transmittatur?
3528 2258 3613 2312 Ita

2033 2333 2110 2398 fit,
2155 2341 2211 2386 ut
2277 2338 2513 2390 ascendit
2562 2346 2616 2393 et
2675 2339 2939 2392 descendit
2991 2355 3389 2411 supervacuum
3447 2347 3518 2400 sit
3549 2347 3610 2400 in

2029 2425 2332 2481 divinitate.
2363 2427 2420 2482 In
2460 2427 2748 2484 Salvatore
2781 2441 2988 2496 autem,
3020 2442 3076 2486 et
3116 2434 3167 2486 in
3198 2434 3608 2503 dispensatione

2029 2517 2298 2572 adventus
2331 2519 2523 2588 ejusin
2559 2535 2745 2587 carne,
2777 2525 2993 2591 proprie
3029 2524 3233 2579 dicitur
3281 2529 3514 2581 ascetidit
3549 2538 3608 2583 et

2027 2611 2313 2662 descendit.
2350 2608 2416 2663 Et
2451 2610 2687 2666 Joannes
2735 2613 3101 2670 Damascenus
3155 2615 3232 2687 (ὁ)
3266 2633 3282 2670 :
3318 2617 3479 2684 Deus,
3514 2621 3566 2673 in
3580 2648 3604 2662 οη

2028 2701 2172 2770 quit,
2229 2717 2426 2771 expers
2463 2703 2638 2771 partis
2679 2713 2784 2768 est,
2837 2714 2980 2759 totus
3015 2721 3080 2759 ex
3115 2714 3230 2761 toto
3277 2709 3511 2777 ubique;
3547 2719 3600 2764 et

2027 2806 2134 2845 non
2170 2806 2298 2857 pars
2342 2793 2397 2846 in
2451 2801 2605 2862 parte
2657 2807 2918 2862 corporea
2947 2795 3155 2850 divisus
3175 2813 3198 2860 ;-
3225 2799 3321 2851 sed
3367 2806 3512 2853 totos
3543 2802 3601 2854 in

2027 2883 2308 2948 omnibus,
2339 2893 2393 2937 et
2426 2892 2573 2939 totus
2602 2901 2766 2954 supra
2800 2887 3004 2940 omnia.
3051 2886 3129 2941 Ex
3167 2889 3367 2957 quibus
3397 2891 3454 2944 fit
3485 2907 3601 2944 mu-

2029 2972 2307 3040 nifestum,
2359 2977 2643 3045 proprium
2687 2992 2810 3039 esse
2855 2975 2945 3031 Dei
2995 2978 3250 3034 omnibus
3297 2982 3595 3036 secundum

2026 3064 2392 3120 subSIantiam
2425 3067 2638 3120 adesse.
2676 3065 2830 3121 Sicut
2869 3077 3052 3121 autem
3083 3071 3389 3125 substantia
3423 3075 3601 3138 adeSt,

2028 3154 2108 3209 sic
2145 3171 2244 3211 sua
2305 3166 2575 3226 potestate
2631 3168 2683 3212 et
2714 3163 3051 3228 operatione,
3105 3163 3404 3217 secundum
3451 3166 3594 3219 enim

2027 3245 2393 3302 sobstantiam
2434 3250 2674 3316 potentia
2712 3253 2900 3315 adest;
2949 3259 3001 3329 et
3033 3267 3140 3304 non
3184 3264 3267 3308 est
3317 3255 3462 3309 aliud
3504 3273 3606 3325 per

2023 3355 2086 3394 se
2130 3340 2398 3409 operatio,
2443 3349 2496 3393 et
2525 3341 2668 3393 aliud
2702 3356 2796 3409 per
2829 3356 2906 3396 se
2931 3343 3258 3397 substantia.
3311 3345 3596 3412 Quomodo

2022 3437 2202 3484 autem
2253 3428 2394 3484 Deus
2440 3431 2744 3484 secundum
2791 3431 3183 3497 substantiam,
3233 3442 3286 3487 ct
3316 3437 3604 3504 aequaliter

2020 3522 2276 3575 omnibus
2323 3522 2499 3585 adest,
2537 3530 2590 3575 et
2638 3523 2914 3589 quomodo
2957 3525 3073 3590 ipse
3128 3524 3182 3577 in
3235 3527 3492 3582 omnibus
3542 3538 3597 3583 et

2021 3625 2185 3680 supra
2225 3611 2434 3676 omnia,
2484 3611 2680 3666 modus
2715 3626 2890 3681 neque
2914 3612 3066 3678 .dici,
3105 3628 3284 3681 neque
3337 3619 3600 3686 cognosci

2019 3718 2218 3777 potest.
2694 3761 2698 3766 .

2616 3819 2842 3878 CAPUT
2900 3821 2964 3877 11.

2020 3935 2178 4011 Quod
2203 3937 2340 3990 sicut
2368 3939 2510 4011 adest
2543 3937 2687 3991 nobis
2717 3954 2943 4011 pra'sens
2968 3924 3107 4011 Dens
3133 3941 3290 3993 etiam
3322 3958 3437 3995 eum
3464 3960 3594 4011 pur-

2088 4009 2472 4076 ticipaums;si
2497 4019 2675 4062 autent
2709 4009 3009 4062 substantia
3047 4012 3210 4075 adest,
3239 4009 3593 4069 substitutam
3681 4031 3686 4034 ·

2087 4079 2199 4144 ejus
2227 4079 2624 4146 participantur.
2704 4119 2707 4121 -

2088 4190 2314 4261 Magnus
2338 4191 2631 4262 Dionysius
2667 4192 2720 4246 in
2753 4191 2819 4248 iis
2849 4208 2968 4262 qua?
3002 4194 3281 4250 adnotavit
3306 4211 3369 4248 ex
3401 4210 3592 4252 Sam-t0

2015 4284 2313 4339 llierotheo
2365 4285 2416 4338 in
2458 4285 2778 4353 theologicis
2827 4287 2997 4354 ipsius
3046 4284 3331 4356 Principiis
3367 4306 3380 4342 τ
3416 4290 3594 4342 Causa

2015 4373 2259 4429 Omnium
2289 4414 2304 4436 ,
2335 4382 2387 4428 et
2418 4389 2538 4443 qurc
2578 4376 2760 4428 omnia
2805 4374 3026 4444 implet,
3063 4384 3143 4430 est
3174 4375 3297 4431 Jesu
3330 4377 3523 4433 divinit
3563 4398 3598 4434 s

2014 4481 2135 4535 qua:
2159 4476 2340 4520 servat
2378 4475 2560 4535 partes
2596 4467 2695 4519 toti
2728 4466 3133 4522 consentientes
3167 4467 3242 4536 (l)
3282 4485 3297 4526 :
3332 4481 3385 4526 et
3413 4488 3591 4540 neque

1807 4693 2080 4756 Scholia.

415 4801 489 4872 (ι)
523 4799 582 4855 In
629 4798 884 4873 essentiis
931 4811 1109 4850 rerum
1171 4795 1258 4848 hic
1303 4792 1441 4873 ordo
1490 4792 1908 4873 consideratur;
1941 4802 1988 4873 ρ
2016 4805 2117 4873 cst_,
2148 4796 2202 4850 in
2236 4795 2504 4866 principia
2537 4812 2742 4852 rerum.
2797 4797 3116 4873 conservat
3153 4797 3342 4867 igitur,
3371 4797 3547 4873 inquit
3573 4843 3588 4864 ,

333 4863 860 4946 primotprincipia
911 4881 1152 4946 rerum;_
1180 4863 1444 4945 secundo,
1487 4863 1910 4946 substantiae):

330 4935 624 5016 principiis
651 4935 980 5016 constituta;
1031 4939 1211 5016 tertio.
1247 4935 1455 5001 species
1496 4935 1711 5016 proiiria
1748 4935 1912 5016 loeti-us

333 5003 626 5079 compositi
658 5026 723 5064 ex
762 5008 936 5083 forma
973 5007 1362 5083 proficiscens;
1406 5013 1622 5083 quarto,
1650 5003 1911 5083 perfectio

332 5075 513 5152 ipsius
547 5081 623 5133 rei
655 5095 760 5132 non
807 5077 982 5152 solum
1031 5076 1206 5144 quoazl
1279 5075 1535 5141 speciem,
1567 5076 1662 5152 sed
1726 5075 1901 5152 quand

305 5149 614 5224 propriam
648 5150 1016 5224 operationem
1051 5154 1105 5198 et
1142 5151 1320 5208 linem;
1357 5152 1488 5224 tunc
1519 5149 1660 5195 enim
1699 5158 1785 5222 res
1823 5151 1905 5197 est

333 5213 668 5278 ottinimodis
689 5213 951 5288 perfecta,
989 5230 1110 5270 cum
1145 5229 1303 5292 suum
1354 5213 1904 5292 linem‘assequitur;

335 5296 554 5362 quinto,
602 5281 710 5343 res'
739 5289 899 5362 varia:
946 5301 1065 5354 qua:
1120 5284 1361 5362 singulae
1397 5281 1632 5362 quadam
1691 5283 1904 5350 propria

332 5353 671 5434 perfectione
716 5353 1134 5434 ριἰιξιιιίειιειιιιε2
1163 5364 1216 5433 c_t
1245 5353 1700 5434 ordinc‘quodam
1735 5367 1904 5434 copu-

334 5424 463 5488 luta:
493 5442 664 5484 totum
699 5424 972 5500 quoddam
1013 5424 1317 5500 perficiunt,
1349 5433 1404 5475 nt
1447 5424 1500 5475 in
1532 5424 1810 5500 ιιιιί-ιιυιιιι)ἱ
1853 5432 1907 5500 et

333 5507 395 5558 in
431 5501 667 5554 homine.
696 5493 1015 5552 llicrotheus
1047 5510 1176 5562 ergo
1194 5497 1368 5553 docet.
1401 5494 1673 5560 quomodo
1707 5493 1907 5546 divini-

333 5588 423 5628 tas
454 5570 658 5625 Christi
693 5579 773 5622 est
807 5581 971 5621 causa
1005 5567 1054 5618 in
1107 5567 1190 5617 his
1225 5562 1480 5618 erunibus
1515 5563 1808 5630 incipitque
1837 5563 1906 5616 ab

331 5651 603 5703 extremo,
643 5640 693 5693 id
735 5647 839 5702 est,
868 5652 897 5690 a
932 5645 1077 5698 toto,
1120 5644 1173 5688 et
1214 5642 1416 5688 remeat
1449 5633 1500 5685 iu
1535 5635 1773 5702 primum
1799 5672 1813 5696 ,
1850 5636 1902 5687 id

413 5779 487 5845 (a)
524 5777 640 5829 Lib.
676 5790 727 5828 tv
777 5773 1123 5844 Pityst'corunt
1156 5775 1381 5842 exponit
1434 5771 1754 5827 Atistotcles
1791 5787 1902 5824 mo-

336 5854 438 5906 dos
470 5849 666 5916 quibus
696 5847 838 5900 illLUtl
866 5852 916 5899 in
944 5847 1050 5898 alio
1077 5860 1194 5898 esse
1228 5847 1446 5899 dicitur.

2015 4867 2332 4920 universum
2356 4908 2370 4930 ,
2417 4880 2472 4925 et
2528 4879 2714 4934 partes
2741 4869 2980 4922 universi
3022 4870 3116 4922 toti
3153 4871 3586 4934 consentientes,

2011 4943 2064 4988 et
2093 4951 2214 4987 cum
2241 4951 2306 4988 eo
2332 4939 2746 5006 conspirantes;
2784 4947 2836 4990 et
2866 4938 2980 5002 ipsa
3011 4954 3114 4990 nou
3148 4950 3226 4991 est
3261 4947 3457 5003 totum,
3491 4956 3592 4992 ιιι--

2011 5018 2118 5072 que
2148 5019 2296 5072 pars,
2325 5008 2448 5073 quia
2491 5006 2702 5077 scilicet
2735 5024 2838 5060 non
2873 5008 3036 5061 habet
3077 5008 3459 5077 perfectionem
3513 5021 3590 5063 to-

2013 5078 2120 5146 tius
2148 5083 2200 5128 et
2229 5077 2420 5143 partis,
2455 5076 2596 5130 sicut
2633 5086 2802 5131 totum
2835 5089 2887 5132 et
2923 5076 3194 5146 pars,’sed
3229 5081 3590 5135 excellentius

2015 5143 2067 5215 i_n
2101 5143 2392 5215 infinitum,
2422 5153 2612 5213 estque
2643 5163 2830 5202 rursus
2865 5143 3034 5201 totum
3080 5158 3133 5202 et
3173 5165 3295 5215 pars
3327 5149 3586 5203 divinitas

2013 5213 2241 5278 Christi,
2279 5230 2469 5282 nempe
2518 5216 2645 5281 quia
2699 5217 2956 5284 quidquid
3012 5213 3359 5284 pcrfeétiouis
3399 5234 3478 5272 est.
3528 5219 3580 5271 iu

2019 5293 2132 5354 toto
2160 5291 2212 5336 et
2251 5286 2301 5336 in
2337 5294 2506 5352 parte,
2540 5287 2639 5339 hoc
2675 5286 2786 5353 ipsa
2819 5289 3021 5341 Christi
3070 5289 3324 5342 divinitas
3380 5289 3522 5354 prtelt
3547 5308 3585 5335 ιο

2018 5353 2124 5417 bet,
2156 5365 2208 5406 et
2243 5355 2593 5422 suprahabet;
2624 5357 2826 5424 reliqua
2871 5359 3113 5413 faciliora
3147 5367 3292 5410 sunt.
3331 5353 3460 5410 Illud
3497 5373 3587 5408 ve-

2016 5439 2078 5496 ro
2107 5441 2120 5475 :
2154 5424 2619 5496 SAuhstantiatOIis
2639 5428 2960 5482 substantiis
2991 5427 3249 5480 insistens
3281 5427 3586 5496 impollutv,

2016 5493 2289 5562 significat
2317 5511 2437 5548 csse
2476 5495 2642 5549 Deum
2681 5497 2733 5548 iu
2770 5500 3022 5551 omnibus
3055 5493 3397 5559 substantiis,
3431 5506 3484 5550 et
3513 5505 3580 5547 ab

2019 5568 2099 5616 eis
2133 5564 2444 5632 participari
2479 5581 2582 5617 non
2616 5580 2712 5632 per
2741 5567 3122 5619 adinistionem
3150 5604 3164 5627 ,
3207 5567 3303 5618 hoc
3334 5579 3436 5627 est,
3471 5582 3586 5624 non

2012 5632 2229 5688 uisceri
2257 5649 2378 5687 cum
2409 5635 2507 5697 eis,
2543 5650 2607 5688 ex
2638 5636 3061 5727 sancto‘l‘ltoma
3095 5636 3144 5687 iu
3175 5635 3507 5705 Dionysium.

2080 5771 2154 5841 (ιι)
2193 5769 2290 5826 Lib
2329 5785 2368 5838 ι,
2401 5787 2519 5840 cap.
2554 5771 2641 5834 to,
2679 5769 2901 5826 ονιμιοα.
2947 5771 3036 5827 fit.
3095 5743 3098 5746 ’
