4078 6274
505 325 611 389 ΒΠ

508 539 672 582 tenus
706 537 888 585 omne,
914 532 969 577 et
1000 528 1172 575 totum
1197 555 1215 583 ,
1248 527 1303 573 et
1346 524 1551 587 partem
1583 515 1636 567 in
1667 527 1736 568 se
1766 515 1882 582 ipsa
1920 526 2079 566 com-

511 615 835 687 prehendit;
874 620 927 668 et
972 609 1324 680 suprahabet,
1370 616 1426 662 et
1477 605 1790 668 antelishet,
1841 602 2078 671 perfecta

514 708 733 776 quidem
779 714 864 757 est
928 703 982 756 in
1036 699 1383 769 imperfectis,
1435 705 1702 765 tanquam
1734 692 2082 764 principialis

518 813 682 853 causa
715 792 1107 864 perfectionis;
1145 787 1465 859 imperfecta
1497 798 1678 841 autem
1714 786 1768 839 in
1802 783 2081 853 perfectis,

516 897 774 955 tanquam
808 897 1139 952 supraquam
1166 881 1433 950 perfecta,
1466 890 1520 933 et
1549 878 1939 948 anteperi'ecta,
1971 877 2081 931 for-

514 993 603 1034 ma
636 978 821 1031 formae
842 1014 859 1039 ,
896 974 1134 1028 eﬂ'ectrit
1161 974 1214 1026 in
1246 972 1313 1027 iis
1339 988 1460 1041 quae
1485 979 1676 1026 carent
1709 970 1882 1026 forma
1912 1011 1924 1033 ,
1962 980 2082 1024 tan-

514 1084 675 1139 quam
706 1065 1047 1137 priueipialis
1076 1071 1239 1118 causa
1270 1063 1476 1125 formae,
1513 1066 1628 1116 sine
1657 1061 1834 1115 forma
1875 1061 1925 1114 in
1946 1060 2086 1128 ipsis

517 1159 730 1221 formis,
758 1165 945 1226 utpote
968 1170 1131 1224 supra
1160 1153 1425 1217 formam;
1457 1152 1763 1207 substantia
1797 1152 1931 1206 totis
1958 1150 2089 1205 sub-

521 1250 740 1304 stantiis
764 1247 1030 1302 insistens
1070 1244 1377 1313 impoliute,‘
1405 1255 1463 1296 et
1504 1243 1571 1296 ab
1603 1242 1750 1295 omni
1783 1241 2087 1297 substantia

517 1354 681 1409 supra
710 1336 1069 1393 substantiam
1097 1337 1374 1388 abstracta
1400 1371 1415 1394 ,
1449 1341 1558 1387 tota
1590 1332 1881 1402 principia,
1912 1340 1965 1386 et
2001 1347 2091 1385 or-

519 1434 673 1487 dines
707 1429 968 1486 definiens
991 1468 1005 1492 ,
1038 1442 1200 1496 supra
1234 1440 1396 1479 omne
1430 1426 1757 1494 principium
1790 1432 1844 1478 et
1872 1438 2087 1479 omnem

521 1522 770 1587 ordinem
807 1520 1091 1574 collocata.
1129 1516 1195 1570 Et
1228 1532 1459 1585 magnus
1503 1516 1857 1581 Athanasius,
1906 1514 1960 1568 in
1996 1515 2090 1567 Di-

521 1615 831 1685 sputatione
863 1622 1048 1666 contra
1081 1608 1306 1663 Arium:
1336 1607 1652 1662 Secundum
1695 1607 1809 1663 haec
1838 1606 2091 1661 divinitas

520 1706 702 1762 Patris
728 1714 780 1758 et
811 1703 928 1757 Filii
958 1711 1142 1756 sancta
1170 1708 1224 1755 et
1244 1698 1616 1759 sanetiﬁcans,
1648 1714 1769 1768 quae
1791 1696 2094 1752 sanctiﬁcat

522 1797 705 1850 omnia
741 1809 861 1863 quae
896 1793 1159 1845 rationem
1211 1790 1565 1860 participant,
1597 1789 1797 1857 quibus
1837 1787 1964 1840 data
2012 1794 2095 1839 est

520 1885 708 1939 libera:
734 1882 1034 1937 voluntatis
1060 1888 1117 1935 et
1165 1878 1331 1933 studii
1384 1884 1622 1947 potestas
1675 1877 1743 1931 ad
1776 1876 2092 1947 capiendam

524 1956 768 2029 sanctam
810 1978 865 2024 et
915 1969 1129 2023 beatam
1161 1968 1523 2022 substantiam
1559 1967 1617 2020 in
1651 1966 2095 2020 communionem

525 2061 997 2119 sanctiﬁcationis.
1015 2061 1077 2114 Et
1102 2060 1318 2115 divinus
1343 2059 1575 2130 Cyrillus
1607 2060 1660 2112 in
1683 2056 1724 2111 Τ
1728 2058 1964 2111 Itesauris
1982 2056 2056 2123 (a)
2079 2073 2094 2110 :

527 2154 683 2211 Sicut
714 2153 902 2223 igitur,
932 2152 1111 2221 inquit
1135 2190 1148 2214 ,
1185 2150 1379 2204 mulier
1405 2149 1581 2218 gloria
1615 2149 1715 2202 viri
1748 2156 1941 2202 vocata
1974 2158 2056 2202 est
2081 2188 2095 2211 ,

526 2246 652 2317 quia
685 2254 888 2315 partem
924 2258 987 2296 es
1017 2241 1276 2301 membris
1306 2241 1425 2308 eius
1451 2241 1516 2294 ad
1554 2240 1639 2293 sui
1690 2238 2097 2294 fabricationem

528 2335 774 2404 accepit,
812 2333 893 2390 sic
923 2333 1006 2386 vir
1035 2331 1205 2402 gloria
1240 2330 1336 2384 Dei
1371 2330 1677 2399 appellatus
1701 2338 1811 2392 est,
1852 2331 1980 2394 quia
2015 2328 2096 2382 fa-

528 2435 652 2481 ctus
688 2434 773 2480 est
821 2424 1090 2492 particeps
1135 2422 1451 2476 substantiae
1498 2421 1616 2490 ejus
1664 2436 1757 2489 per
1836 2419 2098 2488 Spiritum

529 2525 803 2579 sanctum,
836 2516 927 2584 qui
962 2515 1013 2567 in
1060 2526 1124 2567 eo
1158 2513 1444 2567 habitavit.
1482 2510 1548 2563 Et
1596 2526 1788 2567 rursus
1821 2513 1959 2565 idem
1990 2511 2101 2565 dis-

531 2622 719 2663 serens
759 2607 826 2661 de
877 2605 1081 2673 Spiritu
1133 2614 1326 2659 saneto
1375 2621 1388 2658 :
1439 2603 1611 2670 Igitur
1663 2604 2100 2672 quandoquidem

537 2698 743 2770 Spiritu
776 2707 964 2753 sancto
994 2697 1274 2750 habitante
1306 2696 1357 2748 in
1386 2696 1453 2750 iis
1475 2696 1566 2765 qui
1589 2696 1697 2751 Deo
1719 2697 1926 2765 probati
1953 2675 2100 2760 sunt,

533 2792 785 2846 Christus
812 2799 897 2844 est
925 2791 1018 2857 qui
1051 2789 1272 2853 habitat,
1307 2802 1528 2843 necesse
1556 2797 1641 2842 est
1687 2788 1870 2841 dicere
1916 2787 2099 2855 ipsum

539 2882 805 2952 Spiritum
840 2879 1040 2935 divina:
1081 2877 1405 2933 substantias
1430 2892 1588 2944 esse;
1624 2879 1786 2947 cujus
1813 2878 2105 2946 participes

534 2973 666 3027 facit
691 2986 785 3025 eos
815 2972 907 3039 qui
942 2971 1116 3039 ipsum
1166 2968 1529 3037 participant,
1563 2978 1617 3021 et
1648 2968 1845 3021 iterum
1883 2967 2021 3021 idem
2051 2971 2102 3021 in

1650 312 1975 379 'JOANNIS
2012 309 2574 373 CYPARISSIOTE

510 451 658 504 pars,
700 443 877 500 neque
904 435 1076 485 totum
1113 431 1238 483 est:
1269 431 1323 483 et
1352 434 1434 481 est
1468 430 1745 487 totum,‘et
1768 436 1915 491 pars,
1949 435 2083 490 qua-
2104 420 2157 476 Α

3676 297 3777 355 8ϐ8

2779 409 3006 468 CAPUT
3069 409 3156 465 lii.

2186 502 2337 567 Quod
2370 503 2745 571 participautes
2774 502 3009 554 divinant
3041 500 3431 559 substantiam,
3473 512 3572 571 per
3606 496 3774 571 Spiri-

2256 567 2641 628 tum-sanctum
2673 570 2875 624 Filium
2912 571 3025 635 Dei,
3071 572 3161 637 qui
3192 584 3359 636 supra
3411 567 3777 637 substantiam

2255 655 2353 708 est,
2374 644 2797 710 participantus;
2821 653 2869 695 et
2886 643 3022 693 hunc
3040 634 3458 710 participantes,
3483 634 3654 710 Deum
3677 636 3775 688 Pa-

2256 705 2387 766 treni
2419 705 2798 779 participamus
2832 751 2847 774 ,
2888 705 3051 772 atque
3072 711 3143 761 ita
3165 709 3424 778 efﬁcimur
3456 705 3658 758 divina:
3690 721 3780 756 nc-

2254 792 2391 837 turw
2419 791 2467 835 et
2496 781 2799 835 substantiae
2824 783 3128 848 participes.

2255 873 2519 929 Dominus
2553 873 2629 927 ait
2652 874 2702 926 iu
2734 872 3025 940 Evangelia
3059 887 3070 922 :
3104 867 3210 934 Qui
3244 867 3433 937 diligit
3493 882 3601 928 me,
3643 876 3783 918 man-

2186 964 2318 1017 data
2367 979 2482 1016 mea
2532 963 2794 1024 servabit;
2830 970 2879 1014 et
2915 976 3007 1029 ego
3052 969 3102 1014 et
3152 957 3315 1011 Pater
3368 958 3654 1010 veniemus
3682 995 3696 1018 ,
3740 965 3782 1007 et

2184 1056 2511 1108 mansionem
2565 1054 2707 1122 apud
2754 1070 2869 1107 eum
2926 1053 3181 1121 faciemus
3222 1052 3288 1104 ".
3346 1050 3518 1115 Quod
3570 1049 3779 1122 quidem

2188 1160 2419 1215 magnus
2442 1154 2498 1198 et
2526 1158 2772 1198 summus
2805 1143 3169 1210 apostolorum
3205 1139 3409 1193 Petrus
3446 1139 3507 1192 in
3553 1120 3783 1206 Epistula

2189 1250 2285 1290 sua
2318 1234 2569 1303 expiicat,
2601 1248 2723 1288 cum
2757 1235 2832 1287 ait
2861 1251 2875 1287 :
2904 1233 3109 1288 Divinis
3139 1244 3349 1287 natura:
3388 1244 3672 1286 consortes
3701 1232 3781 1300 [a-

2185 1327 2261 1378 cti
2298 1340 2477 1379 sumus
2498 1327 2564 1379 ".
2592 1323 2959 1379 Consentium
2993 1340 3115 1378 cum
3148 1340 3214 1377 eo
3242 1339 3369 1391 qua:
3416 1322 3635 1376 Paulus
3666 1324 3782 1374 item

2192 1429 2425 1482 magnus
2467 1413 2584 1467 ait:
2620 1412 2853 1466 Nescitis
2901 1414 3040 1481 quod
3092 1413 3340 1482 templum
3392 1412 3498 1466 Dei
3553 1414 3699 1477 estis,
3738 1425 3779 1465 et

2195 1505 2429 1571 Spiritus
2454 1504 2548 1557 Dei
2574 1505 2775 1556 habitat
2810 1506 2866 1556 in
2887 1507 3028 1558 vobis
3051 1505 3138 1559 ⁸³⁸2
3164 1504 3229 1559 Et
3246 1521 3456 1559 rursus
3491 1522 3504 1557 :
3541 1502 3647 1558 Vos
3670 1507 3783 1555 estis

2196 1594 2443 1664 templum
2486 1595 2578 1648 Dei
2611 1598 2845 1653 viventis.
2895 1596 3031 1648 sicut
3085 1596 3220 1648 dixit
3279 1594 3467 1658 Deus,
3520 1593 3781 1657 Quoniam

2195 1670 2444 1739 habitribo
2469 1688 2524 1739 iu
2558 1688 2655 1748 eis,
2695 1698 2740 1739 et
2774 1687 3152 1750 inambulubo;
3190 1695 3238 1738 et
3273 1703 3367 1738 ero
3396 1687 3476 1738 eis
3527 1685 3688 1746 Deus,
3736 1697 3779 1736 et

2197 1778 2299 1845 ipsi
2343 1785 2497 1830 erunt
2534 1777 2661 1829 mihi
2694 1777 2921 1843 popuius
2952 1778 3021 1831 ³³⁸.
3060 1777 3328 1830 Similiter
3382 1777 3480 1845 qui
3536 1778 3780 1841 deinceps

2199 1870 2477 1923 consecuti
2516 1878 2645 1922 sunt
2676 1870 2871 1922 sancti.
2911 1869 3136 1938 Magnus
3166 1870 3537 1931 Athanasius,
3569 1871 3623 1920 in
3661 1865 3781 1933 Epi-

2200 1960 2334 2011 stola
2370 1957 2438 2011 ad
2478 1957 2829 2027 Serapionem
2859 1975 2872 2010 :
2904 1957 2994 2013 Sic
3031 1970 3235 2023 autem,
3271 1959 3461 2026 inquit
3489 1996 3508 2021 ,
3542 1956 3775 2035 signati,

2198 2055 2561 2104 consentanea
2612 2060 2819 2102 natura:
2853 2049 3047 2102 divinae
3073 2059 3361 2117 consortes
3398 2050 3688 2111 ciIieimnr,
3720 2046 3786 2097 si-

2199 2151 2292 2194 cut
2336 2140 2527 2194 Petrus
2570 2140 2744 2205 dixit,
2780 2152 2942 2209 atque
2990 2141 3063 2194 ita
3110 2142 3593 2197 omniscrcarura
3632 2141 3777 2197 Verbi

2202 2232 2473 2298 partirer
2513 2232 2743 2285 efﬁcitur
2777 2234 2828 2285 in
2875 2230 3081 2300 Spiritu
3127 2243 3343 2295 sancto,
3381 2243 3438 2286 et
3487 2250 3582 2301 per
3615 2233 3779 2300 Spiri-

2205 2339 2320 2380 tum
2374 2338 2623 2381 sanciunt
2676 2329 2910 2382 dicimur
2950 2330 3240 2397 participes
3276 2328 3421 2394 Dei,
3470 2331 3547 2382 ait
3594 2330 3777 2383 enim:

2205 2419 2435 2472 Nescitis
2470 2420 2606 2487 quod
2641 2420 2886 2484 templum
2921 2420 3014 2474 Dei
3044 2424 3190 2487 estis,
3225 2432 3274 2475 et
3307 2420 3552 2489 Spiritus
3579 2418 3671 2474 Dei
3696 2423 3780 2473 ha-

2204 2511 2336 2563 bitat
2378 2511 2430 2563 in
2464 2512 2651 2567 vobis?
2682 2511 2743 2564 Et
2787 2513 2928 2566 idem
2966 2506 3031 2566 in
3070 2516 3255 2567 eadem
3289 2517 3533 2583 epistola
3582 2533 3592 2564 :
3638 2514 3778 2566 Nunc

2204 2612 2383 2655 autem
2415 2617 2539 2655 cum
2577 2603 2811 2657 dicimur
2837 2606 3123 2673 participes
3147 2607 3377 2671 Christi,
3406 2618 3460 2661 et
3498 2607 3777 2676 participes

2166 2713 2170 2716 ‘
2207 2692 2322 2755 Dei,
2359 2693 2762 2749 demonstratur
2795 2697 3057 2760 chrisma,
3099 2698 3149 2750 id
3188 2706 3269 2751 est
3306 2700 3524 2763 unctio,
3558 2715 3673 2767 quc
3704 2705 3787 2789 est

2208 2786 2260 2838 in
2288 2785 2465 2847 nobis,
2501 2795 2554 2839 et
2586 2786 2847 2855 sigiilum,
2881 2789 3025 2856 quod
3058 2806 3161 2842 non
3203 2799 3285 2842 est
3320 2800 3536 2843 natura:
3564 2785 3775 2851 creatzc,

2206 2879 2305 2930 sed
2332 2875 2476 2940 Filii,
2509 2880 2598 2947 qui
2631 2895 2725 2946 per
2759 2877 3021 2948 Spiritum
3058 2890 3306 2933 sanctum
3342 2898 3447 2936 nos
3472 2897 3600 2936 cum
3634 2880 3777 2932 Patte

2208 2968 2512 3039 conjungit,
2548 2970 2652 3023 hoc
2693 2970 2838 3023 enim
2874 2968 3112 3023 Joannes
3151 2976 3313 3039 paulo
3367 2987 3536 3040 supra
3590 2971 3774 3024 docens

531 3068 739 3119 eisdem
773 3081 787 3116 :
818 3062 913 3117 Est
947 3062 1114 3132 igitur
1155 3059 1396 3131 Spiritus
1425 3070 1645 3114 sanctus
1672 3058 1970 3114 secundum
2004 3077 2097 3113 na.
2130 3067 2175 3127 ο
2208 3062 2425 3129 scripsit
2455 3079 2469 3114 :
2506 3060 2567 3114 In
2604 3063 2699 3114 hoc
2732 3064 3244 3133 cognosciniusﬂuod
3277 3065 3329 3116 in
3359 3064 3467 3117 Deo
3495 3078 3773 3121 manemus,

537 3166 715 3210 turam
755 3154 915 3216 Deus,
946 3154 1145 3222 quippe
1179 3151 1271 3221 qui
1304 3161 1529 3206 sanctos
1564 3161 1881 3221 regenerat,
1915 3161 1973 3204 ut
2001 3152 2108 3205 sint

538 3262 707 3303 unum
736 3260 859 3300 cum
895 3245 1022 3306 Deo,
1062 3244 1156 3312 qui
1196 3243 1402 3297 habitat
1436 3242 1487 3295 in
1525 3242 1631 3297 eis.
1667 3242 1729 3294 Et
1756 3242 1933 3295 adhuc
1966 3242 2107 3295 idem

542 3341 599 3393 in
629 3340 834 3393 eisdem
869 3351 882 3387 :
918 3335 1058 3400 Quid
1112 3335 1277 3405 igitur
1323 3350 1458 3404 opus
1504 3342 1587 3388 est
1636 3335 1795 3398 longo
1823 3335 2108 3387 verborum

546 3432 784 3485 circuitu
807 3426 905 3491 uti,
953 3437 1001 3480 et
1051 3426 1379 3494 multiplices
1427 3425 1677 3479 notiones
1718 3424 1927 3478 texere?
1965 3425 2112 3479 llanc

546 3522 693 3575 enim
732 3519 904 3586 ipsam
953 3517 1060 3569 \im
1104 3516 1537 3569 sanctificantem
1576 3530 1641 3568 ex
1687 3514 1844 3569 Patre
1891 3529 2116 3567 manau-

542 3623 673 3674 tem,
708 3627 829 3679 quae
858 3607 1183 3677 imperfectis
1214 3606 1401 3660 tribuit
1431 3606 1818 3674 perfectionem
1847 3646 1861 3672 ,
1887 3607 2116 3660 dicimus

540 3718 665 3757 esse
726 3701 990 3770 Spiritum
1048 3710 1337 3761 sanctum;
1397 3713 1968 3767 supervacaneumque
2031 3707 2116 3750 est

541 3799 853 3847 creaturam
911 3806 1008 3860 per
1054 3790 1400 3858 intcrjectum
1450 3789 1686 3843 medium
1740 3790 2070 3843 sanctil‘n-ari
2100 3827 2114 3852 ,

544 3898 667 3937 cum
694 3883 997 3953 benignitas
1026 3881 1116 3934 Dei
1144 3881 1364 3951 dignata
1402 3879 1567 3934 fuerit
1591 3895 1765 3950 usque
1795 3882 1860 3933 ad
1894 3881 2119 3933 minima

496 4044 507 4052 ο
546 3976 862 4044 pervadere,
921 3980 975 4024 et
1011 3986 1072 4025 ea
1109 3987 1202 4041 per
1247 3970 1510 4037 Spiritum
1551 3985 1709 4024 suum
1757 3970 2118 4025 sanctilicare.

546 4063 612 4117 Et
659 4062 875 4117 divinus
906 4061 1267 4130 Theophanes
1312 4061 1364 4114 iu
1400 4060 1639 4115 Cantieis
1670 4062 1786 4115 suis
1819 4077 1834 4113 :
1868 4059 2075 4115 Lumen
2105 4103 2119 4126 ,

546 4156 741 4224 inquit,
768 4154 932 4209 unius
969 4152 1244 4222 principii,
1278 4161 1332 4205 et
1360 4151 1411 4203 in
1446 4152 1618 4206 tribus
1651 4152 1965 4222 splendens,
1998 4154 2124 4207 sub-

547 4246 743 4301 stantia
772 4246 889 4298 sine
916 4242 1201 4311 principio,
1234 4241 1598 4309 pulchritudo,
1628 4243 1890 4297 immensa
1922 4244 2128 4299 habitat

549 4340 604 4394 iu
646 4340 809 4393 corde
837 4353 980 4400 meo,
1011 4344 1066 4388 et
1101 4337 1298 4389 iterum
1332 4334 1383 4388 in
1416 4335 1621 4389 eisdem
1656 4351 1672 4389 :
1710 4335 1820 4389 Rex
1864 4339 2117 4392 coelestia.

550 4427 837 4497 paraclete,
881 4423 1113 4491 Spiritus
1154 4423 1426 4489 veritatis,
1462 4422 1555 4491 qui
1592 4424 1789 4492 ubique
1822 4426 1951 4479 ades
1983 4442 2121 4495 pra:-

550 4533 696 4581 seus,
727 4526 781 4570 et
805 4515 986 4568 omnia
1018 4514 1229 4583 imples,
1268 4513 1360 4582 qui
1395 4529 1455 4567 es
1491 4516 1776 4568 thesaurus
1810 4516 2076 4570 bonorum
2105 4556 2120 4581 ,

549 4617 604 4664 et
636 4615 757 4660 vita:
787 4609 961 4670 datur,
1004 4608 1145 4668 Veni,
1181 4613 1234 4659 et
1266 4606 1445 4658 habita
1485 4605 1537 4657 in
1566 4606 1757 4671 nobis;
1800 4616 1854 4659 et
1890 4607 2121 4660 emunda

552 4714 654 4753 nos
689 4700 755 4752 ab
786 4698 934 4753 υιιιηὶ
969 4697 1199 4758 macula,
1231 4708 1285 4751 et
1323 4697 1500 4750 salvas
1532 4696 1614 4751 fac
1646 4698 1853 4751 animas
1886 4707 2122 4752 nostras.

553 4789 632 4843 Ex
674 4790 873 4859 quibus
905 4799 1069 4857 patet,
1102 4792 1243 4857 quod
1282 4788 1388 4843 Deo
1424 4791 1719 4843 secundum
1768 4790 2122 4845 substantiam

554 4877 1254 4950 praesente,substantiam
1295 4881 1413 4950 ejus
1446 4884 1780 4949 impermiste
1833 4885 2126 4952 participa-

556 4988 675 5027 mus
706 4990 718 5025 :
752 4983 806 5027 et
837 4974 977 5040 quod
1008 4973 1117 5040 ipsa
1147 4981 1227 5026 est
1262 4987 1379 5039 quae
1411 4988 1510 5027 nus
1550 4974 1888 5038 sanctiﬁcat,
1933 4985 1986 5029 et
2031 4978 2124 5028 ha-

554 5064 687 5119 bitat
720 5063 774 5116 in
824 5063 1000 5125 nobis,
1034 5078 1241 5131 nosque
1272 5064 1339 5114 ab
1379 5063 1525 5114 ontui
1560 5063 1675 5115 labe
1723 5078 1817 5133 per
1863 5063 2123 5133 Spiritum

556 5169 713 5209 suum
745 5154 837 5223 qui
867 5168 1030 5221 supra
1063 5155 1419 5207 substantiam
1452 5162 1557 5218 est,
1603 5164 1874 5222 repurgat.

2206 3161 2255 3203 et
2288 3153 2395 3218 ipse
2425 3153 2476 3203 in
2509 3153 2679 3212 nobis,
2720 3166 2784 3204 ea:
2812 3151 3012 3218 Spiritu
3043 3154 3157 3222 ejus
3186 3171 3336 3221 quem
3366 3150 3516 3207 defit
3550 3154 3692 3206 nobis
3714 3153 3771 3203 ’⁵.

2214 3243 2271 3296 Si
2302 3253 2483 3296 autem
2514 3244 2931 3313 participatione
2971 3245 3205 3313 Spiritus
3255 3248 3438 3299 sancti
3497 3244 3777 3298 eﬂiciemur

2214 3343 2494 3388 consortes
2521 3335 2716 3387 divinae
2748 3344 2974 3395 naturze,
3014 3336 3237 3389 insanus
3273 3334 3442 3390 fuerit
3473 3336 3520 3389 si
3548 3333 3669 3403 quis
3704 3330 3775 3385 di-

2214 3436 2301 3479 cat
2341 3439 2459 3480 esse
2499 3423 2759 3495 Spiritum
2796 3435 3044 3479 sanctum
3088 3436 3291 3479 natum
3341 3436 3573 3487 creatae,
3606 3433 3656 3475 et
3681 3435 3774 3474 non

2217 3517 2344 3581 Dei;
2372 3517 2440 3570 ob
2477 3516 2617 3569 hanc
2655 3517 2797 3570 enim
2849 3532 3070 3569 causam
3122 3527 3206 3570 est
3254 3517 3305 3570 in
3371 3517 3702 3574 hominibus,
3730 3519 3777 3561 et

2217 3623 2313 3677 per
2341 3621 2461 3660 eum
2501 3607 2746 3661 homines
2767 3607 3109 3673 deifirantur;
3137 3608 3179 3660 si
3209 3619 3388 3661 autem
3422 3610 3654 3668 tleiticat,
3682 3616 3773 3654 non

2218 3709 2301 3752 est
2333 3699 2556 3751 dubium
2597 3699 2725 3767 quin
2781 3709 2973 3751 natura
3027 3701 3146 3768 cjus
3184 3708 3382 3754 natura
3416 3699 3508 3753 Dei
3547 3698 3637 3751 sit.
3671 3692 3771 3745 Ma-

2220 3803 2359 3857 gnus
2390 3787 2623 3842 Basilius
2653 3789 2721 3842 iu-
2748 3788 2815 3841 iis
2847 3804 2967 3856 quae
2998 3789 3063 3842 de
3099 3789 3304 3857 Spiritu
3339 3798 3535 3842 sancto
3564 3784 3770 3841 scribit:

2221 3880 2397 3941 Nulla,
2424 3881 2620 3949 inquit,
2656 3889 2900 3934 creatura
2935 3882 3001 3934 ab
3032 3883 3213 3936 anima
3266 3883 3499 3936 rationis
3546 3884 3772 3944 compote

2222 3972 2536 4043 participari
2572 3981 2769 4041 potest,
2808 3973 2877 4025 ita
2908 3984 2967 4025 ut
3001 3974 3052 4027 in
3084 3988 3146 4028 ea
3186 3976 3396 4027 habitet
3422 3970 3704 4029 οὐσιωδῶς,
3729 3967 3771 4017 id

2223 4072 2305 4115 est
2342 4062 2642 4117 secundum
2676 4063 3040 4117 substantiam
3074 4063 3174 4132 ib),
3217 4063 3456 4133 Spiritus
3506 4077 3627 4116 vero
3664 4070 3773 4111 san-

2226 4165 2348 4207 ctus
2384 4155 2590 4208 habitat
2617 4155 2669 4207 in
2704 4169 2765 4208 ea
2795 4194 2811 4215 ,
2849 4155 2993 4208 sicut
3034 4156 3109 4209 ait
3158 4155 3441 4226 Scriptura
3477 4171 3490 4207 :
3527 4150 3770 4215 Templum

2226 4248 2351 4301 estis
2387 4247 2499 4306 Dei,
2523 4256 2574 4300 et
2609 4246 2840 4314 Spiritus
2873 4245 2965 4300 Dei
2999 4249 3203 4300 habitat
3230 4252 3282 4301 in
3317 4252 3484 4313 vobis;
3528 4247 3771 4299 increalus

2228 4336 2390 4406 igitur
2418 4347 2497 4391 est
2531 4337 2766 4405 Spiritus
2807 4350 3051 4401 sanctus,
3083 4349 3135 4393 et
3158 4340 3348 4393 beatus
3379 4339 3611 4409 Cyl-illus
3646 4335 3691 4384 in
3716 4328 3773 4382 ias

2230 4443 2351 4496 qua:
2390 4428 2455 4480 de
2487 4426 2691 4495 Spiritu
2721 4439 2914 4484 sancto
2942 4432 3161 4500 scripsit
3202 4449 3217 4485 :
3255 4431 3356 4486 Per
3384 4449 3442 4488 se
3476 4432 3630 4501 igitur
3657 4437 3768 4491 ουδ’

2231 4528 2385 4573 ratur
2425 4520 2479 4571 in
2527 4520 2684 4574 nobis
2720 4520 2957 4589 Spiritus
2995 4511 3215 4578 sanctus
3261 4540 3388 4579 vere
3432 4520 3770 4578 sanetilicaus,

2233 4622 2280 4665 et
2314 4627 2412 4665 nos
2444 4627 2628 4665 secum
2663 4614 2717 4667 in
2754 4631 2919 4669 unum
2962 4632 3057 4671 sua
3091 4618 3479 4687 conjunctione
3515 4610 3769 4682 copulam,

2231 4718 2295 4757 ac
2322 4704 2518 4757 divina:
2547 4715 2750 4757 natura:
2778 4708 3072 4777 participes
3100 4708 3353 4766 efﬁciens.
3393 4711 3457 4765 Et
3486 4718 3694 4763 rursus:
3722 4695 3768 4748 Si

2232 4796 2584 4864 accipientes,
2624 4798 3118 4868 inquit,.Spiritum
3165 4801 3406 4867 Christi,
3450 4818 3540 4870 per
3567 4810 3679 4854 cum
3712 4789 3766 4841 ad

2234 4885 2401 4938 Deum
2434 4886 2644 4939 l’atrem
2683 4888 3022 4955 adducimur,
3055 4902 3311 4961 tauquam
3358 4895 3550 4949 divinat
3587 4894 3767 4942 natur“?

2231 4989 2510 5032 consortes
2542 4982 2686 5043 lacti,
2723 4984 2881 5036 modo
2916 4985 3019 5038 erit
3047 4994 3316 5051 creatura,
3353 5002 3446 5057 per
3475 4996 3625 5052 quem
3660 4984 3764 5027 cum

2236 5068 2342 5121 Deo
2374 5078 2629 5138 tanquam
2666 5089 2837 5140 genus
2870 5076 3298 5145 etmjuugituur?
3331 5079 3521 5132 Adhuc
3560 5074 3684 5126 idem
3717 5064 3760 5113 in

2232 5162 2499 5228 Capitibus
2544 5163 2612 5217 de
2652 5163 2857 5232 Spiritu
2901 5180 3091 5223 sancto
3121 5187 3135 5221 :
3181 5171 3235 5225 Si
3266 5187 3456 5225 servus
3486 5179 3583 5227 est,
3615 5169 3667 5215 ut
3694 5153 3762 5209 [δ’

627 5384 670 5415 ⁹¹
737 5382 891 5437 Juan.
948 5396 1056 5444 stv,
1104 5382 1194 5437 23.
1274 5379 1315 5411 ⁹²
1350 5381 1391 5435 Il
1426 5383 1573 5435 Putr.
1612 5399 1649 5449 I,
1684 5384 1737 5437 4.
1817 5386 1863 5415 ’³
1898 5384 1911 5436 Ι
1955 5386 2081 5441 Cor.
2119 5389 2313 5452 ttt,16.
2389 5390 2433 5419 ’³
2468 5390 2509 5443 Η
2562 5390 2689 5444 Cor.
2727 5409 2800 5456 Vl,
2842 5396 2924 5451 i6.
3006 5400 3274 5457 "Noun.
3348 5420 3415 5465 tv,
3480 5401 3554 5454 i5.

655 5628 708 5666 (Ι)
742 5628 857 5665 ιιιιι.
886 5629 1003 5666 ΧΙΙΙ.
1037 5630 1156 5666 (ειη).
1191 5628 1245 5666 ὁ.

655 5628 683 5662 (ι
764 5646 779 5662 ι
824 5630 857 5665 ι.
1060 5635 1081 5665 ,ἱ
1144 5655 1156 5666 .
1232 5651 1245 5666 ο

629 5610 708 5750 (ibi
742 5611 1236 5747 Βιζυιξὲἔιύοαὶιΐιεὲι
1276 5674 1627 5756 pat'licipetur
1660 5686 1803 5741 Deus
1836 5689 2136 5744 secundum

2247 5623 2608 5707 substantiam
2647 5645 2674 5680 a
2712 5638 2959 5707 creatura
2988 5672 3021 5693 ,.
3059 5645 3112 5687 et
3169 5651 3275 5689 non
3331 5632 3670 5707 participi-litt.
3714 5623 3764 5671 ιιι

2249 5704 2391 5749 recte
2422 5697 2770 5767 intelligatur,
2804 5702 3008 5771 legatur
3036 5719 3158 5775 cap.
3193 5706 3259 5760 to
3289 5697 3449 5779 hujus
3484 5697 3695 5755 decadis.
