4058 6306
254 367 343 431 '86
356 370 375 414 ³

1052 364 1308 426 DECAS
1348 367 1484 428 VII.
1528 390 1598 401 ·-
1629 364 1727 425 DE
1762 365 2023 427 DIVINA
2071 366 2738 429 PARTICIPATIONE.

3400 359 3507 422 8Ἷο

274 490 389 529 ctus
429 474 507 527 vel
539 482 752 531 creatus
787 475 1023 543 Spiritus
1056 486 1279 532 sanctus
1304 514 1321 541 ,
1353 477 1627 546 quomodo
1660 478 1713 531 in
1763 491 1830 531 eo
1881 484 1925 538 Α
1956 480 2134 534 ritiam
2171 480 2381 535 deﬂecti
2414 479 2555 535 Deus
2600 490 2818 549 propter
2856 473 3277 546 magnitudinem
3324 485 3377 528 ct
3425 492 3519 528 ex-

251 570 571 621 iclantnmus
602 584 616 619 :
642 565 786 619 Abba
822 565 983 620 Pater
1013 567 1100 620 "1
1136 565 1336 620 Verum
1374 583 1404 622 a
1437 569 1698 623 servitute
1723 568 1845 636 qui-

275 660 394 711 dem
439 658 630 710 liberat
661 672 753 711 eos
779 698 794 718 ,
826 657 881 710 in
927 657 1128 725 quibus
1158 667 1262 719 est,
1295 658 1377 712 vel
1412 660 1594 726 potius
1629 660 1846 727 reliugit

281 748 332 799 in
366 748 506 799 iilios
540 745 849 809 ‘libertatis,
899 745 1107 800 faciens
1152 761 1248 801 eos
1298 749 1592 816 participes
1638 757 1847 801 natura;

276 851 421 900 sine;
456 830 681 891 non'est
710 837 873 905 igitur
899 851 1131 903 servus;
1153 838 1296 907 quod
1323 839 1367 892 si
1398 853 1505 892 non
1528 847 1611 892 est
1638 852 1849 899 aereus,

277 928 438 997 igitur
478 942 649 995 neque
697 937 966 993 creatura,
1026 944 1150 984 esse
1190 939 1377 983 autem
1429 939 1760 993 creaturam,
1795 938 1852 984 et

281 1020 557 1073 numerari
600 1033 840 1085 servum,
881 1020 1015 1073 nihil
1052 1021 1196 1074 aliud
1225 1026 1370 1075 esset
1404 1035 1565 1088 quam
1600 1019 1849 1087 refugere

279 1126 306 1162 a
343 1110 521 1161 divina
554 1109 854 1163 substantia
881 1149 897 1172 ,
951 1125 1013 1163 ac
1048 1126 1250 1165 rursus
1296 1110 1445 1161 idem
1501 1109 1553 1162 in
1596 1108 1797 1164 eisdem
1835 1126 1849 1161 :

284 1201 422 1253 Deus
458 1200 620 1269 igitur
653 1208 736 1254 est
762 1200 996 1269 Spiritus
1028 1201 1119 1270 qui
1151 1216 1247 1254 nos
1291 1202 1354 1253 ad
1402 1200 1497 1257 Dei
1533 1200 1848 1255 similitudi-

283 1290 657 1362 ncm‘format,
691 1307 797 1345 non
830 1301 1082 1360 tanquam
1128 1306 1223 1360 per
1254 1292 1482 1361 gratiam
1520 1290 1846 1344 ministran-

284 1392 409 1443 tem,
446 1381 537 1435 sed
574 1397 666 1446 per
694 1381 933 1434 divinam
967 1390 1212 1434 naturam
1245 1381 1709 1451 participationem
1762 1378 1850 1435 sui

282 1472 348 1523 iis
379 1470 468 1539 qui
500 1470 645 1540 digni
676 1481 821 1534 sunt,
852 1474 1086 1525 donans.
1126 1470 1189 1523 Et
1220 1485 1339 1539 quae
1361 1483 1444 1524 est
1478 1471 1668 1523 horum
1694 1460 1859 1523 ﬁdes?

1951 572 2257 626 cellentiam
2303 582 2555 636 naturai;
2586 571 2714 640 quin
2742 571 2920 639 potius
2955 577 3108 622 tanto
3138 567 3311 635 magis
3339 566 3403 619 ad
3441 566 3520 618 lu-

1952 657 2174 712 nitatem
2208 660 2397 726 vergit,
2427 666 2634 725 quanto
2658 658 2861 725 majora
2891 656 2948 710 in
2977 670 3041 710 co
3063 663 3209 715 sunt.
3236 670 3299 709 ex
3319 654 3520 723 quibus

1951 763 2119 802 unum
2146 787 2163 812 ,
2201 751 2363 819 idque
2390 750 2823 818 pulcherrimum
2858 758 2985 813 est,
3021 747 3235 801 bonitas
3266 762 3388 816 quae
3420 761 3519 814 per

1951 836 2173 902 Filium,
2208 838 2351 891 sicut
2380 839 2494 907 ipse
2522 837 2599 892 ait
2626 839 2703 903 ",
2736 839 2789 890 in
2826 839 3001 892 malos
3028 848 3082 890 et
3114 837 3283 889 bonos
3310 834 3522 903 pertin-

1952 927 2051 993 git,
2092 927 2226 980 nulli
2273 942 2498 996 prorsus
2528 927 2611 981 sui
2656 926 3123 996 participationem
3166 923 3520 992 praecludeus.

1948 1014 2305 1085 Participatio
2339 1033 2468 1071 vero
2495 1017 2674 1071 Patris
2705 1030 2799 1085 per
2829 1014 3022 1068 Filium
3056 1015 3107 1067 in
3162 1014 3365 1083 Spiritu
3398 1027 3524 1067 san-

1953 1119 2042 1161 cto
2077 1108 2296 1175 proprie
2344 1118 2398 1162 et
2440 1110 2693 1162 decenter
2727 1106 2815 1171 fit;
2870 1105 3012 1159 sic-ut
3034 1103 3193 1159 etiam
3230 1104 3397 1157 solem
3430 1118 3524 1170 per

1954 1198 2299 1265 splendorem
2331 1213 2395 1251 ex
2421 1212 2493 1251 eo
2518 1212 2630 1251 non
2678 1197 2798 1250 sine
2825 1195 3007 1247 calore
3064 1188 3264 1246 editum
3299 1193 3523 1259 partici-
3568 1206 3585 1225 ι

1957 1305 2175 1360 panius:
2210 1293 2366 1346 Sicut
2401 1293 2565 1361 igitur
2592 1305 2757 1345 nemo
2786 1290 2933 1343 dicat
2978 1287 3242 1357 dissimile
3270 1300 3392 1339 esse
3422 1284 3523 1338 soli

1960 1382 2142 1437 lumen
2180 1384 2323 1454 quod
2374 1399 2437 1437 es
2489 1386 2607 1451 ipso
2648 1382 2932 1446 emittitur,
2963 1380 3046 1434 vel
3077 1378 3311 1433 calorem
3342 1417 3355 1438 ,
3395 1377 3523 1444 quia

1958 1491 2052 1543 per
2080 1475 2177 1530 ista
2211 1475 2566 1545 participatur
2600 1473 2721 1538 sol;
2755 1473 2835 1527 sic
2881 1487 2987 1526 non
3039 1479 3123 1526 est
3171 1485 3420 1531 necesse,
3465 1478 3525 1522 ut

284 1566 563 1630 Scriptura
607 1576 757 1617 sacra
786 1560 1140 1638 ,IScriptura
1177 1562 1433 1615 divinitus
1484 1561 1659 1619 aﬂata
1688 1598 1705 1624 ν
1740 1575 1860 1629 qum
1956 1567 2129 1621 Filius
2168 1567 2238 1620 sit
2276 1566 2420 1620 Patri
2464 1565 2774 1626 dissimilis,
2818 1563 2951 1632 quia
2995 1562 3155 1616 Pater
3200 1578 3298 1632 per
3324 1560 3522 1614 Filium

284 1664 466 1722 aperte
495 1665 547 1708 et
572 1653 811 1722 perfecte
842 1653 894 1706 itt
928 1669 1092 1705 unum
1126 1653 1344 1721 copulat
1379 1651 1545 1705 Deum
1594 1661 1647 1705 et
1686 1651 1858 1718 Spiri-
1954 1656 2337 1725 partieipstur,
2389 1656 2518 1723 quin
2540 1655 2727 1723 [potius
2761 1654 2992 1707 similem
3039 1668 3133 1721 per
3178 1653 3358 1705 omnia
3403 1666 3525 1705 esse

266 1757 394 1801 ‘tutn
426 1748 711 1815 ejns;.ner
742 1728 897 1798 aliter
920 1745 1166 1797 futuram
1206 1758 1327 1798 esse
1362 1743 1450 1797 Dei
1487 1743 1862 1812 participatio-
1890 1804 1925 1815 ,ι
1964 1745 2324 1798 demonstrat.
2361 1743 2465 1799 Ubi
2510 1745 2654 1798 enim
2710 1743 2841 1797 facti
2883 1744 3176 1811 participes
3217 1741 3367 1804 Filii,
3420 1756 3525 1794 non

272 1854 431 1901 ‘nem,
454 1804 570 1889 vnisi
605 1852 697 1905 per
729 1834 990 1903 Spiritum
1021 1844 1301 1909 sanctum,
1324 1846 1509 1901 aperte
1542 1832 1699 1887 docet
1736 1848 1749 1886 :
1780 1835 1856 1885 si-
1886 1804 1928 1861 Β
1959 1839 2238 1905 privamur
2266 1836 2684 1905 participatione
2714 1833 2915 1898 Patris,
2946 1833 3214 1901 quomodo
3230 1848 3343 1886 non
3369 1838 3529 1885 erunt

282 1930 496 1997 quidem
548 1929 808 1982 Dominus
849 1937 1035 1980 noster
1079 1924 1240 1980 Jesus
1272 1925 1524 1979 Christus
1565 1925 1630 1977 de
1655 1925 1810 1977 omni
1838 1962 1853 1985 ,

281 2024 495 2090 Opinor,
518 2020 671 2073 fideli
708 2028 760 2071 et
794 2019 936 2072 bono
968 2017 1132 2070 dicit:
1158 2016 1268 2086 Ego
1297 2025 1347 2068 et
1382 2016 1542 2069 Pater
1577 2020 1855 2081 veniemus,

280 2123 329 2168 et
358 2115 676 2167 mansionem
710 2111 849 2177 apud
871 2109 1285 2178 eumfaciemus,
1317 2117 1371 2161 et
1402 2124 1414 2161 :
1446 2106 1516 2160 ⁴1η
1550 2110 1643 2158 hoc
1671 2122 1860 2176 cogno-

285 2209 478 2259 scimus
515 2204 655 2273 quod
691 2205 742 2255 in
771 2202 912 2255 nobis
940 2211 1036 2264 est,
1072 2216 1134 2255 ea:
1173 2200 1372 2265 Spiritu
1398 2216 1546 2270 quem
1589 2200 1729 2252 dedit
1756 2216 1867 2252 ,κο-η

285 2301 385 2352 bis.
432 2298 487 2350 ln
516 2314 573 2351 se
613 2313 758 2352 enim
790 2296 912 2363 quis
957 2303 1131 2363 potest
1185 2296 1407 2363 copiose
1453 2293 1652 2347 habere
1704 2292 1858 2345 habi-

286 2401 488 2443 tantem
527 2396 580 2442 ct
616 2396 918 2441 versantem
962 2396 1154 2438 natura
1211 2396 1265 2437 et
1314 2399 1440 2437 vere
1492 2383 1679 2447 Deum,
1734 2399 1857 2437 cum

281 2483 552 2550 Spiritum
582 2480 702 2548 ejus
738 2477 1045 2547 acceperit,
1080 2490 1184 2530 non
1218 2476 1473 2539 alienum,
1508 2489 1687 2542 neque
1718 2474 1853 2528 sub-

290 2573 488 2625 stantia
524 2572 593 2624 ah
628 2586 704 2624 eo
739 2570 1058 2623 distractqu
1094 2576 1147 2619 et
1179 2564 1453 2619 divulsum
1476 2605 1492 2630 ,
1546 2564 1639 2617 sed
1678 2564 1862 2631 potius

290 2678 353 2714 ex
387 2663 527 2728 ipso,
556 2671 609 2711 et
643 2660 693 2712 iu
708 2660 889 2725 ipsos,
920 2666 973 2709 et
1002 2657 1277 2724 proprium
1304 2655 1445 2722 ejus,
1479 2664 1531 2707 ct
1583 2655 1849 2723 a-qualem

291 2767 412 2805 cum
440 2768 502 2803 eo
526 2750 862 2801 dominatum
887 2754 1210 2813 gestantem,
1232 2753 1286 2798 et
1308 2744 1387 2798 sic
1410 2744 1746 2797 neminatum
1765 2743 1863 2813 (α),

292 2853 344 2895 et
381 2854 640 2909 tanquam
696 2839 748 2892 in
788 2839 977 2891 ordine
1009 2835 1128 2889 Filii
1157 2836 1231 2906 (lt)
1275 2848 1615 2903 as.~untptum
1652 2845 1867 2903 propter

294 2935 539 2988 eamdem
567 2929 988 2985 naturam.‘Etitt
1018 2944 1137 2997 cap.
1167 2928 1187 2979 Ι
1234 2927 1353 2980 libri
1387 2943 1437 2980 tv
1462 2925 1865 2987 Tltesaurorum,
1900 2926 1909 2931 ’

297 3036 554 3091 tanquam
598 3028 648 3075 in
687 3036 915 3091 persona
952 3020 1329 3073 haereticorum
1378 3034 1392 3070 :
1440 3018 1665 3070 Alienus
1708 3026 1789 3070 est
1836 3031 1864 3067 a

295 3116 794 3171 communicatione
825 3122 1031 3175 nostra,
1061 3121 1116 3166 et
1143 3128 1171 3164 a
1200 3112 1355 3163 nobis
1387 3126 1491 3162 non
1521 3108 1867 3178 participahi-

297 3208 361 3260 lis
394 3222 487 3275 per
518 3222 576 3259 se
606 3206 779 3273 ipsum
810 3203 982 3257 ’Pater
1014 3213 1228 3268 propter
1259 3203 1477 3256 nimiam
1502 3212 1553 3254 et
1580 3217 1867 3263 summam,

299 3310 503 3369 etquae
538 3299 605 3351 ab
641 3300 878 3350 humana
906 3306 1106 3348 natura
1140 3292 1258 3361 capi
1293 3308 1398 3368 non
1435 3301 1632 3360 potest,
1670 3292 1870 3344 divini—

299 3391 424 3442 tatis
451 3389 944 3458 participationem,
980 3386 1193 3454 capitur
1223 3395 1403 3445 autem
1431 3424 1445 3446 ,
1489 3394 1540 3435 et
1572 3391 1654 3435 est
1686 3384 1737 3435 in
1772 3398 1873 3434 no-

296 3482 381 3535 bis
414 3496 506 3547 per
526 3479 725 3532 Filium
761 3488 1014 3546 tauquam
1048 3491 1141 3543 per
1166 3476 1431 3528 minorem
1464 3474 1690 3527 scilicet.
1727 3471 1874 3537 Quo-

297 3572 460 3624 modo
489 3570 652 3639 igitur
681 3568 876 3621 similis
908 3565 1054 3619 Patri
1080 3604 1095 3628 ,
1129 3566 1220 3634 qui
1258 3580 1285 3618 a
1326 3567 1483 3618 nobis
1514 3566 1627 3633 capi
1659 3573 1834 3633 potest

298 3664 392 3732 qui
429 3662 589 3715 illum
614 3672 818 3727 capere
842 3672 958 3709 non
986 3654 1322 3722 possumus?
1350 3654 1555 3708 Contra
1604 3671 1731 3708 vero
1757 3655 1871 3708 dis—

302 3764 502 3823 putans
552 3750 801 3820 ‘Cyrillus
839 3762 852 3800 :
884 3745 1070 3809 Ebrii,
1099 3746 1308 3814 inquit,
1366 3761 1559 3799 rursus
1594 3757 1722 3799 sunt
1757 3748 1872 3801 suis

300 3844 530 3899 insaniis
564 3841 653 3896 isti
678 3846 1081 3909 oppugnatores
1116 3835 1233 3901 Dei,
1265 3851 1370 3889 non
1403 3836 1787 3903 intelligentes,
1815 3845 1874 3890 ut

296 3942 539 4003 apparet,
578 3947 753 4002 neque
801 3946 921 4001 qua:
972 3930 1285 3999 loquuntur,
1339 3944 1512 3998 neque
1560 3930 1626 3983 de
1676 3931 1873 3997 quibus

298 4027 592 4079 atlirntant.
627 4024 683 4075 Si
721 4021 889 4083 enim,
925 4028 983 4073 ut
1018 4035 1113 4073 vos
1133 4018 1349 4081 dicitis,
1380 4020 1564 4074 omnia
1594 4036 1785 4089 magna
1821 4029 1875 4075 ct

298 4132 460 4183 supra
495 4127 743 4168 naturam
768 4122 893 4167 sunt
922 4113 973 4165 in
1001 4110 1183 4175 Patre,
1213 4127 1435 4167 necesse
1461 4122 1545 4166 cst
1573 4114 1873 4168 concedere

298 4224 481 4278 parem
509 4209 805 4262 bonitatem
840 4207 913 4259 illi
949 4205 1147 4259 inesse.
1176 4206 1457 4270 Quomodo
1486 4206 1648 4275 igitur
1680 4207 1876 4274 quiest

300 4315 512 4353 summe
552 4302 745 4364 bonus,
788 4313 891 4351 non
942 4306 1120 4367 potest
1152 4297 1272 4366 capi
1314 4297 1477 4351 abiis
1514 4298 1601 4366 qtti
1635 4299 1874 4354 bonitate

302 4390 580 4458 indigent?
603 4389 886 4455 Quomodo
915 4400 997 4443 est
1026 4398 1170 4442 totus
1213 4387 1409 4452 bonus,
1444 4389 1532 4457 qui
1576 4389 1741 4442 nimia
1776 4406 1871 4443 su-

1952 1930 2095 1984 idem
2148 1931 2307 1985 Pater
2348 1938 2400 1984 et
2436 1930 2653 1984 Filius?
2708 1928 2809 1983 Ubi
2842 1937 3022 1983 autem
3055 1936 3137 1983 est
3176 1928 3363 1981 eadem
3397 1929 3528 1980 sub-

1957 2019 2179 2079 stantia,
2208 2034 2367 2088 quem
2388 2019 2566 2073 locum
2592 2019 2810 2073 habebit
2837 2018 3257 2072 dissimilitudo?
3284 2018 3497 2085 R~-spon
3515 2046 3529 2057 ο

1960 2112 2118 2164 deant
2144 2109 2348 2164 Christi
2396 2118 2818 2179 oppugnatores.
2861 2110 2938 2185 Es
2971 2109 3169 2177 quibus
3202 2109 3259 2162 fit
3290 2109 3526 2162 manife-

1958 2211 2127 2264 stum,
2161 2202 2304 2270 quod
2332 2201 2719 2270 participantes
2754 2200 3014 2268 Spiritum
3050 2207 3329 2262 sanctum,
3362 2204 3531 2264 pa'ti-

1959 2295 2206 2363 eipamus
2232 2292 2430 2346 Filium
2462 2292 2655 2357 Deum,
2681 2301 2736 2346 et
2782 2293 2926 2345 hunc
2964 2293 3375 2361 participantes,
3403 2305 3529 2361 par-

1961 2384 2251 2451 ticipamtts
2285 2383 2450 2438 Deum
2484 2382 2696 2438 Patrem
2721 2421 2738 2447 ,
2770 2392 2935 2452 atque
2972 2376 3339 2437 ita’eilicimur
3369 2389 3533 2437 totius

1960 2476 2157 2531 divinae
2187 2488 2396 2529 naturae
2434 2484 2488 2531 et
2520 2476 2839 2530 substantia:
2886 2474 3200 2545 participes.
3250 2474 3535 2541 Quotnodi

1963 2586 2089 2620 vero
2122 2568 2213 2623 fiat
2241 2569 2293 2622 in
2328 2570 2485 2624 nobis
2517 2569 2858 2637 participatio
2882 2567 3189 2630 Trinitatis,
3219 2582 3340 2636 quae
3371 2583 3533 2636 supra

1966 2655 2326 2708 substantiam
2356 2664 2479 2718 est,
2514 2656 2617 2709 dici
2652 2672 2755 2709 non
2794 2664 3000 2724 potest;
3038 2656 3179 2710 sicut
3210 2670 3386 2725 neque
3427 2658 3537 2710 dici

1967 2757 2165 2817 potest,
2189 2747 2311 2816 quis
2340 2748 2532 2801 modus
2559 2747 2631 2801 sit
2659 2747 2978 2801 substantiae
3002 2747 3121 2815 ejus
3140 2786 3155 2809 ,
3181 2756 3236 2801 et
3263 2750 3541 2817 quomodo

1968 2838 2041 2892 sit
2072 2838 2277 2908 ubique
2308 2852 2546 2907 praesens
2584 2837 2885 2893 secundum
2914 2838 3301 2893 substantiam.

2567 2950 2797 3006 CAPUT
2837 2950 2925 3007 IV.

1972 3065 2123 3131 Quod
2166 3066 2544 3134 pnﬂicipantes
2586 3068 2816 3119 divinam
2875 3077 3143 3127 naturam.
3194 3083 3296 3119 non
3344 3070 3537 3137 gratia:

2044 3140 2225 3196 aniius,
2257 3149 2305 3187 et
2347 3154 2437 3197 per
2461 3154 2513 3187 se
2539 3151 2638 3187 non
2666 3137 2999 3190 subsistentia
3026 3140 3308 3204 participes
3334 3155 3538 3201 sanius,

2044 3206 2135 3259 sed
2167 3208 2330 3271 ipsius
2359 3205 2591 3273 Spiritus
2623 3208 2792 3259 sancti
2821 3210 3057 3268 viventis,
3087 3216 3134 3258 et
3174 3223 3265 3273 per
3295 3223 3349 3258 se
3398 3214 3542 3259 easi-

2034 3279 2264 3339 stentis;
2296 3288 2343 3326 et
2379 3280 2513 3342 quod
2548 3287 2686 3329 totus
2731 3276 2863 3326 Deus
2922 3278 3091 3328 tritms
3122 3278 3291 3343 gratia
3320 3276 3539 3337 dicitur,

2043 3360 2087 3397 et
2125 3345 2281 3398 simul
2319 3344 2514 3403 Filius,
2546 3359 2699 3408 atque
2730 3346 2959 3411 Spiritus
2984 3357 3195 3397 sanctus
3231 3347 3435 3414 gratia;
3464 3346 3542 3399 si-

2042 3416 2269 3483 gilt'att'm
2296 3418 2649 3483 unusquisque
2676 3417 2861 3466 horum
2886 3416 3058 3481 gratia
3091 3416 3313 3476 dicitur,
3344 3415 3543 3466 dicitur

2045 3502 2161 3536 rem
2186 3484 2494 3553 homonyma
2524 3484 2725 3551 gratia.
2762 3485 2815 3535 id
2847 3493 2946 3544 est,
2980 3484 3121 3553 quod
3154 3487 3218 3537 ab
3248 3484 3328 3535 Itis
3362 3499 3541 3551 perso-

2046 3557 2125 3605 nis
2156 3555 2238 3621 Iit.
3419 3616 3421 3618 η

2042 3665 2282 3720 Sanctus
2330 3665 2587 3735 Cyrillus,
2624 3664 2763 3717 libro
2815 3665 3047 3733 septimo
3083 3662 3424 3733 Dialogorum
3470 3666 3541 3719 ad

1978 3758 2247 3812 llermiam
2276 3777 2288 3810 :
2313 3758 2391 3819 Si,
2427 3757 2626 3823 inquit,
2658 3757 2828 3825 gratia
2854 3773 2975 3824 qute
3000 3771 3093 3823 per
3117 3755 3381 3826 Spiritum
3408 3771 3539 3810 san-

1975 3860 2120 3904 ctum
2152 3851 2335 3911 datur.
2360 3849 2589 3904 discissa
2613 3856 2727 3903 erat
2758 3863 2787 3901 a
2812 3848 3111 3901 substantia
3148 3847 3382 3916 Spiritus
3408 3863 3540 3901 san-

1976 3944 2068 4005 cti,
2105 3958 2203 3996 cur
2252 3956 2360 3995 non
2413 3948 2601 4010 aperte
2635 3941 2772 3995 dixit
2818 3941 3010 3994 beatus
3042 3942 3258 4010 quidem
3305 3940 3540 4009 Moyses,

1976 4033 2118 4101 quod
2156 4033 2429 4103 producto
2459 4032 2722 4086 animanti
2755 4032 3044 4099 inspiravit
3075 4032 3305 4099 gratiam
3352 4043 3541 4084 auctor

1976 4125 2243 4189 Omnium,
2297 4124 2526 4193 gratiam
2583 4124 2708 4176 dico
2755 4137 2854 4190 per
2914 4123 3323 4190 ittspira:iout‘m
3376 4122 3543 4175 vitaz?

1976 4212 2224 4266 Christus
2256 4226 2384 4265 vero
2433 4210 2617 4275 nobis,
2662 4212 2902 4278 Accipite
2947 4212 3175 4280 gratiam
3204 4212 3270 4272 ⁸⁸,
3330 4211 3542 4265 scilicet

1976 4316 2074 4369 per
2113 4302 2477 4355 ministerium
2512 4300 2748 4369 Spiritus
2776 4303 2994 4355 sancti?
3021 4303 3162 4368 Quin
3198 4304 3378 4370 potius
3410 4302 3543 4367 illud

1974 4392 2195 4460 quidem
2226 4400 2474 4445 vocatum
2506 4401 2590 4446 est
2621 4390 2961 4459 Spiraculum
2995 4394 3117 4445 vita:
3139 4395 3183 4425 θ’
3214 4409 3228 4456 ;
3264 4393 3372 4446 vita
3396 4392 3542 4447 enim

303 4496 395 4549 pra
433 4490 699 4533 creaturae
725 4479 1037 4533 facultatem
1072 4480 1309 4533 bonitate
1343 4479 1598 4533 omnibus
1625 4482 1708 4533 sui
1742 4494 1865 4547 par-
1902 4492 1946 4547 D
1975 4492 2091 4536 erat
2121 4491 2315 4536 natura
2347 4482 2678 4545 divinitatis,
2716 4482 2985 4551 siquidem
3022 4498 3148 4536 vere
3175 4485 3226 4535 in
3262 4485 3379 4552 ipso
3408 4486 3545 4535 vivi-

305 4571 670 4639 ticipationem
713 4570 1034 4639 praecludit}
1064 4569 1358 4638 Oportebat
1385 4569 1528 4623 enim
1562 4572 1725 4639 (quod
1754 4572 1875 4640 qui-

303 4660 425 4714 dem
458 4674 645 4713 verum
674 4660 885 4713 videtur
911 4660 1075 4728 esse),
1111 4669 1170 4712 ut
1213 4660 1304 4728 qui
1339 4670 1648 4715 estsumme
1678 4661 1871 4725 bonus,

305 4751 600 4806 bonitatem
630 4752 730 4804 sibi
765 4751 1176 4805 convenientem
1214 4750 1495 4804 adhiberet
1520 4751 1799 4816 omnibus,
1822 4760 1876 4806 et

302 4861 421 4899 eam
454 4844 669 4900 cunctis
721 4842 1089 4911 indigentibus
1120 4841 1184 4894 ad
1221 4839 1508 4894 lruendum
1555 4840 1879 4907 impartiret.

305 4939 505 4991 Verum
554 4936 664 5004 jam
700 4935 801 4988 hoc
831 4932 1029 4987 fecisse
1055 4941 1298 5001 apparet,
1331 4947 1452 4984 cum
1488 4932 1751 5000 proauittit
1782 4934 1880 4986 ha-

303 5031 601 5083 bitatorum
639 5042 696 5080 se
733 5027 785 5079 in
816 5025 995 5087 nobis,
1043 5033 1096 5077 et
1129 5024 1610 5085 inamimlaturum,
1634 5033 1689 5077 et
1742 5038 1874 5091 pro-

303 5121 472 5174 mittit
500 5120 756 5188 adoptare
792 5116 956 5171 lilios.
988 5114 1170 5170 inanis
1198 5114 1363 5183 igitur
1396 5115 1686 5183 impiorum
1718 5129 1872 5183 quae-

303 5213 410 5267 stio
444 5222 557 5275 est;
598 5220 820 5281 apparet
844 5212 1012 5275 enim,
1045 5208 1499 5278 quemadmodum
1527 5223 1631 5262 non
1663 5209 1729 5261 ad
1768 5208 1870 5260 du-

376 5414 420 5444 “
467 5413 625 5469 Rou.
686 5430 802 5477 vm,
870 5414 954 5468 15.
1034 5412 1290 5466 "Matth.
1340 5431 1389 5476 ν,
1439 5415 1526 5467 45.

380 5598 459 5666 (a)
487 5598 548 5650 Et
579 5601 653 5651 sic
680 5603 1023 5656 nominatum.
1048 5600 1102 5655 ld
1128 5611 1209 5655 est
1242 5600 1603 5655 Dominum."
1633 5602 1755 5656 Cor.
1784 5617 1864 5655 ιιι.

382 5671 456 5735 (b)
489 5668 542 5720 In
579 5673 769 5723 ()l'tlillc
798 5673 913 5725 Filii
938 5684 1247 5739 nasumptus
1274 5674 1467 5724 dicitur
1487 5674 1718 5740 Spiritus
1750 5688 1879 5725 sau—

310 5750 435 5791 etus
462 5776 476 5803 ,
531 5755 654 5807 quta
710 5751 1023 5795 numeratur
1055 5743 1245 5795 tertius
1276 5781 1290 5806 ,
1336 5751 1477 5795 sucnt
1506 5746 1636 5791 dicit
1689 5742 1877 5796 Matth.

1602 5410 1648 5445 ’⁸
1683 5411 1840 5466 Joan.
1886 5426 1977 5477 xx,
2010 5410 2100 5464 ‘22.

1981 4588 2123 4636 mus,
2157 4586 2459 4636 movemur,
2504 4584 2559 4625 et
2606 4572 2879 4635 sumus‘;
2911 4586 3046 4625 voce
3095 4585 3277 4625 autem
3328 4573 3542 4627 Domini

1980 4661 2183 4715 dictum
2226 4669 2346 4715 est:
2387 4660 2622 4728 Accipite
2656 4658 2914 4727 Spiritum
2946 4673 3210 4726 sanctum,
3245 4664 3369 4730 quia
3422 4663 3539 4732 ipse

1980 4769 2106 4808 vere
2132 4759 2185 4807 in
2218 4752 2475 4807 cordibus
2494 4751 2830 4806 credentium
2858 4752 3083 4806 habitat.
3114 4752 3176 4803 lit
3202 4752 3362 4821 paulo
3381 4763 3503 4821 post
3526 4771 3541 4808 :

1981 4844 2206 4908 Quando
2240 4842 2405 4911 igitur
2435 4841 2502 4895 ad
2540 4841 2953 4896 similitudinem
2980 4841 3188 4895 Christi
3218 4840 3542 4909 formamur,

1983 4935 2099 5001 ipse
2131 4933 2292 4987 etiam
2334 4932 2386 4985 in
2423 4932 2580 4985 nobis
2612 4933 2991 5001 consignatur,
3021 4943 3075 4986 et
3103 4935 3326 5002 pulchre
3358 4939 3546 5005 expri-

1984 5026 2152 5078 mitur
2183 5032 2440 5094 tauquam
2473 5040 2567 5093 per
2608 5023 2875 5094 Spiritum
2928 5027 3252 5082 naturaliter
3287 5029 3544 5083 similem.

1986 5115 2124 5170 Deus
2149 5132 2280 5185 ergo
2311 5130 2394 5170 est
2431 5114 2669 5185 Spiritus
2717 5126 2963 5181 sanctus,
2998 5119 3089 5187 qui
3123 5120 3187 5171 ad
3228 5118 3547 5173 similitudi-

1980 5223 2099 5263 nem
2136 5209 2226 5262 Dei
2276 5207 2477 5262 format
2516 5226 2626 5263 non
2682 5222 2937 5278 tanquam
2974 5225 3068 5280 per
3118 5212 3345 5279 gratiam
3382 5210 3546 5261 minio

2178 5411 2225 5443 θ’
2271 5410 2407 5465 Gen.
2442 5429 2499 5474 tt,
2525 5410 2579 5463 7.
2658 5412 2672 5442 ¹
2718 5413 2836 5467 Act.
2876 5428 3008 5476 XVII,
3038 5410 3130 5465 28.

1976 5616 2168 5663 xum,
2206 5601 2548 5668 Baptizantes
2586 5616 2673 5653 eos
2709 5599 2759 5652 in
2810 5599 3015 5652 nomine
3046 5594 3220 5668 Pagi}:
3252 5601 3297 5643 et
3340 5589 3467 5644 Filii
3497 5603 3547 5668 et

1982 5662 2215 5736 Spiritus
2247 5662 2455 5733 sancti;
2498 5680 2548 5722 et
2590 5670 2721 5723 illud
2762 5668 2971 5722 lJuan.
3006 5681 3033 5719 v
3074 5681 3089 5718 :
3126 5662 3248 5715 Tres
3300 5671 3415 5714 sunt
3460 5666 3548 5725 qui

1992 5744 2366 5804 testimonium,
2397 5752 2501 5794 etc.
