4058 6306
568 311 687 382 ’871

1745 313 2069 376 ΙΟΑΝΝῘΞ
2099 310 2666 373 C'Y'PARlSSlOTAi

2637 181 2662 189 ,Α

3752 300 3840 362 ’8ῗὲ

578 427 863 491 strantem,
895 428 987 484 sed
1018 436 1277 497 tanquam
1302 411 1418 498 ipse
1445 426 1914 496 participationem
1948 427 2146 481 divinat!
2175 433 2216 484 Α
2249 433 2414 492 atque
2443 423 2514 476 ita
2553 423 2606 475 (lt
2640 419 2790 474 illud:
2828 416 2999 488 Ego-et
3036 416 3202 470 Pater
3223 415 3524 480 veniemus,
3553 423 3607 466 et
3632 417 3849 463 matis-n-

583 530 799 573 naturae
841 519 1020 588 dignis
1065 519 1318 588 largiens.
1350 517 1417 572 Et
1463 532 1657 572 rursus
1704 519 1846 572 idem
1899 519 2140 572 ibidem:

577 607 798 672 Templa
848 608 966 672 Dei,
1019 608 1131 662 imo
1176 608 1339 662 etiam
1390 607 1465 662 dii
1501 621 1786 674 vocamur,
1835 617 1892 662 et
1931 623 2144 672 sumus,

577 713 747 764 quare
766 706 971 761 autem,
1014 699 1298 764 interroga
1321 698 1691 752 adversarium
1717 713 1732 760 ;
1755 698 2026 767 siquidem
2053 713 2148 752 su-

580 803 704 840 mus
737 804 859 841 rere
885 789 1176 857 participes
1203 791 1369 844 nudae
1398 799 1452 843 et
1484 805 1593 843 non
1621 804 1717 858 per
1745 803 1802 843 se
1829 789 2148 844 exsistentis

577 880 786 947 gratiae,
819 889 873 934 at
894 895 1004 934 non
1029 883 1130 944 sic,
1159 897 1502 950 nequaquam
1528 899 1548 946 ,°
1571 881 1767 951 templa
1786 883 1930 936 enim
1953 896 2149 936 Sumus

579 967 818 1037 Spiritus
866 970 1042 1024 sancti
1089 985 1182 1040 per
1230 988 1290 1024 se
1335 971 1698 1036 exsistentis;
1749 970 1922 1024 vocati
1964 982 2147 1024 autem

576 1073 771 1114 sumus
807 1059 882 1114 dii
934 1070 1152 1128 propter
1201 1060 1404 1128 ipsum,
1457 1070 1643 1129 utp0te
1693 1061 1889 1114 divina:
1939 1071 2149 1113 naturae

575 1157 798 1217 propter
835 1151 1283 1216 conjunctionem
1323 1165 1447 1204 cum
1501 1151 1624 1219 ipso
1665 1151 1959 1220 paiticipes
1995 1151 2143 1205 facti.

576 1239 645 1294 Et
671 1239 866 1294 iterum
896 1241 1035 1295 idem
1072 1242 1124 1294 in
1161 1242 1410 1296 eisdem:
1448 1241 1528 1294 An
1566 1259 1673 1296 non
1716 1244 1950 1298 dicimus
1978 1241 2147 1297 fabri-

567 1333 688 1386 cari
714 1332 994 1386 hominem
1020 1335 1084 1386 ad
1117 1333 1407 1404 imaginem
1431 1335 1525 1391 Dei
1552 1338 1574 1390 1'
1597 1335 1732 1400 Quis
1764 1335 1970 1404 neget?
1993 1334 2148 1401 Quod

570 1430 756 1475 autem
785 1421 1080 1488 imaginem
1113 1421 1402 1490 imprimit,
1425 1433 1481 1478 et
1507 1423 1680 1478 instar
1715 1423 1877 1492 sigilli
1910 1422 2149 1493 pulchri-

575 1511 823 1565 tudinem
879 1513 1379 1580 supramundanam
1427 1513 1611 1580 eilicit,
1639 1529 1707 1567 an
1749 1528 1860 1567 non
1904 1525 1989 1568 est
2029 1514 2150 1582 Spi-

573 1605 716 1658 ritus
759 1603 1020 1656 sanctus?
1043 1605 1110 1657 ΑΙ.
1147 1619 1279 1669 non,
1318 1603 1518 1672 inquit,
1547 1615 1608 1658 ut
1637 1603 1799 1671 Deus,
1835 1606 1928 1658 sed
1977 1615 2036 1658 ut
2065 1606 2150 1658 di-

576 1694 720 1748 vinae
755 1697 945 1762 gratia:
993 1695 1262 1758 minister,
1310 1694 1475 1763 igitur
1514 1710 1622 1748 non
1657 1695 1794 1766 ipse,
1845 1699 1938 1749 sed
1971 1697 2146 1766 gratia

576 1800 674 1854 per
720 1786 894 1854 ipsum
947 1787 1322 1855 consignatur.
1371 1786 1621 1850 Videtur,
1673 1787 1868 1856 inquit.
1915 1786 2149 1842 Necesse

576 1893 706 1946 ergo
741 1884 857 1930 erat
913 1877 1186 1946 appellare
1215 1878 1494 1932 hominem
1529 1878 1826 1947 imaginem"
1856 1878 2060 1948 gratiae,
2095 1889 2151 1934 et

578 1985 688 2024 non
722 1970 903 2038 potius
942 1970 1232 2038 imaginem
1269 1969 1385 2034 Dei,
1428 1970 1727 2039 Gregorius
1759 1971 2056 2041 Nyssenus,
2094 1971 2148 2024 in

575 2060 802 2114 Cantica
837 2059 1217 2116 canticorum:
1249 2059 1428 2124 Quod,
1460 2061 1658 2129 inquit,
1693 2075 1822 2114 vere
1848 2071 1931 2115 est
1958 2060 2152 2129 praedi-

575 2149 809 2204 candum
847 2149 1088 2211 beatum,
1143 2163 1347 2202 numen
1393 2148 1572 2217 ipsum
1618 2148 1862 2202 divinum
1897 2159 2002 2212 est,
2034 2150 2149 2216 ipsa

576 2238 928 2306 pulchritudo
975 2238 1398 2306 inexplicabilis,
1452 2237 1568 2305 ipsa
1624 2253 1722 2306 per
1763 2254 1824 2294 se
1859 2241 2054 2309 gratia,
2098 2249 2153 2293 ct

574 2332 872 2400 sapientia,
897 2339 951 2384 et
977 2339 1240 2398 potestas.
1265 2329 1332 2382 Et
1361 2329 1586 2384 dii-inus
1618 2328 1914 2401 Gregorius
1942 2331 1998 2385 in
2024 2347 2150 2385 ora-

576 2425 728 2478 tione
773 2423 841 2476 de
887 2421 1170 2476 divinitate
1203 2429 1400 2476 contra
1438 2421 1727 2486 Evagrium
1763 2423 2096 2477 monachum
2127 2443 2142 2478 :

578 2514 846 2572 Similiter
874 2513 1061 2582 igitur,
1103 2513 1302 2582 inquit,
1345 2513 1436 2583 qui
1470 2514 1628 2568 dator
1656 2522 1738 2568 est
1777 2517 2018 2568 omnium
2051 2518 2148 2571 ho-

576 2619 798 2669 norum,
837 2604 931 2674 qui
970 2605 1217 2659 veritatis
1253 2606 1590 2665 moderator,
1629 2615 1683 2659 et
1715 2605 2013 2662 Salvatoris
2044 2609 2150 2660 Pa—

573 2705 680 2764 ter,
717 2698 1089 2755 dimanantem
1124 2701 1424 2768 quamdam
1474 2698 1596 2754 Filii
1629 2715 1684 2754 et
1713 2702 1948 2772 Spiritus
1978 2703 2151 2758 sancti

575 2790 804 2860 gratiam
853 2791 1224 2846 intellectilem
1283 2792 1352 2845 ad
1409 2779 1528 2847 nos.
1568 2795 1754 2859 misit,
1810 2810 1988 2864 neque
2036 2795 2154 2863 ipse

573 2884 876 2954 quidquam
907 2884 1243 2938 incommodi
1272 2885 1326 2937 in
1350 2885 1654 2939 substantia
1682 2900 1876 2954 passus
1909 2897 2015 2953 est;
2044 2901 2150 2940 non

573 2978 718 3028 enim
770 2975 937 3029 ullam
973 2976 1412 3030 imminutionem
1463 2977 1635 3030 suhiit
1671 2990 1888 3047 propter
1932 2979 2148 3032 illorum

2247 531 2366 568 item
2419 513 2558 582 apud
2614 529 2730 566 eum
2789 512 3116 578 faciemus‘,
3153 511 3293 562 sicut
3323 508 3551 561 dictum
3610 513 3718 558 est.
3762 503 3847 557 lilii

2241 608 2395 663 enim
2421 618 2503 662 est
2531 607 2737 670 lumen,
2764 605 2871 658 illic
2905 613 2989 659 est
3019 601 3295 671 splendor:
3340 607 3394 654 et
3431 599 3539 654 ubi
3579 598 3844 667 splendor,

2249 701 2324 755 ibi
2388 709 2472 753 est
2506 700 2668 766 hujus
2729 697 2996 766 operatio,
3055 703 3108 748 et
3169 691 3462 762 splendida
3513 689 3730 761 gratia.
3774 690 3830 743 Et

2251 807 2478 860 magnus
2502 787 2733 842 Basilius
2768 788 2819 840 in
2854 785 3080 855 epistola
3104 785 3169 838 ad
3205 782 3551 854 Gregorium
3596 781 3838 837 fratrem:

2242 878 2442 945 Omne,
2479 878 2677 946 inquit,
2711 877 2935 940 bonum,
2994 874 3362 944 quodcunque
3404 887 3484 926 ex
3539 871 3739 926 divina
3765 888 3848 940 po-

2250 978 2448 1026 testate
2474 969 2538 1022 ad
2570 984 2670 1022 nos
2698 967 2969 1030 deveniat,
3011 965 3390 1034 Operationem
3421 962 3639 1032 gratia:
3675 966 3843 1017 omnia

2251 1063 2305 1116 in
2336 1061 2492 1115 nohis
2523 1059 2799 1129 Operantis
2825 1071 2947 1112 esse
2977 1055 3229 1117 dicimus,
3265 1054 3446 1106 omnia
3487 1057 3651 1107 enim
3677 1069 3848 1120 opera-

2251 1164 2340 1206 tur
2361 1167 2493 1206 unus
2515 1160 2570 1205 et
2602 1151 2740 1204 idem
2765 1147 3042 1224 Spiritus“;
3061 1159 3125 1200 ac
3152 1161 3342 1200 rursus
3372 1145 3557 1198 idem:
3589 1142 3844 1213 Spiritum

2250 1254 2500 1300 sanctum
2525 1243 2622 1311 qui
2654 1257 2723 1298 es
2769 1240 2878 1294 Deo
2907 1237 3146 1302 exsistit,
3182 1238 3382 1291 fontem
3419 1237 3560 1290 dico
3598 1237 3847 1291 sanctiu-

2253 1333 2345 1400 tis,
2385 1343 2707 1401 potestatem
2764 1331 2884 1384 vita:
2914 1326 3266 1392 eﬂ‘ectricem,
3319 1334 3374 1380 et
3405 1325 3662 1395 gratiam
3699 1326 3843 1392 petii-

2252 1426 2482 1481 cientem
2507 1440 2530 1490 ;
2562 1439 2658 1493 per
2679 1438 2841 1492 quem
2873 1421 3040 1475 homo
3062 1421 3352 1489 adoptatur
3382 1418 3594 1483 Filius,
3634 1429 3688 1472 et
3713 1421 3841 1486 quod

2250 1519 2480 1573 mortale
2519 1526 2626 1581 est,
2658 1514 2896 1570 efticitur
2924 1512 3256 1576 immortale,
3319 1527 3494 1566 unum
3532 1526 3638 1578 per
3672 1511 3838 1563 omnia

2251 1627 2378 1666 cum
2432 1609 2593 1663 Patre
2626 1617 2680 1661 ct
2715 1607 2878 1660 Filio.
2915 1603 3207 1670 Prazterea,
3229 1602 3545 1659 secundum
3587 1603 3839 1670 homony-

2255 1703 2418 1756 miam
2455 1699 2753 1755 divinitatis
2782 1697 2883 1767 (a),
2935 1710 3056 1766 quae
3091 1710 3255 1764 supra
3307 1691 3690 1748 substantiam
3747 1705 3831 1752 est,

2258 1789 2508 1859 quaedam
2542 1787 2645 1841 alia
2673 1787 2932 1839 dicuntur
2953 1783 3154 1853 gratia.
3190 1784 3451 1838 Declarat
3487 1784 3602 1838 hoc
3628 1782 3832 1844 Paulus,

2253 1896 2376 1935 cum
2404 1880 2652 1934 scribens
2675 1877 2740 1931 ad
2762 1874 3060 1929 Romanos:
3091 1872 3182 1927 Sic
3208 1890 3348 1944 ergo,
3382 1874 3593 1943 inquit,
3608 1884 3656 1926 et
3685 1873 3831 1926 iit/ioc

2252 1983 2481 2034 tempore
2511 1970 2746 2039 reliquiae
2789 1968 3074 2022 secundum
3105 1968 3406 2020 electionem
3465 1968 3660 2033 gratia:
3687 1965 3829 2016 salua?

2252 2063 2412 2132 facta
2468 2070 2609 2114 sunt.
2664 2058 2721 2113 Si
2749 2068 2924 2112 autent
2982 2059 3178 2129 gratia,
3205 2057 3317 2125 jam
3345 2072 3450 2109 non
3476 2070 3551 2109 ea:
3580 2054 3824 2121 operibus.

2255 2151 2456 2219 alioqui
2479 2151 2651 2218 gratia
2679 2149 2798 2217 jam
2829 2165 2930 2202 non
2977 2158 3049 2201 est
3077 2148 3274 2216 gratia.
3326 2145 3387 2200 Si
3416 2157 3603 2199 autem
3632 2159 3695 2196 ex.
3724 2159 3824 2210 ope-

2257 2243 2422 2308 ribus,
2466 2243 2585 2311 jam
2639 2258 2742 2295 non
2780 2251 2859 2295 est
2909 2241 3142 2310 gratia:
3195 2239 3398 2309 alioqui
3445 2255 3583 2305 opus
3634 2245 3822 2290 nonest

2254 2335 2428 2402 opus“.
2459 2333 2527 2390 Et
2554 2349 2742 2388 rursus
2776 2334 2916 2386 idem
2953 2332 3244 2402 Apostolus
3295 2349 3308 2385 :
3342 2330 3535 2385 Gratia
3563 2331 3697 2382 enim
3724 2327 3818 2380 sal-

2256 2429 2306 2481 ui
2339 2427 2469 2495 facti
2497 2426 2669 2480 estis".
2713 2425 2775 2479 Et
2800 2425 2996 2478 iterum
3030 2443 3043 2478 ;
3077 2425 3190 2478 Non
3221 2425 3361 2476 enim
3392 2425 3522 2476 estis
3556 2422 3652 2475 sub
3705 2422 3815 2490 lege,

2254 2519 2345 2571 ted
2385 2518 2476 2572 sub
2513 2520 2688 2587 gratia
2715 2516 2756 2571 ⁸.
2798 2517 2858 2570 Et
2897 2517 3032 2570 alias
3066 2535 3079 2569 :
3119 2516 3183 2569 In
3217 2517 3395 2586 gratia
3430 2518 3553 2575 hac.
3585 2529 3698 2582 quat
3729 2513 3813 2563 mi-

2257 2605 2588 2658 nistratur’a
2613 2605 2762 2658 nobis
2797 2608 2840 2658 '.
2871 2606 2934 2659 Et
2970 2622 3162 2660 rursus
3195 2625 3206 2658 :
3245 2604 3328 2657 Ea:
3360 2621 3462 2673 quo
3491 2607 3577 2657 die
3607 2602 3810 2655 audistis

2255 2706 2303 2750 et
2332 2699 2646 2765 cognovistis
2685 2698 2912 2766 gratiam
2947 2699 2998 2750 in
3039 2697 3130 2750 Dei
3161 2698 3379 2750 veritate
3408 2695 3472 2749 ¹⁰.
3520 2695 3582 2749 Et
3613 2696 3810 2747 divinus

2257 2791 2678 2860 Chrysostomus
2737 2791 3035 2859 explanatis
3088 2790 3217 2843 illud
3279 2807 3293 2842 :
3358 2788 3444 2841 Ea:
3507 2787 3806 2858 plenitudine

2257 2883 2372 2951 ejus
2409 2898 2582 2936 omnes
2619 2884 2914 2951 accepimus
2947 2883 2983 2912 “
3014 2923 3028 2946 ,
3064 2891 3118 2936 ct
3152 2900 3165 2935 :
3202 2881 3444 2935 Gratiam
3473 2899 3565 2949 pro
3602 2881 3800 2950 gratia:

2258 2973 2505 3040 Qualem,
2549 2975 2746 3043 inquit,
2788 2989 2886 3043 pro
2926 2973 3114 3044 quali?
3155 2975 3260 3028 l’ro
3293 2984 3472 3027 vetere
3502 2987 3718 3032 norant;
3756 2978 3801 3020 t-t

575 3067 641 3124 ad
686 3082 785 3119 nos
817 3066 1130 3129 adventum,
1166 3082 1339 3132 usque
1366 3067 1430 3119 ad
1487 3081 1588 3119 nos
1639 3078 2049 3136 processerunt,
2099 3081 2153 3124 et
2178 3083 2222 3141 ο
2259 3069 2311 3121 in
2347 3067 2476 3121 illud
2512 3085 2526 3120 :
2569 3066 2758 3120 Gratia
2793 3068 2927 3120 salvi
2968 3069 3100 3136 facti
3126 3069 3260 3122 estis
3287 3083 3304 3119 :
3331 3064 3446 3120 Non
3477 3083 3535 3120 ex
3565 3064 3791 3133 operibus

576 3157 937 3210 nihilominus
969 3171 998 3210 a
1035 3155 1194 3210 Patre
1221 3157 1612 3225 inseparabilcs
1648 3159 2028 3227 perstiterunt,
2061 3175 2151 3214 ex-

573 3262 703 3315 pers
735 3247 881 3299 enim
929 3245 1100 3314 partis
1147 3256 1254 3307 est,
1299 3253 1357 3299 ut
1405 3261 1433 3299 a
1469 3247 1740 3316 principio
1771 3248 2033 3313 diximus,
2069 3249 2150 3303 di-

574 3337 706 3388 vina
745 3345 960 3388 natura.
994 3335 1048 3388 In
1077 3335 1270 3404 primis
1309 3343 1489 3389 autem
1522 3338 1736 3392 divinus
1769 3336 2061 3407 Apostolus
2095 3338 2149 3393 in

571 3426 814 3496 EpiSIola
840 3429 904 3480 ad
936 3427 1119 3480 'l‘itum
1146 3428 1256 3480 ait:
1282 3426 1544 3496 Apparuit
1562 3430 1737 3499 gratia
1770 3429 1864 3483 Dei
1883 3431 1940 3492 ",
1980 3432 2150 3500 gratia

572 3522 784 3576 scilicet
851 3522 1128 3585 salutaris,
1190 3521 1448 3599 omnibus
1499 3523 1811 3576 hominibus
1859 3536 1980 3576 eum
2041 3539 2152 3592 qtto

574 3609 922 3667 consentiunt
943 3614 1032 3686 qui
1065 3613 1118 3667 in
1139 3612 1368 3667 canticrs
1401 3613 1792 3669 ecclesiasticis
1809 3614 2017 3669 dicunt:
2040 3615 2150 3684 Ap—

573 3706 755 3775 paruit
787 3704 1054 3769 Salvator,
1079 3704 1168 3773 qui
1195 3716 1277 3758 εει
1303 3704 1472 3773 gratia
1493 3714 1548 3759 et
1573 3709 1792 3770 veritas,
1835 3708 1886 3760 in
1925 3704 2148 3759 Jurtlani

574 3793 809 3851 liuentis:
838 3804 895 3848 et
915 3795 1086 3861 gratia
1115 3793 1380 3848 habitavit
1405 3795 1459 3848 in
1488 3804 1560 3859 te,
1592 3809 1713 3863 quae
1741 3794 1833 3849 Dei
1866 3805 2040 3848 mater
2069 3811 2149 3860 es;

572 3897 626 3944 et
646 3886 905 3940 mundum
924 3885 1212 3954 splendore
1237 3886 1550 3940 illustravit.
1575 3884 1637 3938 Et
1654 3886 1872 3941 divinus
1891 3886 2148 3955 Ephrem,

573 3978 628 4034 in
655 3977 916 4034 Oratione
931 3978 997 4033 de
1017 3978 1194 4034 salute
1221 3979 1449 4034 animat:
1470 3979 1723 4046 Quando,
1742 3979 2148 4048 inquit,voluit,

571 4067 840 4138 benignus
879 4079 934 4123 et
965 4069 1281 4123 misericors
1313 4068 1458 4124 Deus
1479 4069 1711 4123 liberare
1737 4085 1839 4124 nos
1863 4070 1932 4122 ah
1957 4070 2153 4138 hujus-

572 4162 720 4217 modi
756 4175 965 4224 errore,
999 4160 1238 4215 visitavit
1270 4176 1368 4214 nos
1397 4161 1578 4213 oriens
1604 4176 1668 4213 ex
1701 4162 1810 4214 alto
1831 4165 1874 4225 ';
1897 4172 1953 4215 et
1983 4177 2152 4230 appa-

572 4253 683 4306 ruit
725 4250 818 4305 L‘ei
852 4253 1024 4320 gratia
1055 4252 1334 4315 salutaris,
1376 4251 1635 4318 deditque
1666 4267 1726 4305 se
1773 4253 1885 4320 ipse
1915 4255 1967 4305 in
2003 4268 2153 4306 cem-

571 4343 933 4418 mutationem
978 4357 1076 4410 pro
1114 4343 1295 4396 nobis.
1328 4342 1394 4398 Et
1433 4344 1652 4408 sapiens
1681 4342 1939 4414 Cyrillus:
1992 4345 2146 4409 Quae,

2262 3159 2518 3227 μνοννϋε,
2580 3159 2776 3225 inquit,
2816 3159 2908 3212 sed
2951 3161 3142 3228 gratis.
3203 3162 3268 3214 Et
3317 3173 3530 3228 magnus
3566 3155 3784 3209 Athana-

2259 3248 2398 3310 sius.
2421 3250 2561 3304 lihro
2600 3250 2759 3304 tertio
2805 3248 3008 3304 Contra
3039 3251 3268 3302 Ariauos
3300 3265 3322 3304 ς
3356 3248 3543 3302 Sciebat
3574 3242 3652 3297 uhi
3679 3238 3768 3291 La-

2259 3357 2423 3395 zarus
2479 3341 2720 3410 jacebat,
2783 3341 3148 3411 interrogabat
3206 3350 3406 3406 tamen,
3457 3347 3510 3392 ut
3549 3340 3767 3401 suscepta

2259 3442 2445 3486 nostra
2483 3428 2810 3502 ignorantia,
2855 3435 3145 3503 largiretur
3182 3432 3341 3487 nobis
3379 3441 3436 3485 ut
3471 3439 3780 3498 cognoscere-

2260 3540 2381 3580 mus
2412 3526 2588 3580 soiuin
2619 3539 2803 3580 verum
2846 3524 3060 3579 Patrem
3094 3540 3277 3588 suum,
3305 3533 3361 3579 et
3399 3540 3555 3594 quem
3597 3527 3787 3591 propter

2259 3630 2358 3671 nos
2393 3615 2458 3670 ad
2508 3619 2738 3672 salutem
2768 3617 3026 3677 .omnium
3083 3617 3249 3682 misit,
3283 3631 3390 3686 qua
3443 3617 3607 3687 major
3641 3611 3789 3684 gratia

2257 3723 2367 3762 non
2410 3717 2584 3775 potest
2619 3724 2756 3762 esse.
2794 3707 2873 3762 Ex
2907 3710 3102 3779 quibus
3133 3717 3302 3778 patet,
3327 3709 3471 3781 quod
3498 3707 3614 3764 iacti
3645 3700 3789 3776 parti-

2259 3801 2407 3870 cipes
2431 3812 2641 3854 naturae
2677 3799 2793 3866 Dei,
2822 3817 2928 3855 non
2962 3802 3117 3855 tandm
3139 3802 3322 3870 gratiae
3358 3817 3388 3854 a
3427 3803 3532 3856 Deo
3556 3799 3794 3855 manantis

2257 3901 2312 3946 ct
2353 3907 2473 3962 quae
2511 3907 2603 3961 per
2642 3907 2701 3945 se
2744 3907 2850 3944 non
2879 3893 3113 3958 exsistit,
3145 3893 3439 3960 participes
3463 3905 3678 3946 sumus:
3717 3882 3796 3939 sed

2259 3985 2435 4051 ipsius
2484 3984 2724 4053 Spiritus
2756 3998 2916 4051 supra
2967 3984 3352 4048 substantiam,
3395 3995 3447 4037 et
3493 3979 3702 4042 viritici,
3745 3992 3798 4028 at:

2260 4092 2355 4146 per
2389 4092 2449 4130 se
2484 4075 2835 4140 exsistentis;
2879 4085 2930 4128 et
2972 4090 3066 4142 per
3108 4076 3251 4128 hunc
3293 4075 3468 4145 ipsum
3508 4091 3627 4128 cum
3667 4069 3801 4123 Palte

2258 4180 2314 4224 et
2353 4168 2492 4224 Filio
2529 4169 2799 4238 copulari,
2843 4169 3043 4222 divinat
3082 4179 3289 4222 natura:
3324 4179 3615 4225 consortes
3657 4166 3798 4221 cilici-

2259 4277 2416 4328 mur;
2457 4269 2510 4315 et
2544 4261 2643 4314 hac
2673 4261 2846 4328 gratia
2891 4261 3152 4323 ditamur,
3201 4262 3371 4329 gratia
3413 4262 3624 4315 scilicet
3666 4258 3800 4313 trium

2260 4368 2645 4422 personarum,
2691 4369 2811 4421 qua:
2850 4362 2933 4406 est
2966 4368 3060 4421 per
3097 4369 3155 4407 se
3182 4355 3376 4425 gratia.
3412 4353 3471 4408 Et
3515 4355 3659 4408 sicut
3702 4366 3804 4405 cro-

573 4433 773 4502 inquit,
807 4434 976 4502 gratia
1010 4434 1263 4502 apparuit
1297 4433 1496 4489 nobis?
1527 4443 1620 4488 aut
1645 4434 1822 4504 qualis
1852 4434 1941 4490 Dei
1975 4439 2147 4505 gratia

2256 4444 2402 4497 ditur
2443 4458 2564 4498 esse
2614 4443 2929 4497 communis
2966 4443 3254 4497 nobiscum
3287 4459 3386 4513 per
3428 4459 3488 4498 se
3527 4445 3714 4514 gratia,
3737 4442 3803 4492 sic

571 4525 838 4586 salutaris
897 4525 1153 4582 omnibus
1194 4526 1510 4580 hominibus
1549 4526 1868 4596 apparuisse
1922 4526 2150 4580 dicitur?

571 4617 739 4684 Atqui
756 4616 1104 4670 manifestum
1123 4628 1207 4672 cst
1231 4616 1376 4688 quod
1393 4617 1468 4670 ait
1497 4617 1682 4672 David:
1702 4617 1839 4670 Deus
1867 4617 2146 4683 Dominus,

569 4719 618 4764 et
653 4709 901 4776 apparuit
927 4710 1122 4776 nobis”;
1155 4720 1211 4767 et
1241 4720 1299 4763 ut
1328 4709 1502 4778 ipsius
1532 4710 1702 4779 gloria
1741 4711 1898 4764 nobis
1936 4712 2001 4765 dc
2031 4727 2140 4766 cu:-

572 4803 624 4855 lo
656 4811 935 4870 appareat,
983 4811 1388 4870 exspectamus.
1434 4800 1497 4853 Et
1532 4817 1760 4871 magnus
1792 4801 2145 4866 Athanasius,

572 4894 625 4946 in
658 4893 888 4961 cpistola
935 4894 1001 4948 ad
1038 4895 1425 4962 Serapionem,
1471 4893 1690 4961 Omnia,
1728 4895 1922 4963 inquit,
1971 4894 2147 4948 Patris

571 4995 697 5037 sunt
731 4984 851 5040 Filii
886 5002 900 5051 ;
950 5001 1119 5055 quare
1159 4988 1510 5052 charismata,
1548 5002 1668 5055 quae
1695 5001 1724 5040 a
1755 4986 1894 5040 Filio
1930 4987 1981 5039 in
2025 4987 2148 5056 Spi-

569 5090 674 5131 r.tu
712 5077 931 5141 dantur,
963 5078 1139 5132 Patris
1163 5081 1496 5133 charismata
1531 5089 1680 5134 sunt:
1713 5088 1768 5132 et
1798 5095 1923 5134 cum
1962 5079 2014 5131 in
2049 5094 2147 5131 no-

570 5170 652 5223 liis
691 5177 775 5224 est
813 5168 1048 5236 Spiritus
1079 5183 1327 5237 sanctus,
1352 5173 1624 5241 ineoipso
1651 5173 1814 5226 etiam
1847 5180 1932 5226 cst
1957 5170 2144 5237 Pater;

644 5421 680 5449 "
719 5417 828 5474 Tit.
919 5435 981 5481 Il,
1022 5419 1103 5472 ll.

569 5491 622 5543 (ί.
701 5491 718 5521 ⁷
751 5491 951 5558 Ενὶιρε.
984 5507 1042 5554 Il,
1075 5492 1128 5542 8.

1181 5418 1201 5448 ¹
1271 5418 1472 5478 Luc.t,
1541 5415 1629 5469 78.

1207 5488 1229 5518 ⁸
1279 5487 1436 5540 Rom.
1471 5504 1542 5552 rt,
1575 5489 1657 5540 14.

1731 5423 1750 5455 ³
1795 5417 1933 5469 Psal.
1959 5431 2121 5478 chIt,
2154 5416 2246 5471 97.

1728 5490 1752 5539 η⁹
1783 5487 1823 5540 ll
1875 5491 1978 5540 (Lor
2028 5504 2147 5552 \ltl,
2181 5489 2270 5542 19.

2248 4537 2412 4589 etiam
2451 4535 2727 4604 sigillatim
2764 4551 3105 4608 unaquaeque
3139 4551 3369 4605 persona
3392 4537 3587 4590 dii-ina
3638 4552 3698 4588 ex
3727 4530 3807 4585 tri-

2248 4627 2352 4681 bus
2386 4627 2558 4696 gratia
2591 4625 2825 4692 dicitur;
2867 4635 2922 4680 et
2957 4626 3194 4680 maxime
3229 4642 3481 4681 summus
3521 4628 3663 4680 Deus
3697 4624 3800 4675 Sal-

2250 4727 2427 4782 vator,
2459 4725 2512 4774 et
2554 4716 2646 4786 qui
2682 4727 2764 4770 est
2806 4731 2972 4786 supra
3014 4718 3401 4783 Substantiam,
3437 4717 3673 4786 Spiritus
3701 4731 3806 4767 san-

2255 4819 2396 4873 ctus,
2437 4817 2664 4876 uterque
2697 4808 2862 4862 simul
2899 4809 3071 4877 gratia
3100 4809 3387 4864 himanans
3417 4811 3642 4863 dicitur.
3681 4805 3808 4857 Sirul

2255 4902 2419 4969 igitur
2461 4901 2576 4954 lucc
2614 4901 2789 4970 gratia
2846 4901 3105 4954 dicuntur
3155 4900 3564 4970 principialitcr,
3608 4908 3658 4952 rt
3689 4893 3806 4950 divi-

2256 5009 2289 5046 n
2311 5007 2370 5055 Β,
2402 5003 2451 5046 et
2489 4991 2804 5056 efﬁcienter,
2838 4991 2917 5046 sic
2956 4992 3283 5060 homonyme
3321 5006 3482 5044 omne
3517 4990 3699 5044 datum
3726 4987 3806 5038 hu-

2257 5077 2411 5148 nutn,
2443 5085 2588 5153 quod
2633 5086 2700 5137 ah
2741 5083 2872 5152 ipsis
2914 5082 3162 5151 personis
3202 5083 3402 5135 divinis
3451 5081 3515 5134 ad
3560 5098 3660 5134 nos
3702 5089 3805 5145 νιο-

2259 5175 2546 5240 ticiscitur,
2591 5185 2849 5244 [utiquam
2905 5173 3231 5230 beneﬁcium
3287 5162 3444 5227 nobis
3489 5184 3726 5226 creatum
3761 5174 3803 5214 οι

2322 5417 2342 5447 ⁸
2366 5416 2521 5471 Joan.
2556 5432 2664 5483 xiv,
2694 5416 2778 5471 25.
2858 5417 2877 5446 "
2907 5417 2921 5470 1
2949 5418 3073 5472 Cur.
3105 5435 3203 5484 xu,
3234 5420 3322 5475 ll.
3400 5418 3602 5475 “Rom.
3641 5434 3712 5487 st,
3759 5413 3803 5478 δι

2345 5492 2388 5518 ³³
2418 5489 2628 5542 υυιυδ.
2667 5490 2759 5542 16.

2858 5417 2877 5446 ⁵
2907 5417 2921 5470 Ι
2949 5418 3073 5472 Cur.
3105 5435 3203 5484 XII,
3234 5420 3322 5475 Η.

2841 5490 2880 5519 ¹¹
2916 5488 3072 5543 Joau.
3108 5507 3146 5552 I,
3184 5491 3270 5545 16.

647 5695 721 5763 (α)
752 5692 804 5747 ld
843 5703 946 5756 est,
976 5692 1114 5746 sicut
1149 5698 1307 5751 homo
1333 5695 1554 5747 sanctus
1586 5696 1859 5764 tirqttii'ucc
1890 5696 2092 5754 dicitur
2119 5697 2284 5762 Dens,
2319 5697 2398 5752 sic
2425 5698 2587 5752 etiam
2614 5697 2786 5766 gratia
2819 5712 2938 5766 quae
2965 5712 2992 5750 a
3035 5695 3141 5752 Deo
3173 5698 3257 5753 tit.
3319 5760 3325 5765 _
