4078 6274
309 270 422 336 8'7

1097 275 1337 335 DECAS
1372 271 1487 335 ΠΙ
1557 271 1729 332 -ΒΕ
1767 271 2032 331 DlVlNA
2068 266 2746 332 I‘ARTICIPATION’E.

3459 271 3565 334 8'73

311 387 746 456 providentiam;
788 388 989 457 reliqua
1041 405 1168 441 vero
1223 389 1441 442 nomina
1490 397 1669 456 partes
1704 386 1880 455 provi-
1915 394 1952 444 Α
1988 402 2204 440 causam
2238 401 2358 442 esse
2397 406 2409 442 :
2445 388 2574 456 quin
2607 391 2790 458 potius
2820 389 3310 460 quomodocunqne
3367 408 3562 450 vocata

313 481 535 546 da-ntizc,
590 489 647 532 ut
706 481 908 542 vitam,
962 481 1306 549 sapientiam,
1364 483 1666 545 rationem;
1704 479 1886 533 omnia

315 576 457 626 enim
510 588 629 641 quzr
675 581 822 636 sunt,
871 583 1090 640 propter
1121 573 1416 626 bonitatem
1478 571 1567 623 Dei
1623 570 1886 638 producta

267 669 282 676 “
316 678 464 728 sunt,
501 675 555 718 nt
601 665 894 729 tXSiSlalli,
922 674 975 718 et
1009 673 1135 717 sunt
1169 665 1331 728 bona,
1361 665 1414 718 id
1439 672 1542 729 cst,
1579 665 1731 718 valde
1766 664 1890 733 pul-

314 756 468 817 chra,
530 771 635 809 non
701 767 880 810 tamen
941 757 1125 810 omnia
1186 757 1508 827 participant
1558 758 1758 821 vitam,
1809 754 1889 810 vel

316 849 685 917 Sapientiam,
756 849 838 901 vel
895 851 1186 902 tationem.
1243 847 1624 902 Generaliorcs
1680 847 1890 900 scilicet

312 942 683 1013 proviilentias
733 951 908 1004 voc-at,
946 957 1084 1010 quas
1139 943 1192 994 in
1248 941 1496 1011 pluribus
1551 939 1890 1006 coatempla-

313 1051 456 1097 mur,
495 1043 551 1088 ut
583 1035 688 1086 vita
725 1033 972 1098 pervadit.
996 1035 1048 1087 in
1085 1034 1318 1102 stirpes,
1352 1041 1408 1086 ct
1439 1032 1745 1084 animantes
1777 1039 1890 1082 tum

313 1127 543 1180 rationis
586 1125 900 1193 parti-ipes,
959 1137 1070 1178 tum
1114 1141 1220 1177 non
1258 1123 1545 1192 participes
1576 1141 1588 1177 ε
1625 1122 1891 1189 sapientia

313 1233 466 1283 vero,
497 1229 550 1272 et
573 1218 712 1270 ratio
748 1217 1066 1284 pauciorum
1103 1226 1266 1283 Sunt;
1300 1215 1412 1269 luce
1445 1214 1588 1266 enim
1624 1214 1798 1267 solum
1837 1214 1889 1267 in

313 1312 526 1364 ratione
571 1314 851 1364 utentibus
911 1317 1233 1364 cernuntur.
1285 1307 1430 1361 Idem
1483 1309 1663 1362 adhuc
1712 1309 1891 1376 capite

313 1402 560 1455 secundo
608 1402 674 1455 de
720 1402 918 1454 divinis
975 1397 1290 1454 nuninibus
1324 1401 1373 1452 in
1415 1398 1894 1467 explanationihus

313 1495 430 1549 suis
471 1493 522 1546 in
575 1493 911 1566 Dionysium,
936 1507 1218 1558 exponens
1254 1493 1396 1558 quod
1430 1491 1506 1544 ait
1544 1490 1836 1559 Dionysius
1873 1506 1890 1544 :

313 1586 754 1650 Sraturientcm,
804 1595 857 1638 et
908 1598 1188 1650 nunquam
1237 1581 1576 1636 deiicientem
1625 1597 1889 1646 causam,

314 1686 480 1744 atque
503 1657 943 1730 distributionem
977 1674 1269 1736 donorum,
1295 1689 1416 1743 quae
1441 1675 1643 1728 honmn
1672 1673 1889 1727 decent:

1998 489 2124 530 sunt
2157 479 2244 531 illa
2299 480 2470 548 magis
2513 483 2804 549 generalia,
2847 484 2961 534 sive
3010 491 3271 537 vocentur
3327 488 3561 552 primum

1997 569 2337 636 cxsistentia,
2371 573 2484 626 sive
2534 587 2628 640 per
2673 589 2731 628 se
2781 575 3246 643 participationns,
3277 577 3394 630 sive
3426 579 3569 636 dona

2003 662 2115 725 Dei,
2165 663 2278 715 sive
2340 664 2716 731 providentur,
2751 667 2866 720 sive
2913 671 3439 726 eoinmnnicationes
3492 675 3573 724 ili-

1999 753 2134 806 vina:
2181 754 2402 820 (dictum
2442 756 2584 808 enim
2631 769 2713 810 est
2763 756 2830 810 (le
2886 758 2969 812 his
3017 775 3043 812 a
3099 758 3568 834 Theologisﬁnon

2000 847 2275 912 negabunt
2331 861 2507 914 neque
2557 839 2938 903 ilifiitehuntnr
2973 868 3133 921 opera
3170 870 3292 908 esse
3325 857 3443 923 ejus
3475 861 3565 926 qui

2000 935 2182 988 omnia
2223 937 2275 989 in
2327 939 2580 992 omnilms
2638 953 2896 1008 operatur
2951 953 3008 996 ut
3070 945 3204 1011 vult,
3258 947 3346 1000 Dei
3395 949 3572 1005 Patris

2000 1028 2231 1093 scilicet,
2266 1031 2528 1096 producta
2570 1033 2634 1084 aii
2677 1035 3035 1088 tttitlistrl‘ittln
3081 1048 3134 1090 et
3177 1040 3568 1095 sanctificatio

1999 1134 2122 1172 nem
2185 1130 2561 1175 creaturarum
2621 1140 2715 1190 per
2770 1126 2936 1178 Deum
2975 1128 3193 1192 Filium,
3231 1141 3286 1185 et
3323 1133 3570 1188 divinum

2000 1211 2121 1276 ejus
2162 1209 2446 1278 Spiritum.
2482 1211 2790 1267 Divisiones
2832 1229 3012 1269 autem
3043 1221 3339 1283 gratiarum
3378 1224 3573 1295 Diony-

2002 1302 2138 1366 sius,
2168 1304 2258 1369 qui
2294 1302 2393 1357 has
2440 1319 2469 1355 a
2517 1321 2710 1373 magno
2759 1310 3001 1375 apostolo
3043 1312 3209 1365 Paulo
3253 1315 3303 1366 di
3330 1317 3461 1382 licit,
3506 1320 3574 1373 ad

1956 1444 1960 1447 _
2001 1393 2335 1448 laudandum
2372 1396 2438 1449 ab
2466 1395 2671 1451 ell'ectis
2702 1401 3096 1467 providentiam
3136 1419 3256 1472 qua:
3292 1417 3376 1462 est
3423 1411 3578 1476 prin-

2001 1486 2206 1553 cipium
2234 1497 2293 1540 ut
2325 1487 2449 1541 boni
2493 1488 2802 1543 efficiamur
2822 1501 2875 1545 et
2911 1493 3249 1561 deilicemur,
3281 1504 3574 1566 pertinere,

2005 1587 2190 1644 aperte
2219 1579 2492 1646 exposuit,
2550 1596 2754 1635 vocans
2793 1583 3018 1638 effectus
3078 1588 3224 1654 ipsas
3283 1593 3580 1662 participa-

2006 1669 2180 1722 tiones
2205 1669 2652 1738 participantium
2697 1675 2972 1741 expositas
3005 1678 3068 1728 ail
3107 1681 3576 1755 participationem

313 1741 531 1821 Dictum
569 1775 672 1830 est,
719 1766 915 1834 inquit,
966 1766 1016 1818 in
1051 1765 1280 1819 Psalmis
1359 1765 1624 1830 Quoniam
1671 1764 1812 1833 apud
1849 1774 1896 1817 te
1930 1741 1970 1795 Β
2002 1755 2272 1810 donorum
2303 1757 2417 1824 Dei,
2445 1761 2644 1829 quibus
2694 1764 3035 1833 participatis
3066 1741 3499 1825 dicimur-divini
3528 1785 3582 1826 et

313 1867 392 1911 est
448 1858 564 1926 fons
619 1859 738 1910 vita:
764 1857 829 1911 δ’.
866 1856 928 1909 Εῑ
975 1856 1026 1909 in
1071 1855 1302 1910 Jeremia
1337 1873 1351 1908 :
1385 1854 1471 1908 Me
1511 1854 1900 1924 dereliquerunt

317 1950 517 2018 fontem
559 1965 708 2020 aqua:
752 1948 958 2003 vivae".
999 1949 1139 2003 Deus
1174 1946 1338 2019 igitur
1373 1947 1576 2002 dicitur
1604 1947 1728 2002 fons
1758 1948 1904 2001 velut

316 2041 540 2109 quidam
570 2057 788 2108 parens,
818 2052 871 2094 et
899 2040 1234 2110 principium
1281 2049 1446 2108 atque
1489 2052 1656 2093 causa
1709 2052 1900 2092 eorum

318 2134 565 2188 Omnium
594 2149 713 2200 quae
741 2141 1134 2203 apparuerunt,
1167 2143 1224 2187 et
1249 2132 1590 2186 devenerunt
1617 2130 1681 2185 ad
1715 2145 1902 2184 essen-

319 2227 453 2280 tiam
489 2243 501 2278 :
535 2241 655 2294 quae
693 2225 835 2280 enim
867 2227 1090 2295 quidam
1124 2239 1319 2279 vocare
1346 2229 1751 2292 consueverunt
1779 2221 1905 2275 uni-

319 2317 576 2379 versalia,
611 2317 662 2370 id
692 2325 794 2380 est,
831 2331 1051 2386 genera,
1087 2316 1170 2370 vel
1199 2323 1358 2386 tota,
1412 2315 1496 2368 vel
1545 2314 1902 2378 coiitinentia,

321 2416 514 2477 utpote
587 2423 708 2473 (utre
763 2408 1199 2476 complectantur
1257 2416 1441 2476 partes
1494 2405 1902 2464 emanationuut

325 2502 468 2570 ejus,
507 2501 694 2552 horum
732 2498 1028 2567 Scriptura;
1067 2505 1271 2551 sancta:
1298 2496 1490 2569 dicunt
1527 2511 1650 2550 esse
1680 2511 1903 2551 causam

321 2603 376 2646 et
433 2595 634 2645 fontem
676 2609 689 2644 :
741 2603 960 2660 propter
998 2589 1343 2644 etl‘ectionem
1417 2589 1585 2658 igitur
1638 2587 1905 2642 inexhau-

324 2695 465 2738 stam
496 2698 686 2736 eorum
720 2699 840 2752 quae
883 2697 975 2750 per
1011 2683 1272 2752 Spiritum
1303 2691 1548 2736 sanctum
1581 2681 1820 2743 exsistit,
1855 2690 1908 2734 et

325 2777 454 2843 quia
505 2776 744 2844 Fpiritns
802 2785 1027 2828 sanctus
1075 2782 1360 2828 estcausa
1415 2773 1702 2836 omnium,
1747 2783 1805 2826 ut
1852 2772 1904 2825 in

329 2866 606 2935 Sapientia
658 2867 864 2920 dictum
899 2877 984 2920 est
1003 2866 1070 2928 “,
1108 2849 1481 2919 consentanea
1529 2864 1700 2934 ipsam
1730 2879 1826 2933 per
1851 2878 1910 2918 se

274 3009 279 3014 .
327 2973 548 3011 causam
605 2956 809 3011 fontem
863 2971 988 3012 ese
1042 2957 1225 3010 divine
1277 2956 1718 3026 philosophatur.
1774 2953 1906 3008 illud

326 3061 550 3100 autem.
584 3066 690 3100 non
723 2973 1002 3100 exhauriri
1055 3047 1412 3100 creationem.
1474 3047 1597 3099 inde
1642 3046 1906 3100 intelliae.

326 3061 512 3103 autem
536 3089 550 3112 ,
584 3066 690 3101 non
723 3046 1002 3102 exhauriri
1055 3047 1412 3109 creationem,
1474 3047 1597 3120 inde
1642 3046 1907 3115 intelligo,
1936 3064 1980 3121 ρ

332 3143 422 3196 ubi
451 3141 526 3194 ait
575 3160 588 3196 :
643 3141 804 3194 Pater
843 3156 985 3193 mens
1029 3155 1190 3209 usque
1233 3139 1384 3192 modo
1427 3147 1693 3206 operatur,
1736 3149 1784 3192 et
1816 3155 1908 3210 ego

331 3250 519 3301 operor
544 3233 609 3295 ³⁸,
639 3233 888 3286 similiter
945 3230 1185 3298 Spiritus
1240 3241 1462 3284 sanctus
1501 3245 1623 3284 cum
1659 3229 1820 3284 Patre
1854 3238 1910 3284 et

331 3325 472 3378 Filio
512 3324 629 3379 sine
680 3323 1084 3376 intermissioiie
1112 3333 1409 3390 Operatur;
1441 3323 1517 3375 ait
1543 3322 1689 3386 enim
1725 3321 1912 3390 Scrip-

335 3427 460 3470 tura
496 3435 509 3468 :
551 3416 771 3468 Emitte:
825 3414 1083 3484 Spiritum
1119 3423 1288 3478 tuum,
1322 3425 1370 3467 et
1411 3414 1730 3466 creabantur
1746 3413 1812 3469 ³⁸.
1849 3415 1912 3468 Et

334 3524 530 3564 rursus
563 3523 788 3576 magnus
838 3507 1126 3576 Dionysius
1159 3507 1334 3574 capite
1369 3505 1660 3558 undecimo
1708 3504 1779 3557 De
1829 3503 1913 3556 di-

331 3603 470 3656 vinis
507 3600 800 3652 nominibus
827 3615 844 3652 :
874 3597 988 3652 Non
1021 3598 1164 3650 enim
1209 3599 1566 3650 substantiam
1617 3595 1910 3664 quamdam

334 3692 578 3746 divinam
627 3699 722 3742 aut
772 3690 1070 3759 angelicam
1113 3704 1234 3742 esse
1275 3687 1514 3740 dicimus
1542 3687 1671 3740 illud
1708 3701 1802 3755 per
1853 3699 1912 3739 se

333 3797 480 3847 esse,
517 3796 735 3834 causam
788 3780 1036 3834 essentia:
1067 3779 1348 3841 omnium;
1380 3777 1556 3832 solum
1592 3777 1736 3831 enim
1767 3776 1912 3846 quod

335 3880 424 3928 est
460 3863 620 3940 Supra
653 3871 1035 3936 substantiam,
1079 3869 1408 3940 principium
1447 3878 1500 3923 ct
1527 3869 1832 3924 substantia
1856 3878 1913 3922 et

338 3976 506 4014 causa
538 3969 618 4013 est
647 3969 706 4013 ut
729 3961 846 4032 ‘sint
883 3961 1062 4014 omnia
1091 3974 1212 4030 qua:
1250 3967 1399 4023 sunt,
1424 3968 1477 4011 et
1515 3959 1695 4027 ipsum
1731 3974 1828 4027 per
1855 3974 1916 4014 se

337 4068 493 4117 esse;
552 4067 650 4105 nec
700 4052 858 4104 aliam
919 4049 1286 4113 divinitatem,
1321 4065 1444 4119 qua:
1495 4051 1661 4104 vitam
1717 4052 1914 4120 pariat,

337 4159 705 4215 pneterqnam
757 4143 922 4196 vitam
987 4157 1319 4212 supraquam
1373 4145 1612 4197 divinam
1670 4144 1913 4198 omnium

335 4249 680 4302 qu:ecunque
726 4234 932 4298 vivunt,
971 4243 1025 4286 et
1057 4234 1232 4302 ipsius
1277 4249 1375 4303 per
1432 4251 1490 4288 se
1526 4236 1646 4288 vita:
1695 4250 1914 4290 causam

338 4325 620 4394 ponimus,
676 4340 800 4388 nec,
861 4335 919 4378 ut
968 4326 1280 4379 summatim
1330 4327 1530 4388 dicam,
1557 4325 1692 4380 alias
1722 4342 1918 4382 causas

2003 1846 2144 1900 beati
2189 1856 2243 1901 et
2277 1849 2552 1917 sapientes
2603 1860 2657 1904 et
2706 1863 2973 1921 potentes.
3014 1855 3290 1912 Retrartat
3325 1876 3450 1916 vero
3485 1879 3581 1931 po-

2003 1949 2117 1993 stca
2174 1942 2309 2008 haec,
2365 1942 2672 1999 ediss-rens
2730 1947 3009 2014 quomodo
3068 1950 3182 2004 lucc
3231 1967 3289 2006 se
3347 1953 3583 2010 habeant

2003 2025 2198 2080 collata
2235 2043 2359 2082 cum
2413 2046 2480 2084 eo
2531 2035 2620 2100 qui
2661 2035 2890 2098 tribuit;
2924 2040 3066 2092 nulla
3109 2042 3252 2094 enim
3283 2043 3582 2100 similitudo

2006 2117 2245 2186 perfecta
2275 2131 2356 2174 est
2385 2137 2698 2187 causarum,
2737 2137 2788 2180 et
2826 2144 3015 2183 eorum
3051 2146 3172 2199 qua:
3204 2133 3398 2188 effecta
3430 2149 3580 2203 sunt,

2005 2208 2100 2264 sed
2135 2211 2318 2280 potius
2355 2213 2542 2269 effecta
2569 2219 2786 2286 quidem
2821 2221 3022 2276 habent
3060 2223 3323 2294 imagines
3347 2239 3398 2282 et
3425 2231 3584 2282 sinti-

2008 2301 2266 2357 litudines
2314 2318 2536 2374 quanta:
2585 2325 2706 2363 esse
2757 2325 3020 2380 possunt,
3055 2331 3343 2371 causarum
3391 2321 3587 2390 aipsaa

2009 2407 2137 2446 vero
2209 2411 2388 2450 causa:
2443 2400 2734 2454 abstractm
2797 2415 2923 2458 sunt
2958 2408 3026 2460 ab
3058 2409 3293 2475 effectis,
3337 2423 3390 2466 ct
3420 2429 3585 2483 supra

2007 2484 2200 2541 locatze
2259 2491 2562 2544 secundum
2624 2495 2893 2549 rationem
2949 2503 3155 2568 preprii
3209 2504 3480 2572 principii.
3531 2507 3586 2561 In

2011 2575 2113 2629 hoc
2170 2595 2298 2633 vero
2353 2581 2531 2650 ipsum
2615 2585 2940 2644 incuml:eus
2986 2593 3206 2646 divinus
3267 2595 3585 2651 Maximus:

2007 2663 2196 2719 etIecta
2251 2683 2373 2722 esse
2424 2672 2563 2726 dixit
2618 2691 2739 2741 quae
2787 2679 3048 2744 producta
3102 2694 3231 2735 sunt
3291 2685 3344 2736 in
3401 2703 3581 2742 rerum

2009 2765 2226 2823 natura,
2267 2760 2383 2813 sive
2432 2762 2483 2814 iu
2541 2765 2701 2827 caalo,
2747 2767 2863 2820 sive
2910 2768 2961 2821 in
3020 2782 3196 2838 terra,
3228 2788 3425 2830 causas
3459 2793 3589 2830 veru

2010 2863 2132 2916 qua
2187 2852 2513 2918 producunt,
2544 2856 2592 2908 id
2625 2867 2730 2919 est,
2769 2869 2876 2912 tres
2923 2877 3183 2929 personas
3237 2878 3438 2921 sanctee
3464 2867 3588 2922 Tri-

2014 2939 2220 2994 nitatis.
2275 2941 2470 3010 Liquet
2530 2946 2694 3016 igitur
2743 2963 2944 3005 causas
2993 2965 3048 3007 et
3101 2955 3330 3013 effectus
3385 2961 3588 3014 nullam

2016 3030 2158 3084 inter
2190 3046 2250 3087 se
2290 3034 2700 3092 similitudinem
2768 3026 2989 3097 habere.
3047 3046 3112 3099 Et
3159 3043 3337 3102 adhuc
3375 3052 3592 3109 divinus

2016 3122 2306 3209 Dionysius
2338 3128 2663 3185 incumbens
2694 3134 3036 3201 potissimum
3076 3139 3128 3192 in
3170 3142 3282 3196 haec
3314 3161 3327 3196 :
3365 3142 3588 3204 Eadem.

2012 3215 2281 3284 iuquit,ct
2302 3219 2499 3274 similia
2525 3234 2578 3275 et
2601 3226 2887 3280 dissimilia
2926 3230 3034 3283 Deo
3059 3232 3358 3298 dicuntur;
3390 3237 3592 3294 similia

2011 3307 2230 3376 quidem
2284 3311 2582 3365 scentulum
2641 3314 3023 3385 imitationem,
3053 3336 3174 3390 quae
3229 3339 3350 3380 esse
3412 3337 3590 3395 potest

2011 3397 2128 3465 ejus
2179 3415 2338 3465 quem
2395 3404 2524 3454 nihil
2559 3413 2737 3471 potest
2768 3407 3016 3462 imitari:
3063 3413 3351 3468 dissimilia
3421 3433 3588 3482 vero,

2013 3496 2282 3554 quatenus
2327 3490 2557 3546 effectus
2611 3494 2752 3548 infra
2811 3514 3032 3552 causam
3096 3511 3243 3570 sunt,
3276 3517 3328 3560 et
3369 3507 3594 3563 infinitis

2014 3583 2308 3645 mensuris,
2343 3591 2394 3633 ct
2444 3600 2565 3651 (ιυςε
2609 3589 2842 3642 conferri
2881 3608 2986 3645 non
3021 3607 3278 3662 possunt.
3304 3601 3372 3652 ah
3411 3617 3472 3654 ea
3507 3603 3590 3655 di-

2014 3680 2179 3723 stant.
2221 3669 2476 3726 Eannlem
2511 3669 2884 3733 excellentiam
2917 3697 3079 3751 supra
3112 3686 3347 3743 effectus
3381 3695 3588 3759 posuit,

1995 3773 2071 3816 .et
2121 3778 2286 3832 supra
2335 3781 2428 3832 per
2476 3785 2535 3822 se
2591 3773 3036 3842 participationcs
3070 3794 3084 3832 :
3116 3777 3355 3844 Quanto,
3390 3785 3588 3852 inquit,

2015 3864 2267 3921 premant
2300 3871 2519 3924 sancta,
2572 3862 2650 3914 vel
2701 3865 2904 3928 divina,
2947 3869 3028 3919 vel
3081 3871 3452 3940 dominantia,
3508 3881 3592 3931 vel

2024 3945 2172 4014 regia
2210 3947 2273 4001 iis
2325 3966 2447 4017 qua:
2505 3968 2608 4004 tton
2663 3965 2793 4009 sunt
2863 3958 3008 4024 talia,
3061 3970 3112 4014 et
3164 3979 3352 4019 rursus
3391 3982 3486 4036 per
3535 3986 3595 4024 se

2018 4039 2460 4109 participationcs
2515 4046 3184 4115 participantihus,,Ianto
3224 4066 3307 4110 cst
3340 4061 3598 4118 onmihus

2018 4128 2318 4198 Sublimior,
2353 4135 2442 4202 qui
2468 4147 2550 4191 cst.
2580 4152 2742 4206 supra
2781 4143 2984 4208 omnia,
3005 4153 3058 4198 et
3091 4147 3333 4202 oninium
3367 4153 3590 4219 partici-

2017 4222 2288 4290 pantium,
2309 4237 2361 4278 et
2387 4228 2860 4297 participationunt
2882 4246 3073 4288 auctor
3102 4237 3591 4309 imparticipabilis.

2023 4313 2179 4378 Quod
2201 4314 2380 4384 ipsum
2407 4321 2706 4388 explanatis
2726 4336 2950 4379 sanctus
2974 4327 3243 4385 Maximus
3263 4347 3277 4383 ε
3296 4336 3591 4398 Quantum,

340 4416 693 4486 principales,
743 4425 796 4469 et
845 4425 1117 4480 creantes,
1145 4425 1200 4469 et
1249 4417 1592 4485 hypostases,
1629 4432 1764 4485 quas
1797 4417 1918 4486 qui-

2025 4403 2243 4474 inquit,
2276 4411 2549 4464 antecellit
2580 4424 2771 4468 natura
2821 4433 2957 4484 pura
2989 4429 3042 4472 et
3075 4436 3239 4476 causa
3266 4394 3514 4492 qualitati
3545 4394 3601 4482 ct.

341 4510 470 4560 dam
510 4518 564 4561 et
594 4507 752 4572 deos,
780 4515 832 4560 et
863 4507 1149 4562 eﬂ'ectores
1181 4522 1362 4561 rerum
1401 4523 1527 4562 esse
1554 4517 1756 4562 temere
1785 4507 1920 4562 ell’u-

339 4601 585 4650 tiverunt
611 4613 624 4650 :
661 4613 796 4667 quos
833 4613 959 4652 vere
987 4607 1040 4650 et
1069 4598 1286 4666 proprie
1329 4597 1513 4668 dicere
1537 4613 1642 4650 non
1671 4613 1790 4652 csse
1817 4613 1918 4652 nec

343 4687 474 4753 ipsi,
511 4701 608 4739 nec
625 4700 816 4739 eorum
865 4695 1045 4755 patres
1073 4699 1128 4740 et
1161 4686 1395 4756 majores
1422 4688 1718 4742 sciverunt.
1741 4687 1863 4742 llaec
1887 4704 1916 4741 a

343 4778 617 4845 theologis
662 4781 935 4846 praposita
965 4788 1112 4844 sunt,
1144 4789 1201 4832 ut
1229 4781 1470 4833 sciamus
1490 4781 1920 4835 demonstratum

341 4881 492 4931 esse,
547 4868 688 4934 quod
729 4877 920 4932 antea,
954 4868 1129 4920 solum
1190 4868 1401 4921 scilicet
1446 4869 1589 4936 quod
1640 4879 1722 4921 eSt
1761 4883 1922 4936 ὅκοι-ει

344 4957 754 5022 substantiam,
811 4958 1021 5010 beatam
1082 4969 1136 5010 et
1191 4958 1626 5025 supraqnam(a)
1684 4951 1922 5011 divinam

344 5047 670 5100 Trinitatem
705 5050 942 5100 omnium
977 5065 1198 5102 causam
1236 5063 1354 5102 ease
1386 5061 1456 5136 et.
1487 5065 1586 5104 nec
1617 5055 1794 5117 ipsum
1832 5065 1925 5117 per

345 5155 410 5194 se
465 5155 606 5205 esse,
649 5141 790 5207 quod
827 5151 910 5194 est
941 5141 1217 5210 antiquius
1263 5144 1490 5206 donum,
1521 5157 1682 5209 quant
1719 5151 1926 5195 cartera‘

347 5228 798 5299 participationes
825 5246 944 5298 quae
986 5232 1052 5283 ab
1098 5231 1212 5298 ipsa
1241 5229 1507 5284 Trinitate
1541 5241 1780 5294 manant,
1823 5247 1922 5284 nec

347 5323 522 5390 ipsam
570 5336 666 5388 per
708 5338 766 5374 se
797 5324 979 5385 vitam,
1008 5338 1106 5376 nec
1154 5323 1346 5375 horntn
1388 5323 1586 5376 similia
1629 5324 1791 5376 ullius
1842 5326 1914 5376 rei

428 5479 472 5509 ³³
513 5479 652 5534 l‘sal.
689 5498 850 5544 xxxv,
883 5482 966 5534 i0.
1045 5483 1088 5512 ³³
1144 5483 1340 5536 Jere-n.
1375 5501 1431 5545 ιι⁹
1471 5486 1554 5540 15.
1630 5485 1674 5515 ³³
1720 5486 1844 5554 S-p.
1883 5504 1919 5546 t.

2019 5505 2053 5540 ι.
2133 5489 2177 5518 ³⁸
2235 5487 2474 5555 Joan.v,
2535 5492 2614 5542 17.
2694 5492 2737 5520 ³⁸

427 5622 506 5690 (ιι)
534 5619 868 5689 Snpraquant
892 5624 1068 5674 «litina
1095 5622 1335 5674 Tr‘nitas
1369 5625 1530 5673 i'ii-itu
1555 5641 1582 5682 ',
1621 5624 1750 5673 sicut
1795 5627 1894 5676 ilici
1918 5654 1928 5663 -

350 5702 445 5745 tur
479 5692 614 5745 Deus
653 5711 810 5757 supra
848 5693 1031 5756 Unum,
1059 5715 1168 5744 sui:
1207 5712 1362 5762 supra
1393 5711 1551 5761 qualn
1591 5694 1725 5745 licus
1784 5710 1907 5761 prn-

2025 4497 2222 4552 cffecto
2265 4503 2390 4570 (hoc
2428 4505 2572 4557 enim
2620 4516 2702 4559 est
2753 4522 2874 4570 ens,
2924 4524 3298 4580 comparatum
3354 4533 3476 4572 cum
3531 4538 3597 4574 eo

2024 4591 2168 4656 quod
2203 4607 2306 4644 non
2350 4596 2563 4661 proprie
2591 4597 2715 4665 est),
2748 4608 2799 4648 et
2831 4615 3092 4665 quantum
3126 4591 3400 4661 antecellit
3434 4615 3603 4677 parti-

2025 4681 2227 4749 cipanti
2272 4683 2492 4749 idquod
2538 4686 2930 4754 participatnr,
2965 4703 3170 4745 tantmn
3221 4696 3405 4753 differt
3435 4702 3599 4767 Deus,
3680 4713 3687 4761 ἓ

2031 4770 2122 4836 qui
2159 4772 2270 4823 liu-e
2303 4771 2523 4837 dicitur,
2557 4777 2625 4826 ab
2659 4776 2723 4826 iis
2766 4777 2856 4845 qui
2907 4783 3005 4832 iSIa
3041 4786 3390 4854 participant.
3433 4789 3606 4859 igitur

2031 4864 2173 4915 sicut
2224 4878 2402 4916 causa:
2460 4864 2739 4920 eﬂectibus
2798 4873 3131 4923 antecellunt
3181 4873 3407 4930 intinitis
3443 4897 3601 4936 lllt‘lt-

2033 4957 2175 5008 suris
2207 4967 2256 5005 et
2287 4972 2404 5020 qum
2434 4960 2671 5010 conferri
2712 4976 2816 5011 um
2849 4976 3098 5028 possunt,
3127 4968 3205 5019 sic
3233 4985 3382 5023 soius
3411 4985 3603 5026 auctor
3684 4949 3692 4969 ἶ

2035 5046 2197 5110 Deus,
2242 5047 2494 5114 idemque
2552 5053 2928 5118 itnpartieipab
2953 5055 3016 5107 lis
3043 5094 3056 5118 ,
3087 5042 3601 5128 \participantihus,

2033 5150 2087 5192 et
2117 5142 2248 5207 ipsis
2282 5155 2374 5206 per
2405 5155 2464 5192 se
2497 5143 3010 5210 particqiatinnibns
3051 5152 3346 5206 antecellit.
3386 5155 3596 5208 Dictum

2032 5244 2114 5286 est
2159 5239 2339 5284 autent
2381 5233 2446 5284 de
2491 5216 2571 5286 his
2610 5251 2637 5287 a
2674 5238 3040 5306 theologis-in
3074 5248 3264 5310 quinta
3307 5255 3360 5297 et
3407 5257 3604 5314 quarta

2028 5326 2227 5378 decutio
2279 5326 2528 5377 initiariie
2558 5331 2915 5389 espositionis
2943 5333 3252 5386 divinorum
3297 5341 3605 5397 nominum.

2794 5492 2937 5546 l‘sal.
2965 5511 3080 5550 cm.
3115 5494 3200 5544 50.

2009 5639 2156 5687 pter
2189 5642 2282 5702 cas
2317 5630 2402 5689 qui
2432 5629 2681 5677 .liruntnr
2752 5631 2782 5680 ti
2813 5632 2844 5685 i.
2908 5634 3044 5682 sicut
3098 5630 3352 5694 siripznm
3395 5652 3474 5695 (ιδί
3519 5640 3633 5702 μεθ’

2021 5712 2214 5749 LXXXI:
2255 5696 2359 5766 [ign
2381 5699 2513 5761 niti,
2551 5704 2634 5751 UH
2665 5719 2804 5755 esas.
