4058 6306
273 404 362 464 $9.1

1049 407 1290 468 DECAS
1324 408 1463 472 VII.
1492 435 1560 445 -
1596 410 1694 471 DE
1723 410 1993 491 DIVINA
2024 407 2701 490 PARTICIPATIONE.

3409 414 3533 478 882

269 526 534 599 disserere
558 522 877 592 generatim,
925 526 976 580 in
1012 527 1318 582 substantia
1352 529 1668 598 simpliciter
1701 538 1756 584 ct
1787 529 1843 583 in
1875 533 1922 589 Α
1950 532 2150 601 cuique
2193 533 2452 603 impertit,
2479 532 2573 589 sed
2611 532 2912 588 differentia
2940 530 3381 603 participantium
3407 533 3526 589 dis-

272 618 682 685 participatione
738 617 1079 686 simpliciter,
1138 620 1423 686 tractavit;
1477 629 1531 673 et
1582 621 1846 683 ostendit,

268 711 412 780 prius
441 708 657 779 quidem
688 719 937 778 opmtere
986 726 1105 765 esse
1148 711 1478 780 subjectum,
1526 710 1671 778 quod
1725 712 1848 781 qui-

232 803 386 855 Idem
420 802 553 855 dixit
586 804 866 873 antiquius
910 819 1031 858 esse
1073 802 1165 856 D.-i
1201 805 1401 859 donum
1442 821 1455 856 :
1489 804 1686 857 deinde
1723 820 1848 873 par-

272 892 656 960 ticipationem,
683 908 802 961 que
844 892 895 944 in
928 893 1021 944 illo
1049 893 1297 961 subjecto
1338 893 1480 947 facta
1506 902 1609 946 est.
1643 892 1847 960 Prono-

271 983 366 1036 sita
405 981 569 1049 igitur
597 993 675 1035 est
734 981 799 1035 ad
849 983 1319 1051 participationem
1377 986 1847 1054 participantium,

272 1089 363 1141 per
388 1089 445 1127 se
492 1075 832 1139 substantia;
870 1078 1014 1143 quod
1068 1077 1290 1146 perinde
1324 1090 1430 1143 est,
1465 1087 1520 1132 ut
1556 1080 1600 1132 si
1634 1081 1847 1132 dicatur

273 1163 572 1217 substantia
608 1168 745 1219 facta
772 1169 837 1220 ad
866 1169 1357 1237 participationem.
1392 1169 1505 1223 Nisi
1539 1171 1684 1224 enim
1718 1171 1848 1224 sub-

274 1256 523 1307 stantiam
575 1257 1064 1324 participaremus,
1098 1261 1314 1328 penitus
1348 1262 1399 1313 in
1436 1276 1614 1315 rerum
1653 1271 1867 1314 natura

275 1363 375 1399 non
418 1358 696 1413 essemus;
731 1349 1008 1418 deinceps,
1057 1350 1159 1420 ipsi
1221 1353 1542 1425 substantiae
1593 1353 1751 1407 fact:e
1780 1354 1846 1406 ad

273 1440 586 1506 capiendam
655 1442 1165 1510 participationem,
1214 1444 1334 1498 alia:
1406 1444 1850 1514 participationes

275 1529 555 1594 proposit-e
585 1542 745 1597 sunt;
790 1545 845 1585 et
883 1526 1026 1586 sicut
1057 1543 1269 1603 tempus
1302 1532 1607 1605 gi-neraﬁus
1635 1538 1701 1590 ad
1730 1553 1851 1604 par-

275 1614 635 1682 ticipationem
689 1636 876 1674 eorum
912 1638 1033 1692 qua:
1069 1634 1197 1679 sunt
1224 1626 1576 1694 in‘tempore,
1605 1627 1851 1697 proposi-

278 1717 386 1758 tttm
427 1720 528 1771 est,
556 1726 677 1764 cum
711 1713 912 1782 alioqtti
944 1728 1052 1768 non
1086 1716 1159 1769 sit
1182 1716 1483 1771 substantia
1515 1718 1718 1787 aliqua,
1754 1720 1850 1774 sed

276 1801 593 1868 simpliciter
636 1807 1007 1874 participatio;
1039 1817 1169 1863 tunc
1207 1826 1332 1863 vero
1386 1810 1624 1865 efficitur
1665 1812 1844 1877 nobis,

1949 623 2155 678 similes
2175 622 2302 678 facit
2331 624 2533 693 ﬁguras
2550 624 2619 679 ab
2636 626 2740 679 hoc
2766 638 2873 679 uno
2901 634 2956 678 et
2987 634 3097 679 toto
3115 624 3410 693 exemplari
3431 640 3531 680 ex-

1950 729 2190 782 pressas,
2216 725 2269 771 ut
2296 715 2339 770 si
2372 724 2502 770 sunt
2531 715 2713 770 mollia
2732 725 2785 769 et
2817 715 2995 771 facilia
3028 716 3096 770 ad
3154 712 3524 785 ﬁgurandum,
3606 776 3611 783 ε

1966 815 2022 861 et
2044 808 2205 869 lenia,
2239 807 2559 875 εὐχάρακτα
2584 826 2608 871 ·;
2643 818 2696 861 et
2723 822 2899 876 neque
2930 822 3147 875 aspera,
3179 823 3357 876 neque
3384 808 3526 861 dura

1949 907 2100 960 sunt,
2131 913 2309 967 neque
2327 898 2467 952 ﬂuxa
2504 910 2560 952 et
2601 899 2989 961 inconstantia,
3019 913 3210 967 puram
3225 908 3277 953 et
3295 913 3527 966 expres-

1949 1003 2066 1043 sam
2101 996 2155 1042 et
2170 996 2577 1057 permanentem
2605 988 2831 1057 figuram
2850 984 3127 1042 habebunt
3149 1004 3163 1041 :
3182 987 3227 1042 si
3252 987 3381 1056 quid
3400 1003 3541 1059 vero

1950 1077 2114 1146 hujus
2142 1078 2459 1143 habilitatis,
2494 1093 2614 1147 quae
2646 1078 2790 1133 dicta
2822 1086 2933 1144 est,
2961 1076 3217 1140 defuerit,
3253 1076 3367 1131 haec
3417 1076 3533 1131 erit

1947 1185 2111 1225 causa
2133 1186 2233 1225 cur
2262 1169 2461 1239 efﬁgies
2485 1184 2589 1223 non
2616 1168 2901 1239 ﬁguretur,
2921 1170 3395 1238 necLexrrimatur,
3419 1184 3523 1222 nc-

1947 1277 2053 1331 que
2075 1262 2176 1314 alia
2212 1260 2344 1315 ﬂant
2376 1276 2494 1330 qua:
2525 1277 2632 1313 non
2666 1260 2827 1322 fiunt,
2860 1274 2982 1313 cum
3016 1273 3122 1313 non
3154 1266 3235 1312 est
3262 1258 3559 1312 habilitas.

1947 1354 2013 1407 ad
2052 1353 2420 1422 recipiendam
2460 1351 2957 1421 participationem.
3001 1348 3107 1403 Sed
3171 1358 3225 1403 et
3270 1346 3531 1403 Justinus

1950 1456 2153 1513 martyr
2181 1444 2555 1513 philosophus,
2579 1443 2633 1496 in
2658 1440 2913 1497 Oratione
2929 1441 2997 1495 de
3015 1450 3165 1495 recta
3181 1439 3530 1495 confessione

1950 1539 2026 1591 ait
2061 1553 2074 1588 :
2102 1535 2380 1601 Quomodo
2406 1534 2639 1590 Verbum
2671 1533 2723 1587 in
2745 1548 2846 1587 suo
2879 1534 3102 1601 templo,
3124 1540 3179 1585 et
3206 1532 3260 1585 in
3283 1531 3442 1607 rebus
3456 1531 3537 1584 si-v

1950 1627 2150 1680 militer
2208 1625 2507 1680 secundum
2560 1623 2918 1680 substantiam
2981 1632 3093 1686 est,
3144 1631 3199 1676 et
3245 1622 3373 1692 quid
3414 1635 3533 1675 ant-

1950 1718 2093 1786 plius
2122 1716 2375 1784 templum
2407 1730 2569 1784 quam
2591 1712 2980 1770 ctetcraomnia
3023 1712 3257 1767 habebit.
3321 1710 3533 1764 Audia-

1955 1825 2073 1861 mus
2100 1809 2312 1861 tandem
2335 1807 2643 1861 dicentem:
2681 1805 2781 1872 Qui
2817 1804 2975 1859 estin
3000 1804 3125 1857 sinu
3179 1802 3383 1866 Patris,
3437 1818 3527 1857 sr-

276 1894 365 1960 qui
397 1894 447 1945 in
481 1904 722 1965 tempore
756 1914 965 1963 sumus,
999 1901 1336 1966 exsistcntia,
1371 1904 1589 1971 quando
1626 1913 1845 1973 propter
1884 1873 1927 1928 Β
1950 1900 2189 1953 cundum
2204 1898 2574 1978 substantiam
2608 1896 3060 1951 omuibusadcst
3106 1893 3529 1962 impartibiliter.

279 1983 452 2050 ipsum
485 1999 674 2041 sumus
731 1989 783 2040 in
842 1999 1115 2058 tempore;
1150 1993 1229 2047 sic
1271 1994 1451 2048 omnis
1482 1993 1585 2047 alia
1618 1993 1843 2063 partici-

279 2077 423 2144 patio
457 2094 577 2146 qua:
608 2096 714 2132 non
749 2093 830 2135 est
871 2083 1196 2147 substantia,
1224 2087 1469 2140 eamdem
1502 2086 1844 2141 consecutio-

280 2184 401 2220 nem
466 2169 624 2222 halu-t
669 2188 682 2222 :
733 2173 822 2225 illo
857 2175 1005 2242 prius
1046 2177 1260 2245 regnito
1301 2188 1352 2231 et
1385 2188 1661 2247 percepto,
1702 2178 1845 2248 quod

279 2262 430 2313 sidus
483 2260 620 2315 Deus
660 2275 738 2316 cst
777 2254 964 2319 haruin
1017 2269 1501 2337 participatiottuin
1556 2278 1751 2323 auctor
1797 2277 1851 2322 et

278 2350 355 2402 rff
385 2362 520 2413 ctor,
552 2356 664 2405 sive
695 2358 979 2426 proposita}
1012 2360 1121 2411 sint
1171 2361 1488 2429 simpliciter
1519 2362 1586 2415 ad
1635 2360 1854 2429 pa'tii-i—

279 2444 570 2510 pationctn,
596 2446 706 2500 sive
732 2448 888 2500 i-tiam
908 2450 971 2502 ai
992 2454 1359 2506 exs‘sterti-im
1385 2454 1851 2523 participantibus.

842 2562 1077 2616 CAPL'T-
1130 2563 1263 2619 Vill.

284 2644 766 2723 Quodomsziuqurr
816 2654 1034 2723 suntm!
1087 2657 1532 2721 participundum,
1583 2658 1689 2709 sive
1738 2673 1860 2723 pro-

348 2720 515 2794 positu
540 2718 642 2794 sint
667 2722 947 2794 secundum
966 2718 1442 2790 participationem.
1460 2728 1562 2777 sive
1579 2741 1615 2777 δι
1634 2718 1862 2776 omnium

348 2789 872 2859 εχ-ὶδιειιεὲιιιηηηιιίιτ
906 2805 1006 2840 non
1032 2789 1367 2844 suntidonm
1426 2794 1658 2859 tsibjecm
1704 2795 1841 2845 reci-

352 2858 570 2929 piuitia.
638 2857 1118 2929 multiplicatione»:
1151 2869 1200 2911 et
1240 2857 1588 2929 ili/ferentium
1642 2864 1863 2925 partici-

354 2924 573 2995 patiunu
597 2942 623 2972 η
656 2936 870 2979 suneuut
900 2942 916 2989 ,'
942 2928 1059 2981 tota
1093 2940 1273 2984 autent
1299 2924 1323 2929 ’⁷
1338 2943 1531 2986 natura
1581 2924 1701 2995 quia
1774 2948 1866 2988 se-
1897 2933 1910 2943 ’

357 2993 581 3071 ciuilium
628 2998 1215 3071 ratisamparlicipatur
1305 3003 1439 3054 hanc
1498 2993 1855 3071 di/Tereutt'um

355 3059 588 3127 funditus
611 3076 710 3114 non
728 3064 976 3122 admiitil.

1945 2000 2001 2046 et
2034 2008 2139 2044 non
2179 1990 2258 2045 sic
2276 2007 2398 2046 eum
2427 1990 2479 2044 in
2506 1988 2665 2043 Patre
2704 2003 2824 2044 esse
2846 1989 3103 2052 dicimus,
3145 1996 3304 2041 utcst
3326 1986 3381 2039 in
3405 1985 3534 2038 reli-

1950 2086 2076 2154 quis
2109 2100 2123 2148 ;
2161 2099 2269 2136 non
2297 2083 2423 2152 quia
2451 2080 2758 2137 substantia
2793 2088 2915 2133 cum
2957 2078 3011 2132 in
3049 2078 3172 2131 aliis
3188 2086 3293 2143 est,
3315 2086 3552 2130 contra-r

1953 2175 2119 2239 hitur,
2150 2170 2245 2227 sed
2308 2181 2527 2241 propter
2559 2181 2872 2223 mensuram
2936 2166 3337 2243 recipientium,
3414 2180 3536 2234 qua:

1953 2283 2060 2320 non
2094 2272 2324 2335 possunt
2352 2263 2465 2318 fieri
2496 2261 2897 2331 receptaculum
2945 2259 3189 2312 divinum
3224 2275 3238 2312 :
3271 2259 3337 2311 ad
3392 2259 3537 2310 hunc

1956 2359 2171 2413 modum
2197 2357 2445 2411 dicentes
2466 2367 2588 2408 eum
2622 2353 2674 2406 in
2711 2351 2913 2419 templo
2948 2364 3050 2404 suo
3114 2340 3535 2417 inseparabilem

1956 2462 2008 2504 et
2034 2460 2287 2517 tauquam
2322 2445 2712 2516 plenitudinem
2746 2444 3056 2498 divinitatis
3087 2442 3339 2496 habitare
3391 2455 3526 2494 con-

1960 2544 2192 2606 litentes,
2224 2546 2415 2595 adesse
2462 2539 2737 2601 omnibus,
2806 2546 2997 2591 etnon
3045 2534 3300 2590 similiter
3349 2532 3544 2587 adesse

1962 2637 2216 2690 dicimus.
2253 2632 2318 2686 Et
2346 2631 2567 2686 divinus
2607 2629 2901 2696 Gregorius
2929 2627 3235 2699 Nysseutts,
3274 2627 3325 2680 in
3364 2625 3539 2694 primo

1964 2725 2105 2779 libro
2136 2723 2576 2792 Confutalionum
2610 2719 2879 2785 Eunomii,
2901 2720 2975 2772 ait
3007 2735 3021 2771 :
3065 2719 3200 2783 Quia
3218 2715 3543 2775 otnnishoni

1969 2816 2095 2871 fons
2116 2825 2169 2870 ct
2197 2814 2527 2884 principium
2559 2819 2614 2867 et
2656 2811 2870 2881 largitio
2923 2810 2976 2864 in
3053 2822 3245 2865 natura
3304 2810 3543 2863 iurrcata

1968 2909 2209 2964 cernitur
2228 2924 2244 2971 ;
2263 2906 2440 2961 omnis
2455 2917 2580 2960 vero
2602 2911 2850 2956 creatura
2869 2900 2924 2954 in
2942 2916 3063 2956 eum
3086 2901 3257 2965 vergit
3276 2916 3367 2967 per
3387 2914 3545 2954 cont-

1969 3001 2277 3056 mtiuioncm
2313 2996 2469 3065 primi
2505 2995 2629 3050 boni
2658 2994 2924 3063 particeps
2955 2992 3093 3046 facta
3110 2991 3360 3046 sublimis
3383 3003 3545 3045 natu-

1970 3110 2067 3158 rae,
2100 3091 2410 3147 necessario
2428 3086 2727 3155 secundum
2754 3086 3156 3155 proportionem
3180 3085 3541 3153 participandi

356 3174 577 3242 Magnus
609 3176 891 3247 Dionysius
914 3194 1031 3248 c-ip.
1052 3181 1082 3236 9
1104 3182 1339 3238 Caelestis
1356 3188 1691 3258 hierarchiw,
1723 3157 1932 3257 Πυθία
1962 3157 2242 3241 sublimia.
2282 3181 2404 3235 aliis
2438 3181 2580 3250 plus,
2612 3178 2734 3233 aliis
2765 3177 2946 3231 minus
2980 3176 3284 3235 secundum
3304 3176 3532 3229 liberam

285 3266 480 3335 qunit,
504 3278 734 3324 testatur
762 3272 1368 3338 populusllebratorum
1428 3283 1692 3338 accid‘sse
1726 3286 1854 3340 sibi:

283 3358 589 3428 Cognitione
610 3379 642 3413 ιι
679 3361 790 3423 Dei,
819 3363 992 3433 inquit
1018 3364 1322 3435 Scriptura,
1361 3369 1624 3437 rrpulisti,
1670 3381 1720 3426 et
1770 3390 1862 3428 cor

285 3459 430 3502 tuum
456 3464 665 3506 secutus
686 3470 739 3506 es
769 3455 811 3486 ³⁷
836 3472 850 3520 ;
883 3471 980 3511 nec
999 3459 1142 3512 enim
1179 3461 1342 3515 vitam
1374 3465 1699 3518 necessitate
1731 3481 1855 3519 coa-

287 3551 430 3595 clam
482 3544 765 3607 habemus,
830 3562 1004 3616 neque
1062 3561 1283 3619 propter
1324 3552 1625 3608 libertatein
1669 3570 1861 3613 eorum

1964 3288 2295 3349 potestatem
2328 3274 2625 3329 voluntatis
2661 3269 3066 3341 participantis,
3099 3269 3220 3338 plus
3255 3277 3310 3322 ct
3362 3268 3542 3322 minus

1960 3367 2394 3441 participationis
2443 3368 2496 3420 in
2543 3374 2787 3419 creatura
2824 3363 3098 3427 cernitur;
3130 3371 3183 3418 et
3210 3359 3542 3414 convenien-

1964 3471 2038 3515 ter
2069 3458 2502 3527 uninscnjusqne
2533 3462 2731 3510 conatu
2757 3456 2878 3524 plus
2904 3466 2959 3513 et
2984 3460 3165 3512 minus
3193 3459 3244 3510 in
3271 3451 3540 3509 excellen-

1950 3549 2035 3616 _tia
2062 3549 2277 3601 virtutis
2312 3588 2325 3611 ,
2360 3546 2538 3600 locum
2564 3544 2726 3600 habet
2759 3563 2773 3600 :
2800 3553 2992 3601 natura
3018 3561 3143 3599 vero
3163 3547 3399 3601 inet-cata
3418 3546 3539 3598 lon-

284 3636 484 3701 quibns
549 3637 859 3715 providetur
890 3657 904 3702 ;
973 3640 1152 3694 divina
1207 3642 1413 3697 lumina
1507 3645 1873 3714 providentia:
1960 3654 2024 3710 μ
2057 3639 2210 3692 abest
2237 3638 2313 3691 ab
2338 3620 2649 3706 huiusmodi
2683 3634 3105 3691 diﬂ‘erentia.Ex
3128 3636 3539 3704 quibusliquet,

288 3727 618 3794 splendentis
667 3731 1029 3784 retundantur
1063 3750 1079 3796 ;
1120 3733 1249 3800 quin
1274 3734 1455 3802 potius
1474 3736 1862 3792 dissimilitudo

288 3819 571 3873 oculorum
597 3834 734 3887 quos
765 3829 975 3875 mentes
1007 3822 1237 3889 habent,
1260 3824 1723 3882 illuminationetu
1753 3843 1857 3894 pa-

288 3919 457 3963 terna:
491 3911 747 3965 bonitatis
783 3927 943 3980 supra
976 3929 1138 3981 quam
1173 3916 1457 3984 copiosam
1488 3926 1584 3971 aut
1646 3918 1867 3987 penitus

290 4019 398 4056 non
440 4003 738 4071 participat,
766 4015 858 4058 aut
883 4004 1012 4059 facit
1040 4006 1242 4060 duritia
1262 4023 1356 4061 sua
1382 4023 1447 4062 nc
1470 4018 1739 4077 penetret,
1761 4020 1863 4066 aut

288 4096 464 4150 varias
495 4097 664 4149 reddit
731 4098 1190 4165 participationes,
1254 4112 1452 4168 parvas
1501 4102 1584 4154 vel
1613 4117 1863 4171 magnas,

288 4189 551 4243 obscuras
572 4188 650 4241 vel
682 4190 855 4242 claras
891 4190 1053 4244 unius
1076 4197 1127 4245 et
1161 4189 1444 4258 simplicis,
1471 4201 1754 4261 etsemper
1775 4191 1863 4247 sui

288 4281 482 4334 similis
505 4289 665 4349 atque
697 4281 1115 4350 supramodnm
1180 4282 1422 4350 expediti
1482 4292 1537 4337 ct
1598 4284 1859 4354 explicati

291 4369 424 4423 radii
455 4371 726 4426 manantis
761 4372 934 4426 instar
964 4371 1150 4427 lontis.
1187 4372 1253 4427 Et
1275 4390 1465 4429 rursus
1494 4376 1631 4429 idem
1684 4375 1860 4444 capite

289 4462 529 4516 secundo
559 4463 850 4517 dedivinis
881 4465 1213 4521 neminibus.
1237 4467 1421 4536 Atqui,
1453 4468 1597 4522 dicet
1633 4467 1855 4537 aliquis,

289 4567 398 4604 non
423 4562 506 4606 est
536 4553 770 4621 sigillum
807 4562 976 4607 totum
1009 4565 1064 4609 et
1084 4557 1224 4610 idem
1260 4557 1314 4610 in
1337 4559 1616 4622 omnibus,
1651 4560 1706 4612 in
1738 4560 1859 4627 qui-

290 4643 394 4697 bus
425 4643 935 4711 adrcxprimondtttn
959 4646 1186 4715 effigiem
1222 4648 1591 4717 imprimitur:
1629 4665 1737 4704 non
1776 4660 1864 4705 est

292 4744 469 4785 autem
496 4734 548 4786 in
578 4748 741 4788 causa
766 4736 1025 4805 sigillum;
1059 4737 1276 4793 seenim
1310 4745 1482 4793 totum
1504 4739 1713 4811 etgidcm
1737 4742 1859 4795 uni-

367 4848 410 4879 ”
447 4847 607 4912 0503,
638 4864 713 4914 IV,
738 4846 803 4904 6o-

1963 3742 2179 3781 omncm
2209 3723 2567 3780 diﬂ‘erentiain
2619 3723 3091 3794 participationum
3123 3739 3191 3780 ex
3237 3724 3541 3781 differentia

1962 3815 2404 3886 participantium
2435 3814 2697 3868 exsistere
2712 3825 2767 3867 et
2788 3813 3032 3879 conﬂari,
3052 3814 3272 3882 ﬁerique
3292 3830 3540 3885 magnas,

1961 3919 2014 3962 et
2032 3922 2226 3976 parvas
2244 3907 2681 3975 participationes
2717 3919 2938 3976 pr0pter
2968 3906 3303 3961 habilitatem
3337 3906 3538 3961 obscu-

1962 4012 2041 4063 re,
2078 3998 2329 4051 autclare
2351 3996 2829 4064 participantium;
2888 4014 3081 4067 quare,
3143 4006 3203 4052 ut
3254 4009 3542 4053 consenta-

1963 4105 2124 4145 neum
2164 4088 3536 4159 est,Iinjusmodiparticipationes,quomodocum-
3598 4147 3616 4164 .

1963 4199 2068 4254 que
2092 4193 2492 4253 proponuntur,
2520 4181 2636 4235 sive
2669 4181 2991 4249 simpliciter
3018 4183 3315 4238 secundum
3362 4186 3535 4253 parti-

1963 4274 2315 4344 cipationem,
2358 4271 2470 4324 sive
2503 4275 2797 4324 secundum
2831 4272 3231 4340 exsistcntiam,
3266 4289 3330 4329 ex
3372 4291 3540 4344 parvo

1962 4377 2015 4421 rt
2046 4350 2244 4436 magno
2266 4364 2510 4420 conflata:
2543 4367 2594 4417 in
2631 4375 2881 4418 creatura
2915 4378 3210 4421 cernuntur
3249 4369 3337 4433 ;in
3359 4369 3538 4424 iisan-

1964 4464 2069 4512 tem
2102 4471 2219 4526 qua:
2244 4457 2296 4508 in
2327 4455 2432 4509 Deo
2456 4462 2603 4520 sunt,
2624 4455 2932 4523 hujusmodi
2991 4458 3297 4513 dilferentia
3356 4461 3535 4517 locum

1963 4564 2067 4602 non
2096 4548 2278 4601 habet.
2298 4544 2417 4601 Uno
2449 4546 2630 4616 itaque
2663 4562 2928 4601 consensu
2960 4549 3190 4619 theologi
3251 4555 3540 4622 participa-

1963 4641 2136 4695 tiones
2170 4638 2311 4704 illas,
2348 4652 2484 4706 quas
2515 4637 2762 4692 absolute
2792 4648 2847 4691 ct
2877 4638 3154 4695 abstracte
3174 4657 3271 4710 per
3297 4659 3359 4698 se
3393 4646 3530 4697 sub—

1957 4733 2238 4797 stantiam,
2262 4738 2316 4785 et
2339 4744 2435 4799 per
2459 4743 2518 4786 se
2547 4728 2733 4794 vitam,
2767 4740 2819 4785 et
2834 4746 2931 4800 per
2951 4747 3010 4789 se
3030 4735 3375 4803 sapientiam,
3393 4746 3446 4793 et
3465 4711 3539 4795 si:

1761 4947 2053 5023 Scholia...

294 5050 562 5117 integrant
596 5054 845 5170 uagum
872 5046 1095 5115 speciei.
1119 5057 1180 5101 ut
1206 5047 1280 5101 ait
1313 5058 1537 5104 sanctus
1565 5047 1763 5105 Thom.
1812 5043 1854 5103 it

295 5133 437 5170 nari.
465 5127 677 5170 uitam.-
731 5117 777 5170 l.
802 5120 870 5170 ad
910 5120 962 5170 5.
998 5127 1091 5170 aut
1123 5134 1152 5170 a
1186 5134 1414 5170 corpore
1441 5121 1741 5170 secundum
1766 5134 1854 5170 ac-

295 5133 437 5187 part.
465 5117 777 5185 ιιιιωδινῦι,
802 5120 870 5170 ad
910 5120 962 5178 5,
998 5127 1091 5170 aut
1123 5134 1152 5171 a
1186 5134 1414 5186 corpore
1441 5121 1741 5173 secundum
1766 5134 1856 5173 ac-

296 5189 506 5251 cidens,
545 5187 669 5255 quia
718 5202 812 5253 per
869 5189 1104 5239 animam
1168 5189 1296 5239 vivit
1327 5208 1339 5242 :
1375 5197 1467 5249 aut
1513 5189 1581 5242 ab
1629 5189 1853 5257 angelo;

296 5260 421 5328 qua
458 5257 755 5321 enim-ipse
771 5266 856 5308 est
879 5259 1095 5323 integrae
1135 5268 1359 5315 natura,
1384 5269 1431 5311 et
1462 5272 1567 5328 non
1595 5258 1853 5325 tauquam

296 5325 429 5396 pars
464 5336 687 5391 natur-te,
720 5341 813 5391 per
842 5341 925 5396 78::
966 5335 1129 5377 vitam
1181 5328 1377 5396 accipit
1407 5341 1434 5378 ιι
1469 5325 1609 5396 Deo.
1642 5336 1697 5379 et
1749 5341 1854 5378 non

302 5394 398 5464 per
429 5397 678 5449 accidens
717 5395 1057 5463 partiripatio
1082 5394 1399 5460 simpliciter
1419 5395 1613 5453 idiﬂ‘ert
1637 5404 1666 5448 a
1695 5397 1859 5460 parti-

300 5468 574 5531 cipatioue
621 5468 917 5518 secundum
945 5465 1316 5519 exsistentiazn
1364 5465 1569 5518 ratione
1595 5475 1802 5517 tantum
1844 5482 1860 5518 :

308 5545 367 5584 ut
421 5550 512 5597 per
554 5551 611 5589 se
661 5537 768 5587 vita
808 5550 915 5586 non
954 5534 1304 5601 distinguitur
1343 5550 1372 5587 a
1436 5536 1779 5598 viventibus»,
1830 5549 1861 5586 a

305 5604 506 5670 quibus
533 5605 918 5672 participantur
953 5606 1250 5655 secundum
1298 5620 1408 5655 rem
1445 5620 1457 5655 :
1492 5619 1549 5656 re
1573 5606 1716 5656 enim
1754 5603 1863 5657 vita

305 5683 362 5724 ct
398 5675 582 5724 vivens
612 5670 752 5725 idem
798 5682 960 5729 sunt:
991 5675 1134 5725 sicut
1180 5673 1490 5727 humanitas
1522 5674 1859 5739 simpliciter,

305 5751 363 5795 et
397 5743 557 5793 homo
609 5753 812 5795 ratione
862 5752 1070 5796 tantum
1107 5742 1386 5805 differunt,
1416 5744 1541 5809 quia
1592 5743 1735 5796 sicut
1766 5744 1865 5796 ltit-

308 5813 542 5865 tnanitas
585 5816 757 5864 solum
814 5812 903 5867 illa
954 5813 1366 5881 comprehcndit
1424 5827 1544 5882 qua:
1588 5813 1861 5873 hominem

1960 5048 2247 5121 definiunt,
2276 5056 2328 5101 et
2356 5060 2463 5121 non
2491 5060 2612 5115 quae
2637 5047 2917 5103 materiam
2943 5049 3146 5106 faciunt
3176 5053 3538 5121 indirilnam,

1964 5132 2140 5196 neque
2175 5118 2510 5196 humanitas,
2536 5126 2658 5170 actu
2701 5128 2794 5196 aut
2831 5123 3067 5196 potentia
3110 5136 3349 5180 οιιιιιιηιιι
3383 5118 3538 5196 prin;
3625 5136 3629 5145 '

1967 5188 2106 5253 cipia
2137 5202 2256 5255 qua:
2289 5187 2626 5239 individuum
2659 5188 2909 5253 reddunt,
2952 5192 3113 5245 homo
3144 5211 3268 5247 vero
3293 5187 3537 5250 ciiiitiiiet

1963 5266 2200 5331 potentia
2230 5275 2243 5321 ;
2275 5256 2353 5310 sic
2384 5272 2477 5325 per
2508 5272 2567 5309 se
2592 5260 2696 5331 vita
2739 5259 2822 5309 illa
2849 5263 3085 5315 continet
3118 5280 3233 5331 qum
3267 5268 3532 5318 viventem

1964 5328 2248 5389 deliniant,
2273 5335 2544 5393 quatenus
2584 5327 2712 5380 vivit
2744 5332 2922 5397 itaque
2948 5341 3004 5384 ut
3033 5327 3195 5385 homo
3233 5334 3538 5388 formalitt-r

1967 5404 2052 5467 est
2094 5396 2430 5467 hunranitite
2464 5398 2648 5456 homo,
2680 5398 2756 5450 sic
2795 5396 2982 5454 vivens
3044 5417 3138 5467 per
3189 5418 3246 5455 se
3300 5416 3409 5456 vtta
3450 5415 3537 5455 est

1966 5464 2561 5533 vivens.Partii-ipatio
2621 5471 2920 5520 secundum
2997 5464 3394 5533 ιηθῇεἱδιιτιιίίιλι,
3453 5487 3537 5525 est

1968 5537 2071 5605 vita
2105 5538 2214 5599 ilia,
2242 5532 2577 5601 srtnplicitcr,
2601 5536 2619 5603 j
2642 5552 2709 5587 int
2743 5546 2955 5604 receptu
2982 5541 3031 5588 in
3063 5540 3268 5605 subject
3293 5564 3301 5583 ι
3323 5556 3350 5589 ν
3381 5532 3535 5596 tri-nte
3588 5532 3601 5543 ’

1963 5604 2107 5676 sicut
2159 5606 2471 5676 humanitas
2505 5620 2596 5658 si-c
2621 5608 2801 5656 indum
2841 5604 3335 5676 0\nist°9ttiiattt,851
3361 5611 3410 5662 in
3433 5611 3535 5663 huc

1969 5674 2187 5726 homine
2225 5673 2319 5741 qui
2343 5675 2558 5727 exsistit
2587 5729 2598 5739 ,
2625 5676 2738 5725 sola
2762 5676 2902 5726 enim
2939 5673 3235 5739 sinéularta'
3256 5679 3533 5731 exsistunt

1967 5743 2021 5795 in
2077 5758 2255 5796 rerum
2302 5758 2535 5809 natura;
2590 5742 2916 5797 tliiVJl‘attilJ
2970 5759 3093 5797 vero
3145 5754 3199 5798 ct
3251 5753 3530 5803 abstracta

1970 5814 2118 5866 olunt
2155 5815 2209 5865 in
2248 5822 2453 5868 mento.
