4058 6306
491 439 598 506 883

1596 466 1598 468 '
1643 445 1966 506 IOANNl‘S
2006 448 2574 512 CYl’ARlSSltHE

3622 444 3738 510 884

493 555 696 610 militer
718 554 771 610 in
800 556 944 622 aliis,
971 557 1254 623 vocabam,
1279 557 1418 612 inter
1442 569 1723 616 creaturas
1749 562 2056 617 referebant
2084 567 2131 622 Λ
2160 581 2278 618 cum
2308 568 2400 635 qui
2428 567 2600 634 major
2630 575 2713 621 est
2768 583 2927 634 quam
2971 565 3198 636 cogitari
3252 563 3449 632 queat?
3494 561 3592 615 llic
3648 577 3738 616 est

492 659 549 702 et
578 649 935 702 numerabant
974 667 987 713 ;
1021 650 1145 717 quia
1183 665 1358 718 neque
1379 651 1696 705 substantiae
1721 654 1934 720 divinm,
1962 671 2061 709 nec

499 739 754 810 angelica:
786 751 960 805 erant,
993 756 1090 794 nec
1117 741 1280 795 ullius
1316 744 1391 795 rei
1423 742 1725 800 effectrices
1758 764 1771 809 ;
1805 746 1979 800 solum
2003 765 2062 801 e-

499 829 606 882 nim
635 830 886 899 quodest
933 845 1096 898 supra
1164 834 1547 897 substantiam,
1625 836 1952 903 principium
2010 846 2064 892 et

499 921 804 974 animantia
837 930 888 974 et
917 935 1077 976 causa
1102 924 1294 976 borum
1314 936 1415 979 est.
1437 925 1491 978 Si
1519 937 1698 982 autem
1719 928 1861 984 Deus
1887 941 1937 982 et
1959 932 2056 983 ho‘

501 1029 644 1077 rum,
676 1021 729 1066 et
767 1029 952 1067 eorum
983 1031 1102 1084 quae
1127 1017 1316 1070 subter
1347 1018 1460 1085 ipsa
1501 1030 1646 1085 sunt,
1690 1036 1754 1074 ex
1786 1037 1942 1090 aiquo
1967 1040 2065 1077 au-

500 1116 628 1158 Ctor
660 1114 742 1158 est
783 1103 887 1173 (est
917 1107 1083 1171 enim,
1115 1107 1309 1177 inquit,
1332 1125 1394 1162 ex
1427 1111 1898 1180 participautibus,
1922 1124 1976 1168 et
1998 1132 2060 1168 ex

502 1194 834 1263 participatis
880 1196 1088 1251 inﬁnite
1111 1205 1164 1250 et
1195 1199 1456 1254 immense
1479 1209 1808 1272 exemptus),
1837 1221 2066 1273 quomo-

501 1281 570 1335 do
599 1297 706 1336 non
731 1282 782 1336 in
820 1283 902 1338 his
940 1288 1110 1353 magis
1136 1288 1315 1343 omnis
1351 1289 1652 1347 differentia
1672 1295 1995 1363 reperiatur,
2016 1305 2068 1350 tt

501 1371 621 1440 plus
652 1384 705 1427 et
735 1375 911 1429 minus
935 1376 1113 1430 locum
1142 1379 1360 1433 habeat?
1388 1397 1508 1450 quae
1539 1396 1670 1437 sunt
1720 1396 1862 1438 notae
1913 1403 2067 1441 crea-

503 1472 656 1530 turae,
695 1475 748 1520 et
775 1468 1006 1521 varietas
1034 1468 1174 1522 circa
1196 1474 1625 1540 emanatiouem,
1655 1486 1708 1530 et
1729 1478 2067 1546 multiplica-

502 1559 580 1612 tio
608 1558 928 1614 formarum.
963 1561 1152 1618 Merito
1183 1563 1348 1632 igitur
1367 1566 1492 1635 quia
1526 1582 1626 1622 non
1652 1584 1846 1624 sumus
1877 1571 1984 1636 apti
2011 1579 2070 1624 et

503 1648 716 1716 idonei,
748 1652 842 1706 sed
877 1653 1057 1722 potius
1097 1654 1296 1708 inﬁrmi
1327 1655 1393 1709 ad
1439 1657 1806 1723 recipiendum
1875 1659 2066 1726 Deum,

503 1743 973 1812 participationem
1008 1746 1174 1814 ejusa
1204 1747 1361 1802 nobis
1379 1748 1738 1804 alienariznits
1770 1770 1783 1805 :
1815 1751 1867 1804 in
1903 1767 2069 1806 causa

2166 658 2571 713 ﬁrmamautum
2648 658 2910 723 Omnium,
2990 657 3394 710 fundamentum
3463 655 3734 713 omnium,

2166 755 2484 823 principium
2516 755 2777 819 Omnium,
2822 769 2885 808 ex
2919 769 3025 820 quo
3053 759 3275 806 manant
3316 751 3519 815 omnia,
3570 759 3622 802 et
3678 751 3734 800 in

2167 847 2310 916 quod
2349 855 2573 914 vergunt
2606 846 2784 899 omnia
2822 844 3182 914 ;princ’ipium
3225 854 3277 896 et
3317 841 3458 904 finis,
3491 859 3525 893 α
3582 849 3634 892 et
3664 860 3736 901 ω,

2168 949 2226 994 ιιι
2251 939 2474 1009 pulchre
2501 938 2636 992 dixit
2662 940 2749 1007 qui
2809 936 3126 1004 theologiam
3152 935 3374 988 tradens
3421 933 3736 999 theologum

2166 1033 2348 1086 docuit
2371 1033 2455 1098 ”;
2493 1047 2658 1085 causa
2689 1040 2744 1084 nt
2789 1031 2895 1083 sint
2927 1044 2990 1083 ea
3026 1044 3144 1094 quae
3175 1038 3334 1090 sunt;
3374 1027 3463 1096 qui
3500 1025 3562 1078 iis
3618 1040 3744 1092 qnze

2169 1121 2406 1176 nondum
2437 1124 2730 1176 constituta
2758 1130 2937 1180 erant.
2979 1120 3342 1173 substantiam
3395 1117 3581 1181 dedit;
3644 1116 3742 1181 qui

2168 1214 2510 1278 substantiis,
2552 1227 2688 1282 quas
2719 1227 2783 1265 ex
2815 1212 2984 1265 nihilo
3012 1209 3159 1273 fecit,
3192 1209 3433 1263 ordinem
3493 1207 3746 1261 adhibuit

2169 1315 2224 1359 et
2268 1313 2325 1358 ut
2377 1305 2638 1358 durarent
2695 1313 2749 1357 et
2801 1311 3274 1363 conservarentur,
3343 1300 3503 1365 fecit;
3547 1310 3746 1352 natura

2169 1397 2432 1461 creatrix,
2457 1405 2695 1462 potestas
2719 1394 2822 1447 vim
2847 1393 3104 1466 faciendi,
3146 1391 3492 1457 inspiciendi,
3521 1402 3574 1443 et
3609 1405 3743 1458 pro-

2171 1490 2383 1542 videndi
2415 1488 2616 1546 habens
2653 1505 2666 1551 ;
2703 1487 2810 1539 vita
2844 1493 2898 1539 et
2958 1487 3165 1546 vivens,
3209 1483 3510 1536 subStantia
3565 1483 3739 1534 vitam

2170 1582 2415 1649 pra-hens
2442 1595 2458 1644 ;
2490 1589 2676 1632 natura
2710 1577 2820 1629 sola
2889 1574 3305 1645 participabitis,
3361 1589 3483 1642 qua:
3549 1572 3734 1623 omnia

2171 1669 2332 1736 capit,
2351 1678 2403 1722 et
2427 1685 2456 1723 a
2480 1667 2622 1722 nullo
2646 1666 2855 1736 capitur
2879 1683 2893 1731 ;
2916 1674 2968 1718 et
2985 1663 3111 1732 quid
3136 1672 3308 1731 potest
3326 1661 3593 1728 quispiam
3616 1673 3743 1714 cum

2172 1760 2380 1814 inﬁnita
2410 1757 2713 1819 teutaverit,
2747 1760 2811 1811 de
2856 1772 2920 1810 eo
2955 1754 3152 1815 dicere,
3184 1753 3273 1823 qui
3309 1767 3412 1806 non
3445 1758 3620 1818 potest
3653 1764 3749 1801 ex-

503 1843 685 1889 autem
707 1845 788 1890 est
826 1847 1063 1904 potestas
1091 1838 1244 1892 liberi
1277 1841 1510 1907 arbitrii,
1547 1851 1598 1894 et
1624 1841 1777 1907 illud,
1802 1845 2070 1912 proclives
2109 1894 2145 1948 Β
2177 1851 2378 1920 primi?
2429 1850 2581 1916 Quod
2614 1850 2756 1904 enim
2808 1847 2978 1905 semel
3038 1846 3144 1902 diei
3225 1860 3328 1897 non
3378 1851 3576 1912 potest,
3637 1857 3743 1894 non

507 1939 603 1948 μη
645 1927 843 1948 ,μηι
880 1942 900 1948 ,
1280 1947 1322 1948 η
1372 1941 1382 1948 ,
1535 1933 1547 1948 .
1683 1935 1696 1948 .
2283 1941 2316 1948 ..
2394 1940 2442 1948 ..
2825 1941 2837 1948 .
3010 1939 3023 1948 .
3290 1935 3302 1948 ,
3459 1935 3491 1948 ,.

506 1939 607 1980 nos
641 1941 759 1981 esse
782 1927 853 1982 ab
877 1928 1240 1985 adolescentia
1265 1941 1450 1986 nostra
1481 1933 1549 1988 ad
1592 1935 1814 1990 malum.

1118 2044 1346 2100 CAPUT
1372 2045 1462 2107 IX.

504 2151 662 2218 Quod
693 2155 806 2207 sola
846 2165 1036 2210 natura
1069 2160 1250 2213 divina
1286 2161 1568 2213 secundum
1601 2163 1858 2217 rationem
1904 2183 2078 2220 causa:

575 2234 651 2277 est
674 2226 1090 2299 participabilis;
1121 2240 1169 2281 et
1202 2230 1341 2294 quod
1372 2233 1640 2299 proprium
1682 2233 1776 2286 Dei
1807 2246 1880 2287 est
1922 2253 2077 2289 vocu-

577 2309 632 2369 r_e
663 2297 840 2348 omnia
867 2296 944 2369 ad
986 2300 1397 2350 communionem
1423 2315 1440 2362 ;
1468 2296 1530 2352 ’ρι
1588 2317 1705 2369 quae
1764 2305 1921 2369 plura
1979 2307 2077 2360 Dei

576 2363 715 2415 dona
733 2366 1078 2433 participant,
1104 2369 1492 2438 propinquiora
1513 2363 1618 2424 Deo
1645 2363 1792 2425 anni.

577 2473 870 2542 Gregorius
892 2477 1223 2548 Theologus,
1255 2481 1306 2535 in
1343 2483 1577 2537 secunda
1615 2485 1863 2540 oratione
1891 2489 1957 2541 de
1985 2503 2079 2556 pa-

507 2581 570 2619 ce
607 2583 622 2622 :
651 2565 770 2621 Non
801 2569 967 2635 enim,
1002 2569 1196 2640 inquit,
1220 2573 1508 2642 quidquam
1533 2590 1598 2629 ex
1637 2579 1858 2643 creatis,
1889 2589 1942 2632 et
1963 2596 2082 2634 ser-

517 2658 598 2712 vis
637 2667 799 2736 atque
831 2661 1300 2730 participantibus,
1333 2675 1388 2718 et
1444 2666 1872 2737 circumscriptis
1920 2683 2079 2726 naru-

503 2767 623 2805 ram
652 2753 969 2819 increatam,
1005 2761 1058 2808 et
1082 2754 1380 2819 dominam,
1402 2765 1565 2828 atque
1592 2760 1995 2830 participatam,
2030 2772 2086 2817 ct

505 2843 774 2901 inﬁnitam
793 2847 1024 2916 attingit.
1046 2845 1111 2900 Et
1140 2863 1325 2904 rursus
1351 2850 1489 2904 idem
1509 2852 1560 2904 in
1591 2853 1834 2906 oratione
1864 2855 1916 2908 in
1955 2856 2091 2909 Pet;-

507 2946 745 2991 tecosteu
777 2957 791 2991 :
819 2938 948 2990 Erat
965 2939 1125 3004 igitur
1142 2954 1359 3006 semper
1381 2939 1613 3009 Spiritus
1631 2954 1850 2998 sanctus
1868 2961 1931 3014 pa
1942 2947 2089 3000 rtici-

505 3035 688 3096 patns,
713 3043 817 3081 non
847 3029 1212 3097 participans;
1242 3033 1546 3100 perficiens,
1569 3050 1672 3088 non
1701 3037 1996 3105 perfectus.
2023 3037 2089 3092 Et

507 3131 732 3183 magnus
753 3115 1003 3182 Basilius,
1040 3120 1090 3171 iu
1112 3120 1248 3174 libro
1280 3122 1472 3188 quinto
1498 3124 1564 3176 ad
1591 3125 2026 3194 Amphilochium
2064 3145 2079 3182 :

2176 1940 2537 2008 explicabitur
2567 1957 2580 1994 :
2611 1949 2665 1994 et
2695 1941 2837 2009 quod
2869 1950 2948 1992 est
2974 1939 3115 1992 ultra
3159 1935 3526 2002 omnia,nulla
3589 1949 3745 1987 mens

2176 2033 2619 2100 comprehendet,
2649 2032 2750 2084 etsi
2799 2029 3036 2084 omnium
3065 2029 3133 2080 sit
3176 2027 3523 2079 subtilissima
3557 2026 3621 2078 ad
3652 2039 3748 2089 pe-

2179 2126 2520 2180 netrandum.
2553 2125 2664 2177 lmo
2687 2133 2740 2178 et
2781 2138 3008 2192 magnus
3040 2119 3325 2190 Dionysius
3354 2120 3530 2185 capite
3583 2133 3751 2184 quar-

2182 2230 2233 2274 to
2266 2217 2494 2272 Caelestis
2525 2215 2875 2284 hieran/tiae:
2906 2212 3144 2266 Primum
3188 2227 3313 2266 vero
3342 2212 3581 2264 omnium
3621 2209 3750 2262 illud

2183 2327 2308 2365 rere
2341 2309 2624 2365 dicendmn
2657 2317 2760 2372 est,
2815 2307 2956 2374 quod
2991 2304 3251 2360 divinitas
3272 2318 3393 2372 quae
3427 2316 3590 2368 supra
3617 2303 3748 2353 sub-

2181 2403 2435 2458 stantiam
2473 2410 2575 2463 est,
2599 2399 2838 2453 bonitate
2876 2413 2970 2451 sua
3027 2395 3358 2450 substantias
3395 2408 3578 2446 eorum
3631 2407 3751 2458 qua:

2182 2502 2330 2555 sunt,
2371 2489 2639 2559 produxit.
2691 2498 2744 2542 et
2774 2487 2899 2540 fecit
2932 2495 2990 2537 ut
3033 2485 3388 2546 exsisterent;
3454 2482 3555 2534 hoc
3607 2481 3749 2532 enim

2185 2583 2460 2653 proprium
2486 2591 2569 2633 est
2602 2578 2877 2639 bonitatis,
2912 2593 3031 2643 quae
3060 2589 3223 2627 causa
3259 2573 3503 2625 Omnium
3536 2578 3642 2627 est,
3695 2576 3753 2622 et

2186 2690 2349 2744 supra
2382 2673 2559 2727 omnia
2589 2681 2692 2736 est,
2726 2683 2917 2724 vocare
2944 2668 3196 2721 universa
3229 2665 3291 2718 ad
3313 2665 3394 2715 sui
3423 2663 3755 2716 counnunio-

2187 2785 2332 2834 nem,
2372 2775 2431 2821 ut
2455 2764 2747 2832 unicuique
2772 2777 2958 2817 eorum
2984 2776 3102 2828 qua:
3129 2768 3276 2821 sunt,
3314 2773 3343 2810 a
3370 2756 3592 2825 propria
3623 2771 3756 2808 con-

2187 2859 2458 2916 venientia
2493 2856 2774 2911 delinitum
2808 2864 2910 2907 est.
2965 2851 3171 2906 Cuncta
3221 2848 3388 2916 igitur
3433 2861 3553 2914 quae
3603 2853 3752 2908 sunt,

2190 2943 2930 3022 participantprovidentiam
2965 2957 3029 2995 ex
3083 2939 3367 2993 divinitate
3421 2951 3582 3004 supra
3629 2935 3756 2987 sub-

2191 3042 2472 3106 stantiam,
2540 3049 2594 3092 et
2640 3036 2880 3092 ou'miutn
2927 3031 3201 3088 eﬂectrire
3256 3037 3602 3092 manantem;
3647 3041 3752 3079 non

2183 3135 2336 3188 cuitu
2364 3142 2573 3196 essent,
2606 3131 2705 3182 nisi
2731 3127 3096 3183 substantiam
3130 3133 3184 3176 et
3239 3121 3578 3188 participium
3626 3132 3747 3169 mn-

505 3206 710 3261 Natura
737 3208 1070 3274 inaccessas,
1096 3226 1263 3280 capax
1289 3222 1505 3284 propter
1524 3216 1842 3280 bonitatem,
1864 3218 2080 3286 impletis

2197 3224 2341 3278 nium
2364 3218 3009 3293 participassent.0muia
3038 3217 3202 3285 igitur
3240 3212 3522 3268 iuanimata
3543 3224 3605 3261 eo
3625 3210 3742 3274 ipso

502 3297 684 3351 omnia
699 3309 983 3367 potestate,
1014 3303 1081 3356 ab
1101 3303 1165 3357 iis
1195 3313 1402 3358 tantum
1433 3308 1523 3376 qui
1551 3307 1694 3375 digni
1730 3319 1890 3373 sunt,
1923 3310 2090 3375 parti-

503 3389 772 3458 cipabilis.
799 3392 861 3444 Et
892 3409 1117 3462 magnus
1141 3396 1489 3462 Athanasius,
1517 3399 1568 3450 in
1592 3399 1816 3466 epistola
1837 3401 1901 3452 ad
1931 3398 2091 3453 Sera-

505 3482 757 3549 pionem:
792 3482 1014 3550 Rursus,
1040 3485 1233 3555 inquit,
1264 3487 1460 3554 aliquis
1482 3488 1638 3541 velex
1666 3489 1746 3543 his
1777 3489 2085 3558 perspiciat,

503 3573 812 3641 participari
841 3573 1097 3644 Sp'ritum
1121 3585 1389 3643 sanctum,
1407 3587 1460 3632 et
1489 3593 1592 3630 non
1617 3578 1971 3646 participare;
1994 3593 2087 3632 ea-

505 3668 626 3718 dem
659 3665 802 3719 cnim
821 3665 1000 3720 dicere
1027 3684 1129 3720 non
1160 3667 1324 3737 piget.
1352 3667 1683 3738 Impossibile
1707 3671 1845 3726 enim
1869 3679 1968 3736 est,
1999 3687 2086 3724 eos

507 3757 600 3826 qui
622 3758 781 3811 semel
805 3759 1094 3813 illuminati
1115 3770 1237 3814 sunt
1294 3771 1342 3815 et
1365 3773 1700 3832 gnstarerunt
1717 3765 2087 3818 donum-crvie-

506 3860 604 3911 διε,
638 3860 684 3901 et
707 3851 992 3919 participe:
1022 3852 1154 3918 facti
1204 3863 1328 3906 sunt
1362 3854 1592 3920 Spiritus
1645 3857 1838 3924 sancti,
1875 3865 1924 3910 ιι
1987 3873 2088 3926 gu-

508 3942 983 3995 stareruntbonum
1011 3942 1108 3997 Dei
1142 3945 1348 3997 rerbum
1404 3945 1470 3998 ³⁸.
1503 3946 1558 4000 Si
1612 3947 1755 4001 enim
1808 3949 2008 4014 angeli,
2033 3959 2086 4002 et

508 4033 630 4087 alite
669 4042 933 4088 creatura:
957 4036 1126 4104 ipsum
1156 4033 1419 4105 Spiritum
1447 4037 1771 4107 participant
1796 4058 1809 4106 ;
1847 4042 1914 4094 ob
1941 4043 2082 4096 hanc

455 4177 464 4184 ,
508 4124 652 4179 enim
679 4141 898 4178 causam
919 4127 1167 4180 excidere
1192 4137 1414 4194 possunt
1442 4129 1533 4198 qui
1574 4146 1678 4183 non
1709 4132 2039 4200 participant
2065 4149 2079 4196 ;

513 4218 753 4286 Spiritus
781 4232 907 4272 vero
929 4227 1153 4271 sanctus
1195 4233 1412 4287 semper
1462 4221 1600 4274 idem
1640 4231 1744 4287 est,
1792 4225 2083 4290 participa-

511 4309 636 4363 bilis
657 4320 758 4361 εει.
828 4308 895 4361 Et
943 4318 1164 4363 sanctus
1224 4308 1511 4374 Maximus,
1559 4325 1680 4377 cap.
1730 4311 1765 4364 9
1824 4321 2085 4368 centuria:

514 4407 725 4467 quartae
754 4399 820 4452 de
842 4398 1106 4452 cbaritate
1143 4399 1255 4453 ait:
1304 4399 1440 4453 Deus
1463 4399 1681 4468 quidem
1719 4403 1893 4456 solmn
1915 4404 2084 4474 parti-

515 4493 761 4562 cipatur;
793 4498 1044 4544 creatura
1066 4505 1194 4544 vero
1252 4492 1535 4560 participat
1573 4502 1628 4546 et
1677 4495 2034 4548 communicat
2065 4511 2078 4560 ;

513 4597 569 4641 et
599 4585 887 4665 participat
918 4584 1130 4652 quidem
1156 4599 1295 4648 esse,
1321 4590 1527 4640 etbene
1553 4569 1576 4650 ;’
1615 4588 2082 4642 commnuicatve-
2119 4575 2161 4628 ἶ)

520 4694 579 4731 ιο
602 4676 775 4732 solum
812 4679 950 4732 bene
973 4693 1092 4731 esse
1129 4692 1352 4733 :verum
1378 4678 1533 4731 aliter
1562 4678 1778 4747 quidem
1829 4681 2083 4734 substan-

521 4772 595 4825 tia
646 4785 906 4840 corporea
941 4771 1038 4840 (l),
1069 4770 1226 4823 aliter
1246 4771 1731 4840 veroincorporea.
1763 4770 1828 4825 Et
1863 4785 2086 4829 sanctus

517 4865 839 4919 Anastasius
862 4865 1252 4929 Autiocheuus,
1287 4863 1339 4916 in
1372 4863 1544 4930 primo
1581 4863 1719 4936 libro
1773 4865 1838 4918 de
1873 4866 2077 4920 nostris

520 4958 861 5025 dogmatibus
887 4957 1131 5010 veritatis
1170 4973 1184 5011 :
1249 4955 1554 5020 Quomodo,
1595 4937 1792 5025 inquit,
1839 4958 2086 5011 oratione

518 5048 729 5102 laudari
768 5058 964 5117 potest,
1033 5049 1123 5116 qui
1183 5049 1481 5102 orationem
1527 5047 1740 5100 vineit?
1799 5060 1890 5100 aut
1959 5049 2086 5115 quid

521 5141 679 5209 digne
708 5140 851 5207 loqui
876 5140 1047 5206 possit
1097 5138 1336 5204 ullus,ut
1382 5137 1708 5208 cogitatione
1751 5138 2089 5193 demonstret

629 5306 674 5334 ³⁸
703 5305 864 5357 ileht'.
910 5321 980 5364 rt,
1016 5303 1067 5356 -i.
1146 5303 1190 5332 ⁵⁸
1210 5304 1377 5370 Apoc.
1412 5319 1448 5364 ι,
1491 5303 1581 5353 ιη.

2193 3315 2334 3384 quod
2361 3324 2505 3378 sunt,
2526 3313 2700 3381 ipsum
2721 3309 3041 3380 principium
3071 3305 3414 3374 participant:
3446 3313 3562 3351 esse
3593 3297 3732 3350 enirn

2192 3405 2433 3457 omnimn
2459 3411 2539 3457 est
2566 3401 2819 3455 divinitas
2844 3399 2941 3468 (α),
2970 3412 3086 3466 qua:
3109 3405 3190 3449 est
3223 3390 3562 3461 supraipsmu
3585 3403 3698 3441 esse
3721 3401 3739 3450 ς

2193 3492 2428 3546 viventia
2499 3498 2676 3543 autem
2751 3485 3076 3554 participant
3135 3482 3377 3534 eamdem
3435 3483 3748 3546 potestatem

2192 3581 2462 3637 viviﬁcam
2494 3595 2654 3646 supra
2686 3591 2902 3631 omnem
2940 3575 3102 3628 vitam
3143 3572 3385 3626 :ratione
3433 3566 3653 3636 prtedita
3702 3571 3756 3616 et

2194 3673 2542 3739 intelligentia
2575 3671 2818 3724 eamdem
2853 3666 3173 3736 sapientiam
3199 3679 3292 3732 per
3319 3676 3378 3715 se
3415 3660 3706 3728 perfectam
3740 3695 3756 3722 ,

2192 3777 2243 3820 et
2268 3765 2413 3833 prius
2429 3763 2742 3834 perfectam,
2771 3777 2892 3832 qua:
2908 3775 3120 3813 omnem
3147 3758 3410 3812 rationem
3433 3769 3494 3806 ac
3527 3761 3756 3805 mentem

2191 3858 2381 3919 vincit,
2413 3856 2770 3924 participant;
2807 3851 3152 3906 manifestum
3173 3858 3348 3902 autem
3385 3858 3466 3900 εει
3497 3859 3618 3900 esse
3649 3843 3728 3895 cir

2191 3965 2313 4005 cum
2341 3949 2512 4017 ipsum
2541 3945 2864 4016 principium
2923 3928 3251 3998 substantias
3302 3939 3442 3999 illas,
3504 3950 3757 4005 qu:r.cun«

2190 4054 2294 4106 que
2322 4036 2693 4108 multipliciter
2753 4035 2925 4102 ipsum
2961 4030 3371 4101 participarunt.
3433 4026 3507 4079 Ae
3572 4036 3755 4076 rursus

2192 4129 2331 4183 idem
2358 4129 2410 4182 in
2439 4128 2650 4199 quinto,
2686 4127 2762 4178 De
2802 4125 2992 4178 divinis
3029 4120 3326 4173 nominibus
3371 4136 3385 4172 :
3418 4116 3484 4169 Et
3543 4125 3650 4177 est,
3701 4120 3756 4164 ut

2190 4221 2449 4285 arbitror,
2479 4235 2686 4283 verum,
2709 4215 2852 4288 quod
2881 4230 2942 4270 ea
2975 4229 3095 4283 qua:
3119 4213 3290 4278 inagis
3331 4209 3518 4268 Deum,
3576 4205 3665 4273 qui
3699 4220 3757 4257 u-

2191 4330 2292 4367 nus
2323 4323 2426 4376 est,
2460 4321 2514 4367 et
2552 4327 2580 4364 a
2611 4326 2718 4380 quo
2750 4305 3118 4363 intinitadoua
3140 4302 3576 4374 proficiscuntur,
3636 4313 3757 4366 par-

2191 4407 2431 4476 ticipant,
2461 4405 2627 4473 magis
2657 4404 2706 4458 ei
2743 4401 3194 4470 appropinquant,
3229 4406 3280 4450 et
3303 4393 3569 4448 diviniora
3613 4399 3756 4450 sunt,

2191 4517 2346 4568 quam
2372 4513 2490 4569 quae
2515 4498 2693 4551 minus
2716 4494 3060 4565 participant.
3091 4492 3162 4546 Ex
3185 4489 3264 4543 bis
3289 4485 3626 4556 liquet,qnod
3650 4481 3758 4535 sola

2190 4602 2379 4647 natura
2415 4591 2710 4644 secundum
2738 4601 2961 4641 causam
2999 4579 3412 4653 participabilis,
3449 4577 3588 4630 Deus
3637 4583 3752 4637 est;

2189 4684 2437 4753 quodque
2468 4679 2764 4735 secundum
2816 4676 3062 4731 eamdem
3093 4686 3316 4726 causam
3369 4676 3527 4722 vocat
3580 4663 3756 4716 omnia

2189 4773 2256 4828 ad
2289 4772 2369 4827 sui
2398 4770 2830 4826 comu‘tnuimtem
2859 4783 2873 4831 ;
2913 4774 2968 4819 et
3003 4764 3091 4818 illa
3128 4763 3259 4814 tium
3311 4758 3484 4812 eidem
3551 4758 3758 4805 vui-amt

2191 4864 2600 4934 propinquiora,
2629 4873 2966 4928 quaecunque
3011 4855 3196 4909 multis
3229 4850 3405 4904 modis
3438 4847 3759 4926 participant

2193 4972 2299 5011 non
2327 4955 2502 5010 solum
2535 4953 2856 5022 simpliciter
2913 4945 3270 5003 substantiam
3313 4940 3430 5006 ejus
3475 4948 3522 4992 et
3570 4938 3756 4994 vitam,

2193 5047 2286 5102 sed
2305 5045 2466 5099 etiam
2491 5044 2782 5105 rationem,
2813 5051 2864 5093 et
2891 5037 3234 5101 sapientiam,
3269 5044 3318 5087 et
3359 5031 3462 5085 alia
3486 5029 3605 5097 eius
3637 5026 3764 5077 cha-

2199 5136 2419 5190 rismata
2454 5134 2754 5203 spiritualia
2791 5131 3086 5187 secundum
3120 5125 3525 5196 proportionem
3567 5132 3768 5194 Supre5

2003 5411 2272 5475 Schohe.

595 5551 674 5618 (l)
709 5531 881 5601 Aliter
907 5545 1200 5618 substantia
1235 5557 1502 5610 carporea.
1533 5539 1802 5605 Corporea
1873 5540 2086 5606 quidem

527 5615 717 5674 natura
747 5617 1077 5671 counnnniat
1141 5615 1276 5666 bene
1298 5626 1420 5666 esse
1475 5625 1745 5671 sermone,
1807 5625 1989 5673 Opere.
2037 5619 2088 5658 et

524 5687 1018 5756 contemplatione;
1051 5685 1336 5751 incoporea
1370 5695 1496 5735 vero
1521 5678 1872 5748 Θεωρουμέιη
1907 5678 2091 5748 μόνην,

2198 5540 2380 5600 idest,
2419 5538 2527 5588 sola
2559 5532 3032 5604 contemplatione,
3087 5530 3166 5586 sic
3224 5536 3441 5582 sanctus
3499 5522 3770 5584 Maximus

2198 5612 2250 5661 in
2275 5623 2340 5661 co
2362 5617 2463 5659 lt'm
2492 5622 2614 5674 cap.

586 5848 660 5916 (α)
691 5847 951 5904 Dirinitas
973 5860 1053 5906 εει
1079 5859 1198 5902 esse
1229 5843 1466 5902 omnium
1493 5851 1544 5899 ct
1567 5841 1868 5897 substantia
1901 5841 2080 5892 αἰτικτ

2183 5857 2242 5906 νε,
2280 5838 2328 5891 id
2359 5847 2438 5891 cst
2466 5831 2778 5890 causaliter.

3795 809 3838 840 ο
