4058 6306
550 446 623 501 Et"
651 445 944 515 Gregorius
999 445 1299 514 Tlicologtts
1321 447 1394 508 (al
1424 466 1437 503 :

506 552 656 613 .non
689 536 821 589 satis
849 547 961 588 erat
994 552 1204 589 summo
1252 537 1324 589 iITi
1362 539 1499 589 bono
1562 543 1762 593 mmeri
1824 541 1994 594 solum
2049 542 2130 594 sui

552 626 739 695 ipsius
771 628 1240 694 contemplatione,
1275 629 1366 682 sed
1429 631 1709 694 opm-lebat
1764 631 2011 698 dillnndi,
2081 644 2134 686 et

553 732 755 782 meare,
808 728 867 771 ιιι
915 729 1099 774 essent
1176 722 1326 787 plura
1396 725 1676 777 benrti‘riis
1735 723 1977 789 affecta;
2030 725 2134 779 hoc

553 809 699 861 enim
733 819 857 863 erat
878 820 1102 864 su‘nnnae
1130 813 1386 865 bonitatis
1425 833 1436 878 ;
1474 816 1705 883 primum
1740 817 2015 885 cogitabat
2037 834 2135 869 an-

554 899 758 967 gelicas
805 910 859 951 et
920 902 1174 955 coeli-stes
1228 916 1543 970 potestates,
1603 917 1658 960 et
1706 918 1827 961 erat
1878 910 2134 977 cogitatio

551 1005 687 1057 opus
719 992 880 1045 verbo
914 993 1263 1058 t‘mnplctmn,
1296 1007 1348 1047 et
1406 999 1600 1062 spiritu
1672 1009 2133 1054 consumtnatmn.

554 1082 623 1134 Et
648 1083 807 1151 paulo
838 1094 999 1151 post:
1032 1084 1285 1138 Secundo
1338 1088 1611 1153 cegitabat
1662 1091 1807 1144 hunc
1867 1092 2129 1144 mundum

554 1175 897 1227 materiatum
921 1185 973 1226 et
996 1177 1087 1241 qui
1118 1177 1450 1243 cernitur,.et
1477 1194 1593 1247 qua:
1621 1181 1871 1250 deinceps
1903 1198 2135 1250 sequun-

556 1275 661 1317 tur.
702 1265 763 1317 [Ct
793 1267 931 1317 idem
985 1268 1202 1331 iturum,
1240 1269 1291 1321 in
1326 1272 1574 1324 oratione
1633 1271 1700 1325 de
1745 1274 2135 1329 constitutione

554 1357 933 1423 episcoporum
968 1375 981 1411 :
1024 1359 1328 1424 Responde,
1361 1361 1555 1427 inquit,
1616 1363 1769 1427 mihi,
1805 1363 2133 1432 disputator,

557 1449 621 1501 ad
649 1448 1012 1517 cil‘ugieadnm
1050 1452 1305 1506 dillicilis.
1348 1454 1403 1505 Si
1470 1465 1687 1507 creatus
1716 1465 1819 1518 est,
1857 1456 2133 1523 quomodo

558 1549 775 1593 creatus
803 1540 933 1593 est?
959 1554 1010 1595 ct
1042 1558 1223 1609 quaere
1268 1560 1295 1595 a
1349 1558 1454 1608 me,
1486 1546 1755 1609 quomodo
1787 1546 2041 1613 genitus;
2087 1544 2131 1598 si

557 1636 737 1702 passio
762 1636 903 1689 circa
941 1637 1369 1702 generationem,
1430 1640 1611 1705 passio
1643 1641 1769 1701 item
1801 1641 1945 1694 circa
1980 1654 2133 1694 crea-

560 1732 798 1793 tionem;
847 1731 891 1782 si
923 1730 1065 1783 enim
1090 1746 1192 1784 non
1244 1740 1335 1785 est
1356 1732 1535 1800 passio
1584 1734 1896 1789 informatio
1924 1737 2131 1805 rogita—

558 1820 741 1883 tionis,
774 1831 830 1873 et
862 1838 989 1875 cura
1022 1831 1084 1876 et
1111 1838 1297 1877 corum
1337 1840 1456 1893 quae
1489 1827 1743 1882 universa
1797 1828 1956 1881 simul
1984 1829 2134 1895 cogi-

558 1926 667 1968 ta'a
698 1927 844 1978 sunt,
872 1918 1161 1985 explicatio
1186 1919 1235 1972 iu
1263 1932 1464 1988 partes,
1500 1931 1607 1974 etc.
1637 1920 1698 1973 Et
1731 1937 1916 1973 rursus
1948 1922 2084 1974 idem
2116 1938 2133 1977 :

559 2004 692 2059 Etsi
720 2007 843 2074 quia
886 2023 946 2061 ea
973 2025 1094 2077 quae
1127 2013 1265 2078 apud
1301 2026 1397 2065 nos
1444 2012 1597 2076 tiuut,
1654 2027 1776 2065 cum
1836 2012 2131 2080 aliquando

560 2114 666 2152 non
706 2110 909 2159 essent.
944 2115 1126 2168 postea
1155 2112 1300 2166 sunt,
1333 2102 1535 2157 ideirco
1569 2104 1735 2156 etiam
1770 2103 1939 2156 tilium
1976 2119 2135 2171 ceges

559 2206 623 2243 ex
658 2189 722 2243 iis
740 2206 857 2254 qua:
899 2206 999 2243 non
1035 2202 1182 2249 snnt.
1211 2194 1276 2245 ad
1302 2193 1349 2245 id
1374 2194 1515 2260 quod
1541 2205 1644 2258 est;
1681 2196 1959 2254 devenire,
2023 2207 2128 2253 etc.

559 2282 748 2335 Adhuc
781 2284 919 2336 idem
971 2284 1021 2336 in
1087 2285 1330 2345 oratione
1393 2284 1444 2337 in
1493 2301 1686 2338 novam
1738 2288 2069 2341 Dominiram
2115 2307 2129 2343 :

565 2370 739 2438 Deus,
772 2373 965 2441 inquit,
1008 2374 1095 2442 qui
1128 2376 1453 2429 voluitliunc
1490 2376 1747 2429 mundum
1778 2378 2131 2442 constituere,

562 2466 653 2531 qui
674 2482 739 2519 ex
776 2467 842 2521 iis
889 2482 1007 2534 qua:
1034 2467 1389 2531 vitleotttr,,et
1419 2484 1537 2537 qua:
1566 2486 1671 2523 non
1704 2471 1974 2534 videntur,
2003 2486 2125 2524 con-

500 2609 508 2617 _
564 2557 785 2611 stitutus
818 2568 919 2619 est,
952 2558 1039 2625 qui
1093 2568 1175 2613 est
1204 2575 1431 2630 magnus
1477 2574 1532 2615 et
1585 2564 1923 2619 admirabilis
1958 2579 2133 2632 praeco

563 2649 950 2715 magnitudinis
993 2651 1146 2715 eius,
1211 2652 1426 2708 :eternis
1485 2654 1700 2723 quidem
1744 2655 1855 2724 ipse
1911 2664 1993 2707 est
2033 2657 2125 2708 lu-

562 2757 705 2798 men.
770 2742 833 2795 Et
898 2754 1119 2797 sanctus
1177 2743 1457 2810 Maximus,
1519 2750 1695 2814 capite
1750 2761 1902 2803 sex-to
1962 2750 2133 2802 tertia:

561 2836 861 2888 renturlaa:
906 2835 959 2889 Si
1006 2838 1183 2891 omnis
1236 2839 1577 2906 participatio
1659 2842 1806 2908 prius
1861 2842 2134 2911 cogitatur

566 2943 728 2993 quam
786 2929 1192 2997 participantia,
1233 2932 1411 2983 omnia
1467 2932 1621 2997 plane
1656 2932 1907 2987 omnibus
1960 2934 2133 2988 modis

567 3018 831 3071 immenso
886 3019 1170 3073 intervallo
1220 3031 1439 3087 superat
1490 3038 1650 3076 causa
1698 3025 1959 3086 omnium,
2014 3039 2135 3092 qum

1706 295 2028 398 Ioiiwts
2072 295 2667 401 arra-mssms‘iui

1516 450 1650 515 Quia
1712 466 1863 515 vero,
1927 453 2126 521 inquit,
2161 449 2205 505 Λ
2237 454 2573 509 substantias
2606 470 2796 509 eorum
2832 470 2948 523 qua:
2980 466 3127 521 sunt,
3162 454 3318 510 exiis
3342 469 3469 522 qure
3519 471 3637 509 non
3677 470 3819 512 sonti

3719 346 3831 411 892‘

2237 544 2431 608 etfacit,
2467 555 2522 596 ιιι
2546 548 2634 614 qui
2672 563 2831 613 supra
2857 548 3220 602 substantiam
3240 560 3321 602 est
3356 570 3371 617 ;
3426 549 3619 603 multo
3652 550 3806 617 magis

2238 633 2377 686 Deus
2411 636 2739 690 substantias
2762 653 2938 691 rerum
2968 655 3031 691 ex
3060 641 3228 693 nihilo
3284 642 3581 709 produxit,
3644 652 3811 701 utpote

2236 740 2398 790 supra
2437 725 2794 778 substantiam
2827 729 3120 783 exsisteus.
3186 730 3250 783 Et
3299 745 3540 797 magnus
3587 730 3810 783 Athana-

2235 819 2349 871 sins
2382 818 2447 870 in-
2470 818 2698 885 epistola
2752 820 2816 870 ad
2848 817 3199 886 Serapionem
3234 839 3247 874 :
3284 821 3523 874 Natura'
3551 836 3704 877 vero.
3741 821 3811 874 iu—

2237 907 2374 974 qnit,
2438 924 2620 960 eorum
2649 926 2769 977 qua:
2822 922 3170 978 generantur,
3228 922 3283 965 et
3316 920 3611 973 creantur,
3657 921 3810 962 mula-

2239 1000 2357 1052 bilis
2386 1012 2490 1062 εει,
2518 1009 2700 1066 utpote
2729 1017 2850 1069 qua:
2883 1014 3036 1054 cXIra
3062 1004 3423 1055 substantiam
3462 1004 3563 1055 Dei
3621 1014 3724 1062 est,
3767 1012 3812 1055 et

2236 1092 2492 1143 extniliilo
2523 1090 2751 1146 exSIitit.
2778 1094 2840 1147 Et
2869 1093 3176 1163 Theologus
3231 1098 3621 1147 Damasceuus
3660 1110 3675 1146 :
3704 1096 3808 1160 Qui,

2239 1181 2435 1248 inquit,
2463 1197 2531 1235 ex-
2556 1183 2724 1238 nihilo
2761 1186 3013 1240 universa
3077 1197 3205 1241 nutu
3268 1196 3357 1241 tuo
3388 1188 3667 1241 incﬂ'abili
3697 1203 3809 1255 pro-

2241 1271 2467 1324 duxisti.
2496 1272 2568 1324 Ex
2603 1273 2689 1326 his
2713 1276 3058 1329 manifestum
3093 1277 3362 1343 sit,.qnod
3400 1274 3552 1331 Deus
3606 1278 3697 1345 qui
3727 1293 3811 1327 an-

2237 1377 2440 1421 ctorem
2459 1370 2541 1421 sui
2567 1371 2880 1438 noojhabet,
2901 1381 2954 1425 et
2979 1388 3145 1425 causa
3173 1372 3382 1426 intinita
3409 1383 3525 1436 est,
3553 1388 3625 1424 ex
3656 1373 3808 1425 nihilo

2235 1466 2384 1508 creat
2407 1468 2459 1509 et
2484 1460 2664 1511 condit
2689 1462 2866 1514 omnia
2900 1478 2916 1527 ;
2962 1472 3025 1515 et
3046 1463 3160 1530 ipse
3187 1463 3334 1517 solus
3361 1471 3448 1515 est
3485 1478 3661 1515 unum
3692 1462 3807 1515 illud

2236 1561 2411 1616 Supra.
2432 1550 2816 1616 substantiam,
2848 1562 2902 1605 et
2928 1555 3309 1610 universorum
3342 1554 3627 1609 ell‘ector.’

2849 1664 3077 1722 CAPUT
3101 1666 3189 1720 lll.

2167 1776 2206 1830 Β
2238 1772 2401 1839 Quod'
2424 1778 2564 1829 omni
2594 1787 2837 1832 creatura
2868 1796 2932 1833 ea:
2962 1781 3123 1833 nihilo
3167 1792 3345 1834 creata
3376 1783 3657 1834 voluntate
3703 1780 3800 1841 Dei,

2314 1863 2474 1914 neque
2505 1862 2696 1911 arum,
2730 1851 2836 1901 sire
2865 1850 3118 1903 sn'ruluut
3148 1861 3567 1905 coa’lernumcest
3606 1850 3705 1901 Deo
3731 1854 3800 1901 in-

2308 1918 2479 1985 ﬁnito,
2510 1934 2670 1986 neque
2727 1929 2949 1987 tempus,
3004 1937 3095 1971 nec
3131 1921 3282 1972 aliud
3310 1922 3609 1986 quidquam
3659 1937 3718 1972 σε
3744 1922 3798 1973 iis

2308 2003 2425 2055 qua:
2459 2003 2575 2039 cum
2612 2003 2718 2040 ceno
2759 1991 2834 2040 vel
2866 2001 3093 2056 tempore
3138 1999 3280 2042 sunt.
3337 1987 3660 2042 lusu-ibitur
3700 2005 3798 2039 rem

2305 2059 2463 2112 etiam
2496 2056 2762 2121 sic:Quod
2797 2057 2925 2110 nihil
2956 2075 3137 2110 eorum
3176 2074 3294 2126 qua:
3315 2072 3459 2120 sunt,
3502 2068 3795 2111 cno'ternum

2308 2136 2383 2180 est
2415 2130 2664 2189 auctori;
2710 2127 2854 2181 solus
2893 2138 3069 2179 autem
3107 2127 3249 2181 Deus
3302 2145 3364 2181 ex
3393 2132 3691 2181 (eternitute
3732 2133 3795 2178 est

2308 2204 2429 2248 ante
2459 2196 2731 2249 saxulum.

2308 2286 2529 2353 Magnus
2555 2286 2841 2356 Dionysius
2867 2285 3045 2355 capite
3074 2286 3157 2340 t0.
3187 2286 3263 2339 De
3293 2289 3486 2340 divinis
3520 2288 3791 2340 nominibus

2237 2379 2313 2432 ait
2338 2394 2351 2429 :
2381 2378 2653 2431 Laudatur
2679 2377 2820 2431 Deus
2855 2379 2923 2431 ab
2948 2379 3269 2447 antiquitate
3297 2380 3533 2442 dierum,
3553 2381 3671 2443 quia
3699 2381 3793 2446 ipse

2246 2478 2326 2521 est
2362 2467 2604 2520 onmium
2636 2481 2809 2519 aevum
2840 2467 2939 2536 (t),
2964 2476 3016 2519 et
3050 2477 3261 2535 tempus
3300 2483 3314 2532 ;
3348 2476 3402 2520 et
3431 2477 3557 2520 ante
3594 2467 3719 2528 dies,
3745 2474 3791 2516 et

2236 2573 2431 2619 terum,
2461 2566 2513 2610 et
2564 2568 2815 2625 tempus;
2850 2568 2902 2611 et
2936 2558 3155 2626 quidem
3219 2568 3452 2625 tempus,
3486 2569 3538 2611 et
3568 2559 3697 2621 dies,
3745 2563 3790 2607 et

2237 2650 2623 2716 tempeativitas
2640 2650 2987 2719 appellandus
3005 2661 3088 2705 est
3114 2651 3253 2719 ipse,
3274 2659 3333 2702 ut
3357 2649 3522 2703 Deum
3542 2652 3681 2703 decet
3702 2645 3795 2715 (ἢν

2238 2748 2501 2809 tanquam
2533 2741 2627 2809 qui
2660 2741 2804 2795 omni
2838 2751 2980 2793 motu
3018 2750 3101 2793 est
3134 2742 3507 2797 immutabilis.
3539 2753 3588 2795 et
3620 2742 3790 2794 immo-

2236 2832 2374 2894 bilis,
2408 2843 2469 2885 et~
2490 2847 2702 2899 semper
2734 2828 2997 2894 movetur,
3024 2847 3246 2886 manens
3282 2833 3337 2884 in
3359 2836 3575 2901 seipse;
3605 2843 3654 2884 et
3685 2840 3788 2882 tan-

2236 2938 2395 2992 quam
2436 2934 2625 2976 auctor
2673 2925 2797 2989 iuvi,
2833 2936 2887 2978 et
2926 2927 3207 2993 temporis,
3242 2935 3297 2980 et
3328 2926 3558 2979 dierum.
3597 2924 3791 2976 Rursus-

2238 3016 2376 3068 idem
2404 3016 2599 3069 ibidem
2627 3033 2640 3069 :
2673 3018 2731 3071 ln
2767 3016 3062 3086 Scripturis
3095 3020 3258 3072 etiam
3326 3018 3601 3086 aliquando
3650 3017 3777 3069 cele-

568 3119 759 3161 natura
781 3109 932 3176 prius
968 3127 1128 3177 quam
1160 3127 1221 3164 ea
1256 3129 1374 3179 qua:
1407 3123 1548 3171 sunt.
1593 3122 1646 3165 et
1679 3124 1784 3177 est,
1846 3125 1898 3167 et
1930 3116 2137 3183 cogita-
2165 3098 2209 3158 (ἶ
2245 3104 2431 3157 ιη’θκυτ
2485 3121 2654 3157 ίιθνιιίη
2696 3107 3010 3172 tempora“.
3048 3115 3101 3161 el
3136 3116 3397 3160 ωιθΐηιιιιι
3438 3117 3643 3165 Ιιὲηιρυεο
3698 3110 3773 3153 ιδ’·

564 3211 675 3263 tur,
708 3217 814 3253 non
866 3201 1004 3255 sicut
1054 3205 1351 3257 substantia
1404 3206 1550 3272 prius
1619 3222 1779 3274 quam
1835 3208 2143 3261 act-itlcntia

568 3293 791 3361 (alioqui
830 3294 1295 3349 demonstraretur
1348 3297 1485 3350 Dens
1544 3296 1742 3351 habere
1795 3298 2139 3367 compositio-

569 3398 724 3443 nem,
791 3399 894 3451 qua
959 3385 1410 3453 complementum
1471 3388 1763 3442 cxsistendi
1820 3399 2134 3453 constaret,

567 3478 737 3540 ipsam
782 3475 990 3529 scilicet
1016 3478 1372 3532 substantiam
1404 3478 1630 3545 rerum),
1682 3479 1772 3534 sed
1802 3480 1942 3533 sicut
1993 3480 2137 3549 quod

571 3573 681 3618 ρει·
708 3582 869 3635 supra
929 3569 1322 3636 substantiam;
1374 3572 1687 3640 priusquam
1716 3571 2023 3625 substantia
2055 3586 2143 3625 co-

568 3663 770 3727 gitatur
809 3676 822 3712 :
860 3659 904 3714 si
961 3662 1102 3713 enim
1148 3673 1295 3717 artes
1351 3662 1549 3727 ligusz
1610 3677 1798 3715 eorum
1848 3678 1967 3730 qua:
2022 3673 2140 3717 arte

570 3752 721 3810 tlunt.
750 3769 780 3806 e
822 3769 880 3807 se
910 3754 1323 3815 adinvcncrunt,
1372 3766 1564 3808 natura
1642 3769 1774 3807 vero
1808 3754 2136 3808 universalis
2166 3740 2169 3741 ν

566 3844 781 3912 species
819 3860 939 3913 qua:
967 3846 1153 3901 subter
1186 3846 1354 3914 ipsam
1389 3853 1536 3927 sunt,
1578 3845 1747 3898 multo
1786 3844 1956 3914 magis
1994 3843 2135 3898 Deus

2247 3198 2405 3250 mclsi
2454 3198 2656 3251 scimus
2689 3213 2809 3265 quae
2855 3200 3023 3267 magis
3057 3200 3276 3269 proprie
3308 3210 3443 3262 sunt,
3494 3198 3650 3267 potius
3678 3206 3766 3259 per

2244 3304 2442 3353 aevum,
2475 3304 2593 3357 qua:
2617 3299 2794 3342 autem
2832 3290 2964 3343 ﬁunt
2990 3331 3003 3355 ,
3054 3292 3233 3358 potius
3273 3306 3369 3359 per
3398 3301 3578 3355 tempus
3601 3281 3752 3339 etlerri

2244 3389 2299 3435 ct
2330 3382 2611 3436 declarari.
2644 3380 2869 3449 Oportet
2893 3382 3051 3450 igitur
3083 3394 3187 3434 non
3216 3382 3520 3447 simpliciter
3548 3374 3764 3431 arbitrari

2244 3488 2306 3527 ea
2339 3488 2455 3541 qnze
2487 3484 2687 3525 {eterna
2717 3473 2990 3536 dicuntur,
3020 3483 3283 3525 co:eterua
3305 3487 3422 3525 esse
3452 3473 3572 3529 Deo,
3600 3469 3676 3536 qui
3701 3475 3773 3518 est

2248 3576 2372 3619 ante
2414 3565 2794 3628 aeternitatem,
2828 3564 2920 3617 sed
2957 3565 3135 3632 potius
3166 3573 3459 3632 sequentes
3502 3565 3779 3625 incorrupte

2249 3655 2561 3723 Scripturas
2594 3656 2826 3707 maxime
2855 3655 3214 3719 tenerandas,
3239 3665 3452 3723 oportet
3476 3647 3781 3717 atternaiqtll-

2236 3748 2357 3803 dem
2384 3759 2435 3802 et
2465 3762 2583 3814 qua:
2607 3748 2658 3801 in
2680 3757 2920 3815 tempore
2946 3757 3068 3802 sunt
3098 3751 3392 3802 secundum
3427 3751 3607 3802 modos
3635 3748 3681 3798 in
3715 3742 3782 3795 eis

2237 3851 2393 3895 notos
2418 3840 2490 3910 (5)
2512 3839 2760 3910 accipere
2780 3841 2991 3906 ;.medi.i
3017 3856 3142 3896 vero
3168 3841 3244 3910 (.t)
3271 3842 3410 3905 inter
3437 3842 3631 3910 ea§quze
3654 3839 3781 3896 sunt,

2048 3980 2319 4045 Schoha.

637 4110 716 4176 (l)
753 4110 999 4163 Omnium
1044 4128 1208 4165 rerum
1239 4122 1284 4163 et
1319 4121 1541 4176 tempus.
1594 4109 1785 4162 Evum
1816 4107 2127 4175 angulorum

564 4182 654 4248 qui
686 4191 815 4235 sunt
839 4183 888 4230 in
922 4197 1054 4243 awo,
1088 4197 1223 4245 quos
1260 4191 1418 4232 antea
1446 4184 1510 4232 ab
1556 4194 1669 4230 aevo
1695 4188 1928 4230 :etcruos
1958 4179 2132 4229 nomi—

567 4260 789 4303 uav.-iat
819 4266 833 4313 ;
858 4264 1065 4316 tempus
1090 4264 1275 4301 eorum
1306 4264 1426 4315 quae
1459 4259 1582 4300 sunt
1611 4247 1850 4313 subjecta
1878 4247 2129 4310 tempori,

570 4322 619 4371 id
652 4330 760 4377 est,
814 4333 998 4371 eurtl'n
1032 4320 1270 4369 omnium
1297 4334 1416 4384 quae
1450 4321 1588 4370 taeta
1617 4326 1735 4367 sunt
1771 4325 1888 4381 post
1919 4316 2139 4380 ctutum,

566 4404 635 4442 ex
664 4389 819 4455 cujus
880 4399 1024 4438 motu
1061 4388 1274 4440 exsistit
1328 4398 1561 4453 tempus,
1631 4387 1819 4449 idest,
1879 4399 2141 4438 numerus

566 4466 745 4511 motus
785 4455 903 4524 rmli
930 4457 1225 4509 secundum
1252 4458 1401 4516 prius
1436 4469 1488 4510 et
1524 4456 1815 4524 posterius.

2240 4117 2329 4165 rat
2356 4108 2573 4178 aliquis,
2606 4110 2693 4161 ubi
2728 4110 2778 4164 in
2814 4109 3094 4177 Scriptura
3156 4108 3456 4175 appellatur
3516 4107 3648 4161 Deus
3672 4111 3786 4158 tetn‘

2243 4195 2363 4250 pus,
2393 4181 2531 4244 dies,
2556 4191 2610 4232 et
2642 4180 3056 4247 tempestivitas,
3086 4182 3129 4231 si
3162 4179 3301 4231 Deus
3327 4189 3410 4231 est
3438 4180 3614 4250 omnia
3638 4178 3786 4250 uinci:

2240 4242 2427 4314 ⁸ὶικῶς,
2467 4242 2523 4301 id
2569 4258 2672 4313 est,
2702 4242 2996 4303 secundum
3020 4265 3264 4308 causam,
3298 4250 3423 4316 quia
3473 4248 3648 4301 omnia
3680 4242 3787 4317 feci!

2250 4310 2546 4371 secundum
2598 4310 2747 4371 ideas
2778 4329 3031 4380 aeternas,
3064 4334 3181 4385 qua:
3211 4310 3337 4372 sunt
3375 4319 3485 4383 ipse
3521 4318 3676 4376 Deus,
3713 4310 3786 4361 ulli

2252 4387 2531 4456 Scriptura
2572 4387 2704 4440 dicit
2742 4388 2882 4447 Psal,
2922 4403 3131 4441 usui:
3169 4386 3319 4441 Tuus
3357 4396 3441 4440 est
3471 4389 3608 4449 dies,
3637 4395 3683 4435 et
3712 4392 3787 4457 tua

2248 4468 2333 4509 est
2364 4450 2504 4515 nox;
2562 4464 2616 4509 ιιι
2652 4457 2942 4510 fabricatus
3001 4471 3060 4509 es
3085 4472 3340 4508 auroram
3397 4464 3451 4507 et
3474 4457 3676 4514 solem;
3730 4450 3788 4497 ibi

637 4525 716 4594 (2)
753 4523 817 4578 Ut
854 4525 1015 4578 Deum
1048 4525 1212 4577 decet.
1259 4525 1463 4579 Dicitur
1490 4527 1632 4579 enim
1667 4539 1858 4588 aevum,
1897 4528 2010 4582 sive
2038 4545 2137 4583 επιξ-
2170 4530 2213 4587 D
2244 4527 2473 4593 appellat
2500 4535 2555 4578 et
2586 4528 2763 4579 laudat
2818 4541 2939 4581 eum
2980 4535 3235 4593 tanquam
3279 4536 3491 4593 tempus
3545 4534 3598 4578 ot
3627 4525 3750 4594 diem
3778 4531 3789 4575 ;

568 4598 769 4667 culum,
826 4607 879 4649 et
910 4605 1140 4667 tempus,
1175 4605 1231 4667 et
1261 4596 1394 4661 dies,
1424 4598 1512 4649 sed
1561 4597 1984 4661 immulabiliter,
2013 4602 2135 4667 quia

568 4666 750 4719 omnia
777 4682 893 4732 qua!
941 4678 1062 4721 sunt
1094 4666 1145 4718 in
1187 4666 1289 4729 his,
1327 4668 1532 4719 scilicet
1566 4679 1679 4716 a-vo
1737 4674 1789 4717 ct
1822 4666 2059 4734 tempore
2083 4680 2136 4723 et

569 4738 677 4800 die,
709 4739 1057 4791 mutationem
1086 4739 1468 4806 convenienter
1495 4735 1704 4789 naturis
1735 4737 1847 4788 suis
1878 4740 2130 4806 capiunt;

571 4807 685 4872 ipsa
711 4823 837 4859 vero
862 4822 1055 4864 :rvum.
1089 4816 1141 4857 et
1175 4800 1417 4875 tempﬁra
1439 4818 1491 4858 et
1510 4806 1642 4868 dies,
1663 4814 1928 4872 quatenus
1948 4800 2125 4860 awu'n

572 4888 628 4929 et
653 4885 892 4943 tempora
918 4886 970 4929 et
996 4877 1112 4931 dies
1143 4886 1286 4940 sunt,
1316 4876 1545 4944 quadam
1575 4875 1842 4929 imitation
1867 4894 1876 4925 ε
1904 4877 1992 4930 Dei
2027 4879 2129 4929 itit-

492 4962 500 4970 ’
572 4947 853 5000 mutabilia
893 4957 1019 4999 sunt
1047 4962 1062 5011 ;
1094 4961 1215 4999 cum
1246 4947 1390 4998 enim
1421 4946 1598 4998 omnis
1654 4948 1878 4998 mutatio
1904 4948 1954 4999 in
1999 4957 2134 4998 teut-

574 5030 702 5077 pare
755 5014 865 5079 ﬁat,
894 5014 1035 5081 quali
1116 5024 1353 5080 tempore
1408 5014 1667 5081 temporis
1695 5016 1921 5068 mutatio
1943 5017 2135 5069 [iet-et?

571 5084 912 5139 Variatioues
961 5099 1087 5136 γει-ο
1117 5083 1264 5147 anui,
1318 5085 1460 5137 veris
1488 5084 1693 5137 scilicet
1747 5086 1974 5145 aestatis,
2031 5101 2129 5137 att-

572 5154 742 5209 t-tmni
792 5162 847 5205 et
905 5152 1115 5223 hiemis,
1161 5166 1310 5223 quas.
1358 5168 1611 5206 vocamus
1662 5154 2124 5222 tempestivitates,

574 5224 902 5278 mutationes
926 5222 1140 5291 quidem
1166 5222 1461 5287 temporum
1484 5232 1537 5275 et
1563 5225 1771 5274 dierum
1790 5231 1913 5275 sunt
1936 5239 2128 5277 secun-

579 5298 701 5345 dum
734 5294 1041 5360 qualitates,
1101 5306 1205 5343 non
1237 5302 1418 5343 autem
1474 5301 1773 5356 temporum
1836 5301 1889 5344 et
1919 5294 2124 5345 dierum

577 5365 875 5417 secundum
902 5378 979 5425 sc,
1013 5361 1063 5414 id
1089 5370 1190 5423 est,
1222 5372 1484 5427 quatenus
1504 5372 1740 5427 tempora
1767 5371 1817 5412 et
1848 5364 1962 5415 dies
1984 5374 2128 5415 sunt.

581 5436 729 5487 Sicut
753 5449 882 5503 ergo
922 5432 1100 5503 omnia
1136 5434 1187 5503 in
1225 5430 1661 5503 ltls‘ltlu'tltllttt‘,
1707 5432 1820 5503 ipsa
1859 5448 1986 5483 vero
2023 5450 2131 5483 nia-

580 5514 707 5557 tn'nl
728 5499 1104 5565 iuniuttabilia,
1130 5501 1209 5554 sic
1239 5510 1291 5551 et
1321 5500 1482 5560 Deus,
1518 5508 1573 5549 ut
1601 5499 1761 5549 Deum
1794 5502 1965 5563 decet,
1995 5518 2137 5551 svnt-

581 5587 676 5641 per
704 5584 968 5636 ttinVctur,
1012 5572 1065 5624 in
1107 5587 1166 5626 se
1206 5569 1406 5637 alioqui
1438 5583 1679 5621 manetis.
1716 5569 1964 5625 Ευιιυεευ
1994 5589 2140 5639 qua;-

650 5736 724 5805 (u)
760 5737 817 5789 lu
853 5742 1093 5791 oratione
1120 5737 1182 5793 dc
1210 5732 1497 5789 Nativitatc
1530 5730 1751 5786 Christi.

2244 4590 2293 4648 ct
2316 4590 2441 4648 cum
2467 4596 2593 4649 dicit
2620 4597 2670 4648 in
2694 4597 2881 4649 eodem
2913 4590 3368 4648 I'sal.:_1Estatem
3391 4590 3443 4648 et
3466 4609 3558 4645 ver
3591 4604 3647 4646 tu
3672 4590 3789 4655 pla“

2245 4666 2401 4716 masti
2435 4682 2520 4727 ea,
2565 4666 2636 4717 ibi
2678 4665 2931 4719 similiter
2958 4667 3257 4730 appellatur
3291 4675 3344 4717 et
3371 4665 3626 4716 laudatur
3671 4661 3791 4730 Deus

2243 4745 2496 4802 tanquam
2529 4735 2939 4801 tempestivius,
2968 4728 3087 4801 qua:
3111 4750 3138 4787 a
3162 4734 3366 4787 Gt’iBClS
3396 4734 3592 4787 dicitur
3624 4728 3789 4795 καιρὸς

2240 4806 2377 4857 sicut
2397 4815 2607 4874 tempus
2632 4804 2829 4856 dicitur
2875 4804 3089 4871 χρόνος.

2318 4875 2394 4937 (5)
2427 4874 2725 4927 Secundum
2783 4875 2963 4925 modos
2992 4875 3044 4924 hi
3088 4874 3163 4924 eis
3196 4882 3368 4926 notos.
3403 4874 3458 4927 ld
3485 4883 3601 4936 est,
3622 4882 3791 4924 sectiu-

2246 4942 2371 4996 dtttn
2403 4959 2627 5011 scopum
2663 4941 2981 5010 Scriptura),
3015 4946 3338 5007 secundum,
3388 4946 3787 5011 inquatn,.natu-

3688 5022 3785 5057 ιιμιι

2311 5079 2572 5149 (i)Media
2604 5100 2744 5136 vero.
2768 5082 2903 5146 Quia
2925 5082 3009 5135 illa
3042 5100 3161 5151 qum
3190 5083 3405 5151 proprie
3428 5094 3573 5142 sunt,
3607 5078 3786 5134 divina.

2235 5154 2362 5221 inqtt
2382 5169 2452 5231 im
2482 5168 2599 5220 qutc
2616 5168 2773 5231 Supra
2800 5170 3014 5231 omnem
3042 5167 3512 5231 creaturaiu,:c_vo,
3534 5153 3788 5231 sive-I'lt‘l"

2239 5224 2388 5275 nitati
2418 5223 2915 5287 attribuit;tametsi
2952 5239 3113 5291 supra
3171 5240 3363 5286 aevum,
3394 5225 3505 5275 sive
3535 5223 3790 5275 :etermla-

2241 5301 2346 5343 tein
2380 5305 2536 5355 sunt;
2568 5293 2653 5343 illa
2684 5308 2808 5347 vero
2834 5308 2949 5357 qua:
2982 5290 3157 5345 ortum
3179 5302 3232 5343 et
3263 5293 3537 5344 interitum
3564 5290 3788 5356 capiunt,

2245 5372 2387 5429 tonip
2410 5362 2469 5414 iri
2501 5382 2511 5422 ;
2551 5362 2756 5415 ideirco
2791 5362 2962 5413 media
2996 5362 3135 5414 inter
3170 5378 3239 5413 ea
3287 5378 3405 5427 quas
3437 5373 3587 5423 sunt,
3621 5371 3665 5410 et
3689 5365 3790 5417 ιμιέυ

2244 5434 2394 5489 tiunt,
2431 5432 2647 5495 angelos
2679 5442 2734 5509 _et
2766 5432 2973 5509 animas
3007 5433 3137 5482 diett
3164 5449 3177 5483 :
3209 5447 3327 5497 qua:
3362 5434 3574 5509 quttlcnt
3615 5437 3787 5509 parti":

2239 5516 2430 5561 :t‘VttItt,
2452 5513 2509 5552 ιιι
2538 5501 2736 5567 angeli,
2767 5501 3113 5569 participant,
3155 5496 3335 5552 utoote
3370 5501 3715 5569 immortales.
3744 5496 3791 5569 ςι

2245 5576 2306 5624 ab
2340 5573 2559 5625 interitu
2587 5562 2801 5634 liberte;
2836 5562 3028 5641 parti-tn
3066 5586 3194 5625 vero
3223 5562 3623 5638 tetttpus,'q;tia
3653 5567 3720 5619 tiu
3753 5568 3787 5608 ι·

3949 1696 3953 1845 ⁸
