4078 6274
533 245 648 313 891

1698 227 2029 291 JOANNIS
2066 224 2639 288 CYPARISSIOTAI

3689 207 3797 277 90’)

532 366 763 411 stratum
796 335 1032 417 namque
1057 352 1160 413 est,
1194 344 1446 401 omnibus
1480 349 1856 405 notum,-esse,
1890 341 1981 409 qui
2011 320 2121 393 ιιιό·
2150 341 2195 396 Δ
2226 345 2334 392 tam
2381 335 2496 401 Dei,
2538 336 2627 405 qui
2657 334 2808 388 solus
2840 340 2891 386 et
2930 330 3152 402 proprie
3184 328 3293 380 vita
3332 324 3557 417 dicitur,
3587 333 3639 376 et
3673 335 3797 387 est;

537 447 796 505 diocriter
821 458 883 497 ea
920 456 1069 510 qua:
1100 448 1246 504 sunt,
1290 434 1772 493 consideravei'int.
1841 433 1983 502 quod
2024 432 2115 500 qui

538 538 764 603 saecula,
798 545 851 589 et
886 535 1065 588 locum
1101 533 1153 586 in
1205 533 1285 586 his
1316 530 1465 584 velut
1496 525 1895 594 receptaculum
1924 540 2116 580 eorum

538 645 661 700 quae
707 629 861 688 fiunt.
910 624 1163 694 produxit
1202 620 1441 675 universi
1500 629 1715 683 auctor,
1756 618 1809 671 in
1847 617 1932 671 his
1972 623 2122 670 creat

539 722 757 785 omnia;
794 732 890 771 nec
915 716 1055 769 enim
1092 715 1205 768 fieri
1238 720 1434 779 potest,
1464 721 1520 764 ut
1554 709 1754 778 aliquid
1783 723 1974 764 eorum
2001 722 2121 774 qua:

545 827 638 881 per
675 808 1003 863 creationem
1061 803 1196 857 iacta
1226 811 1372 863 sunt,
1427 809 1521 855 aut
1554 814 1649 869 per
1682 798 2113 869 generationem,

543 917 650 955 non
684 901 903 953 omnino
927 906 1025 950 aut
1054 895 1106 946 in
1132 893 1352 955 saeculo.
1379 902 1470 946 aut
1496 889 1558 944 in
1587 900 1827 958 tempore
1854 889 1945 942 sit.
1969 888 2122 953 Quod

541 992 590 1049 si
621 993 725 1045 hoc
750 1001 937 1041 verum
964 996 1068 1049 est,
1099 998 1260 1038 omne
1286 981 1428 1052 quod
1463 989 1567 1043 est,
1591 980 1732 1050 quod
1763 979 1977 1049 quidem
2016 992 2121 1031 nou

545 1099 576 1136 a
615 1091 857 1149 tempore
892 1079 1077 1146 erepit,
1134 1077 1310 1143 liquet
1342 1091 1367 1127 a
1406 1074 1603 1129 sarcqu
1639 1071 1958 1139 principium
2029 1070 2126 1121 ba-

543 1175 763 1237 buisse;
800 1170 1043 1238 nihilque
1070 1183 1250 1222 rerum
1283 1182 1312 1221 a
1341 1168 1621 1222 creatione
1657 1162 1752 1218 Dei
1792 1163 2005 1218 abesse.

1150 1276 1382 1332 CAPUT
1436 1273 1529 1331 Ν.

553 1393 708 1460 Quod
749 1390 881 1445 nihil
936 1406 1115 1444 eorum
1141 1405 1259 1453 qum
1293 1395 1448 1460 sunt,
1491 1394 1635 1439 caret
1686 1384 1968 1460 principio,
2002 1383 2127 1460 quin

622 1464 796 1529 potius
824 1458 902 1513 vel
931 1469 1008 1511 est
1039 1475 1104 1513 ea:
1133 1457 1392 1529 principjo
1426 1460 1694 1516 temporis,
1729 1453 1805 1529 uel
1835 1467 1900 1529 ea:
1930 1453 2129 1529 princi-

618 1522 708 1601 pio
746 1532 865 1594 (cui,
902 1529 1016 1601 sire;
1043 1528 1223 1579 srrculi
1244 1544 1262 1590 ;
1315 1525 1452 1578 Deus
1488 1537 1665 1578 autem
1707 1522 2023 1592 simpliciter
2077 1530 2127 1575 et

622 1599 826 1667 inﬁnite
868 1608 942 1650 est
973 1599 1085 1651 sine
1119 1607 1367 1663 tempore.

625 1714 855 1767 Sanctus
883 1709 1150 1762 Maximus
1181 1707 1233 1760 in
1268 1704 1609 1774 Tbeologicis
1630 1703 1912 1765 centuriis,
1940 1709 2130 1756 centu-

557 1805 639 1859 ria
660 1819 702 1869 ι,
735 1818 785 1856 c.
812 1801 882 1855 '55
908 1817 923 1852 :
952 1799 1301 1866 Qumcuuque
1330 1796 1384 1851 in
1411 1807 1652 1863 tempore
1672 1794 1968 1849 secundum
1995 1802 2131 1846 tem-

557 1911 658 1963 pus
689 1904 871 1948 creata
908 1902 1050 1954 sunt,
1082 1898 1367 1958 postquam
1400 1895 1525 1942 sunt
1556 1884 1822 1953 perfecta,
1855 1884 2012 1938 tinem
2046 1882 2135 1937 fa-

560 1987 711 2040 ciunt
740 1981 1003 2037 naturalis
1033 1979 1358 2034 aceretionis
1387 1997 1400 2033 :
1433 1976 1768 2049 qua‘cunque
1789 1990 1918 2029 vem
1940 1989 2138 2029 secun-

560 2077 688 2127 dum
722 2075 979 2127 virtutem
1017 2070 1246 2125 scientia
1274 2069 1368 2122 Dei
1402 2068 1642 2128 coniicit,
1675 2076 1964 2137 postquam
1998 2078 2130 2117 ron-

561 2173 829 2219 summata
873 2172 1026 2227 sunt,
1058 2176 1254 2216 rursus
1286 2167 1575 2214 moventur
1613 2160 1681 2213 ad
1721 2158 2137 2221 incrementum,

566 2269 752 2308 eorum
786 2253 928 2306 enim
966 2249 1467 2305 consummationes
1501 2247 1731 2302 aliorum
1768 2256 1896 2299 sunt
1929 2245 2136 2313 princi-

566 2346 676 2414 pia.
711 2343 812 2409 Qui
847 2341 990 2396 enim
1023 2340 1220 2394 desinit
1256 2340 1308 2393 in
1359 2340 1560 2408 seipso,
1609 2336 1790 2391 facere
1817 2350 1935 2405 qua:
1964 2344 2140 2389 ortum

565 2445 625 2491 et
657 2434 932 2487 interitum
982 2429 1226 2500 capiunt,
1276 2430 1413 2483 alias
1456 2428 1755 2483 diviniores
1786 2426 2142 2480 formationes

570 2523 794 2591 incepit,
828 2520 953 2589 quia
994 2534 1268 2588 nunquam
1306 2517 1447 2573 Deus
1492 2516 1691 2571 desinit
1720 2530 1882 2584 agere
1919 2513 2142 2583 pulchra

570 2611 687 2673 illa,
721 2626 948 2679 quorum
976 2623 1148 2678 neque
1174 2608 1499 2675 principium
1532 2605 1719 2660 habuit
1748 2605 1848 2674 (l),
1879 2604 2143 2673 siquidem

571 2701 716 2757 sicut
748 2701 1024 2772 proprium
1058 2697 1280 2753 luminis
1302 2706 1386 2751 est
1410 2696 1739 2758 illuminare,
1761 2695 1842 2749 sic
1869 2694 2144 2761 proprium

570 2801 659 2849 est
693 2792 784 2865 Dei
819 2790 1162 2866 benefacere.
1191 2788 1556 2855 Quamobrem
1585 2786 1637 2839 in
1664 2785 1804 2854 lege,
1836 2799 1954 2853 quae
1982 2799 2150 2866 expo-

574 2885 655 2938 nit
692 2863 1140 2937 constitutionem
1187 2895 1374 2934 eornm
1425 2893 1545 2947 qua!
1584 2863 2147 2944 secundum-tempus

2222 439 2279 485 ιιι
2306 430 2396 498 qui
2430 429 2543 497 ipse
2574 427 2738 479 etiam
2785 423 2856 478 sit
2895 422 3240 476 deiiicatione
3278 418 3437 471 Deus.
3470 415 3619 468 idem
3669 428 3798 465 rur-

2172 516 2177 519 ’
2223 535 2339 584 SllS,
2370 535 2493 585 cap.
2524 518 2593 571 58
2620 535 2633 569 ε
2662 515 2861 569 Sextus
2890 514 3008 568 dies
3043 513 3309 567 rationem
3343 508 3676 566 exsistentize
3710 516 3803 560 re-’

2223 608 2615 678 rit-utilesiguat
2644 625 2657 671 ;
2682 607 2942 674 septimus
2974 604 3191 657 modum
3216 604 3341 656 boni
3375 610 3546 655 status
3572 612 3755 652 rerum
3784 613 3802 662 ;

2223 712 2451 753 octavus
2480 714 2608 752 vero
2642 698 2961 768 mysterium
2999 696 3122 747 honi
3167 708 3382 761 semper
3414 700 3615 747 status.
3654 688 3803 742 Idem

2222 805 2345 857 Cap.
2403 788 2509 842 60:
2562 788 2667 855 Qui
2709 799 2928 857 propter
2968 800 3067 840 nos
3120 786 3358 853 quietem
3418 782 3511 837 Dei
3562 781 3807 849 septimo

2225 881 2351 943 die,-
2374 891 2428 930 et
2482 889 2704 947 propter
2749 893 2848 932 nos
2892 875 3267 946 operationem
3304 874 3549 942 ejusdem
3606 880 3807 924 octavo

2224 972 2335 1029 die.
2366 972 2415 1023 id
2446 977 2551 1033 est,
2579 969 2862 1041 niysﬁcam
2891 964 3347 1021 resurrectionem
3385 963 3811 1032 participatione

2227 1061 2584 1114 tleitlratiunis
2624 1061 2989 1128 participavit.
3032 1059 3099 1112 Et
3139 1076 3327 1113 rursus
3361 1059 3504 1112 idem
3555 1072 3682 1125 cap.
3716 1056 3811 1120 48,

2239 1162 2290 1204 et
2326 1152 2393 1205 49
2425 1158 2479 1205 et
2518 1151 2587 1205 50
2617 1151 2856 1218 ejusdem
2887 1152 3148 1204 renturire
3176 1166 3190 1204 :
3227 1149 3593 1215 Qmercndum
3628 1144 3713 1201 est
3746 1147 3818 1199 ab

2226 1242 2507 1304 studiosis,
2549 1256 2672 1310 quas
2697 1255 2863 1309 opera
2914 1241 3263 1308 intelligenda
3307 1241 3439 1299 sint.
3472 1256 3595 1310 qua:
3640 1239 3815 1308 rer-pit

2229 1334 2373 1388 Deus
2425 1348 2656 1396 creare;
2707 1342 2761 1385 et
2792 1347 2911 1400 qua:
2952 1347 3165 1397 rursus,
3211 1347 3332 1400 qua!
3363 1348 3468 1385 non
3519 1332 3711 1398 etrapit.
3755 1330 3814 1383 Si

2228 1428 2375 1482 enim
2406 1427 2475 1480 ab
2508 1427 2760 1479 omnilms
2797 1425 3073 1494 operibus,
3110 1441 3229 1492 quae
3269 1424 3432 1501 cmpit
3461 1424 3664 1485 facere,
3695 1438 3819 1476 ces-

2230 1520 2389 1579 sarit.
2424 1517 2769 1571 manifestum
2794 1517 2869 1581 iit,
2896 1532 2999 1570 non
3034 1532 3279 1571 cessasse
3308 1518 3376 1571 ab
3410 1516 3516 1568 illis
3548 1532 3670 1582 qua:
3706 1529 3815 1568 non

2231 1609 2391 1677 coepit
2412 1607 2612 1662 facere.
2633 1608 2859 1662 Dubium
2881 1609 3113 1672 videtur,
3136 1625 3261 1661 num
3284 1624 3447 1676 opera
3478 1607 3571 1661 Dei
3592 1623 3715 1675 qua:
3732 1622 3823 1663 se-

2233 1700 2467 1755 curi-ium
2502 1708 2715 1766 tempus
2745 1713 2865 1754 esse
2899 1709 3203 1769 cmpcrnnt,
3236 1700 3345 1754 sint
3369 1700 3550 1753 omnia
3586 1713 3709 1767 quae
3735 1713 3825 1750 es-

2232 1791 2459 1845 spnliam
2480 1790 2826 1859 participant,
2845 1791 3153 1858 cuiusmodi
3170 1802 3298 1845 sunt
3316 1793 3478 1846 vatim
3495 1790 3822 1845 substantia

2231 1898 2418 1938 eorum
2445 1897 2565 1952 quas
2611 1884 2900 1948 exsistunt,
2933 1884 3135 1939 habent
3180 1883 3325 1947 enim
3361 1901 3462 1937 non
3495 1898 3620 1938 esse
3669 1883 3821 1935 anti-

2240 1974 2404 2044 quius
2437 1988 2597 2042 quam
2628 1990 2788 2040 esse;
2822 1975 2946 2043 quia
2978 1985 3096 2030 erat
3129 1978 3351 2044 quando
3378 1992 3483 2029 non
3514 1975 3817 2042 participa-

2238 2064 2371 2119 bant
2418 2064 2738 2119 essentiam.
2796 2064 3067 2120 Fortassis
3116 2075 3296 2120 autem
3342 2082 3505 2134 opera
3556 2065 3651 2118 Dei
3698 2078 3822 2133 qua

2239 2169 2343 2209 non
2373 2164 2655 2223 cmperuut
2685 2170 2807 2210 esse
2839 2157 2891 2209 in
2923 2166 3188 2225 tempore,
3221 2157 3310 2210 illa
3339 2168 3464 2210 sunt
3492 2172 3613 2226 qua:
3642 2158 3819 2224 parti-

2239 2247 2494 2315 cipantur
2528 2248 2826 2300 secundum
2858 2249 3089 2316 gratiam
3135 2249 3202 2302 ab
3247 2249 3318 2303 iis
3354 2250 3443 2315 qui
3490 2263 3553 2302 ea
3590 2249 3821 2316 partiri-

2242 2348 2390 2407 pant,
2425 2348 2482 2393 ut
2505 2339 2744 2401 bonitas.
2778 2348 2826 2392 et
2865 2354 3028 2393 omne
3064 2339 3116 2393 id
3145 2341 3287 2408 quod
3330 2339 3385 2393 in
3419 2341 3629 2393 ratione
3656 2341 3819 2393 boni-

2245 2431 2371 2485 tatis
2401 2431 2757 2486 continetur:
2787 2440 2841 2483 et
2866 2432 3097 2499 denique
3127 2430 3305 2484 omnis
3337 2432 3471 2495 vita,
3509 2443 3558 2485 et
3592 2432 3822 2485 immor-

2243 2521 2448 2583 talitas,
2480 2532 2534 2575 et
2566 2522 2909 2590 simplicitas,
2934 2532 2990 2577 et
3015 2521 3451 2587 immutabilitas,
3476 2532 3531 2576 ct
3554 2521 3821 2587 infinitas.

2251 2622 2306 2667 et
2334 2627 2694 2681 quzrcnmque
2735 2613 2878 2667 circa
2917 2612 3094 2682 ipsum
3129 2614 3431 2668 secundum
3460 2615 3822 2669 substantiam

2245 2703 2681 2772 contemplamur
2731 2701 2832 2773 (2),
2887 2718 3008 2773 quae
3057 2718 3223 2772 opera
3281 2705 3371 2759 Dei
3420 2716 3572 2769 sunt.
3612 2716 3668 2761 et
3716 2722 3821 2761 non

2246 2809 2424 2865 coepta
2447 2795 2748 2852 secundum
2794 2805 3011 2864 tempus
3039 2813 3053 2859 ;
3085 2811 3192 2850 non
3234 2797 3375 2850 enim
3404 2787 3682 2865 antiquius
3718 2800 3826 2851 vii—

2248 2897 2365 2943 tule
2397 2900 2538 2953 erat,
2570 2903 2676 2941 non
2709 2902 2833 2942 esse
2873 2889 3151 2955 virtutem,
3194 2901 3247 2943 et
3277 2888 3533 2944 similiter
3574 2890 3629 2943 in
3674 2889 3822 2951 aliis.

580 2974 816 3029 )tiuutm
846 2984 898 3025 et
927 2974 1204 3030 occidunt.
1228 2970 1527 3023 honoratur
1551 2968 1851 3022 Sabbatum
1879 2981 1975 3035 per
1998 2967 2149 3036 quie-
2175 3005 2218 3065 α
2250 2994 2371 3050 qua}
2399 2978 2558 3033 modo
2589 2978 2726 3042 dixi,
2758 2979 3006 3048 quamvis
3036 2995 3154 3048 qua!
3193 2980 3307 3047 ipsa
3336 2979 3687 3047 participant,
3710 2980 3824 3049 ipsa

575 3072 708 3127 tem,
744 3064 797 3117 iu
833 3063 1124 3132 Evangelio
1151 3070 1350 3118 autem.
1381 3060 1523 3127 quod
1559 3067 1760 3113 statum
1800 3073 1982 3112 rerum
2030 3059 2145 3125 spi-

574 3154 854 3208 ritualium
915 3151 1234 3212 introducit.
1285 3149 1677 3205 exercitatione
1720 3149 1984 3203 bonorum
2015 3164 2146 3215 ope-

578 3260 700 3298 rum
727 3245 826 3297 hoc
853 3243 1148 3296 Sabbatum
1176 3241 1530 3310 splendescit.
1557 3238 1757 3294 lterum
1790 3239 1952 3301 idem,
1982 3254 2030 3292 ιι.
2056 3240 2145 3303 51,

578 3334 825 3399 ejusdem
861 3332 1154 3386 centuriae:
1203 3331 1422 3393 Sextus,
1464 3330 1660 3399 inquit,
1696 3329 1812 3383 dies
1850 3328 2146 3382 secundum

578 3422 1157 3491 Scripturamenarrat
1185 3422 1638 3490 complementum
1665 3408 1852 3473 eorum
1879 3433 1996 3489 qua:
2027 3425 2152 3472 sunt

576 3517 679 3569 sub
720 3524 951 3577 natura;
997 3513 1258 3579 septimus
1304 3527 1431 3563 vero
1477 3509 1888 3566 circumscribit
1942 3520 2147 3563 motum

578 3603 856 3673 proprium
889 3601 1147 3668 temporis
1175 3620 1189 3667 ;
1222 3612 1449 3655 octavus
1484 3610 1629 3653 notat
1663 3607 1719 3654 et
1745 3600 1990 3669 designat
2027 3613 2154 3652 lnio-

579 3695 704 3749 dum
736 3701 909 3749 Status
939 3707 1101 3758 supra
1133 3702 1405 3752 naturam.
1430 3700 1484 3745 et
1509 3701 1741 3759 tempus.
1767 3689 1935 3753 Idem,
1962 3705 2014 3744 e.
2041 3690 2148 3743 54:

578 3785 679 3852 Qui
714 3792 924 3839 sextum
965 3784 1108 3838 diem
1154 3782 1452 3852 complevit
1495 3782 1682 3835 divine
1710 3796 1831 3834 cum
1875 3781 2152 3848 operibus.

584 3888 641 3932 et
703 3876 1016 3930 notionibus
1082 3874 1185 3929 sibi
1241 3873 1691 3927 convenientibus
1728 3912 1743 3935 ,
1807 3872 1922 3938 ipse
1990 3871 2153 3925 etiam

579 3967 833 4037 operibus
870 3966 983 4020 suis
1018 3981 1140 4019 cum
1187 3964 1314 4027 Deo,
1371 3964 1593 4017 honeste
1633 3963 1935 4032 perspectis
1959 4004 1976 4028 ,
2033 3976 2159 4029 pcr-

583 4059 836 4115 trttnsivit
874 4045 1254 4125 perspicientia
1306 4054 1501 4107 tuentis
1558 4068 1748 4106 omnes
1807 4067 1892 4106 res
1952 4061 2158 4105 naturae

584 4159 638 4203 et
696 4148 927 4217 tempori
992 4140 1309 4211 subiectas,
1371 4155 1426 4196 et
1490 4145 1556 4196 ad
1624 4142 2155 4211 rountcmplationem

582 4241 866 4310 mysticam
934 4236 1031 4288 ιιινί
1088 4244 1143 4287 et
1208 4244 1531 4287 :rternorum
1578 4246 1635 4286 se
1689 4234 1983 4295 transtulit,
2026 4233 2162 4287 Sab-

2247 3085 2371 3145 esse
2419 3071 2687 3139 coeperint
2741 3072 3038 3124 secundum
3091 3079 3319 3140 tempus.
3359 3071 3551 3127 Omnis
3587 3086 3826 3142 namque

2250 3164 2427 3218 virtus
2456 3163 2726 3233 principio
2756 3173 2905 3218 caret
2932 3179 3037 3237 non
3071 3164 3280 3219 habens
3312 3176 3524 3235 tempus
3550 3165 3825 3232 antiquius

2249 3268 2330 3318 Se,
2375 3263 2559 3324 utpote
2584 3270 2702 3324 qua:
2735 3252 2902 3308 Deum
2939 3255 3112 3309 solum
3147 3256 3305 3311 habet
3346 3256 3435 3324 qui
3474 3271 3594 3311 eam
3622 3268 3826 3311 atterite

2251 3352 2497 3414 generat.
2531 3344 2675 3399 Idem
2708 3344 2883 3406 adhuc
2912 3363 2925 3399 :
2959 3343 3230 3399 Immense
3254 3354 3307 3399 et
3341 3345 3391 3399 iu
3427 3344 3695 3399 infinitum
3728 3361 3824 3400 ex-

2250 3447 2463 3507 emptus
2485 3446 2567 3491 est
2588 3436 2726 3491 Deus
2748 3452 2810 3491 ex
2831 3439 3083 3492 omnibus
3106 3439 3572 3507 participantibus.
3587 3451 3643 3494 et
3659 3441 3821 3507 parti-

2251 3525 2663 3596 cipatis.[0ntie
2679 3527 2823 3580 enim
2847 3530 2990 3596 quod
3017 3528 3178 3582 habet
3204 3530 3464 3583 rationem
3483 3545 3581 3584 cur
3622 3535 3691 3584 sit
3725 3531 3820 3599 ('5).

2252 3631 2389 3686 opus
2423 3616 2515 3671 Dei
2567 3617 2725 3686 plane
2758 3628 2876 3682 est;
2929 3628 2983 3672 et
3028 3622 3224 3688 partim
3275 3621 3490 3689 quidem
3525 3623 3816 3678 set-nudum

2253 3717 2431 3761 ortum
2464 3708 2629 3773 coepit
2675 3723 2797 3762 esse
2829 3709 2882 3762 iu
2927 3702 3168 3777 tempore
3193 3728 3209 3777 ;
3239 3712 3436 3778 partim
3475 3730 3603 3766 vero
3632 3730 3821 3775 seruu-

2256 3798 2381 3850 dum
2410 3800 2642 3868 gratiam
2676 3799 2892 3853 insitum
2914 3809 2996 3855 est
3020 3805 3284 3857 creaturis
3310 3814 3564 3874 tauquam
3584 3809 3818 3875 quadam

2257 3888 2360 3951 vis,
2405 3890 2520 3943 sive
2553 3889 2782 3944 facultas
2824 3892 3031 3955 innata.
3079 3911 3199 3956 qua:
3245 3895 3414 3951 Deum
3474 3899 3525 3952 in
3575 3902 3821 3954 omnibus

2260 3988 2443 4048 aperte
2470 3988 2524 4034 et
2552 3981 2696 4034 clare.
2741 3983 3019 4052 prmdicat.
3062 3986 3129 4041 Et
3166 4003 3391 4044 rursus:
3428 3988 3691 4043 Uuirersa
3728 3993 3821 4043 im-

2260 4070 2530 4135 mortalia,
2563 4082 2615 4125 et
2646 4072 2759 4140 ipsa
2800 4074 3182 4133 inunortalitas
3203 4117 3219 4143 ,
3257 4088 3311 4133 et
3341 4093 3536 4135 cuncta
3568 4084 3819 4144 viventia.

2259 4169 2313 4216 et
2343 4161 2459 4230 ipsa
2492 4162 2625 4227 vita,
2659 4173 2715 4218 ct
2743 4173 2928 4218 sancta
2974 4170 3177 4233 omnia,
3222 4179 3276 4224 et
3311 4172 3421 4236 ipsa
3458 4174 3738 4227 sanctitas.
3770 4184 3820 4228 et

2262 4252 2444 4305 omnia
2476 4251 2677 4306 virtute
2718 4255 2963 4322 praedita,
3006 4268 3060 4311 et
3104 4259 3218 4327 ipsa
3273 4261 3489 4326 virtus,
3545 4275 3600 4318 ct
3648 4267 3819 4319 omnia

584 4329 768 4386 batum
839 4334 1017 4379 mente
1101 4324 1312 4392 agitans
1375 4323 1595 4409 ignote,
1663 4323 1825 4376 rebus
1901 4325 2031 4396 ipsis
2091 4340 2142 4380 et

2267 4341 2428 4403 bona,
2462 4350 2626 4410 atque
2655 4342 2767 4409 ipsa
2804 4346 3054 4412 bonitas;
3086 4323 3138 4400 et
3167 4360 3356 4403 cuncta
3393 4323 3512 4419 qua:
3533 4354 3817 4418 exsistunt,

589 4430 704 4473 toto
733 4416 963 4479 relictis,
990 4425 1042 4469 et
1076 4415 1369 4483 superatis.
1396 4414 1499 4480 Qui
1531 4424 1710 4468 autem
1738 4425 1930 4469 octavo
1958 4417 2044 4471 die
2074 4419 2151 4473 di-

591 4523 730 4580 gnus
758 4517 839 4560 est
871 4506 1111 4569 habitus,
1139 4507 1185 4559 is
1215 4496 1242 4556 εἰ
1268 4508 1495 4559 mortuis
1516 4505 1789 4559 excitatus
1811 4517 1891 4560 est
1920 4524 1933 4573 ;
1967 4509 2016 4560 id
2044 4517 2152 4575 est,

588 4596 661 4653 ab
690 4597 947 4653 omnibus
981 4612 1102 4667 quae
1131 4598 1231 4650 sub
1262 4596 1480 4651 sensum
1522 4605 1575 4650 et
1613 4596 2024 4667 intelligentiam
2058 4615 2153 4655 ca-

590 4690 746 4757 dunt,
781 4701 834 4745 et
858 4704 886 4742 a
918 4689 1098 4743 verbis
1132 4697 1187 4746 et
1217 4687 1551 4752 notionibus,
1583 4695 1638 4741 et
1661 4689 1802 4742 vixit
1833 4689 2043 4743 beatam
2079 4692 2156 4745 vi-

2262 4436 2319 4482 et
2349 4428 2464 4496 ipsa
2494 4431 2834 4505 exsistyntia,
2870 4431 3038 4503 Opera
3069 4438 3157 4491 Dei
3193 4439 3350 4506 plane
3379 4453 3503 4495 sunt
3534 4462 3548 4508 ;
3580 4447 3672 4498 sed
3697 4461 3815 4515 ope-

2261 4535 2321 4574 ra
2350 4520 2446 4574 Dei
2479 4522 2676 4590 partim
2712 4534 2841 4578 sunt
2873 4542 2980 4580 non
3014 4537 3188 4597 ccepta
3234 4539 3476 4601 tempore
3501 4534 3519 4600 (
3543 4551 3651 4589 non
3682 4539 3816 4590 enim

2265 4619 2404 4675 erat,
2448 4613 2667 4680 quando
2704 4629 2806 4667 non
2850 4626 2968 4670 erat
3000 4620 3189 4685 virtus,
3226 4633 3278 4674 et
3331 4623 3569 4691 bonitas,
3606 4636 3657 4681 et
3700 4643 3818 4683 sau-

2267 4701 2452 4764 Ctitas,
2495 4712 2548 4756 et
2584 4703 3032 4775 immortalitas),
3078 4712 3270 4779 partim
3305 4724 3481 4783 empta
3528 4719 3724 4791 alioqui
3770 4723 3816 4776 in

2058 4856 2334 4920 Scholia.

660 4974 738 5038 (Il
776 4973 1013 5047 Quorum
1037 4990 1198 5042 neque
1228 4975 1543 5045 principium
1572 4976 1775 5033 habuit.
1816 4977 2147 5047 Principium

593 5048 848 5108 temporis
874 5044 1035 5117 dicit;
1060 5053 1182 5097 ante
1209 5044 1420 5113 tempus
1485 5046 1627 5117 enim
1654 5048 1710 5099 in
1761 5049 1891 5115 ipsis
1946 5044 2154 5117 angelis

592 5118 822 5184 gratiam
854 5113 1164 5184 etvirtutes
1219 5129 1409 5169 t-reare
1455 5116 1638 5183 ('(Bpil,
1677 5132 1704 5167 a
1747 5113 1946 5184 quibus
2017 5113 2154 5171 nun-

590 5199 750 5250 quam
773 5182 977 5253 desistit
1014 5183 1067 5236 in
1103 5184 1410 5237 hominilms
1441 5182 1944 5253 angelorum'vitam
1967 5198 2023 5241 et
2047 5188 2156 5241 vir-

592 5263 762 5305 tutem
798 5252 1147 5306 imitantibus.

661 5321 738 5388 (2)
770 5320 1100 5391 Qua’cunque
1118 5323 1258 5374 circa
1288 5324 1455 5386 ipsum
1472 5322 1752 5375 secundant
1776 5325 2149 5379 substantiam.

590 5391 682 5444 illa
709 5392 907 5444 scilicet
935 5392 1168 5443 dicimur
1211 5391 1563 5459 t-mitetnplari
1611 5394 1752 5445 c-irra
1805 5396 1977 5462 ilelllll
2025 5397 2151 5449 sult-

590 5462 936 5520 s'aatiali-ter,
961 5464 1149 5527 qumin
1179 5462 1444 5512 creaturis
1469 5479 1494 5512 a
1525 5463 1830 5516 substantia
1858 5466 1947 5517 Dei
1970 5466 2141 5516 αἰτια-
2162 5462 2179 5483 ¹’

587 5544 776 5590 τικως,
808 5530 988 5592 idest,
1048 5532 1254 5598 ratione
1297 5544 1473 5580 causas
1535 5532 1849 5598 participata
1902 5545 2147 5586 routetno

588 5600 639 5667 pl
659 5614 818 5661 ttuur,
849 5607 905 5652 ut
930 5597 1246 5652 inﬁnitatem
1273 5599 1325 5650 in
1354 5602 1613 5667 potentia,
1638 5597 2145 5667 immutabilitatem,

2251 4984 2687 5068 simplieitatem.
2716 5004 2765 5068 et
2805 4994 3274 5068 immortalitatem
3307 5002 3359 5053 in
3392 5004 3623 5068 angelis.

2324 5056 2401 5125 (5)
2433 5056 2595 5112 Omne
2627 5064 2945 5136 quod/tabe:
2979 5069 3239 5123 rationem
3293 5088 3387 5123 cur
3448 5056 3814 5136 sitprreamm

2251 5135 2420 5209 est...“
2455 5143 2584 5209 opus
2623 5130 2736 5209 liei.
2774 5133 2911 5185 Dens
2940 5137 3084 5209 enim
3117 5151 3319 5193 nonest
3349 5130 3572 5203 propter
3603 5162 3685 5207 se,
3715 5155 3767 5197 ut
3788 5159 3813 5196 ι

2253 5197 2410 5281 nimis
2433 5201 2876 5281 C‘_’8i'f"'5_lml_est.
2914 5206 2990 5257 ait
3045 5218 3267 5281 sanctus
3314 5197 3577 5264 Maximus
3610 5197 3684 5266 in.
3711 5214 3813 5281 pri-

2258 5280 2343 5345 ma
2370 5271 2614 5322 centuria
2645 5272 2974 5345 theologica;
3000 5277 3122 5341 quia
3156 5295 3379 5332 necesse.
3411 5292 3493 5333 est
3518 5292 3580 5335 ιιι
3611 5271 3811 5336 illa-ra-

2257 5340 2412 5419 tioct
2442 5351 2605 5393 causa
2626 5340 2872 5419 Sil-prius
2898 5361 2910 5407 ;
2945 5340 3083 5399 Deus
3107 5356 3283 5400 autem
3309 5350 3438 5403 nihil
3469 5351 3628 5403 habet
3657 5354 3812 5419 prius,

2257 5405 2464 5485 idcirco
2496 5424 2669 5477 neque
2702 5410 2839 5485 lia-us
2876 5405 2958 5467 est
2988 5429 3206 5483 propter
3234 5428 3389 5472 se.nt
3422 5436 3451 5473 a
3486 5405 3814 5474 uobisintell

2258 5474 2348 5562 [ὑεῖ
2384 5486 2558 5562 potest
2585 5474 2631 5559 Ξ.
2664 5481 2787 5562 quia
2835 5474 3000 5551 quo-I'
3030 5474 3102 5536 in'
3134 5489 3398 5562 creaturis
3447 5489 3810 5562 intelligimus,

2257 5560 2424 5601 causa
2451 5554 2670 5617 proprie
2698 5554 2845 5618 prior
2871 5562 2953 5608 est
2977 5568 3065 5618 eo,
3102 5554 3258 5623 cujus
3287 5573 3449 5610 causa
3482 5573 3589 5614 ρει.
