4058 6306
1298 150 1348 163 "J.

432 231 546 293 ⁷002

1584 209 1907 273 IOANNIS
1954 204 2512 268 CYPARiSSIOTzE

3055 148 3125 171 ..1-

3588 200 3692 265 9M

431 344 581 397 ctum
630 347 750 393 est:
791 337 928 390 Deus
957 332 1187 388 Charitas
1217 340 1292 386 est
1313 329 1376 384 δ’.
1431 328 1522 384 Sic
1569 328 1734 398 igitur
1777 343 1881 382 non
1933 338 2018 381 εει
2043 324 2088 382 Δ
2119 321 2423 376 ﬂaventem
2462 334 2591 375 vero
2614 308 3043 387 dicit,tanquam
3078 315 3169 382 qui
3194 312 3405 385 singula
3449 326 3689 375 moveat.

441 431 781 491 mirandum,
837 428 882 482 si
936 426 1190 480 virtutem
1238 422 1370 476 dicit
1417 421 1505 475 hic
1558 420 1755 474 habere
1809 427 2009 473 aeterne

441 524 608 576 Deum
644 519 988 586 genitorem:
1026 514 1077 567 id
1110 523 1214 579 est,
1256 510 1398 565 Deus
1437 524 1560 563 cum
1612 509 1839 562 haberet
1885 520 2007 561 eam

438 611 493 664 in
536 626 594 664 se
644 609 764 678 ipso
817 605 1041 674 protulit
1075 616 1194 658 eam
1232 600 1404 665 foras,
1442 599 1495 653 id
1524 606 1630 663 est,
1675 599 1821 653 circa
1858 611 2010 651 crea-

444 712 613 756 turas.
685 699 946 753 Similiter
1001 695 1132 750 illttd
1197 694 1313 749 Non
1378 702 1519 757 erat,
1605 693 1824 761 quando
1905 705 2008 743 non

440 800 559 847 erat
603 792 776 845 virtus
827 796 882 841 et
923 788 1156 851 bonitas,
1204 785 1460 854 adjuncto
1489 794 1734 851 tempore
1764 782 2011 836 redditur

442 882 784 945 consentiens
827 894 1033 941 secum,
1091 886 1297 931 etcum
1343 875 1466 929 aliis
1513 883 1639 928 ante
1700 873 1881 929 dictis.
1918 871 2014 926 Ni-

441 971 516 1026 hil
573 971 744 1040 igitur
790 984 976 1023 eorum
1041 982 1160 1035 qua:
1226 976 1380 1020 antea
1433 965 1800 1019 demonstrata
1862 976 2007 1030 sunt,

448 1066 640 1117 rationi
683 1061 1020 1116 adversatur.
1071 1060 1211 1114 Deus
1246 1068 1446 1123 autem,
1502 1059 1593 1126 qui
1635 1072 1853 1111 causam
1903 1070 2008 1111 non

450 1154 632 1214 habet.
693 1163 747 1208 et
796 1166 1039 1207 omnium
1096 1165 1257 1205 causa
1307 1158 1411 1212 est,
1468 1164 1532 1201 ex
1578 1148 1747 1201 nihilo
1803 1147 2009 1215 prudn-

436 1243 513 1297 cit
545 1252 851 1297 creaturam
881 1262 895 1308 ;
927 1257 1103 1311 neque
1147 1242 1446 1310 quidquam
1483 1253 1673 1293 eorum
1705 1255 1828 1308 qua;
1856 1248 2007 1300 sunt,

437 1333 704 1401 quidquid
749 1334 880 1388 illud
925 1334 1020 1398 sit,
1068 1340 1397 1386 coa'ternum
1446 1330 1494 1385 ei
1527 1341 1632 1395 est,
1676 1331 1791 1384 sive
1834 1346 1899 1383 ex
1942 1329 2010 1384 iis

440 1424 547 1477 sint
577 1440 699 1494 qua:
737 1432 978 1494 tempore
1002 1432 1178 1493 empta
1208 1431 1358 1487 sunt,
1405 1421 1524 1477 sive
1545 1436 1649 1476 non
1677 1432 1853 1490 empta
1875 1432 2010 1475 tem-

436 1532 591 1585 pore,
622 1518 715 1571 sed
744 1531 860 1571 rem
892 1517 1287 1582 comprehensa
1318 1556 1332 1579 ,
1368 1516 1486 1570 sive
1518 1528 1584 1567 ex
1606 1514 1687 1568 iis
1721 1528 1840 1581 qure
1885 1523 2010 1568 sunt

438 1608 851 1676 participanda,
903 1608 1019 1662 sive
1049 1622 1168 1676 quae
1191 1607 1511 1676 participata
1540 1648 1552 1671 ,
1587 1613 1640 1661 et
1673 1607 1845 1661 solum
1890 1617 1947 1659 ut
1976 1621 2004 1659 a
2036 1646 2082 1705 Β

436 1699 894 1767 partieipantibus
923 1699 1345 1768 participentur,
1378 1697 1623 1767 exposita
1652 1713 1667 1762 ;
1701 1698 1815 1752 sive
1846 1712 1907 1749 cx
1936 1697 2003 1752 iis

437 1787 547 1843 sint
574 1803 695 1856 quae
734 1788 1124 1856 intelliguntur,
1174 1788 1288 1842 sive
1330 1802 1451 1857 quae
1498 1788 1828 1854 intelligunt.
1865 1786 2006 1843 Deus

437 1880 602 1931 enini-
627 1877 845 1931 inﬁnite
881 1878 934 1931 in
972 1878 1240 1931 inﬁnitum
1280 1891 1343 1931 ex
1375 1877 1462 1932 liis
1508 1888 1562 1931 et
1593 1877 1700 1930 illis
1723 1888 2007 1946 exemptus

440 1977 566 2022 est:
601 1950 856 2032 quioniam
905 1968 1054 2023 solus
1083 1968 1198 2037 ipse
1231 1978 1314 2023 est
1342 1968 1583 2022 omnium
1638 1983 1741 2020 una
1798 1984 1958 2021 causa
1988 1987 2003 2035 ;

439 2072 615 2127 neque
648 2059 813 2131 habet
842 2069 969 2113 ante
1012 2074 1071 2113 se
1112 2060 1290 2127 majus
1333 2059 1563 2128 aliquid,
1596 2074 1774 2129 neque
1822 2073 2005 2115 secum

436 2149 667 2217 mquale,
700 2165 875 2220 neque
899 2158 1020 2218 post
1047 2164 1108 2203 se
1136 2150 1336 2202 minus.
1916 2140 1963 2153 ’“

1055 2256 1283 2313 CAPUT
1321 2258 1398 2312 V.‘

439 2372 594 2438 Quod
624 2374 756 2426 nihil
782 2389 962 2426 eorum
990 2390 1106 2441 qua?
1124 2382 1267 2437 sunt,
1299 2390 1363 2427 ex
1393 2390 1448 2427 se
1480 2374 1588 2440 ipso
1609 2377 1878 2440 prorliens.
1929 2387 2008 2431 est

510 2459 611 2494 non
645 2445 905 2495 diuisum:
950 2442 1088 2495 Dens
1112 2450 1285 2495 autem
1322 2446 1605 2496 secundum
1640 2462 1796 2498 unam
1854 2464 2005 2499 suam

510 2522 818 2577 potestatem
849 2512 1248 2577 multiplicatus,
1275 2521 1322 2565 el
1349 2513 1403 2565 in
1434 2515 1608 2567 omnia
1637 2514 1901 2581 pradicas,
1930 2526 2006 2570 est

510 2598 613 2634 non
640 2583 865 2646 divisus,
884 2592 933 2636 et
959 2599 992 2634 α
1022 2598 1078 2635 σε
1099 2597 1203 2635 non
1222 2583 1415 2635 exiens.

511 2692 734 2762 Magnus
765 2694 1220 2775 Dio:;ysius,~cap.
1254 2694 1305 2758 4,
1337 2694 1409 2748 De
1434 2696 1631 2751 divinis
1664 2700 1959 2753 nominibus
1987 2717 2005 2754 :

437 2784 779 2849 Audendum,
810 2787 1003 2856 inquit,
1040 2796 1121 2841 est
1146 2788 1327 2840 dicere
1354 2787 1455 2841 hoc,
1486 2803 1582 2853 pro
1603 2790 1846 2852 veritate.
1864 2793 2003 2860 quod

438 2870 554 2939 ipse
585 2874 675 2941 qui
710 2884 793 2928 est
827 2875 1069 2928 omnium
1104 2887 1315 2938 auctor,
1357 2876 1579 2943 pulchro
1602 2889 1654 2931 et
1677 2880 1815 2932 bono
1857 2898 2007 2934 amo-

2113 426 2174 471 ut
2206 415 2398 484 cuique
2421 414 2693 477 convenit,
2727 423 2785 467 ut
2815 414 2881 465 ad
2913 427 2972 467 se
3007 414 3183 481 ipsum
3222 418 3531 475 convertat,
3585 422 3719 461 τιτι-α

2112 520 2236 559 men
2268 515 2446 558 autem
2491 503 2748 558 lenOcinii
2796 503 2898 558 etsi
2932 501 3071 570 apud
3124 500 3418 569 scriptores
3456 498 3691 568 gentiles

2108 588 2224 649 rem
2248 596 2522 666 signiﬁcat
2546 610 2648 648 non
2668 604 2907 649 sanetam
2938 602 3353 661 nequeo-astam,
3382 589 3474 643 hic
3500 600 3627 642 tam:
3648 604 3685 641 ιι

2112 687 2378 756 signiﬁcat
2408 684 2838 739 conciliationem
2871 683 3249 737 intermedium
3275 679 3685 749 conjunction:

2110 795 2232 833 eum
2255 778 2386 834 Deo.
2414 779 2477 832 Et
2503 779 2831 833 adhueidem
2858 778 3036 843 capite
3057 775 3124 829 88
3153 792 3168 829 :
3193 774 3370 829 illotus
3384 774 3694 829 amatorias

2111 873 2236 925 boni
2268 872 2359 942 qui
2390 873 2443 923 in
2504 871 2647 924 bono
2704 871 2854 938 prius
2881 868 3096 923 exsistit
3126 866 3350 930 simplex
3380 874 3435 919 et
3488 866 3691 919 immo-

2110 963 2257 1039 bilis,
2287 978 2352 1015 (ιχ
2374 963 2516 1017 bono
2543 961 2795 1029 prodiens
2822 959 2888 1013 ad
2914 960 2964 1011 id
2997 959 3173 1027 ipsum
3209 960 3346 1011 redit
3376 959 3484 1009 line
3505 965 3557 1007 et
3593 954 3689 1022 qui

2098 1051 2164 1123 in
2199 1054 2343 1106 bono
2361 1050 2701 1121 princip’oica
2712 1065 2858 1114 rens,
2877 1050 3016 1118 quod
3031 1049 3246 1116 quidem
3262 1048 3524 1108 declarat,
3544 1047 3691 1099 desi-
3716 1092 3723 1103 .

2112 1144 2316 1198 tlcrimn
2354 1151 2595 1198 no~trunt
2627 1152 2840 1211 semper
2863 1142 2929 1194 ad
2954 1141 3121 1193 Deum
3156 1139 3384 1203 moveri;
3410 1137 3693 1206 copulatio

2111 1236 2254 1287 enim
2282 1249 2405 1287 eum
2435 1234 2541 1288 Deo
2564 1248 2627 1286 ex
2670 1233 2963 1295 ebaritate,
2998 1246 3220 1285 omnem
3277 1230 3685 1299 copulationem

2108 1325 2301 1391 vincit,
2329 1334 2381 1377 et
2413 1325 2480 1377 ab
2515 1324 2661 1377 omni
2694 1323 3082 1393 conjunctione
3135 1322 3412 1375 eximitur.
3469 1320 3688 1381 Rursus

2108 1412 2251 1466 iiem
2277 1415 2453 1481 capite
2484 1414 2551 1469 89
2577 1431 2591 1466 :
2613 1414 2870 1466 Amorem
2903 1427 3027 1466 eum
3054 1411 3311 1472 dicimus,
3356 1412 3475 1466 sive
3544 1410 3687 1461 divi-

2114 1492 2264 1568 nuni,
2308 1507 2422 1559 sive
2461 1505 2790 1576 angelicum,
2820 1505 2939 1560 sive
2987 1503 3348 1573 spiritualew,
3397 1503 3515 1556 sive
3564 1503 3688 1556 ani-

2111 1601 2327 1662 malem,
2377 1600 2490 1653 sive
2542 1598 2866 1661 naturalem,
2930 1596 3292 1661 intelligamus
3340 1594 3446 1647 vim
3496 1610 3689 1662 quam-

2108 1692 2232 1745 dam
2274 1690 2391 1746 Sive
2426 1698 2751 1759 potestatem
2817 1687 3164 1757 copulantem
3213 1695 3268 1739 et
3325 1686 3689 1739 commisccn~

2111 1791 2240 1844 tem,
2267 1784 2547 1850 superiora
2582 1783 2797 1852 quidem
2836 1793 3143 1835 moventem
3172 1781 3239 1833 ad
3268 1780 3679 1849 providentiam

2110 1874 2429 1930 inferiorum
2455 1917 2470 1937 ,
2499 1889 2560 1929 ea
2593 1888 2719 1927 vero
2743 1888 2863 1943 qua:
2893 1882 3020 1926 sunt
3057 1870 3301 1941 ejusdem
3326 1872 3557 1933 ordinis,
3610 1872 3679 1923 ad

2109 1978 2350 2021 mutuam
2384 1965 2928 2019 communicationem
2950 2005 2964 2029 ,
3001 1971 3058 2018 et
3123 1963 3418 2017 novissime
3447 1978 3512 2016 ea
3560 1977 3680 2031 qua:

2110 2070 2236 2114 sunt
2270 2058 2544 2113 inferioris
2577 2068 2882 2112 moventem
2918 2059 2985 2125 ad
3030 2056 3464 2111 convertendum
3493 2070 3555 2109 se
3607 2056 3676 2109 ad

2108 2150 2470 2220 prestantiora
2522 2159 2579 2204 et
2642 2149 2955 2218 praeposita.
3006 2147 3083 2201 Ac
3126 2162 3319 2201 rursus
3374 2146 3678 2215 Dionysius,

2107 2257 2229 2312 cap.
2272 2243 2307 2296 4
2350 2239 2423 2295 De
2444 2240 2629 2295 divinis
2678 2240 3029 2294 nominibus:
3081 2238 3195 2292 Hoc
3240 2254 3406 2291 unum
3453 2235 3680 2304 bonum,

2110 2334 2306 2402 inquit,
2326 2342 2380 2385 et
2412 2333 2718 2401 pulchrum,
2753 2330 3106 2399 singulariter
3138 2338 3221 2383 est
3261 2329 3507 2383 omnium
3540 2330 3674 2383 mul-

2112 2434 2286 2477 torum
2320 2425 2580 2477 bonorum
2602 2433 2656 2477 et
2686 2422 3034 2490 pulchrorum
3096 2436 3281 2474 causa.
3317 2422 3380 2474 Et
3405 2422 3459 2474 in
3522 2422 3679 2489 quin-

2111 2525 2165 2568 to
2204 2516 2419 2585 capite:
2459 2516 2513 2569 In
2552 2530 2660 2569 uno
2694 2514 2837 2567 enim
2870 2512 3035 2572 Deus,
3065 2524 3284 2580 tttsmpe
3334 2514 3537 2567 dictum
3565 2524 3673 2577 est,

2107 2609 2288 2662 omnia
2328 2622 2446 2676 qua:
2476 2608 2766 2666 exsistunt,
2818 2603 3116 2673 pmbabet,
3149 2614 3204 2657 et
3221 2602 3349 2656 fecit
3397 2614 3455 2656 ut
3506 2605 3677 2657 subsi-

2109 2708 2334 2761 stercnt,
2356 2713 2591 2767 prresens
2610 2698 2883 2762 erunibus,
2903 2706 2957 2751 et
2974 2696 3173 2764 ubique
3191 2694 3289 2764 (‘2).
3304 2708 3355 2749 et
3381 2694 3673 2750 secundum

2110 2805 2296 2854 unum,
2320 2797 2373 2842 et
2396 2790 2691 2843 secundum
2720 2787 2858 2840 idem
2885 2796 2976 2851 ;et
3006 2788 3306 2841 secundum
3342 2787 3511 2847 idem,
3560 2802 3673 2839 out-

2112 2895 2199 2943 nc,
2227 2896 2414 2931 nomn.
2449 2878 2510 2932 Et
2531 2878 2583 2932 in
2616 2891 2737 2945 cap.
2781 2877 2837 2941 7,
2866 2879 2931 2931 de
2964 2877 3169 2931 eisdem
3198 2877 3399 2930 divinis
3449 2878 3675 2930 nomini—

435 2980 495 3019 re
518 2974 740 3033 propter
766 2965 1142 3018 excellentiam
1175 2980 1442 3018 summam
1468 2970 1747 3023 amatoria:
1792 2971 2002 3026 bonita-
2028 2978 2070 3034 α
2105 2970 2244 3024 bus:
2280 2967 2489 3023 Etenim
2517 2969 2561 3022 si
2588 2969 2892 3024 secundum
2929 2983 3099 3021 unam
3124 2984 3346 3022 causam
3376 2968 3511 3022 Deus
3558 2983 3668 3019 om-

433 3058 507 3111 tis
538 3064 688 3109 extra
727 3070 785 3108 se
833 3068 927 3120 per
960 3054 1327 3121 providentius
1366 3060 1601 3111 omnium
1632 3077 1809 3114 rerum
1855 3064 1997 3116 exsi-

429 3148 544 3201 stit.
575 3160 629 3199 et
678 3146 923 3198 lmnitate
957 3155 1119 3209 atque
1177 3146 1468 3202 dilectione
1498 3160 1547 3203 et
1605 3167 1787 3206 amore
1833 3154 1996 3207 veluti

430 3236 683 3289 delinitur
708 3236 782 3304 (l)
808 3246 857 3288 ct
882 3236 1214 3291 oblectatur:
1237 3246 1287 3290 et
1310 3254 1428 3301 cum
1450 3243 1517 3293 sit
1540 3255 1697 3310 supra
1718 3246 1917 3306 omnia,
1945 3257 1997 3298 ct

431 3342 495 3380 ex
527 3327 778 3379 omnibus
794 3334 1095 3393 exemptus,
1126 3330 1192 3380 ad
1219 3328 1401 3381 omnia
1448 3330 1751 3385 demittitur
1802 3348 1997 3388 secun-

429 3419 557 3471 dum
594 3428 909 3486 potestatem
944 3420 1542 3488 supraSubstnntialem,
1592 3439 1697 3490 qua
1730 3436 1883 3480 extra
1913 3443 1993 3494 se,

429 3522 537 3560 non
571 3509 1040 3576 cgrediendoexit.
1068 3508 1133 3564 Et
1153 3526 1339 3565 rursus
1363 3513 1500 3566 idem
1538 3514 1588 3567 in
1612 3516 1799 3568 eodem
1830 3517 1945 3571 loco
1979 3534 1993 3570 :

430 3600 526 3652 V'e‘l
559 3602 682 3668 quia
726 3600 839 3669 ipse
873 3601 973 3654 sibi
1034 3602 1386 3668 lenocinatur,
1420 3614 1474 3657 et
1526 3621 1586 3659 se
1630 3620 1826 3673 movet,
1894 3611 1996 3665 hac

433 3689 576 3741 enim
604 3689 813 3742 ratione
836 3690 1089 3743 dilectum
1115 3701 1168 3743 et
1197 3692 1481 3746 amabilem
1520 3709 1640 3749 eum
1687 3709 1880 3751 vocant
1902 3714 1993 3752 ve-

434 3778 529 3833 lttti
556 3780 837 3846 pulchrum
880 3789 935 3835 et
969 3782 1188 3846 bonum,
1218 3793 1271 3837 et
1329 3793 1583 3851 tanquam
1616 3789 1689 3842 sit
1743 3790 1987 3856 quaedam

429 3870 509 3922 sui
534 3885 624 3935 per
644 3884 703 3923 se
726 3869 900 3936 ipsum
926 3870 1240 3937 patefactio,
1268 3882 1321 3925 et
1366 3873 1500 3927 bona
1531 3878 1837 3945 progressio
1878 3878 1996 3933 exi-

429 3956 549 4010 miae
586 3956 970 4042 repnlationis,
994 3969 1048 4011 et
1074 3960 1344 4013 amatoria
1386 3962 1571 4026 motio,
1599 3965 1847 4033 simplex,
1901 3983 1997 4035 per

428 4060 486 4099 se
509 4047 739 4109 mobilis,
771 4062 867 4115 per
890 4062 948 4100 se
981 4063 1169 4115 agens,
1201 4064 1320 4115 quae
1355 4053 1503 4115 prius
1545 4056 1752 4109 exstitit
1776 4057 1827 4109 iu
1855 4059 1995 4111 bono

427 4138 493 4191 ad
528 4152 589 4189 ea
626 4153 745 4206 quae
761 4148 910 4199 sunt,
935 4146 1138 4198 manat.
1171 4148 1225 4192 ct
1256 4155 1445 4194 rursus
1476 4128 1542 4194 ad
1585 4145 1776 4197 bonum
1808 4161 1992 4201 rever-

431 4229 579 4283 titur.
607 4227 670 4278 Et
724 4235 947 4278 sanctus
986 4226 1251 4278 Maximus
1280 4229 1329 4279 in
1370 4231 1614 4285 centuria
1650 4232 1705 4292 8.
1735 4250 1853 4304 cap.
1886 4237 1989 4291 87:

2106 3061 2267 3112 nibus
2331 3060 2570 3127 impertit
2628 3069 2686 3112 ιιι
2745 3059 2889 3122 sint,
2958 3059 3254 3113 secundum
3311 3060 3467 3127 ipsam
3519 3058 3654 3111 illum

2108 3166 2328 3205 causam
2382 3151 2707 3221 singularem
2768 3162 3054 3219 cognosvct
3107 3153 3310 3205 omnia.
3361 3151 3420 3204 Et
3444 3150 3641 3216 cap.j2,

2110 3245 2175 3297 de
2231 3244 2435 3299 cisietn
2483 3245 2682 3298 divinis
2742 3243 3052 3296 nominibus
3106 3262 3120 3297 :
3177 3242 3302 3297 llaec
3340 3243 3489 3311 igitur
3526 3250 3641 3295 sunt

2108 3332 2222 3387 sine
2277 3334 2677 3388 intermissione
2723 3333 2967 3387 laudibus
3031 3332 3348 3386 celebranda
3404 3333 3453 3384 in
3480 3344 3654 3396 causa,

2108 3440 2228 3492 qum
2259 3426 2507 3478 omnibus
2529 3425 2797 3478 antecellit
2824 3444 2838 3486 ;
2864 3433 2912 3478 et
2933 3425 3237 3478 addendum
3264 3435 3340 3479 est
3363 3427 3528 3494 ipsam
3550 3437 3663 3476 esse

2107 3518 2447 3571 sanctitatem
2472 3528 2912 3587 exsuperantem,
2940 3527 2993 3571 et
3037 3519 3370 3571 dominatum
3436 3500 3498 3571 ac
3544 3533 3659 3584 rcg-

2112 3625 2238 3662 num
2270 3626 2566 3674 sumntum,
2602 3610 3063 3678 simplicissimam
3085 3611 3419 3664 divinitatem
3452 3629 3465 3663 :
3498 3610 3664 3675 siqni-

2110 3698 2227 3749 dent
2256 3715 2317 3750 cx
2343 3700 2478 3766 ipsa,
2523 3699 2574 3751 in
2610 3714 2716 3751 uno
2743 3707 2797 3751 et
2829 3700 2995 3754 simul
3033 3707 3141 3753 tota
3201 3708 3323 3753 nota
3378 3709 3463 3754 est
3502 3700 3574 3767 ιδ)
3617 3709 3669 3752 et

2108 3788 2393 3842 distributa
2428 3790 2604 3844 omnis
2640 3791 2978 3859 itnpcrtnista
3003 3791 3284 3861 diligentia
3315 3792 3491 3843 omnis
3523 3806 3687 3856 puum

2110 3880 2408 3945 munditiae,
2440 3882 2617 3936 omnis
2663 3898 2852 3935 eorum
2917 3897 3041 3949 qum
3094 3883 3382 3943 exsistunt,
3436 3886 3567 3933 ordo
3620 3891 3670 3933 et

2108 3973 2463 4041 compositio.‘
2496 3972 2557 4025 Et
2589 3973 2642 4026 in
2662 3975 2836 4039 primo
2880 3977 3058 4039 capite
3100 3974 3167 4027 de
3212 3974 3415 4027 eisdem
3478 3975 3671 4028 divinis

2112 4065 2423 4120 rmminibtts
2461 4083 2474 4121 :
2514 4065 2670 4121 Unde
2697 4066 2749 4119 in
2786 4067 2930 4119 omni
2968 4066 3424 4121 feretractatione
3472 4069 3671 4122 theolo-

2103 4153 2218 4221 gica
2254 4155 2593 4210 divinitatem
2630 4155 2874 4209 videmus
2900 4172 3055 4210 saere
3090 4158 3357 4210 celebrari
3411 4169 3667 4226 tanquam

2109 4245 2392 4299 monadcm
2423 4247 2763 4300 et-nnitatetn
2794 4258 3016 4314 propter
3038 4248 3440 4316 simplicitatem
3468 4261 3518 4302 ct
3554 4250 3670 4301 uni-

430 4316 695 4380 lntelligc,
718 4314 915 4381 inquit,
975 4313 1140 4367 Deum
1167 4328 1288 4370 esse
1346 4318 1767 4387 lenocinantetn,
1791 4335 1847 4380 et
1879 4344 1995 4380 mo—
2020 4306 2075 4365 D
2103 4342 2266 4385 tatem
2310 4334 2762 4401 impartibilitatis
2792 4306 3123 4403 sttpraquam
3147 4306 3449 4402 Ittatttralis,
3482 4354 3545 4390 ex
3568 4354 3666 4405 qua

430 4414 641 4458 ventem
673 4405 739 4458 ad
762 4406 1083 4459 amatoriam
1113 4407 1581 4475 coniunctionem,
1636 4414 1780 4469 illam
1847 4417 1990 4480 diro,

426 4511 545 4563 qua‘
561 4511 681 4547 cum
710 4497 902 4564 spiritu
931 4507 1010 4550 est
1037 4512 1051 4560 ;
1085 4498 1136 4551 id
1162 4510 1269 4565 est,
1291 4501 1455 4555 Deum
1498 4517 1620 4558 esse
1652 4516 1988 4575 sequestrem

426 4596 482 4640 et
515 4586 883 4640 coniectorem
914 4585 1083 4657 lmjus'
1118 4590 1534 4657 conjunctionis,
1566 4596 1998 4653 conciliatorcm-

425 4692 531 4747 quc
561 4678 664 4749 sui,
699 4686 755 4732 ιιι
780 4695 807 4731 a
870 4681 1139 4736 creaturis
1175 4681 1289 4736 snis
1357 4696 1570 4739 ametur
1604 4694 1658 4739 et
1714 4689 1991 4759 diligatur.

494 4841 539 4873 ⁴⁹
568 4838 585 4893 I
615 4838 769 4893 Joan.
806 4854 880 4903 Iv,
930 4838 982 4890 8.

2099 4433 2367 4492 tanquam
2396 4441 2461 4479 ex
2482 4434 2751 4495 potestate
2801 4426 2997 4481 uniiica
3059 4443 3222 4480 unum
3269 4429 3575 4484 cllieimur:
3616 4440 3672 4482 et

2052 4554 2063 4563 .
2096 4515 2450 4569 varietatibus
2482 4517 2826 4584 partiliilibus
2858 4517 3042 4570 divine
3066 4520 3117 4569 in
3150 4534 3314 4571 mmm
3374 4522 3667 4573 etmttactis

2095 4604 2148 4657 in
2175 4620 2339 4658 unum
2363 4607 2427 4658 ad
2489 4605 2579 4659 Dei
2628 4606 3034 4661 similitudinem
3069 4610 3479 4679 congregantur,
3531 4610 3662 4664 etad

2096 4695 2188 4751 Dei
2221 4691 2585 4753 imitationem
2618 4698 2962 4767 copuiantur.
2995 4700 3114 4764 Quo
3149 4702 3201 4755 itt
3260 4704 3380 4756 loco
3409 4705 3484 4755 ait
3536 4717 3664 4755 sau-

2602 4852 2643 4884 Q

1888 4961 2165 5034 Scholia.

489 5108 567 5179 (ι)
606 5107 922 5176 Exemplum
958 5107 1115 5173 huius
1148 5108 1485 5179 deﬁnitionis
1529 5108 1781 5177 frequens
1817 5124 1899 5167 est
1934 5115 1984 5168 in

417 5177 576 5235 Cant.
634 5189 779 5231 eant.
842 5188 900 5231 ut
962 5180 1089 5232 illud
1145 5193 1262 5245 cap.
1298 5194 1334 5232 ιι
1379 5196 1392 5231 :
1450 5177 1523 5230 Eu
1566 5181 1794 5234 dilectus
1839 5200 1989 5238 meus

424 5254 657 5317 loqltilllr
683 5249 814 5301 mihi
855 5266 870 5303 :
899 5248 1092 5315 Surge,
1123 5251 1295 5301 amica
1328 5264 1468 5313 mea,
1502 5254 1747 5303 columba
1781 5268 1916 5308 mea.

489 5321 565 5390 (2)
603 5320 837 5373 Prmms
865 5319 1104 5371 omnibus
1128 5329 1232 5390 ,_et
1267 5318 1473 5385 ubique.
1525 5317 1641 5372 Non
1691 5326 2001 5375 secundum.

421 5388 659 5443 diversas
689 5402 870 5457 partes
902 5404 1049 5451 suus,
1083 5388 1175 5440 ευιΙ
1207 5394 1504 5439 secundum
1534 5405 1695 5441 unum
1723 5403 1776 5442 et
1807 5392 1945 5445 idem
1971 5408 1986 5453 ;

422 5473 475 5511 et
505 5466 796 5512 St‘Ctttttlttttl
830 5458 967 5510 idem
1000 5472 1160 5509 omne
1195 5472 1383 5519 unum,
1417 5469 1470 5510 et
1500 5461 1563 5510 ad
1592 5460 1769 5511 omnia
1804 5476 1987 5528 proce-

424 5534 573 5591 dcns,
600 5540 681 5581 est
707 5528 849 5581 enim
882 5541 1061 5585 omne,
1088 5535 1355 5592 quatenus
1402 5529 1450 5579 in
1484 5529 1711 5593 simplici
1749 5531 1985 5584 essentia

427 5613 555 5660 una,
594 5598 773 5650 omnia
822 5596 1087 5649 txsismnt
1120 5600 1477 5669 virtute,.sive
1525 5606 1807 5665 potestate,
1847 5601 1986 5654 sicut

2090 5118 2314 5175 eﬂ‘ectns
2350 5119 2401 5175 in
2436 5136 2619 5176 causa.

2160 5188 2237 5261 (ὅ)
2274 5190 2337 5243 Et
2366 5191 2431 5243 ad
2456 5194 2641 5262 omnia
2676 5194 2923 5262 procedit
2944 5192 3266 5259 eiiicienter,
3305 5195 3358 5248 in
3393 5211 3521 5250 uno.
3556 5195 3666 5250 Hoc

2096 5271 2180 5312 est
2213 5263 2354 5328 quod
2387 5262 2460 5314 ait
2491 5260 2646 5316 .loan.
2676 5260 2733 5315 in
2758 5262 2957 5332 Evang.
2990 5280 3109 5331 cap.
3144 5280 3202 5317 ιιι
3237 5282 3252 5319 :
3282 5266 3393 5317 Non
3423 5268 3565 5318 enim
3596 5267 3662 5317 nd

2099 5344 2406 5401 mensuram
2445 5333 2533 5383 dat
2574 5333 2713 5385 Dens
2747 5334 3036 5401 Spiritum,
3083 5334 3225 5389 sicut
3258 5336 3335 5388 sol
3372 5346 3542 5389 totum
3582 5336 3663 5386 lu-

2099 5412 2221 5477 tnen
2267 5399 2427 5477 simul
2460 5402 2679 5477 emittit,
2716 5399 2840 5456 licet
2872 5418 2975 5455 non
3004 5405 3286 5477 a‘quniiter
3314 5405 3660 5471 recipiamus,

2098 5470 2279 5533 itaque
2311 5470 2363 5543 in
2387 5487 2512 5543 Anno
2536 5475 2631 5534 ait,
2668 5476 2717 5526 id
2758 5483 2835 5527 est
2862 5511 2877 5535 ,
2912 5488 3017 5525 non
3057 5473 3295 5539 dividite,
3330 5486 3381 5526 et
3412 5470 3505 5543 per
3540 5489 3663 5542 par-

2094 5546 2193 5606 tes,
2230 5541 2321 5593 sed
2358 5541 2515 5594 simul
2552 5551 2743 5595 totum.
