4078 6274
209 361 215 371 κ
294 303 436 378 $905

1004 297 1245 371 DECAS
1283 295 1440 374 VIII.
1486 337 1549 346 --
1575 308 1671 370 DE
1709 295 2145 371 INFINITATE
2181 301 2305 372 DEI
2346 303 2912 386 IN.CREATUBTS.

3469 316 3572 382 90:3
3634 275 3648 283 vi

330 439 451 481 ctus
479 426 745 480 Maximus
776 443 789 479 :
820 425 956 490 Quia
1001 427 1142 490 Deus
1167 443 1289 479 cum
1339 427 1650 498 cogitasset,
1706 427 1894 479 volun-
1929 431 1974 486 Α
2005 427 2242 505 ipsarum
2281 443 2482 492 rerum,
2515 430 2605 481 Sed
2642 429 2830 482 notitia
2860 430 2938 481 sui
2971 447 2984 482 :
3014 428 3281 500 siquidem
3313 441 3366 486 ct
3404 449 3571 505 ange-

331 529 439 573 tate
484 517 740 588 produxit
763 517 967 582 omnia,
1003 533 1109 571 non
1147 530 1402 586 tanquam
1434 533 1586 573 mens
1646 516 1898 586 qutedam

331 613 384 664 in
417 609 718 664 voluntates
743 611 964 678 partita,
1003 609 1387 680 ntﬂtiplicatus
1421 619 1543 665 est:
1575 610 1668 666 sed
1700 609 1899 678 potius,

326 703 527 770 inquit,
553 702 750 756 mansit
784 702 835 754 in
873 702 1100 764 unitate,
1133 711 1191 756 et
1228 701 1283 756 in
1313 695 1382 757 ea
1424 718 1671 767 manens,
1695 702 1902 772 impar-

327 799 354 844 t
383 791 564 844 biliter
596 799 777 845 etnon
808 791 1052 860 disperse
1091 789 1347 859 produxit
1401 800 1454 845 et
1494 790 1738 860 producit
1788 803 1904 842 om-

331 883 420 934 nia
445 883 496 934 in
525 888 774 935 creatura
809 881 1016 934 mundi.
1051 880 1116 934 Et
1144 896 1332 936 rursus
1361 881 1575 935 divinus
1611 879 1903 948 Diettysins

333 981 386 1026 in
424 975 659 1043 septimo
708 974 886 1043 capite
935 973 1003 1027 de
1062 973 1264 1028 eisdem
1313 970 1505 1027 diuinis
1558 972 1853 1028 nainiuibtts
1883 985 1902 1024 :

329 1064 490 1119 Ratio
523 1074 704 1119 autem
759 1063 900 1119 Deus
931 1064 984 1117 in
1053 1065 1224 1118 sacris
1283 1061 1585 1132 Scripturis
1627 1061 1900 1121 .laudandi

332 1159 506 1226 gratia
539 1159 868 1221 nominatur,
901 1171 1008 1210 non
1051 1157 1226 1210 solum
1253 1158 1378 1225 quia
1427 1155 1652 1209 rationis
1675 1165 1728 1208 et
1755 1169 1906 1208 men-

331 1249 404 1301 tis
445 1259 498 1301 et
539 1249 819 1316 sapientiae
838 1259 918 1303 est
948 1249 1190 1318 largitor,
1239 1247 1484 1316 schuia
1541 1259 1737 1300 causas
1788 1255 1906 1297 our-

331 1339 484 1392 nium
524 1337 605 1410 (l)
641 1340 989 1394 unifortniter
1015 1340 1356 1409 anticipavit.
1388 1337 1581 1392 Adhuc
1620 1339 1670 1389 in
1707 1338 1906 1390 eodem

328 1430 512 1497 capite
541 1452 552 1486 :
587 1430 765 1496 Quare
790 1432 970 1486 divina
1001 1445 1155 1486 mens
1185 1419 1364 1486 omnia
1425 1428 1670 1484 continet
1717 1429 1904 1498 cegni-

337 1521 483 1577 tione
507 1522 574 1578 ab
607 1523 860 1578 Omnibus
895 1535 1143 1593 exempta
1196 1519 1294 1593 (2),
1346 1522 1438 1592 qui
1499 1531 1772 1589 quatenus
1825 1531 1907 1574 est

329 1629 502 1668 causa
531 1614 933 1680 universorum,
964 1615 1248 1668 scientiam
1303 1615 1545 1668 omnium
1569 1614 1621 1668 in
1675 1627 1733 1668 se
1791 1612 1907 1680 ipso

327 1704 658 1773 anticipav’it
690 1721 704 1759 :
737 1705 828 1775 qui
858 1717 1150 1774 antequam
1192 1706 1405 1769 tierent,
1467 1706 1620 1760 novit
1682 1707 1904 1775 angelos

333 1805 390 1852 'et
420 1795 676 1865 produxit
714 1795 958 1865 angelos,
994 1806 1050 1851 et
1108 1797 1212 1850 alia
1273 1798 1452 1852 omnia
1525 1799 1688 1863 intus,
1737 1808 1786 1853 et
1840 1801 1906 1851 ah
1936 1767 1982 1826 Β

327 1890 477 1957 ipso,
510 1901 566 1944 ut
593 1891 666 1943 ita
697 1889 898 1952 dicam,
934 1889 1195 1959 principio
1222 1892 1369 1944 novit
1398 1881 1496 1961 (ὅ),
1533 1901 1587 1944 et
1614 1892 1680 1945 ad
1727 1906 1912 1946 essen-

341 1969 474 2036 tiam
510 1983 775 2047 adduxit;
810 1991 980 2050 atque
1024 1984 1126 2037 hoc
1158 1984 1394 2038 arbitror
1427 1985 1760 2053 Scripturam
1798 1993 1911 2037 tra-

328 2076 484 2138 dere,
509 2080 632 2127 eum
664 2073 738 2126 ait
769 2091 782 2127 :
813 2071 920 2138 Qui
955 2076 1093 2128 novit
1116 2077 1291 2129 omnia
1322 2086 1603 2144 antequam
1633 2075 1815 2143 ﬁerent
1845 2075 1909 2140 '°’;

334 2181 443 2220 non
477 2167 624 2220 enim
663 2165 846 2220 divina
880 2180 1033 2220 mens
1065 2167 1318 2236 cognovit
1343 2182 1405 2222 ea
1447 2183 1568 2236 qum
1608 2176 1755 2232 sunt,
1785 2182 1913 2237 per-

330 2257 547 2325 cipiens
573 2255 932 2325 cognitionem
968 2269 1157 2312 eorum
1183 2272 1249 2311 ex
1281 2257 1346 2312 iis
1381 2272 1499 2327 quae
1521 2267 1668 2324 sunt,
1726 2259 1816 2312 sed
1845 2272 1912 2312 ex

337 2363 400 2404 se
428 2349 544 2416 ipso
579 2354 663 2421 get
710 2347 762 2402 in
825 2361 883 2404 se
931 2348 1054 2418 ipso
1101 2349 1396 2403 secundum
1448 2363 1685 2414 causam,
1739 2350 1914 2403 scien-

341 2444 474 2494 tiam
496 2441 742 2495 omuinm
763 2440 1193 2509 etcognitionem
1229 2449 1284 2495 et
1303 2441 1587 2495 essentiam
1621 2440 1912 2510 prtehahet,

335 2543 394 2586 et
432 2533 594 2586 simul
618 2533 950 2602 anticipavit,
981 2548 1086 2586 non
1116 2533 1477 2587 intendensad
1501 2533 1707 2604 singula
1742 2534 1917 2602 perci-

333 2623 536 2691 pienda
558 2626 1056 2678 secundumeorum
1081 2623 1302 2687 fortnas,
1326 2625 1418 2681 sed
1441 2625 1731 2680 secundum
1748 2639 1913 2678 unum

335 2725 524 2768 causa:
548 2715 885 2782 complexum
907 2716 1088 2769 omnia
1114 2717 1293 2772 sciens
1323 2723 1376 2771 et
1408 2718 1692 2772 continens
1718 2735 1731 2770 :
1767 2720 1916 2772 sicut

345 2806 525 2859 lumen
548 2805 624 2876 (4)
652 2807 701 2859 in
731 2821 788 2860 se
812 2806 933 2876 ipso
958 2809 1256 2862 secundum
1307 2823 1524 2862 causam
1553 2810 1913 2878 cognitionem

346 2897 690 2950 tenebrarum
727 2896 1064 2966 anticipavit,
1095 2912 1198 2951 non
1239 2897 1452 2951 aliunde
1480 2898 1730 2952 tenebras
1750 2914 1912 2968 quant

333 3001 410 3038 ‘ex
443 2986 643 3040 lumine
674 3001 1033 3056 cognoscens.
1109 2987 1301 3040 Divina
1327 2989 1489 3059 igitur
1528 2989 1795 3056 sapientia
1857 3005 1914 3044 se

2003 518 2084 571 los
2111 501 2260 572 aiunt
2303 518 2598 587 Scriptura:
2628 533 2957 589 cognoscere
2977 537 3096 591 qua:
3135 523 3186 576 in
3219 531 3360 577 terra
3421 501 3571 586 sunt.

2003 623 2111 663 non
2162 609 2252 676 illa
2307 611 2524 679 quidem
2590 626 2754 666 sensu
2798 627 3149 683 cognoscere,
3198 614 3300 669 sub
3353 630 3572 670 sensum

2004 699 2203 770 alioqui
2236 701 2506 769 cadentia,
2554 703 2647 758 sed
2675 707 2894 774 propria
2917 697 3127 777 mentis
3165 707 3572 761 similitudinem

2003 783 2096 846 Dei
2121 795 2358 860 gerentis
2388 795 2588 850 virtute
2614 806 2668 850 et
2701 809 2912 852 natura.
2963 797 3091 852 ilzec
3114 800 3424 853 edisserens
3451 814 3576 852 san-

2003 892 2123 937 ctus
2158 881 2447 951 Maximus,
2482 883 2616 948 Hoc,
2645 887 2846 957 inquit.
2880 889 3198 952 declaravit,
3241 905 3362 943 cum
3415 889 3573 952 dixit,

2005 984 2109 1027 non
2132 987 2462 1042 cognoscere
2500 973 2666 1029 Deum
2700 985 2820 1044 quae
2861 987 3073 1031 suntex
3135 979 3204 1030 iis
3265 977 3399 1045 ipsis
3457 992 3577 1043 qua:

2004 1071 2168 1115 sunt:
2202 1071 2405 1115 etcum
2443 1063 2603 1127 dixit,
2640 1079 2743 1117 nou
2798 1065 3074 1118 intendere
3109 1067 3171 1117 ad
3231 1067 3577 1133 unumquod-

2005 1169 2112 1223 que
2147 1155 2546 1223 percipiendum
2579 1157 2874 1210 secundum
2901 1155 3126 1210 formam
3149 1156 3284 1226 ejus,
3318 1158 3572 1224 quoniam

2008 1252 2264 1312 tanquam
2297 1246 2490 1300 horum
2510 1259 2700 1301 auctor
2717 1248 3078 1316 cognitionem
3107 1261 3326 1300 suorum
3349 1253 3572 1312 operum

2007 1337 2358 1405 anticipatam
2391 1339 2580 1403 habet,
2617 1339 2795 1394 sciens
2819 1349 3093 1409 quomouo
3123 1340 3260 1408 ipsa,
3288 1349 3339 1392 et
3370 1338 3424 1391 in
3453 1339 3577 1408 qni—

2004 1429 2110 1484 bus
2179 1427 2244 1484 ad
2271 1440 2450 1483 ortum
2476 1433 2965 1500 ac‘geu'erationem
2987 1433 3277 1487 adduceret
3313 1451 3324 1486 :
3347 1446 3576 1501 quorum

2008 1522 2345 1590 depravatio,
2371 1533 2426 1576 et
2449 1521 2779 1586 defeetio,id
2804 1529 2906 1586 est,
2929 1523 3213 1577 frustratio
3244 1533 3296 1578 et
3349 1523 3579 1577 inﬁrmi-

2009 1623 2092 1668 tas
2146 1614 2345 1667 malum
2404 1615 2717 1675 introduCit.
2775 1617 2902 1669 dum
2952 1617 3240 1670 deﬁciente
3293 1614 3436 1684 quod
3495 1622 3580 1669 est

2009 1707 2303 1761 secundum
2343 1716 2619 1773 naturam,
2651 1707 2880 1763 eﬂicitur
2900 1709 3040 1778 quod
3073 1720 3153 1762 est
3195 1719 3392 1775 praeter
3422 1716 3574 1759 natu-

2016 1813 2149 1851 ram.
2182 1796 2444 1866 Superius
2468 1799 2613 1852 enim
2648 1786 2894 1854 adhibuit
2944 1799 3250 1867 exemplum
3315 1799 3574 1864 luminis;

2015 1884 2174 1958 hujus
2225 1891 2369 1942 enim
2421 1889 2726 1956 privatione
2784 1889 3161 1944 subexsistunt
3220 1892 3476 1955 tenebrae,
3528 1901 3583 1943 et

2014 1992 2234 2032 causam
2267 1979 2464 2032 habent
2527 1980 2830 2034 absentiam
2878 1989 3084 2034 naturae
3127 1959 3372 2044 iuminis,
3421 1982 3581 2036 sicuti

2014 2069 2234 2124 habitus
2269 2071 2475 2140 priores
2500 2074 2626 2125 sunt
2643 2073 3054 2140 privationibus,
3081 2084 3132 2126 et
3158 2081 3214 2128 ut
3245 2074 3349 2128 dici
3381 2083 3582 2143 potest,

2015 2177 2194 2217 cansm
2245 2173 2373 2218 sunt
2430 2165 2822 2234 privationnm.
2891 2165 3000 2220 lloc
3048 2168 3208 2234 igitur
3250 2166 3370 2220 loco
3429 2177 3580 2233 pater

2016 2253 2305 2328 Dionysius
2341 2254 2407 2309 de
2440 2255 2505 2309 iis
2524 2269 2644 2324 qua:
2671 2254 2813 2310 Dens
2843 2257 3114 2322 produxit,
3167 2266 3221 2309 et
3273 2257 3340 2311 de
3394 2257 3579 2324 cujus-

2015 2364 2122 2420 qne
2159 2362 2346 2403 eorum
2366 2359 2556 2403 natura
2578 2348 2837 2417 loquitur,
2865 2360 2986 2417 quae
3009 2349 3225 2418 quidem
3260 2350 3400 2404 dixit
3431 2351 3584 2420 prius

2016 2438 2292 2492 exstitisse
2364 2435 2420 2490 in
2473 2437 2582 2491 Deo
2628 2439 2927 2490 secundum
2991 2439 3471 2507 prtecognitionem
3530 2449 3587 2494 et

2017 2527 2519 2598 praedeﬂnitioncm.
2585 2527 2850 2581 P'rzeterea
2932 2529 3075 2593 vide,
3133 2531 3408 2597 quomodo
3458 2531 3588 2583 dicit

2019 2620 2185 2673 Deum
2208 2619 2389 2674 omnia
2415 2633 2740 2688 cognoscere
2759 2633 2861 2672 non
2889 2634 2953 2674 ex
2988 2622 3298 2692 cognitione
3317 2624 3580 2688 onmiutn,

2015 2709 2108 2764 sed
2131 2710 2526 2777 ercognitione
2556 2710 2663 2773 sui,
2696 2709 2836 2763 sicut
2859 2710 3035 2764 lumen
3098 2714 3374 2782 cognoscit
3435 2721 3586 2767 tene-

2019 2802 2142 2855 bras
2164 2800 2394 2868 alioqui,
2435 2802 2566 2855 nihil
2625 2802 2968 2856 tenebrarum
3011 2804 3060 2856 in
3101 2818 3158 2859 se
3224 2805 3448 2860 habens.
3508 2809 3584 2859 Ae

2018 2907 2207 2946 rursus
2232 2894 2370 2947 idem
2406 2894 2458 2946 in
2485 2895 2729 2948 centuria
2757 2909 2815 2948 ιιι
2847 2894 2912 2946 de
2935 2895 3226 2960 eharitatc,
3261 2898 3439 2966 capite
3461 2897 3523 2951 2|
3563 2917 3575 2951 :

2015 2982 2305 3052 Cognoscit
2328 2982 2467 3036 Deus
2497 2999 2557 3039 se
2586 2984 2718 3052 ipse,
2744 2986 3021 3054 cognoscit
3052 2986 3179 3038 item
3215 3003 3242 3038 a
3267 3001 3325 3040 se
3357 2987 3582 3054 eﬂ‘erta;

345 3078 520 3146 ipsam
569 3094 929 3148 cognoscens,
990 3079 1268 3149 cognoscit
1342 3081 1563 3143 omnia;
1630 3081 1908 3134 materiam
1939 3099 1983 3157 α
2019 3084 2352 3141 cognoscunt
2380 3075 2543 3126 etiam
2576 3083 2778 3128 sanctae
2805 3085 3106 3144 potestates
3153 3079 3341 3144 Deum,
3376 3095 3581 3148 cogno-

344 3169 602 3223 habentia
636 3171 751 3223 sine
781 3169 1030 3234 materia,
1063 3170 1330 3235 partih‘tlia
1389 3170 1807 3238 impartibilitcr,
1854 3178 1913 3224 et

349 3261 516 3314 multa
541 3259 886 3330 singulariter
915 3275 944 3314 e
1002 3274 1060 3314 se
1093 3261 1211 3331 ipso
1246 3276 1373 3327 uno,
1404 3273 1592 3317 cuncta
1636 3275 1691 3316 et
1711 3278 1910 3330 cogno-

344 3365 525 3415 scens,
551 3359 605 3404 et
631 3351 952 3420 producens.
973 3351 1184 3406 Etenim
1208 3354 1250 3405 si
1273 3351 1412 3408 Deus
1431 3355 1727 3409 secundum
1751 3371 1912 3410 unam

343 3453 564 3492 causam
592 3440 846 3495 ettinibns
875 3456 995 3511 qua:
1022 3451 1172 3508 sunt,
1190 3442 1429 3511 impertit
1454 3457 1596 3508 esse,
1619 3446 1911 3500 secundum

344 3531 595 3585 eamdem
627 3546 845 3586 causam
879 3534 1209 3602 singularem
1237 3545 1534 3604 cognoscet
1566 3537 1772 3593 omnia.
1795 3552 1914 3606 qune

343 3637 402 3681 et
436 3640 502 3679 ex
540 3626 656 3692 ipso
710 3634 860 3686 sunt.
890 3633 948 3679 et
980 3627 1031 3679 in
1084 3625 1204 3694 ipso
1262 3626 1412 3694 prius
1449 3627 1801 3691 exstiterunt,
1861 3638 1915 3681 et

342 3731 456 3772 neu
489 3732 554 3770 ex
590 3717 656 3772 iis
686 3732 805 3787 quae
829 3727 977 3781 sunt,
1001 3717 1244 3786 ipsorum
1288 3718 1654 3786 cognitionem
1696 3727 1913 3772 suntet:

347 3810 480 3878 quin
507 3811 686 3879 potius
709 3810 843 3879 ipsis
870 3810 1098 3880 singulis
1125 3806 1486 3878 cognitionem
1538 3810 1800 3880 ipsorum,
1861 3819 1916 3866 et

349 3902 472 3956 aliis
501 3901 659 3955 aliam
688 3902 1052 3970 cognitionem
1087 3904 1416 3971 suppeditat.
1442 3902 1558 3957 Non
1586 3904 1752 3974 igitur
1777 3905 1916 3958 Deus

336 3994 522 4048 aliam
539 3993 620 4046 sui
641 3993 1002 4062 cognitionem
1036 3993 1218 4057 habet,
1241 3992 1400 4047 aliam
1433 4009 1581 4060 vero,
1642 4011 1746 4062 qua
1795 4010 1914 4049 om-

349 4087 439 4140 nia
463 4086 564 4138 alia
598 4089 957 4140 communiter
985 4086 1395 4155 comprehendit
1423 4102 1437 4151 ;
1466 4087 1578 4154 ipsa
1612 4089 1756 4140 enim
1786 4104 1914 4141 ean-

347 4195 410 4233 sa
440 4178 681 4232 omnium
702 4195 821 4232 cum
849 4194 912 4233 se
934 4179 1042 4246 ipsa
1071 4187 1380 4248 cognoscat,
1407 4192 1752 4246 nequaquam
1800 4194 1918 4248 qua:

347 4278 419 4329 ah
448 4275 565 4342 ipsa
602 4281 844 4334 manant,
875 4281 929 4326 et
958 4287 1188 4340 quorum
1215 4286 1378 4326 causa
1397 4272 1635 4335 exsistit,
1693 4272 1915 4339 ignora-

2015 3174 2174 3220 scunt
2190 3166 2351 3219 etiam
2379 3181 2496 3235 quae
2518 3183 2546 3220 a
2572 3166 2680 3221 Deo
2700 3163 2890 3221 c'ﬂ'eCIa
2913 3179 3043 3223 sunt
3072 3189 3084 3221 :
3118 3187 3220 3224 non
3245 3182 3422 3226 tamen
3442 3176 3584 3228 sicut

2011 3259 2155 3313 Deus
2172 3261 2447 3337 cognoscit
2463 3274 2520 3314 se
2542 3261 2674 3329 ipse,
2700 3267 2753 3314 et
2774 3275 2890 3329 quae
2914 3279 2938 3313 a
2963 3279 3020 3316 se
3041 3263 3176 3317 facta
3197 3274 3343 3330 sunt,
3363 3267 3443 3320 s'e
3459 3281 3590 3320 san-

2014 3363 2113 3405 cta:
2141 3359 2434 3418 potestates
2458 3363 2791 3422 cognoscunt
2823 3353 3007 3419 Deum,
3032 3367 3088 3409 et
3109 3371 3229 3424 quae
3247 3356 3442 3423 ahipso
3458 3358 3589 3413 θαυ-

2014 3457 2098 3503 cta
2123 3460 2268 3502 sunt.
2285 3447 2351 3501 Et
2373 3449 2548 3518 capite
2564 3449 2657 3502 22:
2677 3448 2815 3503 Deus
2845 3465 2901 3503 se
2926 3449 3036 3516 ipse
3058 3453 3330 3518 cognoscit
3347 3466 3409 3505 ex
3433 3452 3593 3506 beata

2017 3538 2321 3604 substantia
2340 3553 2434 3593 sua
2465 3557 2478 3592 :
2506 3555 2624 3608 qua:
2656 3555 2780 3594 vero
2802 3542 2943 3594 idem
2964 3542 3158 3609 ederit,
3218 3546 3493 3615 cognoscit
3519 3561 3592 3600 ex

2016 3630 2276 3694 sapientia
2291 3643 2408 3692 sua,
2436 3645 2726 3698 perquam,
2752 3641 2803 3684 et
2833 3631 2884 3683 in
2912 3647 3016 3697 qua
3049 3643 3240 3686 cuncta
3267 3635 3415 3689 fecit.
3447 3637 3591 3692 San-

2017 3731 2114 3774 tlte
2132 3737 2258 3774 vero
2269 3722 2573 3791 {potestates
2595 3721 3005 3790 participatione
3038 3736 3378 3794 cognoscunt
3398 3727 3592 3788 Deum.

2017 3813 2107 3882 qui
2168 3825 2250 3868 est
2305 3828 2468 3882 supra
2516 3813 3004 3882 participatimtem,
3041 3832 3161 3881 qum
3215 3833 3342 3872 vero
3369 3820 3454 3873 abi
3497 3837 3594 3888 pso

2019 3907 2157 3960 fat-ta
2192 3914 2332 3966 sunt,
2357 3913 2685 3973 cognoscunt
2711 3905 3008 3975 colligendo
3033 3907 3084 3959 itt
3106 3909 3236 3976 ip~is
3260 3910 3593 3978 contempla-

2021 3997 2218 4052 tiones.
2252 3996 2445 4049 Adhue
2470 4010 2590 4063 cap.
2618 3996 2688 4048 24
2720 4015 2733 4050 :
2771 3993 3086 4051 Substantia
3122 3999 3344 4054 rationis
3405 4002 3595 4068 parti-

2017 4103 2165 4155 eeps,
2215 4099 2267 4140 et
2297 4088 2596 4140 suhsntntia
2631 4087 2952 4157 intelligens,
2989 4088 3080 4141 Dei
3126 4092 3298 4144 sancti
3327 4093 3596 4161 particeps

2021 4179 2186 4230 Deum
2216 4181 2492 4244 Cognoscit
2543 4185 2650 4229 tum
2688 4177 2802 4246 ipsa
2836 4179 3176 4245 exsistentizi,
3205 4189 3317 4234 tum
3375 4183 3597 4252 insuper
3667 4211 3681 4225 -

2021 4268 2294 4323 habilitate
2369 4269 2640 4334 bonitatis,
2717 4269 2961 4337 inquam,
3043 4281 3098 4323 et
3174 4275 3450 4340 sapientiae
3546 4285 3603 4330 ct

348 4365 745 4434 hit.Sicigitur
782 4363 924 4420 Deus
951 4381 1072 4433 qua:
1093 4375 1220 4420 sunt
1243 4364 1527 4434 cognoscit
1556 4379 1660 4418 non
1715 4365 1912 4420 notitia
1937 4378 1990 4434 αι)
2021 4372 2212 4416 orzeter
2263 4362 2632 4417 exsistent‘am
2699 4364 3008 4430 peroétuam
3059 4367 3254 4432 gratia.
3317 4365 3406 4421 Sic
3436 4367 3599 4437 igitur

456 4540 505 4573 ⁵⁸
535 4541 673 4597 Dan.
698 4557 814 4607 xttt,
833 4542 924 4596 42.

1825 4655 2094 4719 Scholia.
2165 4726 2168 4729 _

428 4815 507 4884 (il
549 4811 753 4867 Causas
782 4812 1014 4865 omnium
1048 4809 1385 4884 uniformiter
1413 4807 1777 4884 participarit.
1798 4807 1935 4873 Quia

355 4880 466 4941 non
497 4888 701 4937 recedit
756 4901 784 4936 a
839 4899 932 4934 sua
985 4881 1366 4949 sitttpltcitate;
1403 4896 1500 4934 nec
1551 4881 1711 4933 ullam
1766 4880 1818 4932 in
1868 4894 1932 4931 eo

349 4953 805 5020 compositionem
837 4951 1066 5004 faciunt.

436 5023 514 5093 (2)
536 5022 845 5090 Cognitione
865 5022 929 5093 urb
963 5021 1200 5073 ontuibus
1226 5029 1502 5087 exempta:
1533 5019 1654 5093 quia
1673 5027 1754 5071 est
1773 5031 1930 5084 supra

342 5090 726 5162 cognitionem
777 5092 1078 5166 intellectus
1100 5131 1113 5154 ,
1148 5101 1201 5142 et
1229 5105 1387 5166 supra
1423 5090 1780 5156 cognitionem
1807 5102 1932 5166 sen-

357 5160 477 5222 sus.
535 5171 799 5230 quatenus
827 5176 919 5228 per
967 5161 1136 5230 ip_sam
1183 5160 1408 5226 primam
1440 5174 1656 5212 causam
1689 5160 1932 5210 omnium

357 5227 868 5297 (ηιιιοίκῖιεικιιοω-ὶὶ.
911 5229 968 5282 S.
999 5227 1196 5281 Thom.

438 5303 518 5366 (5)
553 5293 814 5366 Abvipso,
845 5309 901 5350 ut
945 5301 1020 5352 ita
1065 5299 1258 5358 dicam,
1300 5297 1575 5366 principio.
1617 5294 1751 5358 Quia
1797 5293 1934 5346 Deus

362 5387 518 5425 caret
559 5371 846 5435 principio,
880 5370 1081 5421 idcirco
1112 5370 1349 5421 correxit
1399 5367 1539 5432 quod
1575 5369 1808 5427 dixerat,
1853 5367 1934 5415 in-

361 5437 598 5509 quiens:
631 5438 698 5492 Ut
729 5443 800 5491 ita
831 5439 1028 5491 dicant.
1057 5437 1130 5489 Ex
1155 5439 1454 5490 aeternitate
1489 5435 1644 5502 igitur
1675 5443 1930 5509 tanquam

365 5503 560 5565 auctor
608 5513 848 5561 omnium
899 5510 1084 5561 habuit
1134 5522 1352 5559 suorum
1403 5521 1626 5569 operum
1662 5503 1933 5569 cognitio-

367 5596 516 5644 nem,
547 5588 602 5630 et
634 5594 738 5632 non
769 5593 833 5630 ex
869 5580 1126 5646 operibus
1173 5577 1281 5629 suis
1311 5589 1428 5628 eam
1477 5573 1662 5626 didicit
1710 5585 1764 5625 et
1815 5588 1936 5641 per-

363 5663 534 5704 cemt.
1150 5691 1154 5696 .

436 5669 704 5786 Sicut
759 5712 954 5770 lumen.
1009 5713 1260 5781 Exemplo
1311 5713 1525 5767 lutniuis
1567 5712 1754 5780 docet,
1810 5726 1941 5780 quo-

629 5817 899 5874 PnnoL.
943 5813 986 5872 ti
1001 5833 1053 5871 ιι-
1121 5812 1296 5872 CLII.
1319 5796 1331 5804 “

2043 4809 2204 4863 modo
2241 4809 2379 4862 Deus
2415 4816 2704 4876 cognoscat
2749 4819 3046 4879 creaturas,
3081 4825 3200 4879 qua:
3243 4811 3312 4864 ita
3348 4812 3605 4871 deﬁciunt

2043 4894 2071 4932 a
2113 4880 2239 4941 Deo,
2275 4879 2412 4948 sicut
2447 4880 2679 4931 tenehrre
2712 4892 2740 4930 a
2771 4878 2989 4938 lumine.
3045 4882 3086 4932 si
3127 4897 3387 4948 ponamus
3420 4884 3602 4939 lumen

2043 4950 2143 5002 hoc
2173 4946 2431 5000 sensibile
2458 4946 3154 5022 esse_mente_‘pr:editunt_,
3204 4952 3248 5005 si
3278 4952 3395 5018 quis
3430 4965 3600 5022 roget,

2043 5034 2108 5093 an
2141 5025 2434 5093 cognoscat
2468 5016 2716 5093 tenebras
2737 5057 2751 5077 ,
2777 5017 2937 5093 dicet
2956 5016 3601 5093 cognoscereantequam

2043 5087 2147 5141 sint
2189 5085 2818 5159 tettebrze_;_cxperientia
2851 5088 2995 5157 enim
3028 5085 3144 5142 non
3195 5101 3365 5158 potest
3403 5085 3606 5159 cogno-

2042 5155 2368 5229 scere,_qnia
2396 5155 2438 5229 si
2470 5155 2647 5208 lumen
2679 5168 2782 5212 est.
2809 5155 3074 5210 non'sunt
3107 5155 3374 5224 tenebrae;
3409 5155 3607 5229 cogno-

2043 5227 2146 5280 scit
2166 5227 2397 5294 igitnrut
2417 5225 2744 5294 lumen,qma
2763 5229 3031 5294 scit,quod
3051 5230 3092 5282 si
3117 5229 3390 5283 auferatur
3405 5225 3603 5292 lumen,

2042 5310 2202 5348 nemo
2245 5293 2465 5347 videbit.
2501 5293 2588 5346 Sic
2627 5294 2767 5348 Deus
2797 5296 2849 5348 in
2896 5293 2954 5349 se
2989 5311 3047 5349 ttt
3079 5313 3242 5351 causa
3280 5299 3440 5350 habet
3487 5314 3604 5350 (IIII-

2043 5366 2191 5418 nium
2227 5362 2616 5434 cognitionem.
2643 5375 2802 5433 quam
2838 5381 2942 5418 non
2979 5381 3072 5434 per
3096 5369 3484 5433 experientiam
3513 5383 3606 5420 ac-

2042 5432 2287 5500 quisivit,
2341 5432 2540 5500 alioqui
2581 5432 2728 5487 esSet
2776 5436 2918 5488 Deus
2959 5432 3222 5501 posterior
3275 5437 3607 5502 cognitione,

2034 5515 2138 5555 aut
2191 5502 2373 5568 aliquo
2421 5514 2662 5569 tempore
2721 5521 2823 5556 non
2883 5506 3270 5571 cognovisset:
3309 5507 3407 5556 hoc
3442 5509 3607 5558 etiam

2044 5572 2289 5639 exemplo
2312 5573 2558 5643 docetur,
2583 5575 2849 5636 quomodo
2881 5589 2982 5625 una
3008 5584 3060 5626 et
3096 5574 3281 5624 eadem
3307 5575 3610 5643 cognitione

2049 5643 2327 5714 cognoscit
2364 5641 2505 5693 Deus
2538 5657 2614 5714 se,
2650 5655 2697 5694 et
2746 5644 2951 5705 oti-nia,
3001 5647 3134 5694 sicut
3187 5641 3609 5714 Iumcn'cdgno-

2047 5711 2244 5765 scendo
2273 5726 2328 5765 se
2363 5711 2634 5778 cognoscit
2675 5714 2940 5766 tenebras.

3216 5807 3306 5862 2o
