4058 6306
583 266 687 341 μοι

1730 232 2051 344 Joannis
2091 268 2654 342 cvmmssrom
2804 287 2827 307 ·
3588 332 3604 359 .

3734 276 3832 357 ad

582 382 746 439 Deum
776 383 1088 452 cognoscit;
1117 398 1234 454 qua:
1261 383 1436 438 autem
1464 382 1530 438 ab
1558 384 1675 453 ipso
1709 387 1963 454 producta
1995 398 2141 448 sttttl,
2176 395 2216 446 Α
2246 397 2365 440 ctor
2392 406 2405 441 :
2443 398 2493 440 et
2526 388 2577 441 in
2606 403 2661 442 se
2682 388 2864 443 omnia
2900 387 3186 458 principia,
3219 399 3272 444 ει
3300 390 3482 446 omnia
3510 406 3576 446 es
3621 394 3831 462 princi-

578 482 876 547 coguoscit,
928 486 985 531 ut
1014 477 1217 530 dictum
1250 485 1351 538 est,
1384 474 1614 529 artiﬁcio
1660 476 1936 545 sapientiae
1991 479 2042 532 in
2080 480 2145 532 iis

579 588 701 644 qua:
741 583 923 627 creata
956 582 1102 633 sunt,
1125 571 1388 636 collectae,
1441 584 1668 643 quaeest
1725 577 1894 641 nuda,
1938 585 1992 628 et
2041 592 2144 630 non

581 680 678 735 per
712 680 770 719 se
792 665 1080 727 exsistcns,
1114 665 1165 716 in
1227 652 1404 718 mente
1454 654 1707 732 iorn-ata,
1749 675 1803 720 et
1844 654 2041 729 adhuc,
2091 670 2143 723 in

582 757 725 810 nulla
758 757 1119 824 duplicatione
1154 755 1294 809 Deus
1321 756 1534 825 penitus
1588 756 1838 826 simplex,
1866 766 1922 812 et
1982 773 2143 826 supra

577 864 738 904 omne
761 849 1009 917 simplex.
1041 842 1361 903 EtJoannes
1414 838 1805 916 Damascenus,
1862 864 1981 918 cap.
2052 850 2139 917 14,

577 940 657 993 De
690 940 864 993 divino
897 939 1035 1000 loco,
1057 939 1129 991 ait
1175 957 1188 993 :
1225 937 1460 1009 Angelus
1491 940 1636 992 enim
1688 942 1964 995 celeritate
1991 954 2145 995 natu-

575 1043 673 1091 τεν,
698 1027 890 1099 etqula
917 1038 1188 1097 prompte,
1221 1028 1270 1082 id
1303 1040 1427 1101 est...
1465 1031 1715 1085 celeriter
1748 1030 1961 1095 transit,
2010 1046 2142 1101 ope-

573 1130 728 1175 ratur
756 1116 1076 1175 in‘diversis
1124 1121 1293 1187 locis;
1329 1120 1467 1176 Deus
1562 1130 1741 1183 autem
1793 1122 1885 1193 qui
1947 1122 2142 1192 ubique

575 1223 680 1278 est,
713 1222 768 1266 et
792 1225 953 1281 supra
984 1212 1163 1265 omnia
1190 1222 1294 1277 est,
1319 1213 1520 1281 ubiqtte
1541 1214 1726 1266 eodem
1793 1225 1997 1281 puncto
2053 1230 2143 1267 va-

570 1305 676 1370 rie,
713 1315 819 1357 una
848 1313 901 1358 ct
929 1302 1160 1372 simplici
1192 1305 1407 1358 actione
1436 1304 1568 1373 agit.
1592 1303 1665 1357 Ex
1731 1292 1925 1373 quibus
1953 1305 2009 1357 lit
2029 1321 2141 1358 nta-

574 1386 854 1457 nl‘l'estuut,
904 1393 1046 1462 quad
1091 1407 1205 1459 non
1249 1392 1352 1445 alia
1400 1392 1713 1463 cognitione
1770 1393 1947 1462 seipse
1999 1394 2141 1449 Deus

573 1485 855 1558 cognoscit
893 1525 908 1551 ,
936 1485 1040 1537 alia
1068 1494 1248 1537 autem
1282 1497 1344 1537 ca
1402 1500 1520 1553 qute
1567 1499 1597 1538 a
1644 1500 1704 1537 se
1750 1484 1936 1538 eliecta
1992 1495 2138 1549 sunt,

571 1578 817 1652 quiuimo
856 1578 1032 1645 seipse
1051 1588 1406 1645 cognoscens,
1438 1589 1563 1631 suos
1580 1575 1743 1629 ctiam
1775 1573 2000 1630 cﬂectus
2031 1591 2138 1632 una

572 1679 627 1724 et
650 1666 855 1724 inﬁnita
883 1668 1192 1736 cognitione
1227 1668 1540 1748 cognoscit;
1574 1683 1745 1736 neque
1776 1668 2006 1724 diversis
2035 1684 2133 1747 p_o-

2247 480 2355 553 piis
2376 478 2427 531 in
2459 480 2617 534 rebus
2648 481 2899 535 omnibus
2929 479 3114 535 eﬂ‘ecta
3149 492 3202 534 et
3228 481 3483 537 conclusa
3512 482 3829 554 anticipat»

2246 579 2302 622 et
2327 570 2631 636 continens,
2656 583 2711 627 et
2739 586 2902 640 supra
2934 572 3114 657 mnia
3141 582 3247 639 est,
3278 583 3463 640 utpote
3489 583 3622 627 ante
3649 577 3827 629 omnia

2247 675 2410 729 supra
2471 660 2834 716 substantiam
2887 678 3220 733 supraquam
3264 667 3553 720 essistens.
3599 664 3726 730 Quo
3779 667 3829 722 in

2247 750 2363 809 loco
2389 765 2609 809 sanctus
2639 753 2902 809 Maximus
2932 770 2946 806 :
2981 746 3285 824 Quomodo,
3325 757 3527 827 inquit,
3572 774 3707 813 cum
3751 758 3828 814 di-

2246 842 2414 898 xisset
2440 844 2693 912 superius
2728 861 2744 900 :
2779 842 2833 898 In
2869 845 2983 914 ipso
3024 859 3123 900 nec
3151 855 3257 909 est,
3288 861 3385 900 nec
3411 856 3556 913 erat,
3590 862 3699 902 nec
3725 857 3825 909 est,

2245 950 2346 989 nec
2386 935 2524 997 erit,
2559 950 2734 1003 neque
2769 934 2968 991 factum
2998 946 3082 990 est
3108 978 3123 998 ,
3159 951 3333 1006 neque
3368 937 3462 1001 lit,
3498 951 3686 1007 neque
3718 939 3822 1003 πει.

2245 1024 2334 1078 hic
2359 1012 2533 1095 dicit;
2560 1010 2618 1078 in
2652 1026 2768 1094 ipso
2794 1035 2849 1079 et
2872 1034 2992 1089 est,
3030 1037 3082 1079 ει
3106 1027 3232 1091 erit,
3263 1036 3318 1082 et
3350 1027 3478 1081 illud
3513 1027 3597 1092 tu,
3627 1037 3688 1082 et
3715 1030 3823 1095 lict,

2243 1117 2457 1193 proprie
2496 1093 2796 1174 isiudatttr?
2847 1118 2928 1172 Au
2980 1118 3081 1174 sibi
3118 1119 3447 1175 contradicit
3487 1093 3825 1191 Dionysius?

2244 1207 2444 1276 Apage.
2471 1200 2641 1278 Supra
2667 1209 2809 1263 enim
2840 1209 3016 1279 ipsum
3048 1210 3185 1264 dixit
3225 1224 3346 1266 esse
3385 1206 3708 1266 eﬁ'ecwrem
3735 1222 3825 1266 ειε-

2243 1290 2524 1365 ειειειιιίςι»,
2552 1299 2876 1370 hypostasis,
2904 1301 3244 1365 substantiae,
3280 1310 3511 1367 naturae,
3534 1310 3591 1355 et
3618 1312 3825 1372 tempo-

2243 1391 2338 1454 ris;
2368 1402 2735 1447 consentanee
2764 1394 2929 1464 igitur
2955 1393 3009 1446 in
3038 1394 3156 1463 ipso
3180 1392 3469 1449 collocavit
3503 1393 3642 1449 illud
3688 1403 3818 1459 erat,

2242 1494 2294 1534 et
2320 1482 2452 1546 alia,
2480 1492 2541 1536 ut
2569 1483 2838 1554 intelligas
2864 1500 2961 1538 uec
2994 1500 3019 1536 a
3052 1495 3315 1553 tempore,
3338 1498 3515 1554 neque
3542 1494 3674 1554 post
3695 1484 3823 1541 tem-

2242 1589 2342 1644 pus
2386 1574 2548 1629 Deum
2576 1575 2847 1647 cmpisse;
2900 1560 3031 1645 q'uin
3085 1577 3267 1644 potius
3318 1577 3660 1643 superiorem
3707 1592 3819 1633 esse

2240 1679 2399 1733 quam
2431 1666 2603 1736 ipsum
2635 1680 2778 1729 esse,
2823 1666 3091 1734 siquidem
3123 1664 3178 1719 in
3218 1666 3334 1735 ipso
3361 1665 3498 1721 dixit
3529 1680 3661 1722 esse
3687 1667 3821 1722 exsi-

486 1774 491 1783 '
572 1757 859 1814 testatibus
912 1767 964 1810 et
994 1756 1305 1811 actionibus
1346 1742 1603 1825 prolucit
1665 1767 1991 1822 creaturam,
2042 1742 2134 1812 sed
2170 1772 2216 1835 Β
2245 1758 2496 1810 stentiam
2546 1757 2645 1826 (4),
2688 1767 2744 1812 ει
2795 1774 2900 1811 non
2951 1773 3068 1812 esse
3100 1758 3288 1831 ipsum
3319 1759 3695 1823 exsistentiac;
3739 1758 3817 1812 hic

572 1851 674 1903 hac
701 1848 1032 1918 cognitione,
1054 1858 1107 1901 et
1132 1862 1235 1899 una
1260 1860 1420 1914 atque
1453 1846 1659 1899 iutiuita
1705 1850 1979 1916 potestate
2003 1862 2137 1901 con-

560 1941 797 2005 ‘tincbat,
822 1948 875 1992 ει
905 1937 1198 2004 anticipata
1237 1938 1467 1992 habebat
1496 1937 1549 1990 iu
1578 1937 1761 2005 seipso
1823 1938 2034 2003 Omnia,
2086 1947 2140 1991 et

564 2040 757 2101 postea
775 2047 838 2085 ex
874 2046 930 2084 se
950 2031 1139 2085 exiens
1164 2029 1452 2099 produxit;
1481 2039 1536 2082 et
1565 2028 1618 2081 in
1648 2027 1838 2092 nihilo,
1864 2038 1919 2083 et
1940 2043 2137 2083 secun-

565 2122 696 2177 dum
724 2123 856 2177 nihil
880 2139 907 2176 a
933 2123 1113 2191 seipso
1134 2120 1336 2175 divisus
1357 2127 1441 2175 est
1463 2118 1540 2189 (l)
1559 2118 1763 2174 habens
1784 2119 1894 2173 huic
1915 2120 2060 2188 prius
2083 2120 2139 2173 in

569 2210 771 2285 seipse,
800 2224 855 2269 et
876 2213 1187 2283 producens;
1197 2220 1404 2280 postea,
1432 2219 1486 2264 et
1525 2224 1714 2264 rursus
1735 2210 1802 2263 ad
1821 2224 1881 2265 se
1904 2210 2138 2265 rediens.

1178 2300 1408 2358 CAPUT
1449 2298 1539 2355 Vl.

568 2409 724 2486 Quod
755 2420 1041 2473 secundum
1076 2433 1233 2471 unum
1269 2417 1591 2485 singularem
1628 2429 1844 2486 causam
1875 2417 2048 2469 omnia
2076 2416 2137 2482 ﬁt

644 2492 778 2544 Deus
809 2505 828 2543 :
859 2489 989 2541 nihil
1019 2498 1188 2540 atatem
1216 2502 1394 2540 eorum
1421 2499 1537 2555 qua:
1565 2490 1627 2537 ab
1666 2488 1777 2554 ipso
1811 2485 1955 2554 facta
1992 2494 2135 2551 sunt,

628 2563 713 2615 “est
744 2572 856 2612 ‘rton
897 2567 1149 2610 creatum.

524 2735 539 2745 ,
636 2662 862 2744 Magnus
882 2660 1194 2745 Dionysius,
1221 2686 1338 2740 cap.
1374 2670 1429 2735 9,
1474 2668 1546 2724 De
1571 2669 1763 2724 divinis
1797 2669 2093 2731 nominibus
2118 2685 2137 2723 :

568 2760 851 2828 Omnibus,
888 2765 1085 2834 inquit,
1132 2765 1283 2817 adest
1310 2778 1547 2833 praesens
1581 2760 1720 2818 Deus
1762 2762 2129 2830 providenter,

490 2892 495 2893 ί
564 2869 620 2915 ει
658 2858 838 2914 omnia
874 2857 926 2912 in
966 2857 1220 2912 omnibus
1283 2855 1339 2910 lit
1389 2866 1610 2924 propter
1659 2853 2132 2930 conservationem

567 2954 831 3016 omnium,
865 2956 1088 3004 manens
1109 2949 1167 3002 in
1200 2963 1280 3014 se,
1307 2956 1362 3002 et
1394 2951 1461 3002 ab
1491 2948 1682 3002 eodem
1722 2961 1822 3001 suo
1854 2955 1998 3000 statu
2029 2960 2135 2999 non

566 3038 873 3108 egrediens,
905 3040 957 3089 in
990 3037 1204 3090 actione
1236 3045 1365 3100 una,
1394 3045 1447 3090 et
1488 3046 1763 3104 nunquam
1792 3046 2038 3091 cessante
2070 3037 2134 3088 ll-

2242 1857 2424 1899 atttcm
2447 1847 2571 1915 quia
2596 1834 2734 1903 dixit
2757 1849 3103 1917 multiplicari
3130 1866 3252 1905 eum
3279 1848 3580 1906 secundum
3605 1863 3812 1905 omnem

2241 1937 2891 2013 cogitationem,,meri:o
2942 1941 3121 1994 dixit:
3158 1931 3213 1995 In
3265 1941 3386 2012 ipso
3431 1940 3566 1995 illud
3617 1948 3721 2006 est,
3765 1951 3814 1995 et

2239 2031 2364 2093 erit,
2389 2040 2443 2083 et
2467 2045 2588 2100 qua:
2616 2042 2940 2100 sequuntur,
2971 2035 3096 2103 quia
3137 2035 3225 2087 ubi
3271 2013 3525 2105 tempus;
3560 2045 3656 2088 aut
3684 2044 3811 2089 tem-

2240 2122 2581 2190 pestivitates
2613 2123 2893 2193 cogitabis,
2927 2125 3036 2181 illic
3068 2124 3236 2180 Deum
3269 2126 3538 2195 reperies,
3565 2135 3622 2182 et
3652 2142 3804 2196 supra

2239 2213 2445 2279 omnia,
2480 2212 2536 2270 et
2581 2227 2707 2270 ante
2750 2217 2933 2271 omnia
2979 2224 3122 2282 esse,
3157 2228 3212 2273 et
3245 2232 3437 2273 eorum
3478 2233 3604 2288 quas
3645 2222 3765 2275 sunt
3790 2256 3806 2282 ,

2239 2318 2462 2359 causam
2495 2314 2548 2363 et
2577 2294 2891 2362 eil‘ectorem
2937 2322 3076 2374 esse,
3109 2319 3164 2363 et
3204 2304 3341 2364 nihil
3373 2310 3619 2380 ipsorum
3643 2324 3758 2366 esse
3790 2327 3805 2362 :

2239 2395 2383 2449 sicut
2415 2396 2750 2464 dicebamus,
2780 2385 2922 2454 Nihil
2955 2412 3035 2455 est
3062 2417 3248 2457 eorum
3282 2416 3405 2473 quae
3452 2411 3602 2467 sunt,
3629 2412 3682 2458 et
3706 2403 3809 2469 ipse

2240 2492 2322 2539 est
2363 2484 2414 2566 iu
2448 2487 2724 2541 omnibus.
2775 2487 3008 2543 Sanctus
3037 2477 3334 2562 Gregorius
3373 2490 3675 2563 Nyssenus,
3702 2492 3800 2545 Ade

2241 2591 2416 2630 versus
2453 2576 2774 2633 Eunomiuut
2805 2596 2822 2633 .'
2860 2579 3137 2645 Bil‘ariam,
3171 2581 3366 2651 inquit,
3407 2583 3573 2640 rebus
3601 2583 3801 2653 partitis

2240 2666 2295 2721 in
2345 2667 2585 2735 faciens,
2619 2678 2675 2725 et
2701 2670 2935 2736 factum,
2972 2682 3262 2743 utrumque
3307 2676 3378 2731 ab
3421 2676 3595 2731 altero
3625 2681 3800 2731 natura

2239 2754 2442 2824 dilIert,
2472 2766 2531 2812 ut
2566 2773 2739 2828 neque
2778 2761 2921 2831 quod
2969 2760 3173 2817 factum
3200 2774 3283 2820 est
3309 2779 3417 2820 non
3446 2776 3687 2822 creatum
3716 2767 3798 2829 sit,

2239 2861 2415 2918 neque
2442 2858 2684 2905 creatum
2714 2854 2855 2923 quod
2888 2863 3133 2923 naturam
3160 2868 3348 2913 eorum
3373 2865 3496 2927 qua:
3524 2858 3678 2926 ﬁunt,
3703 2857 3801 2914 eilia

2239 2939 2332 2995 cit.
2374 2934 2522 2995 Ideni
2559 2943 2610 2996 in
2637 2944 2837 2999 eisdem
2869 2945 3027 3001 libris
3055 2963 3071 3001 :
3096 2946 3230 3020 Ego,
3272 2950 3470 3019 inquit,
3512 2954 3609 3007 etsi
3635 2967 3798 3008 sermo

2239 3042 2388 3087 esset
2445 3035 2589 3091 illius
2637 3035 2857 3108 Moysis,
2905 3032 2999 3107 qui
3054 3039 3108 3095 in
3163 3041 3628 3099 adminiSIratione
3672 3043 3795 3111 legis

565 3149 688 3188 xus.
725 3133 787 3185 Et
816 3146 1005 3185 rursus
1044 3131 1184 3185 idem
1220 3131 1271 3184 in
1316 3129 1505 3200 quinto
1533 3143 1549 3181 ι
1580 3129 1835 3212 Qui'vere
1875 3130 2130 3198 prrexsi—
2163 3127 2210 3189 C
2239 3122 2530 3192 splenduit,
2562 3142 2733 3195 neque
2767 3129 2845 3184 sic
2873 3130 3180 3201 hujusmodi
3205 3147 3509 3189 sermonem
3544 3137 3786 3196 tulissem.

567 3225 661 3277 stit
697 3223 796 3291 (‘2),
826 3225 1120 3278 secundum
1153 3237 1367 3277 Omnem
1402 3229 1591 3276 eorum
1619 3237 1742 3292 quae
1768 3235 1894 3277 sunt
1931 3225 2145 3295 cogitaa

569 3318 766 3370 tionem
801 3314 1281 3383 multiplicatur,et
1298 3315 1354 3367 in
1376 3322 1441 3369 eo
1465 3317 1678 3383 proprie
1702 3316 2009 3371 celebratur
2031 3316 2136 3387 ('5),

566 3420 703 3470 erat,
736 3416 914 3473 etest,
944 3419 998 3462 et
1027 3408 1130 3462 crit
1167 3390 1335 3463 {item
1365 3388 1566 3463 factum
1600 3418 1707 3475 est,
1739 3420 1794 3463 et
1822 3412 1898 3476 lit,
1929 3420 1983 3464 et
2016 3412 2139 3477 liet;

569 3491 693 3554 [ire
723 3500 863 3553 enim
899 3500 1076 3552 omnia
1106 3498 1414 3569 signiﬁcant
1444 3498 1508 3553 iis
1548 3500 1639 3568 qui
1674 3511 1728 3553 ιιι
1762 3498 1929 3554 Deum
1964 3503 2139 3565 decet,

566 3591 893 3662 intelligunt,
917 3606 1032 3647 esse
1053 3607 1174 3647 eum
1198 3591 1489 3646 secundum
1517 3603 1730 3644 munem
1760 3592 2138 3660 cogitationem

459 3722 473 3743 .
565 3694 727 3752 supra
758 3680 1122 3736 substantiam
1151 3698 1164 3735 :
1188 3692 1241 3736 et
1265 3696 1389 3737 esse
1418 3697 1636 3737 causam
1664 3691 1852 3737 eorum
1882 3698 2001 3752 quae
2025 3699 2140 3736 mo-

565 3775 650 3829 dis
683 3773 934 3830 omnibus
961 3789 1116 3842 sunt;
1150 3776 1347 3829 etenim
1374 3791 1477 3830 non
1505 3775 1606 3829 hoc
1628 3775 1842 3842 quidem
1870 3783 1974 3841 est,
2005 3767 2134 3830 illud

565 3882 696 3921 vero
730 3882 835 3922 nou
866 3878 979 3934 est;
1013 3883 1114 3923 nec
1143 3866 1325 3937 aliquo
1357 3866 1575 3936 quidem
1619 3868 1778 3922 modo
1818 3877 1921 3934 est,
1955 3868 2136 3938 aliquo

566 3970 696 4013 vero
730 3973 836 4012 non
868 3968 948 4013 est
971 3976 985 4024 ;
1013 3958 1106 4012 sed
1137 3957 1314 4028 potius
1339 3957 1518 4011 omnia
1545 3965 1649 4021 est,
1678 3967 1734 4009 ut
1762 3956 1999 4011 omnium
2033 3969 2153 4010 ιλιι-κ

635 4139 681 4172 ⁹¹
738 4132 895 4192 Joan.
927 4150 967 4201 t,
1005 4135 1056 4189 1.

2249 3208 2348 3286 (5),
2382 3217 2481 3269 etsi
2530 3234 2652 3272 eum
2698 3219 2901 3274 uullutn
2936 3223 3134 3289 alioqui
3170 3239 3199 3276 e
3246 3238 3307 3278 se
3354 3226 3672 3293 splendorem
3698 3223 3778 3276 ille

2251 3306 2495 3375 haberet,
2543 3327 2763 3366 munere
2791 3313 2977 3367 divino
3005 3314 3322 3384 splendidus
3355 3326 3554 3385 repente
3578 3312 3773 3372 Israeli-

2249 3400 2316 3454 lis
2346 3404 2636 3470 apparuit;
2674 3404 2718 3457 is
2749 3405 2892 3458 euitn
2930 3405 3187 3471 splendor
3216 3406 3267 3460 in
3300 3407 3590 3477 legislature
3618 3415 3779 3465 ortttS.

2248 3506 2355 3544 non
2394 3494 2491 3544 l'uit
2524 3493 2798 3559 cujusdattt
2830 3496 3075 3564 alterius,
3112 3501 3204 3553 sed
3251 3500 3418 3569 ipsius
3455 3500 3565 3554 Dei.
3589 3500 3647 3552 Et
3672 3500 3790 3554 bea~

2248 3591 2336 3638 tus
2372 3584 2839 3655 Chrysostomus,
2888 3589 2942 3641 in
2993 3591 3240 3646 oratione
3284 3592 3335 3646 in
3388 3592 3595 3645 laudem
3635 3588 3790 3663 sancti

2243 3673 2468 3729 Joannis
2495 3677 2774 3747 'l‘heologi,
2798 3679 2955 3747 cujus
2983 3682 3305 3751 principium
3338 3692 3420 3737 est
3443 3698 3458 3734 :
3490 3681 3793 3749 Principium

2245 3768 2392 3822 nobis
2427 3750 2610 3822 rurius
2644 3786 2671 3822 e
2700 3772 2829 3823 caelo
2867 3772 3096 3846 advenit,
3127 3750 3209 3827 sic
3255 3775 3331 3827 ait
3381 3790 3395 3825 ί
3447 3770 3514 3827 In
3557 3772 3797 3842 principio

2242 3874 2351 3916 erat
2396 3859 2639 3924 Verbum,
2675 3871 2720 3914 et
2754 3860 2972 3915 Verbum
3012 3873 3125 3916 erat
3172 3866 3316 3932 apud
3363 3863 3554 3927 Deum,
3586 3872 3636 3920 et
3675 3862 3798 3916 Deus

2239 3963 2355 4009 erat
2391 3953 2608 4008 Verbum
2641 3952 2701 4008 ⁵³.
2741 3952 3016 4024 Nusquam
3043 3964 3144 4021 est,
3177 3970 3282 4010 non
3317 3936 3458 4023 erat,
3486 3959 3581 4014 sed
3615 3956 3799 4026 ubique

2037 4237 2313 4314 Scholia.

638 4385 715 4455 (ι)
744 4380 907 4455 Eslre
951 4392 978 4428 τι
1026 4391 1107 4455 se,
1150 4386 1226 4455 et_
1257 4390 1362 4432 non
1403 4376 1594 4455 dividi,
1640 4376 1751 4429 hoc
1785 4385 1866 4430 est
1916 4375 2135 4455 inﬁniti,
2167 4379 2219 4438 D
2244 4381 2584 4455 eminentior.
2620 4370 2710 4437 Sic
2726 4381 2861 4455 dieit
2885 4378 3022 4438 idem
3056 4376 3346 4455 Dionysius
3363 4388 3493 4455 cap.
3518 4368 3555 4435 5
3587 4397 3603 4455 ς
3631 4369 3794 4455 ipsum

567 4448 712 4526 quod
745 4451 922 4506 omnia
961 4448 1262 4503 substantia
1297 4464 1391 4503 sua
1427 4457 1483 4501 et
1521 4448 1718 4500 virtute
1746 4461 1811 4500 ac
1851 4448 2135 4515 praesentia

567 4526 771 4585 implet.

733 4542 771 4576 ι.

755 4594 860 4657 Qui
897 4607 1010 4645 vere
1034 4587 1368 4661 pra'exsistit,
1398 4587 1680 4663 secundum
1709 4599 1913 4663 omnem
1954 4601 2134 4663 eorum

568 4654 867 4735 quicum,
898 4654 1271 4735 cogitationem
1318 4656 1724 4723 multiplicatur.
1755 4654 1810 4707 ιιι
1837 4667 1939 4735 εει,
1975 4660 2133 4725 quid-

566 4728 695 4804 quid
730 4728 1017 4803 cogitetur,
1052 4740 1106 4783 ιιι
1154 4730 1217 4804 ad
1269 4743 1646 4804 quamcunque
1678 4740 1789 4779 rem
1824 4728 1945 4793 quis
1974 4743 2127 4804 ιιιινιιιτ

564 4797 674 4860 tem
727 4797 990 4867 intendat,
1027 4801 1262 4854 iuvmiet
1302 4800 1352 4848 in
1403 4814 1463 4849 ca
1520 4797 1793 4867 notionem
1843 4812 2043 4865 causae,
2078 4801 2127 4854 id

563 4886 670 4939 est,
703 4877 939 4929 auctoris
974 4865 1066 4927 Dei
1094 4887 1110 4937 ;
1138 4873 1238 4924 hoc
1267 4867 1429 4936 igitur
1458 4878 1535 4919 est
1570 4865 1938 4939 multiplicari,
1983 4873 2145 4925 cerni

563 4934 687 4999 eum
724 4948 778 4997 in
812 4948 994 4998 multis
1014 4934 1256 4999 causanti,
1291 4934 1352 4990 ex
1379 4939 1438 4991 ὃ.
1471 4938 1682 4990 Maxint.
1713 4946 1768 4989 et
1802 4934 2057 5007 Pachyni.

590 5034 595 5045 ’
637 5014 714 5084 (5)
762 5012 830 5068 In
872 5030 931 5067 eo
980 5014 1186 5082 proprie
1231 5008 1543 5084 celebratur,
1593 5020 1729 5069 erat,
1761 5016 1810 5084 et
1853 5020 1950 5084 est.
1984 5008 2129 5061 Idem

561 5076 849 5155 Dionysius
884 5076 1284 5147 interpretatur,
1305 5078 1574 5155 quotuon
1606 5076 1819 5155 proprie
1849 5081 2132 5155 celeprcu-

564 5168 651 5211 tur
686 5146 820 5217 time,
860 5146 1061 5207 scilicet
1090 5158 1358 5220 quatenus
1391 5148 1799 5220 intelliguntur,
1855 5157 1912 5199 ut
1964 5146 2128 5200 Deum

506 5258 519 5271 ι
561 5236 733 5291 decet,
764 5213 978 5293 proprie
1008 5213 1260 5277 dicuntur
1296 5220 1347 5272 in
1376 5218 1529 5296 lico;
1556 5227 1611 5296 et
1652 5216 1705 5296 in
1749 5213 1856 5296 Deo
1887 5233 2034 5280 sunt,
2079 5221 2130 5271 ut

562 5312 669 5364 est,
702 5288 973 5364 tititttetttts
999 5300 1273 5356 est,'ct‘ttt,
1308 5288 1798 5364 el'il,__parli('ipa_llt
1824 5302 1976 5364 esse;
2008 5306 2126 5364 utu-

561 5353 821 5421 ttia'et'tim
852 5353 1145 5419 secundum
1174 5353 1394 5414 causam
1421 5353 1680 5415 dicuntur
1720 5357 1785 5408 de
1828 5353 1959 5420 Dcu,
1992 5368 2046 5410 et
2079 5361 2129 5410 in

563 5455 631 5492 eo
652 5448 804 5497 sunt,
832 5445 886 5489 ct
919 5434 1293 5500 intelliguntur
1329 5425 1946 5501 suprasubstan‘tialiter,
1991 5444 2128 5501 qua-

562 5523 718 5562 tenus
770 5494 898 5562 v‘t-ro
950 5505 1032 5558 sic
1060 5494 1514 5569 accipiuntur,‘u't
1541 5510 1663 5550 cum
1698 5494 1898 5569 dicitur
1935 5515 1947 5548 :
1987 5494 2128 5550 Deus

558 5590 663 5637 est.
693 5588 829 5641 erat,
876 5575 983 5629 erit
1012 5612 1028 5635 ,
1055 5565 1391 5641 signiﬁcetur
1420 5565 1587 5620 Deum
1623 5565 1952 5635 participare
1983 5582 2127 5630 μευ,

559 5636 759 5720 attente
774 5636 899 5720 sunt
924 5662 952 5697 a
987 5636 1226 5720 l)eo,_ex_
1242 5636 1503 5720 Pachyni.
1588 5717 1596 5720 _
1966 5706 1976 5717 .

633 5719 706 5785 (ί)
742 5718 802 5769 In
841 5719 949 5783 ipso
981 5728 1088 5766 esse
1118 5716 1500 5773 resistentium,
1549 5717 1597 5762 et
1647 5722 1749 5761 nou
1799 5722 1911 5762 esse
1959 5716 2127 5774 ipsum

2251 4451 2410 4527 habet
2446 4453 2795 4527 exsistcntia,
2825 4464 2878 4507 ct
2902 4468 3011 4507 non
3047 4461 3132 4506 est
3164 4445 3280 4527 ipse
3318 4445 3667 4527 exsistentjtel
3704 4445 3800 4527 Es-

2246 4521 2687 4595 sistentiababet
2718 4520 2996 4595 υειιιηιυι
3028 4520 3291 4595 consistat
3321 4522 3435 4595 ipsa
3472 4520 3799 4595 essisteatiai

2247 4590 2390 4643 sicut
2428 4590 2551 4659 quis
2592 4591 2754 4665 habet
2776 4590 2964 4665 _vitain
3001 4594 3067 4665 ad
3110 4591 3221 4665 sui‘
3247 4590 3669 4653 exsistenliam;
3704 4600 3799 4665 non

2245 4668 2424 4714 autem
2462 4676 2540 4714 ειε
2581 4663 2742 4714 habet
2776 4663 2913 4716 Deus
2940 4660 3315 4716 cxsistentiam
3346 4700 3361 4721 ,
3410 4672 3467 4714 ut
3520 4674 3635 4728 per,
3663 4660 3791 4709 exsi-

2245 4729 2496 4782 stcutiam
2543 4732 2630 4784 sit.
2684 4730 2835 4785 Sicut
2869 4732 3033 4800 igitur
3062 4729 3377 4786 exsiSteutia
3426 4727 3590 4783 habet
3621 4727 3793 4786 Deum,

2245 4800 2328 4874 sic
2362 4801 2674 4874 exsisteutia
2725 4815 2808 4874 est
2846 4802 2961 4874 Dei,
2995 4802 3118 4874 quia
3154 4804 3222 4853 ab
3255 4800 3371 4869 ipso
3416 4809 3640 4874 manat;
3675 4804 3801 4874 etut

2245 4867 2387 4922 Deus
2412 4883 2518 4921 non
2541 4870 2702 4923 habet
2725 4872 2804 4924 sic
2829 4867 3222 4934 (assistentium,
3240 4867 3299 4921 ut
3323 4884 3417 4936 per
3438 4867 3796 4923 exsistentism

2245 4947 2349 5003 ειι;
2385 4940 2464 4991 sic
2505 4954 2682 5006 neque
2716 4940 2854 4995 Deus
2887 4951 2971 4995 cst
3001 4939 3169 5009 ipsius
3211 4939 3547 4995 essisteutia:
3568 4976 3586 5003 ,
3617 4944 3675 4990 ut
3714 4944 3800 5001 per

2241 5023 2361 5060 eam
2397 5020 2486 5061 ειι.

2315 5079 2392 5146 (ὃ)
2426 5078 2730 5133 Sermonem
2773 5079 3032 5133 tulissem.
3073 5078 3297 5133 Volebat
3343 5077 3640 5146 Ettnomjus
3685 5085 3797 5128 cum

2242 5144 2460 5202 Ariatus
2493 5147 2829 5214 splendorem
2865 5153 2955 5218 qui
2989 5150 3236 5217 apparuit
3268 5148 3318 5201 in
3350 5147 3489 5202 facie
3512 5144 3726 5216 Moysis,
3749 5148 3797 5192 ει

2242 5220 2416 5272 Oculis
2451 5221 2727 5285 eurporcis
2774 5221 2922 5273 visus
2954 5232 3057 5282 est,
3087 5219 3253 5272 fuisse
3283 5219 3517 5270 divinam
3558 5219 3797 5270 substan-

2238 5292 2370 5340 tiam
2421 5288 2539 5343 Fdii
2573 5290 2704 5359 tteig,
2741 5305 2806 5342 es
2842 5305 2952 5358 quo
2982 5299 3294 5342 creaturam
3327 5300 3449 5340 esse
3475 5285 3684 5359 egi-ere
3709 5295 3793 5359 vt!-

2243 5359 2458 5424 lcbaut;
2495 5363 2636 5426 quod
2666 5356 2872 5413 riuum
2912 5370 2967 5412 et
2998 5360 3308 5413 hereticqu
3335 5364 3475 5409 erat.
3507 5356 3635 5409 Erat
3660 5356 3790 5407 enim

2245 5430 2333 5481 ille
2357 5431 2609 5497 splendor
2638 5444 2745 5482 non
2772 5429 2995 5497 alterius
3021 5443 3187 5496 quam
3220 5426 3313 5479 Dei
3345 5434 3617 5497 creatura,
3639 5439 3666 5475 a
3699 5430 3794 5497 quo

2246 5500 2298 5551 iu
2338 5491 2475 5553 lacte
2505 5500 2712 5568 Moysis
2762 5491 3233 5568 creatus‘l'ttit,rut
3276 5497 3330 5548 iu
3358 5511 3424 5550 eo
3451 5495 3691 5568 divinum
3718 5491 3798 5568 itt-

2245 5583 2367 5624 tuen
2399 5559 2693 5622 secundum
2732 5583 2792 5623 se
2818 5559 3205 5637 iuaspectabile
3231 5575 3493 5635 tanquam
3513 5565 3568 5619 in
3594 5559 3797 5633 speculo

2244 5640 2311 5694 ad
2340 5643 2438 5695 huc
2468 5638 2610 5694 laeto
2632 5637 2889 5695 lsraelitis
2922 5638 3251 5694 ostenderet.
