  <div class='ocr_page' id='page_1' title='image "/cluster/home/n/w/nwhite01/storage/ocr_20150623/152/mdp.39015078384735/463.png"; bbox 0 0 4058 6306; ppageno 0'>
   <div class='ocr_carea' id='block_1_1' title="bbox 469 313 568 381">
    <p class='ocr_par' dir='ltr' id='par_1_1' title="bbox 469 313 568 381">
     <span class='ocr_line' id='line_1_1' title="bbox 469 313 568 381; baseline 0.01 -3"><span class='ocrx_word' id='word_1_1' title='bbox 469 313 568 381; x_wconf 67' lang='lat' dir='ltr'><strong>{ill</strong></span> 
     </span>
    </p>
   </div>
   <div class='ocr_carea' id='block_1_2' title="bbox 1657 316 2579 382">
    <p class='ocr_par' dir='ltr' id='par_1_2' title="bbox 1657 316 2579 382">
     <span class='ocr_line' id='line_1_2' title="bbox 1657 316 2579 382; baseline 0.004 -5"><span class='ocrx_word' id='word_1_2' title='bbox 1657 316 1976 379; x_wconf 85' lang='lat' dir='ltr'><strong>JOANNIS</strong></span> <span class='ocrx_word' id='word_1_3' title='bbox 2011 320 2579 382; x_wconf 57' lang='lat' dir='ltr'><strong>CYPARISSIOTJE</strong></span> 
     </span>
    </p>
   </div>
   <div class='ocr_carea' id='block_1_3' title="bbox 3615 266 3719 390">
    <p class='ocr_par' dir='ltr' id='par_1_3' title="bbox 3615 266 3719 390">
     <span class='ocr_line' id='line_1_3' title="bbox 3615 266 3719 390; baseline 0.019 -2"><span class='ocrx_word' id='word_1_4' title='bbox 3615 266 3719 390; x_wconf 57' lang='lat' dir='ltr'><strong>sit</strong></span> 
     </span>
    </p>
   </div>
   <div class='ocr_carea' id='block_1_4' title="bbox 468 429 3718 510">
    <p class='ocr_par' dir='ltr' id='par_1_4' title="bbox 468 429 3718 510">
     <span class='ocr_line' id='line_1_4' title="bbox 468 429 3718 510; baseline 0.004 -27"><span class='ocrx_word' id='word_1_5' title='bbox 468 429 883 496; x_wconf 86' lang='lat' dir='ltr'><strong>multitudinem,</strong></span> <span class='ocrx_word' id='word_1_6' title='bbox 914 435 1029 500; x_wconf 74' lang='lat' dir='ltr'><strong>quae</strong></span> <span class='ocrx_word' id='word_1_7' title='bbox 1053 432 1106 486; x_wconf 91' lang='lat' dir='ltr'><strong>in</strong></span> <span class='ocrx_word' id='word_1_8' title='bbox 1139 431 1378 487; x_wconf 84' lang='lat' dir='ltr'><strong>numeris</strong></span> <span class='ocrx_word' id='word_1_9' title='bbox 1410 432 1729 488; x_wconf 85' lang='lat' dir='ltr'><strong>divisionem</strong></span> <span class='ocrx_word' id='word_1_10' title='bbox 1757 434 1938 497; x_wconf 98' lang='lat' dir='ltr'><strong>habet,</strong></span> <span class='ocrx_word' id='word_1_11' title='bbox 1970 435 2036 487; x_wconf 89' lang='lat' dir='ltr'><strong>ad</strong></span> <span class='ocrx_word' id='word_1_12' title='bbox 2068 441 2113 496; x_wconf 78' lang='grc' dir='ltr'>Α</span> <span class='ocrx_word' id='word_1_13' title='bbox 2142 435 2390 505; x_wconf 89' lang='lat' dir='ltr'><strong>cogitari,</strong></span> <span class='ocrx_word' id='word_1_14' title='bbox 2433 437 2525 490; x_wconf 90' lang='lat' dir='ltr'><strong>sed</strong></span> <span class='ocrx_word' id='word_1_15' title='bbox 2562 435 2740 505; x_wconf 93' lang='lat' dir='ltr'><strong>potius</strong></span> <span class='ocrx_word' id='word_1_16' title='bbox 2786 443 3026 505; x_wconf 80' lang='lat' dir='ltr'><strong>potestas</strong></span> <span class='ocrx_word' id='word_1_17' title='bbox 3073 440 3316 507; x_wconf 80' lang='lat' dir='ltr'><strong>quaedam</strong></span> <span class='ocrx_word' id='word_1_18' title='bbox 3364 455 3560 510; x_wconf 81' lang='lat' dir='ltr'><strong>expers</strong></span> <span class='ocrx_word' id='word_1_19' title='bbox 3592 458 3718 509; x_wconf 86' lang='lat' dir='ltr'><strong>par-</strong></span> 
     </span>
    </p>
   </div>
   <div class='ocr_carea' id='block_1_5' title="bbox 469 523 2038 596">
    <p class='ocr_par' dir='ltr' id='par_1_5' title="bbox 469 523 2038 596">
     <span class='ocr_line' id='line_1_5' title="bbox 469 523 2038 596; baseline 0.001 -19"><span class='ocrx_word' id='word_1_20' title='bbox 469 523 628 578; x_wconf 85' lang='lat' dir='ltr'><strong>llnem</strong></span> <span class='ocrx_word' id='word_1_21' title='bbox 660 524 883 588; x_wconf 85' lang='lat' dir='ltr'><strong>ducunt,</strong></span> <span class='ocrx_word' id='word_1_22' title='bbox 919 524 1090 594; x_wconf 88' lang='lat' dir='ltr'><strong>posita</strong></span> <span class='ocrx_word' id='word_1_23' title='bbox 1127 524 1342 593; x_wconf 84' lang='lat' dir='ltr'><strong>quidem</strong></span> <span class='ocrx_word' id='word_1_24' title='bbox 1377 524 1582 580; x_wconf 91' lang='lat' dir='ltr'><strong>unitate</strong></span> <span class='ocrx_word' id='word_1_25' title='bbox 1618 526 1891 596; x_wconf 86' lang='lat' dir='ltr'><strong>principio</strong></span> <span class='ocrx_word' id='word_1_26' title='bbox 1920 542 2038 581; x_wconf 79' lang='lat' dir='ltr'><strong>om-</strong></span> 
     </span>
    </p>
   </div>
   <div class='ocr_carea' id='block_1_6' title="bbox 467 617 2037 687">
    <p class='ocr_par' dir='ltr' id='par_1_6' title="bbox 467 617 2037 687">
     <span class='ocr_line' id='line_1_6' title="bbox 467 617 2037 687; baseline 0.001 -16"><span class='ocrx_word' id='word_1_27' title='bbox 467 618 551 672; x_wconf 89' lang='lat' dir='ltr'><strong>nis</strong></span> <span class='ocrx_word' id='word_1_28' title='bbox 583 618 827 681; x_wconf 87' lang='lat' dir='ltr'><strong>numeri;</strong></span> <span class='ocrx_word' id='word_1_29' title='bbox 859 617 1069 672; x_wconf 86' lang='lat' dir='ltr'><strong>duobus</strong></span> <span class='ocrx_word' id='word_1_30' title='bbox 1106 628 1234 670; x_wconf 86' lang='lat' dir='ltr'><strong>vero</strong></span> <span class='ocrx_word' id='word_1_31' title='bbox 1281 617 1475 686; x_wconf 78' lang='lat' dir='ltr'><strong>positis</strong></span> <span class='ocrx_word' id='word_1_32' title='bbox 1514 617 1781 687; x_wconf 90' lang='lat' dir='ltr'><strong>principio</strong></span> <span class='ocrx_word' id='word_1_33' title='bbox 1827 619 2037 674; x_wconf 89' lang='lat' dir='ltr'><strong>numeri</strong></span> 
     </span>
    </p>
   </div>
   <div class='ocr_carea' id='block_1_7' title="bbox 467 708 2035 781">
    <p class='ocr_par' dir='ltr' id='par_1_7' title="bbox 467 708 2035 781">
     <span class='ocr_line' id='line_1_7' title="bbox 467 708 2035 781; baseline 0.002 -20"><span class='ocrx_word' id='word_1_34' title='bbox 467 710 637 779; x_wconf 88' lang='lat' dir='ltr'><strong>paris.</strong></span> <span class='ocrx_word' id='word_1_35' title='bbox 669 710 727 764; x_wconf 87' lang='lat' dir='ltr'><strong>Si</strong></span> <span class='ocrx_word' id='word_1_36' title='bbox 779 709 943 777; x_wconf 82' lang='lat' dir='ltr'><strong>igitur</strong></span> <span class='ocrx_word' id='word_1_37' title='bbox 974 708 1301 778; x_wconf 87' lang='lat' dir='ltr'><strong>principium</strong></span> <span class='ocrx_word' id='word_1_38' title='bbox 1336 708 1622 777; x_wconf 79' lang='lat' dir='ltr'><strong>significat</strong></span> <span class='ocrx_word' id='word_1_39' title='bbox 1666 711 1809 781; x_wconf 88' lang='lat' dir='ltr'><strong>quod</strong></span> <span class='ocrx_word' id='word_1_40' title='bbox 1853 720 1936 766; x_wconf 87' lang='lat' dir='ltr'><strong>est</strong></span> <span class='ocrx_word' id='word_1_41' title='bbox 1984 712 2035 765; x_wconf 90' lang='lat' dir='ltr'><strong>in</strong></span> 
     </span>
    </p>
   </div>
   <div class='ocr_carea' id='block_1_8' title="bbox 473 799 2039 870">
    <p class='ocr_par' dir='ltr' id='par_1_8' title="bbox 473 799 2039 870">
     <span class='ocr_line' id='line_1_8' title="bbox 473 799 2039 870; baseline 0.002 -18"><span class='ocrx_word' id='word_1_42' title='bbox 473 815 799 870; x_wconf 89' lang='lat' dir='ltr'><strong>unoquoque</strong></span> <span class='ocrx_word' id='word_1_43' title='bbox 824 813 1022 867; x_wconf 82' lang='lat' dir='ltr'><strong>genere</strong></span> <span class='ocrx_word' id='word_1_44' title='bbox 1048 799 1535 869; x_wconf 77' lang='lat' dir='ltr'><strong>simplicissimum,</strong></span> <span class='ocrx_word' id='word_1_45' title='bbox 1558 803 1825 868; x_wconf 90' lang='lat' dir='ltr'><strong>quomodo</strong></span> <span class='ocrx_word' id='word_1_46' title='bbox 1850 817 2039 856; x_wconf 83' lang='lat' dir='ltr'><strong>nume-</strong></span> 
     </span>
    </p>
   </div>
   <div class='ocr_carea' id='block_1_9' title="bbox 472 888 2037 959">
    <p class='ocr_par' dir='ltr' id='par_1_9' title="bbox 472 888 2037 959">
     <span class='ocr_line' id='line_1_9' title="bbox 472 888 2037 959; baseline -0.001 -14"><span class='ocrx_word' id='word_1_47' title='bbox 472 906 568 946; x_wconf 88' lang='lat' dir='ltr'><strong>rus</strong></span> <span class='ocrx_word' id='word_1_48' title='bbox 617 892 842 945; x_wconf 90' lang='lat' dir='ltr'><strong>duorum</strong></span> <span class='ocrx_word' id='word_1_49' title='bbox 889 893 995 944; x_wconf 90' lang='lat' dir='ltr'><strong>erit</strong></span> <span class='ocrx_word' id='word_1_50' title='bbox 1038 888 1361 959; x_wconf 88' lang='lat' dir='ltr'><strong>principium</strong></span> <span class='ocrx_word' id='word_1_51' title='bbox 1395 890 1683 944; x_wconf 84' lang='lat' dir='ltr'><strong>omnium?</strong></span> <span class='ocrx_word' id='word_1_52' title='bbox 1728 890 1848 946; x_wconf 83' lang='lat' dir='ltr'><strong>Non</strong></span> <span class='ocrx_word' id='word_1_53' title='bbox 1892 892 2037 946; x_wconf 90' lang='lat' dir='ltr'><strong>enim</strong></span> 
     </span>
    </p>
   </div>
   <div class='ocr_carea' id='block_1_10' title="bbox 472 980 2038 1050">
    <p class='ocr_par' dir='ltr' id='par_1_10' title="bbox 472 980 2038 1050">
     <span class='ocr_line' id='line_1_10' title="bbox 472 980 2038 1050; baseline -0.001 -12"><span class='ocrx_word' id='word_1_54' title='bbox 472 997 733 1038; x_wconf 89' lang='lat' dir='ltr'><strong>numerus</strong></span> <span class='ocrx_word' id='word_1_55' title='bbox 758 982 986 1035; x_wconf 89' lang='lat' dir='ltr'><strong>duorum</strong></span> <span class='ocrx_word' id='word_1_56' title='bbox 1014 980 1338 1050; x_wconf 83' lang='lat' dir='ltr'><strong>principium</strong></span> <span class='ocrx_word' id='word_1_57' title='bbox 1367 981 1591 1049; x_wconf 81' lang='lat' dir='ltr'><strong>simplex</strong></span> <span class='ocrx_word' id='word_1_58' title='bbox 1624 991 1725 1048; x_wconf 90' lang='lat' dir='ltr'><strong>est,</strong></span> <span class='ocrx_word' id='word_1_59' title='bbox 1761 984 1855 1037; x_wconf 89' lang='lat' dir='ltr'><strong>sed</strong></span> <span class='ocrx_word' id='word_1_60' title='bbox 1889 998 2038 1038; x_wconf 86' lang='lat' dir='ltr'><strong>com-</strong></span> 
     </span>
    </p>
   </div>
   <div class='ocr_carea' id='block_1_11' title="bbox 471 1070 2041 1143">
    <p class='ocr_par' dir='ltr' id='par_1_11' title="bbox 471 1070 2041 1143">
     <span class='ocr_line' id='line_1_11' title="bbox 471 1070 2041 1143; baseline 0.001 -16"><span class='ocrx_word' id='word_1_61' title='bbox 471 1074 730 1143; x_wconf 87' lang='lat' dir='ltr'><strong>positum,</strong></span> <span class='ocrx_word' id='word_1_62' title='bbox 774 1072 1100 1143; x_wconf 85' lang='lat' dir='ltr'><strong>principium</strong></span> <span class='ocrx_word' id='word_1_63' title='bbox 1148 1070 1310 1143; x_wconf 92' lang='lat' dir='ltr'><strong>igitur</strong></span> <span class='ocrx_word' id='word_1_64' title='bbox 1359 1087 1425 1126; x_wconf 79' lang='lat' dir='ltr'><strong>ex</strong></span> <span class='ocrx_word' id='word_1_65' title='bbox 1475 1072 1868 1140; x_wconf 83' lang='lat' dir='ltr'><strong>compositione</strong></span> <span class='ocrx_word' id='word_1_66' title='bbox 1911 1088 2041 1128; x_wconf 90' lang='lat' dir='ltr'><strong>con-</strong></span> 
     </span>
    </p>
   </div>
   <div class='ocr_carea' id='block_1_12' title="bbox 468 1162 2040 1234">
    <p class='ocr_par' dir='ltr' id='par_1_12' title="bbox 468 1162 2040 1234">
     <span class='ocr_line' id='line_1_12' title="bbox 468 1162 2040 1234; baseline -0.001 -16"><span class='ocrx_word' id='word_1_67' title='bbox 468 1174 641 1229; x_wconf 82' lang='lat' dir='ltr'><strong>stans,</strong></span> <span class='ocrx_word' id='word_1_68' title='bbox 673 1178 778 1219; x_wconf 89' lang='lat' dir='ltr'><strong>non</strong></span> <span class='ocrx_word' id='word_1_69' title='bbox 808 1175 891 1217; x_wconf 85' lang='lat' dir='ltr'><strong>est</strong></span> <span class='ocrx_word' id='word_1_70' title='bbox 921 1162 1173 1232; x_wconf 81' lang='lat' dir='ltr'><strong>simplex,</strong></span> <span class='ocrx_word' id='word_1_71' title='bbox 1200 1177 1255 1218; x_wconf 86' lang='lat' dir='ltr'><strong>et</strong></span> <span class='ocrx_word' id='word_1_72' title='bbox 1275 1162 1550 1232; x_wconf 87' lang='lat' dir='ltr'><strong>quomodo</strong></span> <span class='ocrx_word' id='word_1_73' title='bbox 1576 1162 1856 1217; x_wconf 82' lang='lat' dir='ltr'><strong>vocabitur</strong></span> <span class='ocrx_word' id='word_1_74' title='bbox 1889 1163 2040 1234; x_wconf 87' lang='lat' dir='ltr'><strong>prin-</strong></span> 
     </span>
    </p>
   </div>
   <div class='ocr_carea' id='block_1_13' title="bbox 464 1255 2041 1326">
    <p class='ocr_par' dir='ltr' id='par_1_13' title="bbox 464 1255 2041 1326">
     <span class='ocr_line' id='line_1_13' title="bbox 464 1255 2041 1326; baseline -0.002 -14"><span class='ocrx_word' id='word_1_75' title='bbox 464 1256 703 1326; x_wconf 62' lang='lat' dir='ltr'><strong>cipium?</strong></span> <span class='ocrx_word' id='word_1_76' title='bbox 731 1255 1254 1326; x_wconf 61' lang='lat' dir='ltr'><strong>;Anter‘principium</strong></span> <span class='ocrx_word' id='word_1_77' title='bbox 1301 1257 1448 1309; x_wconf 84' lang='lat' dir='ltr'><strong>enim</strong></span> <span class='ocrx_word' id='word_1_78' title='bbox 1493 1256 1884 1325; x_wconf 86' lang='lat' dir='ltr'><strong>compositum,</strong></span> <span class='ocrx_word' id='word_1_79' title='bbox 1937 1256 2041 1310; x_wconf 86' lang='lat' dir='ltr'><strong>erit</strong></span> 
     </span>
    </p>
   </div>
   <div class='ocr_carea' id='block_1_14' title="bbox 434 1347 2042 1419">
    <p class='ocr_par' dir='ltr' id='par_1_14' title="bbox 434 1347 2042 1419">
     <span class='ocr_line' id='line_1_14' title="bbox 434 1347 2042 1419; baseline -0.002 -17"><span class='ocrx_word' id='word_1_80' title='bbox 434 1350 682 1419; x_wconf 68' lang='lat' dir='ltr'><strong>.proprie</strong></span> <span class='ocrx_word' id='word_1_81' title='bbox 711 1347 1038 1418; x_wconf 86' lang='lat' dir='ltr'><strong>principium</strong></span> <span class='ocrx_word' id='word_1_82' title='bbox 1083 1347 1286 1413; x_wconf 87' lang='lat' dir='ltr'><strong>unitas,</strong></span> <span class='ocrx_word' id='word_1_83' title='bbox 1314 1362 1378 1403; x_wconf 79' lang='lat' dir='ltr'><strong>ex</strong></span> <span class='ocrx_word' id='word_1_84' title='bbox 1406 1363 1535 1417; x_wconf 87' lang='lat' dir='ltr'><strong>qua,</strong></span> <span class='ocrx_word' id='word_1_85' title='bbox 1567 1348 1867 1404; x_wconf 87' lang='lat' dir='ltr'><strong>unitatibus</strong></span> <span class='ocrx_word' id='word_1_86' title='bbox 1895 1361 2042 1401; x_wconf 84' lang='lat' dir='ltr'><strong>com-</strong></span> 
     </span>
    </p>
   </div>
   <div class='ocr_carea' id='block_1_15' title="bbox 436 1423 2039 1508">
    <p class='ocr_par' dir='ltr' id='par_1_15' title="bbox 436 1423 2039 1508">
     <span class='ocr_line' id='line_1_15' title="bbox 436 1423 2039 1508; baseline -0.001 -17"><span class='ocrx_word' id='word_1_87' title='bbox 436 1438 678 1507; x_wconf 84' lang='lat' dir='ltr'><strong>positis,</strong></span> <span class='ocrx_word' id='word_1_88' title='bbox 712 1437 959 1493; x_wconf 87' lang='lat' dir='ltr'><strong>confecta</strong></span> <span class='ocrx_word' id='word_1_89' title='bbox 992 1423 1121 1493; x_wconf 56' lang='lat' dir='ltr'><strong>su&#39;nt</strong></span> <span class='ocrx_word' id='word_1_90' title='bbox 1166 1437 1304 1502; x_wconf 86' lang='lat' dir='ltr'><strong>duo;</strong></span> <span class='ocrx_word' id='word_1_91' title='bbox 1337 1438 1575 1507; x_wconf 86' lang='lat' dir='ltr'><strong>undique</strong></span> <span class='ocrx_word' id='word_1_92' title='bbox 1621 1438 1783 1508; x_wconf 83' lang='lat' dir='ltr'><strong>igitur</strong></span> <span class='ocrx_word' id='word_1_93' title='bbox 1812 1435 2039 1490; x_wconf 51' lang='lat' dir='ltr'><strong>manifes-</strong></span> 
     </span>
    </p>
   </div>
   <div class='ocr_carea' id='block_1_16' title="bbox 438 1526 2040 1598">
    <p class='ocr_par' dir='ltr' id='par_1_16' title="bbox 438 1526 2040 1598">
     <span class='ocr_line' id='line_1_16' title="bbox 438 1526 2040 1598; baseline -0.002 -12"><span class='ocrx_word' id='word_1_94' title='bbox 438 1542 608 1586; x_wconf 70' lang='lat' dir='ltr'><strong>‘Btum</strong></span> <span class='ocrx_word' id='word_1_95' title='bbox 638 1539 717 1584; x_wconf 91' lang='lat' dir='ltr'><strong>est</strong></span> <span class='ocrx_word' id='word_1_96' title='bbox 753 1544 858 1584; x_wconf 92' lang='lat' dir='ltr'><strong>non</strong></span> <span class='ocrx_word' id='word_1_97' title='bbox 886 1544 1006 1584; x_wconf 92' lang='lat' dir='ltr'><strong>esse</strong></span> <span class='ocrx_word' id='word_1_98' title='bbox 1032 1529 1358 1598; x_wconf 85' lang='lat' dir='ltr'><strong>principium</strong></span> <span class='ocrx_word' id='word_1_99' title='bbox 1393 1544 1674 1583; x_wconf 84' lang='lat' dir='ltr'><strong>numerum</strong></span> <span class='ocrx_word' id='word_1_100' title='bbox 1702 1529 1950 1583; x_wconf 86' lang='lat' dir='ltr'><strong>duorum.</strong></span> <span class='ocrx_word' id='word_1_101' title='bbox 1974 1526 2040 1583; x_wconf 83' lang='lat' dir='ltr'><strong>Et</strong></span> 
     </span>
    </p>
   </div>
   <div class='ocr_carea' id='block_1_17' title="bbox 465 1621 2040 1693">
    <p class='ocr_par' dir='ltr' id='par_1_17' title="bbox 465 1621 2040 1693">
     <span class='ocr_line' id='line_1_17' title="bbox 465 1621 2040 1693; baseline -0.002 -17"><span class='ocrx_word' id='word_1_102' title='bbox 465 1637 652 1677; x_wconf 85' lang='lat' dir='ltr'><strong>rursus</strong></span> <span class='ocrx_word' id='word_1_103' title='bbox 681 1622 823 1677; x_wconf 90' lang='lat' dir='ltr'><strong>idem</strong></span> <span class='ocrx_word' id='word_1_104' title='bbox 858 1621 910 1676; x_wconf 91' lang='lat' dir='ltr'><strong>in</strong></span> <span class='ocrx_word' id='word_1_105' title='bbox 952 1621 1073 1675; x_wconf 89' lang='lat' dir='ltr'><strong>aliis</strong></span> <span class='ocrx_word' id='word_1_106' title='bbox 1100 1636 1118 1677; x_wconf 87' lang='lat'><strong>:</strong></span> <span class='ocrx_word' id='word_1_107' title='bbox 1148 1621 1262 1676; x_wconf 85' lang='lat' dir='ltr'><strong>Non</strong></span> <span class='ocrx_word' id='word_1_108' title='bbox 1292 1632 1505 1693; x_wconf 88' lang='lat' dir='ltr'><strong>potest,</strong></span> <span class='ocrx_word' id='word_1_109' title='bbox 1542 1622 1711 1691; x_wconf 88' lang='lat' dir='ltr'><strong>inquit</strong></span> <span class='ocrx_word' id='word_1_110' title='bbox 1732 1660 1748 1685; x_wconf 88' lang='lat'><strong>,</strong></span> <span class='ocrx_word' id='word_1_111' title='bbox 1780 1633 2040 1675; x_wconf 85' lang='lat' dir='ltr'><strong>numerus</strong></span> 
     </span>
    </p>
   </div>
   <div class='ocr_carea' id='block_1_18' title="bbox 466 1714 2039 1783">
    <p class='ocr_par' dir='ltr' id='par_1_18' title="bbox 466 1714 2039 1783">
     <span class='ocr_line' id='line_1_18' title="bbox 466 1714 2039 1783; baseline -0.003 -15"><span class='ocrx_word' id='word_1_112' title='bbox 466 1716 692 1769; x_wconf 89' lang='lat' dir='ltr'><strong>duorutn</strong></span> <span class='ocrx_word' id='word_1_113' title='bbox 724 1728 844 1771; x_wconf 87' lang='lat' dir='ltr'><strong>esse</strong></span> <span class='ocrx_word' id='word_1_114' title='bbox 876 1715 1153 1780; x_wconf 80' lang='lat' dir='ltr'><strong>inﬁnitus;</strong></span> <span class='ocrx_word' id='word_1_115' title='bbox 1187 1723 1422 1770; x_wconf 84' lang='lat' dir='ltr'><strong>unttates</strong></span> <span class='ocrx_word' id='word_1_116' title='bbox 1449 1716 1595 1769; x_wconf 88' lang='lat' dir='ltr'><strong>enim</strong></span> <span class='ocrx_word' id='word_1_117' title='bbox 1644 1714 1765 1783; x_wconf 85' lang='lat' dir='ltr'><strong>ejus</strong></span> <span class='ocrx_word' id='word_1_118' title='bbox 1810 1714 1950 1767; x_wconf 91' lang='lat' dir='ltr'><strong>inter</strong></span> <span class='ocrx_word' id='word_1_119' title='bbox 1979 1726 2039 1765; x_wconf 88' lang='lat' dir='ltr'><strong>se</strong></span> 
     </span>
    </p>
   </div>
   <div class='ocr_carea' id='block_1_19' title="bbox 464 1806 2031 1877">
    <p class='ocr_par' dir='ltr' id='par_1_19' title="bbox 464 1806 2031 1877">
     <span class='ocr_line' id='line_1_19' title="bbox 464 1806 2031 1877; baseline -0.002 -17"><span class='ocrx_word' id='word_1_120' title='bbox 464 1822 560 1876; x_wconf 90' lang='lat' dir='ltr'><strong>per</strong></span> <span class='ocrx_word' id='word_1_121' title='bbox 588 1807 1339 1877; x_wconf 74' lang='lat' dir='ltr'><strong>appositionem‘composiur,</strong></span> <span class='ocrx_word' id='word_1_122' title='bbox 1371 1820 1433 1860; x_wconf 90' lang='lat' dir='ltr'><strong>se</strong></span> <span class='ocrx_word' id='word_1_123' title='bbox 1462 1817 1651 1860; x_wconf 89' lang='lat' dir='ltr'><strong>mutuo</strong></span> <span class='ocrx_word' id='word_1_124' title='bbox 1698 1806 1990 1860; x_wconf 77' lang='lat' dir='ltr'><strong>terminans</strong></span> <span class='ocrx_word' id='word_1_125' title='bbox 2015 1820 2031 1869; x_wconf 73' lang='grc' dir='ltr'>ς</span> 
     </span>
    </p>
   </div>
   <div class='ocr_carea' id='block_1_20' title="bbox 459 1896 2030 1967">
    <p class='ocr_par' dir='ltr' id='par_1_20' title="bbox 459 1896 2030 1967">
     <span class='ocr_line' id='line_1_20' title="bbox 459 1896 2030 1967; baseline 0 -18"><span class='ocrx_word' id='word_1_126' title='bbox 459 1903 608 1967; x_wconf 87' lang='lat' dir='ltr'><strong>quod</strong></span> <span class='ocrx_word' id='word_1_127' title='bbox 638 1899 972 1967; x_wconf 41' lang='lat' dir='ltr'><strong>si‘numerua</strong></span> <span class='ocrx_word' id='word_1_128' title='bbox 1001 1899 1228 1952; x_wconf 87' lang='lat' dir='ltr'><strong>duorum</strong></span> <span class='ocrx_word' id='word_1_129' title='bbox 1260 1914 1364 1952; x_wconf 88' lang='lat' dir='ltr'><strong>non</strong></span> <span class='ocrx_word' id='word_1_130' title='bbox 1399 1906 1578 1967; x_wconf 89' lang='lat' dir='ltr'><strong>potest</strong></span> <span class='ocrx_word' id='word_1_131' title='bbox 1614 1912 1734 1951; x_wconf 88' lang='lat' dir='ltr'><strong>esse</strong></span> <span class='ocrx_word' id='word_1_132' title='bbox 1764 1896 2030 1959; x_wconf 88' lang='lat' dir='ltr'><strong>infinitus,</strong></span> 
     </span>
    </p>
   </div>
   <div class='ocr_carea' id='block_1_21' title="bbox 462 1988 2033 2058">
    <p class='ocr_par' dir='ltr' id='par_1_21' title="bbox 462 1988 2033 2058">
     <span class='ocr_line' id='line_1_21' title="bbox 462 1988 2033 2058; baseline -0.002 -15"><span class='ocrx_word' id='word_1_133' title='bbox 462 1999 521 2043; x_wconf 92' lang='lat' dir='ltr'><strong>ut</strong></span> <span class='ocrx_word' id='word_1_134' title='bbox 554 1992 980 2044; x_wconf 71' lang='lat' dir='ltr'><strong>demonStratutn</strong></span> <span class='ocrx_word' id='word_1_135' title='bbox 1010 1996 1128 2053; x_wconf 78' lang='lat' dir='ltr'><strong>est,</strong></span> <span class='ocrx_word' id='word_1_136' title='bbox 1187 2004 1361 2058; x_wconf 90' lang='lat' dir='ltr'><strong>neque</strong></span> <span class='ocrx_word' id='word_1_137' title='bbox 1401 1988 1665 2058; x_wconf 90' lang='lat' dir='ltr'><strong>principio</strong></span> <span class='ocrx_word' id='word_1_138' title='bbox 1693 1989 1900 2044; x_wconf 84' lang='lat' dir='ltr'><strong>scilicet</strong></span> <span class='ocrx_word' id='word_1_139' title='bbox 1941 2004 2033 2042; x_wconf 78' lang='lat' dir='ltr'><strong>ca-</strong></span> 
     </span>
    </p>
   </div>
   <div class='ocr_carea' id='block_1_22' title="bbox 459 2078 2031 2151">
    <p class='ocr_par' dir='ltr' id='par_1_22' title="bbox 459 2078 2031 2151">
     <span class='ocr_line' id='line_1_22' title="bbox 459 2078 2031 2151; baseline -0.001 -18"><span class='ocrx_word' id='word_1_140' title='bbox 459 2096 578 2136; x_wconf 85' lang='lat' dir='ltr'><strong>rere</strong></span> <span class='ocrx_word' id='word_1_141' title='bbox 613 2089 814 2150; x_wconf 81' lang='lat' dir='ltr'><strong>p0test,</strong></span> <span class='ocrx_word' id='word_1_142' title='bbox 842 2080 965 2151; x_wconf 90' lang='lat' dir='ltr'><strong>quia</strong></span> <span class='ocrx_word' id='word_1_143' title='bbox 988 2080 1170 2136; x_wconf 86' lang='lat' dir='ltr'><strong>omnis</strong></span> <span class='ocrx_word' id='word_1_144' title='bbox 1205 2081 1412 2134; x_wconf 77' lang='lat' dir='ltr'><strong>numeri</strong></span> <span class='ocrx_word' id='word_1_145' title='bbox 1442 2080 1673 2134; x_wconf 83' lang='lat' dir='ltr'><strong>duorum</strong></span> <span class='ocrx_word' id='word_1_146' title='bbox 1704 2078 2031 2148; x_wconf 85' lang='lat' dir='ltr'><strong>principium</strong></span> 
     </span>
    </p>
   </div>
   <div class='ocr_carea' id='block_1_23' title="bbox 436 2169 2034 2241">
    <p class='ocr_par' dir='ltr' id='par_1_23' title="bbox 436 2169 2034 2241">
     <span class='ocr_line' id='line_1_23' title="bbox 436 2169 2034 2241; baseline -0.003 -12"><span class='ocrx_word' id='word_1_147' title='bbox 436 2184 543 2229; x_wconf 57' lang='lat' dir='ltr'><strong>&quot;est</strong></span> <span class='ocrx_word' id='word_1_148' title='bbox 568 2173 747 2227; x_wconf 83' lang='lat' dir='ltr'><strong>unitas</strong></span> <span class='ocrx_word' id='word_1_149' title='bbox 773 2190 788 2238; x_wconf 91' lang='lat'><strong>;</strong></span> <span class='ocrx_word' id='word_1_150' title='bbox 820 2171 968 2241; x_wconf 87' lang='lat' dir='ltr'><strong>quod</strong></span> <span class='ocrx_word' id='word_1_151' title='bbox 1000 2172 1044 2226; x_wconf 90' lang='lat' dir='ltr'><strong>si</strong></span> <span class='ocrx_word' id='word_1_152' title='bbox 1076 2188 1183 2227; x_wconf 89' lang='lat' dir='ltr'><strong>non</strong></span> <span class='ocrx_word' id='word_1_153' title='bbox 1210 2180 1359 2225; x_wconf 83' lang='lat' dir='ltr'><strong>caret</strong></span> <span class='ocrx_word' id='word_1_154' title='bbox 1392 2169 1677 2239; x_wconf 84' lang='lat' dir='ltr'><strong>principio,</strong></span> <span class='ocrx_word' id='word_1_155' title='bbox 1727 2170 1887 2239; x_wconf 89' lang='lat' dir='ltr'><strong>igitur</strong></span> <span class='ocrx_word' id='word_1_156' title='bbox 1934 2184 2034 2225; x_wconf 88' lang='lat' dir='ltr'><strong>nec</strong></span> 
     </span>
    </p>
   </div>
   <div class='ocr_carea' id='block_1_24' title="bbox 441 2262 2032 2332">
    <p class='ocr_par' dir='ltr' id='par_1_24' title="bbox 441 2262 2032 2332">
     <span class='ocr_line' id='line_1_24' title="bbox 441 2262 2032 2332; baseline -0.003 -11"><span class='ocrx_word' id='word_1_157' title='bbox 441 2263 1175 2332; x_wconf 59' lang='lat' dir='ltr'><strong>‘est‘iinurohilisOnovetur</strong></span> <span class='ocrx_word' id='word_1_158' title='bbox 1205 2263 1350 2316; x_wconf 91' lang='lat' dir='ltr'><strong>enim</strong></span> <span class='ocrx_word' id='word_1_159' title='bbox 1372 2273 1610 2316; x_wconf 79' lang='lat' dir='ltr'><strong>numero</strong></span> <span class='ocrx_word' id='word_1_160' title='bbox 1635 2276 1699 2316; x_wconf 80' lang='lat' dir='ltr'><strong>ex</strong></span> <span class='ocrx_word' id='word_1_161' title='bbox 1733 2262 2032 2317; x_wconf 77' lang='lat' dir='ltr'><strong>un’itatibus</strong></span> 
     </span>
    </p>
   </div>
   <div class='ocr_carea' id='block_1_25' title="bbox 460 2348 2030 2419">
    <p class='ocr_par' dir='ltr' id='par_1_25' title="bbox 460 2348 2030 2419">
     <span class='ocr_line' id='line_1_25' title="bbox 460 2348 2030 2419; baseline -0.002 -12"><span class='ocrx_word' id='word_1_162' title='bbox 460 2353 756 2407; x_wconf 82' lang='lat' dir='ltr'><strong>secundum</strong></span> <span class='ocrx_word' id='word_1_163' title='bbox 774 2360 775 2363; x_wconf 79' lang='lat'>‘</span> <span class='ocrx_word' id='word_1_164' title='bbox 794 2350 1225 2419; x_wconf 79' lang='lat' dir='ltr'><strong>cdhjunctionem</strong></span> <span class='ocrx_word' id='word_1_165' title='bbox 1244 2350 1582 2419; x_wconf 69' lang='lat' dir='ltr'><strong>composito)</strong></span> <span class='ocrx_word' id='word_1_166' title='bbox 1604 2365 1619 2413; x_wconf 90' lang='lat'><strong>;</strong></span> <span class='ocrx_word' id='word_1_167' title='bbox 1658 2348 1802 2417; x_wconf 91' lang='lat' dir='ltr'><strong>quod</strong></span> <span class='ocrx_word' id='word_1_168' title='bbox 1849 2359 2030 2405; x_wconf 89' lang='lat' dir='ltr'><strong>autem</strong></span> 
     </span>
    </p>
   </div>
   <div class='ocr_carea' id='block_1_26' title="bbox 461 2443 2030 2513">
    <p class='ocr_par' dir='ltr' id='par_1_26' title="bbox 461 2443 2030 2513">
     <span class='ocr_line' id='line_1_26' title="bbox 461 2443 2030 2513; baseline -0.001 -16"><span class='ocrx_word' id='word_1_169' title='bbox 461 2453 733 2508; x_wconf 83' lang='lat' dir='ltr'><strong>movetur,</strong></span> <span class='ocrx_word' id='word_1_170' title='bbox 769 2458 874 2497; x_wconf 90' lang='lat' dir='ltr'><strong>non</strong></span> <span class='ocrx_word' id='word_1_171' title='bbox 918 2450 1002 2496; x_wconf 84' lang='lat' dir='ltr'><strong>est</strong></span> <span class='ocrx_word' id='word_1_172' title='bbox 1029 2443 1376 2513; x_wconf 56' lang='lat' dir='ltr'><strong>principium»,</strong></span> <span class='ocrx_word' id='word_1_173' title='bbox 1405 2443 1499 2496; x_wconf 84' lang='lat' dir='ltr'><strong>sed</strong></span> <span class='ocrx_word' id='word_1_174' title='bbox 1534 2457 1595 2495; x_wconf 86' lang='lat' dir='ltr'><strong>es</strong></span> <span class='ocrx_word' id='word_1_175' title='bbox 1630 2443 1901 2512; x_wconf 75' lang='lat' dir='ltr'><strong>principio</strong></span> <span class='ocrx_word' id='word_1_176' title='bbox 1927 2443 2030 2496; x_wconf 88' lang='lat' dir='ltr'><strong>sci-</strong></span> 
     </span>
    </p>
   </div>
   <div class='ocr_carea' id='block_1_27' title="bbox 459 2534 2032 2602">
    <p class='ocr_par' dir='ltr' id='par_1_27' title="bbox 459 2534 2032 2602">
     <span class='ocr_line' id='line_1_27' title="bbox 459 2534 2032 2602; baseline -0.002 -12"><span class='ocrx_word' id='word_1_177' title='bbox 459 2536 587 2590; x_wconf 81' lang='lat' dir='ltr'><strong>licet</strong></span> <span class='ocrx_word' id='word_1_178' title='bbox 612 2536 904 2594; x_wconf 84' lang='lat' dir='ltr'><strong>moventis,</strong></span> <span class='ocrx_word' id='word_1_179' title='bbox 931 2534 1044 2589; x_wconf 85' lang='lat' dir='ltr'><strong>sola</strong></span> <span class='ocrx_word' id='word_1_180' title='bbox 1068 2542 1245 2589; x_wconf 86' lang='lat' dir='ltr'><strong>autem</strong></span> <span class='ocrx_word' id='word_1_181' title='bbox 1272 2534 1450 2589; x_wconf 88' lang='lat' dir='ltr'><strong>unitas</strong></span> <span class='ocrx_word' id='word_1_182' title='bbox 1476 2536 1703 2602; x_wconf 71' lang='lat' dir='ltr'><strong>proprie</strong></span> <span class='ocrx_word' id='word_1_183' title='bbox 1726 2543 1809 2590; x_wconf 81' lang='lat' dir='ltr'><strong>est</strong></span> <span class='ocrx_word' id='word_1_184' title='bbox 1842 2536 2032 2588; x_wconf 74' lang='lat' dir='ltr'><strong>immo—</strong></span> 
     </span>
    </p>
   </div>
   <div class='ocr_carea' id='block_1_28' title="bbox 462 2624 2030 2696">
    <p class='ocr_par' dir='ltr' id='par_1_28' title="bbox 462 2624 2030 2696">
     <span class='ocr_line' id='line_1_28' title="bbox 462 2624 2030 2696; baseline -0.002 -13"><span class='ocrx_word' id='word_1_185' title='bbox 462 2628 610 2683; x_wconf 81' lang='lat' dir='ltr'><strong>bilis.</strong></span> <span class='ocrx_word' id='word_1_186' title='bbox 641 2628 709 2682; x_wconf 88' lang='lat' dir='ltr'><strong>Et</strong></span> <span class='ocrx_word' id='word_1_187' title='bbox 738 2642 927 2683; x_wconf 83' lang='lat' dir='ltr'><strong>rursus</strong></span> <span class='ocrx_word' id='word_1_188' title='bbox 957 2627 1097 2681; x_wconf 88' lang='lat' dir='ltr'><strong>idem</strong></span> <span class='ocrx_word' id='word_1_189' title='bbox 1125 2644 1140 2680; x_wconf 88' lang='lat'><strong>:</strong></span> <span class='ocrx_word' id='word_1_190' title='bbox 1165 2624 1362 2688; x_wconf 87' lang='lat' dir='ltr'><strong>Omne,</strong></span> <span class='ocrx_word' id='word_1_191' title='bbox 1400 2625 1597 2696; x_wconf 82' lang='lat' dir='ltr'><strong>inquit,</strong></span> <span class='ocrx_word' id='word_1_192' title='bbox 1627 2628 1772 2696; x_wconf 90' lang='lat' dir='ltr'><strong>quod</strong></span> <span class='ocrx_word' id='word_1_193' title='bbox 1803 2627 1855 2681; x_wconf 88' lang='lat' dir='ltr'><strong>iu</strong></span> <span class='ocrx_word' id='word_1_194' title='bbox 1892 2627 2030 2681; x_wconf 52' lang='lat' dir='ltr'><strong>mula</strong></span> 
     </span>
    </p>
   </div>
   <div class='ocr_carea' id='block_1_29' title="bbox 446 2714 2030 2787">
    <p class='ocr_par' dir='ltr' id='par_1_29' title="bbox 446 2714 2030 2787">
     <span class='ocr_line' id='line_1_29' title="bbox 446 2714 2030 2787; baseline -0.003 -16"><span class='ocrx_word' id='word_1_195' title='bbox 446 2718 692 2773; x_wconf 88' lang='lat' dir='ltr'><strong>-titndine</strong></span> <span class='ocrx_word' id='word_1_196' title='bbox 720 2716 1080 2787; x_wconf 75' lang='lat' dir='ltr'><strong>quantitatem</strong></span> <span class='ocrx_word' id='word_1_197' title='bbox 1115 2715 1296 2781; x_wconf 83' lang='lat' dir='ltr'><strong>habet,</strong></span> <span class='ocrx_word' id='word_1_198' title='bbox 1328 2729 1432 2770; x_wconf 91' lang='lat' dir='ltr'><strong>non</strong></span> <span class='ocrx_word' id='word_1_199' title='bbox 1462 2721 1639 2783; x_wconf 88' lang='lat' dir='ltr'><strong>potest</strong></span> <span class='ocrx_word' id='word_1_200' title='bbox 1681 2728 1802 2769; x_wconf 90' lang='lat' dir='ltr'><strong>esse</strong></span> <span class='ocrx_word' id='word_1_201' title='bbox 1834 2714 2030 2768; x_wconf 42' lang='lat' dir='ltr'><strong>&quot;infini-</strong></span> 
     </span>
    </p>
   </div>
   <div class='ocr_carea' id='block_1_30' title="bbox 452 2802 2032 2877">
    <p class='ocr_par' dir='ltr' id='par_1_30' title="bbox 452 2802 2032 2877">
     <span class='ocr_line' id='line_1_30' title="bbox 452 2802 2032 2877; baseline -0.002 -15"><span class='ocrx_word' id='word_1_202' title='bbox 452 2818 597 2873; x_wconf 55' lang='lat' dir='ltr'><strong>sum,</strong></span> <span class='ocrx_word' id='word_1_203' title='bbox 632 2822 807 2877; x_wconf 89' lang='lat' dir='ltr'><strong>neque</strong></span> <span class='ocrx_word' id='word_1_204' title='bbox 842 2806 958 2861; x_wconf 87' lang='lat' dir='ltr'><strong>sine</strong></span> <span class='ocrx_word' id='word_1_205' title='bbox 984 2805 1249 2875; x_wconf 89' lang='lat' dir='ltr'><strong>principio</strong></span> <span class='ocrx_word' id='word_1_206' title='bbox 1286 2804 1338 2858; x_wconf 88' lang='lat' dir='ltr'><strong>id</strong></span> <span class='ocrx_word' id='word_1_207' title='bbox 1358 2844 1375 2871; x_wconf 94' lang='lat'><strong>,</strong></span> <span class='ocrx_word' id='word_1_208' title='bbox 1407 2819 1526 2861; x_wconf 89' lang='lat' dir='ltr'><strong>cum</strong></span> <span class='ocrx_word' id='word_1_209' title='bbox 1558 2817 1665 2874; x_wconf 92' lang='lat' dir='ltr'><strong>quo</strong></span> <span class='ocrx_word' id='word_1_210' title='bbox 1696 2802 1925 2859; x_wconf 83' lang='lat' dir='ltr'><strong>alterum</strong></span> <span class='ocrx_word' id='word_1_211' title='bbox 1956 2805 2032 2859; x_wconf 76' lang='lat' dir='ltr'><strong>si-</strong></span> 
     </span>
    </p>
   </div>
   <div class='ocr_carea' id='block_1_31' title="bbox 469 2892 2029 2969">
    <p class='ocr_par' dir='ltr' id='par_1_31' title="bbox 469 2892 2029 2969">
     <span class='ocr_line' id='line_1_31' title="bbox 469 2892 2029 2969; baseline -0.001 -19"><span class='ocrx_word' id='word_1_212' title='bbox 469 2898 580 2951; x_wconf 91' lang='lat' dir='ltr'><strong>mul</strong></span> <span class='ocrx_word' id='word_1_213' title='bbox 611 2898 897 2969; x_wconf 81' lang='lat' dir='ltr'><strong>cogitatur.</strong></span> <span class='ocrx_word' id='word_1_214' title='bbox 936 2896 1003 2950; x_wconf 87' lang='lat' dir='ltr'><strong>Et</strong></span> <span class='ocrx_word' id='word_1_215' title='bbox 1035 2911 1219 2951; x_wconf 86' lang='lat' dir='ltr'><strong>rursus</strong></span> <span class='ocrx_word' id='word_1_216' title='bbox 1256 2896 1393 2950; x_wconf 90' lang='lat' dir='ltr'><strong>idem</strong></span> <span class='ocrx_word' id='word_1_217' title='bbox 1421 2912 1435 2947; x_wconf 91' lang='lat'><strong>:</strong></span> <span class='ocrx_word' id='word_1_218' title='bbox 1468 2892 1658 2961; x_wconf 83' lang='lat' dir='ltr'><strong>Nemo,</strong></span> <span class='ocrx_word' id='word_1_219' title='bbox 1697 2894 1895 2964; x_wconf 86' lang='lat' dir='ltr'><strong>inquit,</strong></span> <span class='ocrx_word' id='word_1_220' title='bbox 1938 2894 2029 2965; x_wconf 88' lang='lat' dir='ltr'><strong>qui</strong></span> 
     </span>
    </p>
   </div>
   <div class='ocr_carea' id='block_1_32' title="bbox 442 2980 2033 3069">
    <p class='ocr_par' dir='ltr' id='par_1_32' title="bbox 442 2980 2033 3069">
     <span class='ocr_line' id='line_1_32' title="bbox 442 2980 2033 3069; baseline -0.004 -23"><span class='ocrx_word' id='word_1_221' title='bbox 442 2980 592 3055; x_wconf 79' lang='lat' dir='ltr'><strong>duo,</strong></span> <span class='ocrx_word' id='word_1_222' title='bbox 620 2999 715 3045; x_wconf 91' lang='lat' dir='ltr'><strong>aut</strong></span> <span class='ocrx_word' id='word_1_223' title='bbox 748 2990 912 3043; x_wconf 86' lang='lat' dir='ltr'><strong>multa</strong></span> <span class='ocrx_word' id='word_1_224' title='bbox 945 2990 1065 3044; x_wconf 87' lang='lat' dir='ltr'><strong>sine</strong></span> <span class='ocrx_word' id='word_1_225' title='bbox 1102 2989 1370 3059; x_wconf 86' lang='lat' dir='ltr'><strong>principio</strong></span> <span class='ocrx_word' id='word_1_226' title='bbox 1401 3002 1523 3043; x_wconf 90' lang='lat' dir='ltr'><strong>esse</strong></span> <span class='ocrx_word' id='word_1_227' title='bbox 1554 2988 1706 3051; x_wconf 92' lang='lat' dir='ltr'><strong>dicit,</strong></span> <span class='ocrx_word' id='word_1_228' title='bbox 1736 2988 1823 3057; x_wconf 89' lang='lat' dir='ltr'><strong>pie</strong></span> <span class='ocrx_word' id='word_1_229' title='bbox 1849 2988 2033 3069; x_wconf 81' lang='lat' dir='ltr'><strong>vivere</strong></span> 
     </span>
    </p>
   </div>
   <div class='ocr_carea' id='block_1_33' title="bbox 464 3075 2110 3178">
    <p class='ocr_par' dir='ltr' id='par_1_33' title="bbox 464 3075 2110 3178">
     <span class='ocr_line' id='line_1_33' title="bbox 464 3075 2110 3178; baseline -0.002 -44"><span class='ocrx_word' id='word_1_230' title='bbox 464 3083 680 3150; x_wconf 90' lang='lat' dir='ltr'><strong>poterit.</strong></span> <span class='ocrx_word' id='word_1_231' title='bbox 698 3078 849 3133; x_wconf 77' lang='lat' dir='ltr'><strong>idem</strong></span> <span class='ocrx_word' id='word_1_232' title='bbox 876 3080 928 3132; x_wconf 92' lang='lat' dir='ltr'><strong>in</strong></span> <span class='ocrx_word' id='word_1_233' title='bbox 952 3080 1197 3133; x_wconf 88' lang='lat' dir='ltr'><strong>centuria</strong></span> <span class='ocrx_word' id='word_1_234' title='bbox 1225 3077 1379 3132; x_wconf 88' lang='lat' dir='ltr'><strong>tertia</strong></span> <span class='ocrx_word' id='word_1_235' title='bbox 1397 3079 1463 3131; x_wconf 88' lang='lat' dir='ltr'><strong>de</strong></span> <span class='ocrx_word' id='word_1_236' title='bbox 1483 3078 1775 3144; x_wconf 74' lang='lat' dir='ltr'><strong>charitato,</strong></span> <span class='ocrx_word' id='word_1_237' title='bbox 1793 3091 1913 3147; x_wconf 91' lang='lat' dir='ltr'><strong>cap.</strong></span> <span class='ocrx_word' id='word_1_238' title='bbox 1936 3075 2030 3131; x_wconf 74' lang='lat'><strong>27:</strong></span> <span class='ocrx_word' id='word_1_239' title='bbox 2058 3111 2110 3178; x_wconf 62' lang='grc' dir='ltr'>α</span> 
     </span>
    </p>
   </div>
   <div class='ocr_carea' id='block_1_34' title="bbox 460 3169 2028 3240">
    <p class='ocr_par' dir='ltr' id='par_1_34' title="bbox 460 3169 2028 3240">
     <span class='ocr_line' id='line_1_34' title="bbox 460 3169 2028 3240; baseline -0.002 -14"><span class='ocrx_word' id='word_1_240' title='bbox 460 3173 601 3226; x_wconf 84' lang='lat' dir='ltr'><strong>Deus</strong></span> <span class='ocrx_word' id='word_1_241' title='bbox 634 3172 887 3240; x_wconf 79' lang='lat' dir='ltr'><strong>quidem,</strong></span> <span class='ocrx_word' id='word_1_242' title='bbox 920 3170 1095 3238; x_wconf 85' lang='lat' dir='ltr'><strong>inquit</strong></span> <span class='ocrx_word' id='word_1_243' title='bbox 1115 3206 1130 3233; x_wconf 82' lang='lat'><strong>,</strong></span> <span class='ocrx_word' id='word_1_244' title='bbox 1173 3169 1265 3238; x_wconf 89' lang='lat' dir='ltr'><strong>qui</strong></span> <span class='ocrx_word' id='word_1_245' title='bbox 1302 3179 1383 3224; x_wconf 92' lang='lat' dir='ltr'><strong>est</strong></span> <span class='ocrx_word' id='word_1_246' title='bbox 1416 3170 1529 3238; x_wconf 91' lang='lat' dir='ltr'><strong>ipsa</strong></span> <span class='ocrx_word' id='word_1_247' title='bbox 1554 3185 1647 3239; x_wconf 91' lang='lat' dir='ltr'><strong>per</strong></span> <span class='ocrx_word' id='word_1_248' title='bbox 1669 3185 1729 3228; x_wconf 89' lang='lat' dir='ltr'><strong>se</strong></span> <span class='ocrx_word' id='word_1_249' title='bbox 1762 3169 2028 3227; x_wconf 80' lang='lat' dir='ltr'><strong>cxsisten—</strong></span> 
     </span>
    </p>
   </div>
   <div class='ocr_carea' id='block_1_35' title="bbox 461 3260 2028 3330">
    <p class='ocr_par' dir='ltr' id='par_1_35' title="bbox 461 3260 2028 3330">
     <span class='ocr_line' id='line_1_35' title="bbox 461 3260 2028 3330; baseline -0.003 -13"><span class='ocrx_word' id='word_1_250' title='bbox 461 3264 557 3328; x_wconf 90' lang='lat' dir='ltr'><strong>tia,</strong></span> <span class='ocrx_word' id='word_1_251' title='bbox 587 3262 704 3330; x_wconf 89' lang='lat' dir='ltr'><strong>ipsa</strong></span> <span class='ocrx_word' id='word_1_252' title='bbox 741 3277 833 3329; x_wconf 85' lang='lat' dir='ltr'><strong>per</strong></span> <span class='ocrx_word' id='word_1_253' title='bbox 865 3276 927 3315; x_wconf 90' lang='lat' dir='ltr'><strong>se</strong></span> <span class='ocrx_word' id='word_1_254' title='bbox 958 3262 1172 3315; x_wconf 85' lang='lat' dir='ltr'><strong>bonitas</strong></span> <span class='ocrx_word' id='word_1_255' title='bbox 1201 3273 1253 3315; x_wconf 94' lang='lat' dir='ltr'><strong>et</strong></span> <span class='ocrx_word' id='word_1_256' title='bbox 1281 3261 1567 3329; x_wconf 82' lang='lat' dir='ltr'><strong>sapientia,</strong></span> <span class='ocrx_word' id='word_1_257' title='bbox 1598 3260 1731 3326; x_wconf 86' lang='lat' dir='ltr'><strong>imo,</strong></span> <span class='ocrx_word' id='word_1_258' title='bbox 1761 3271 1818 3314; x_wconf 92' lang='lat' dir='ltr'><strong>ut</strong></span> <span class='ocrx_word' id='word_1_259' title='bbox 1848 3261 2028 3315; x_wconf 88' lang='lat' dir='ltr'><strong>verius</strong></span> 
     </span>
    </p>
   </div>
   <div class='ocr_carea' id='block_1_36' title="bbox 369 3345 2025 3421">
    <p class='ocr_par' dir='ltr' id='par_1_36' title="bbox 369 3345 2025 3421">
     <span class='ocr_line' id='line_1_36' title="bbox 369 3345 2025 3421; baseline -0.002 -14"><span class='ocrx_word' id='word_1_260' title='bbox 369 3367 375 3377; x_wconf 90' lang='lat'>&#39;</span> <span class='ocrx_word' id='word_1_261' title='bbox 458 3345 657 3416; x_wconf 82' lang='lat' dir='ltr'><strong>dicam,</strong></span> <span class='ocrx_word' id='word_1_262' title='bbox 692 3368 854 3421; x_wconf 80' lang='lat' dir='ltr'><strong>supra</strong></span> <span class='ocrx_word' id='word_1_263' title='bbox 892 3353 1073 3408; x_wconf 86' lang='lat' dir='ltr'><strong>omnia</strong></span> <span class='ocrx_word' id='word_1_264' title='bbox 1116 3353 1251 3417; x_wconf 71' lang='lat' dir='ltr'><strong>haec,</strong></span> <span class='ocrx_word' id='word_1_265' title='bbox 1283 3352 1418 3406; x_wconf 87' lang='lat' dir='ltr'><strong>nihil</strong></span> <span class='ocrx_word' id='word_1_266' title='bbox 1446 3353 1659 3421; x_wconf 91' lang='lat' dir='ltr'><strong>penitus</strong></span> <span class='ocrx_word' id='word_1_267' title='bbox 1700 3355 1862 3405; x_wconf 84' lang='lat' dir='ltr'><strong>habet</strong></span> <span class='ocrx_word' id='word_1_268' title='bbox 1884 3366 2025 3406; x_wconf 63' lang='lat' dir='ltr'><strong>cono</strong></span> 
     </span>
    </p>
   </div>
   <div class='ocr_carea' id='block_1_37' title="bbox 460 3442 2067 3513">
    <p class='ocr_par' dir='ltr' id='par_1_37' title="bbox 460 3442 2067 3513">
     <span class='ocr_line' id='line_1_37' title="bbox 460 3442 2067 3513; baseline -0.001 -16"><span class='ocrx_word' id='word_1_269' title='bbox 460 3446 689 3498; x_wconf 78' lang='lat' dir='ltr'><strong>trarium</strong></span> <span class='ocrx_word' id='word_1_270' title='bbox 730 3462 744 3498; x_wconf 90' lang='lat'><strong>:</strong></span> <span class='ocrx_word' id='word_1_271' title='bbox 769 3456 1032 3498; x_wconf 68' lang='lat' dir='ltr'><strong>creatura:</strong></span> <span class='ocrx_word' id='word_1_272' title='bbox 1065 3459 1195 3499; x_wconf 86' lang='lat' dir='ltr'><strong>vero</strong></span> <span class='ocrx_word' id='word_1_273' title='bbox 1215 3483 1230 3508; x_wconf 91' lang='lat'><strong>,</strong></span> <span class='ocrx_word' id='word_1_274' title='bbox 1257 3458 1377 3513; x_wconf 63' lang='lat' dir='ltr'><strong>quae</strong></span> <span class='ocrx_word' id='word_1_275' title='bbox 1405 3458 1591 3497; x_wconf 82' lang='lat' dir='ltr'><strong>omnes</strong></span> <span class='ocrx_word' id='word_1_276' title='bbox 1619 3443 1831 3511; x_wconf 90' lang='lat' dir='ltr'><strong>quidem</strong></span> <span class='ocrx_word' id='word_1_277' title='bbox 1861 3442 2027 3512; x_wconf 84' lang='lat' dir='ltr'><strong>parti-</strong></span> <span class='ocrx_word' id='word_1_278' title='bbox 2058 3464 2067 3473; x_wconf 90' lang='lat'><strong>-</strong></span> 
     </span>
    </p>
   </div>
   <div class='ocr_carea' id='block_1_38' title="bbox 458 3531 2026 3604">
    <p class='ocr_par' dir='ltr' id='par_1_38' title="bbox 458 3531 2026 3604">
     <span class='ocr_line' id='line_1_38' title="bbox 458 3531 2026 3604; baseline -0.003 -14"><span class='ocrx_word' id='word_1_279' title='bbox 458 3536 725 3604; x_wconf 86' lang='lat' dir='ltr'><strong>cipatione</strong></span> <span class='ocrx_word' id='word_1_280' title='bbox 748 3546 799 3587; x_wconf 87' lang='lat' dir='ltr'><strong>et</strong></span> <span class='ocrx_word' id='word_1_281' title='bbox 829 3536 1001 3604; x_wconf 88' lang='lat' dir='ltr'><strong>gratia</strong></span> <span class='ocrx_word' id='word_1_282' title='bbox 1032 3534 1321 3599; x_wconf 80' lang='lat' dir='ltr'><strong>exsistunt,</strong></span> <span class='ocrx_word' id='word_1_283' title='bbox 1352 3531 1469 3587; x_wconf 70' lang='lat' dir='ltr'><strong>alia:</strong></span> <span class='ocrx_word' id='word_1_284' title='bbox 1493 3546 1618 3587; x_wconf 89' lang='lat' dir='ltr'><strong>vero</strong></span> <span class='ocrx_word' id='word_1_285' title='bbox 1651 3533 1857 3586; x_wconf 85' lang='lat' dir='ltr'><strong>ratione</strong></span> <span class='ocrx_word' id='word_1_286' title='bbox 1888 3547 2026 3601; x_wconf 71' lang='lat' dir='ltr'><strong>prae-</strong></span> 
     </span>
    </p>
   </div>
   <div class='ocr_carea' id='block_1_39' title="bbox 458 3623 2026 3696">
    <p class='ocr_par' dir='ltr' id='par_1_39' title="bbox 458 3623 2026 3696">
     <span class='ocr_line' id='line_1_39' title="bbox 458 3623 2026 3696; baseline -0.004 -15"><span class='ocrx_word' id='word_1_287' title='bbox 458 3628 583 3681; x_wconf 80' lang='lat' dir='ltr'><strong>ditae</strong></span> <span class='ocrx_word' id='word_1_288' title='bbox 621 3636 765 3689; x_wconf 88' lang='lat' dir='ltr'><strong>sunt,</strong></span> <span class='ocrx_word' id='word_1_289' title='bbox 807 3636 861 3679; x_wconf 87' lang='lat' dir='ltr'><strong>et</strong></span> <span class='ocrx_word' id='word_1_290' title='bbox 910 3627 1293 3696; x_wconf 82' lang='lat' dir='ltr'><strong>intelligentes,</strong></span> <span class='ocrx_word' id='word_1_291' title='bbox 1332 3634 1388 3678; x_wconf 93' lang='lat' dir='ltr'><strong>et</strong></span> <span class='ocrx_word' id='word_1_292' title='bbox 1421 3624 1487 3677; x_wconf 88' lang='lat' dir='ltr'><strong>ad</strong></span> <span class='ocrx_word' id='word_1_293' title='bbox 1523 3623 1838 3692; x_wconf 86' lang='lat' dir='ltr'><strong>capiendam</strong></span> <span class='ocrx_word' id='word_1_294' title='bbox 1871 3625 2026 3678; x_wconf 81' lang='lat' dir='ltr'><strong>boni-</strong></span> 
     </span>
    </p>
   </div>
   <div class='ocr_carea' id='block_1_40' title="bbox 458 3715 2022 3786">
    <p class='ocr_par' dir='ltr' id='par_1_40' title="bbox 458 3715 2022 3786">
     <span class='ocr_line' id='line_1_40' title="bbox 458 3715 2022 3786; baseline -0.003 -15"><span class='ocrx_word' id='word_1_295' title='bbox 458 3727 627 3771; x_wconf 85' lang='lat' dir='ltr'><strong>talem</strong></span> <span class='ocrx_word' id='word_1_296' title='bbox 665 3728 716 3771; x_wconf 89' lang='lat' dir='ltr'><strong>et</strong></span> <span class='ocrx_word' id='word_1_297' title='bbox 748 3718 1066 3786; x_wconf 84' lang='lat' dir='ltr'><strong>sapientiam</strong></span> <span class='ocrx_word' id='word_1_298' title='bbox 1117 3728 1254 3782; x_wconf 64' lang='lat' dir='ltr'><strong>aptae</strong></span> <span class='ocrx_word' id='word_1_299' title='bbox 1280 3754 1297 3782; x_wconf 90' lang='lat'><strong>,</strong></span> <span class='ocrx_word' id='word_1_300' title='bbox 1343 3716 1670 3771; x_wconf 87' lang='lat' dir='ltr'><strong>contrarium</strong></span> <span class='ocrx_word' id='word_1_301' title='bbox 1705 3716 1927 3782; x_wconf 86' lang='lat' dir='ltr'><strong>habent,</strong></span> <span class='ocrx_word' id='word_1_302' title='bbox 1973 3715 2022 3769; x_wconf 93' lang='lat' dir='ltr'><strong>iu</strong></span> 
     </span>
    </p>
   </div>
   <div class='ocr_carea' id='block_1_41' title="bbox 457 3808 2023 3877">
    <p class='ocr_par' dir='ltr' id='par_1_41' title="bbox 457 3808 2023 3877">
     <span class='ocr_line' id='line_1_41' title="bbox 457 3808 2023 3877; baseline -0.001 -15"><span class='ocrx_word' id='word_1_303' title='bbox 457 3808 562 3862; x_wconf 85' lang='lat' dir='ltr'><strong>illis</strong></span> <span class='ocrx_word' id='word_1_304' title='bbox 614 3809 830 3877; x_wconf 87' lang='lat' dir='ltr'><strong>qttidem</strong></span> <span class='ocrx_word' id='word_1_305' title='bbox 868 3809 1147 3871; x_wconf 75' lang='lat' dir='ltr'><strong>exsistere,</strong></span> <span class='ocrx_word' id='word_1_306' title='bbox 1182 3818 1235 3863; x_wconf 89' lang='lat' dir='ltr'><strong>et</strong></span> <span class='ocrx_word' id='word_1_307' title='bbox 1284 3824 1390 3862; x_wconf 89' lang='lat' dir='ltr'><strong>non</strong></span> <span class='ocrx_word' id='word_1_308' title='bbox 1447 3819 1713 3863; x_wconf 78' lang='lat' dir='ltr'><strong>exsistere</strong></span> <span class='ocrx_word' id='word_1_309' title='bbox 1752 3811 2023 3862; x_wconf 86' lang='lat' dir='ltr'><strong>contraria</strong></span> 
     </span>
    </p>
   </div>
   <div class='ocr_carea' id='block_1_42' title="bbox 456 3897 2025 3967">
    <p class='ocr_par' dir='ltr' id='par_1_42' title="bbox 456 3897 2025 3967">
     <span class='ocr_line' id='line_1_42' title="bbox 456 3897 2025 3967; baseline -0.003 -13"><span class='ocrx_word' id='word_1_310' title='bbox 456 3910 583 3955; x_wconf 86' lang='lat' dir='ltr'><strong>sunt</strong></span> <span class='ocrx_word' id='word_1_311' title='bbox 617 3917 631 3953; x_wconf 89' lang='lat'><strong>:</strong></span> <span class='ocrx_word' id='word_1_312' title='bbox 666 3900 719 3953; x_wconf 92' lang='lat' dir='ltr'><strong>in</strong></span> <span class='ocrx_word' id='word_1_313' title='bbox 758 3900 841 3952; x_wconf 92' lang='lat' dir='ltr'><strong>his</strong></span> <span class='ocrx_word' id='word_1_314' title='bbox 869 3914 995 3953; x_wconf 77' lang='lat' dir='ltr'><strong>vero</strong></span> <span class='ocrx_word' id='word_1_315' title='bbox 1046 3897 1306 3951; x_wconf 81' lang='lat' dir='ltr'><strong>habilitati</strong></span> <span class='ocrx_word' id='word_1_316' title='bbox 1358 3897 1613 3952; x_wconf 71' lang='lat' dir='ltr'><strong>bonitatis</strong></span> <span class='ocrx_word' id='word_1_317' title='bbox 1655 3906 1709 3951; x_wconf 86' lang='lat' dir='ltr'><strong>et</strong></span> <span class='ocrx_word' id='word_1_318' title='bbox 1744 3898 2025 3967; x_wconf 72' lang='lat' dir='ltr'><strong>sapientiae</strong></span> 
     </span>
    </p>
   </div>
   <div class='ocr_carea' id='block_1_43' title="bbox 456 3989 2027 4058">
    <p class='ocr_par' dir='ltr' id='par_1_43' title="bbox 456 3989 2027 4058">
     <span class='ocr_line' id='line_1_43' title="bbox 456 3989 2027 4058; baseline -0.004 -8"><span class='ocrx_word' id='word_1_319' title='bbox 456 3994 730 4050; x_wconf 89' lang='lat' dir='ltr'><strong>contraria</strong></span> <span class='ocrx_word' id='word_1_320' title='bbox 783 4003 913 4048; x_wconf 78' lang='lat' dir='ltr'><strong>sunt</strong></span> <span class='ocrx_word' id='word_1_321' title='bbox 964 3992 1153 4045; x_wconf 89' lang='lat' dir='ltr'><strong>vitium</strong></span> <span class='ocrx_word' id='word_1_322' title='bbox 1193 4000 1245 4045; x_wconf 92' lang='lat' dir='ltr'><strong>et</strong></span> <span class='ocrx_word' id='word_1_323' title='bbox 1298 3989 1633 4058; x_wconf 78' lang='lat' dir='ltr'><strong>ignorantia,</strong></span> <span class='ocrx_word' id='word_1_324' title='bbox 1666 3999 1719 4046; x_wconf 91' lang='lat' dir='ltr'><strong>et</strong></span> <span class='ocrx_word' id='word_1_325' title='bbox 1763 3992 2027 4046; x_wconf 73' lang='lat' dir='ltr'><strong>exsistere</strong></span> 
     </span>
    </p>
   </div>
   <div class='ocr_carea' id='block_1_44' title="bbox 454 4078 2027 4157">
    <p class='ocr_par' dir='ltr' id='par_1_44' title="bbox 454 4078 2027 4157">
     <span class='ocr_line' id='line_1_44' title="bbox 454 4078 2027 4157; baseline -0.004 -15"><span class='ocrx_word' id='word_1_326' title='bbox 454 4078 669 4157; x_wconf 84' lang='lat' dir='ltr'><strong>quidem</strong></span> <span class='ocrx_word' id='word_1_327' title='bbox 701 4100 933 4157; x_wconf 88' lang='lat' dir='ltr'><strong>semper,</strong></span> <span class='ocrx_word' id='word_1_328' title='bbox 960 4092 1052 4138; x_wconf 92' lang='lat' dir='ltr'><strong>aut</strong></span> <span class='ocrx_word' id='word_1_329' title='bbox 1076 4099 1178 4137; x_wconf 92' lang='lat' dir='ltr'><strong>non</strong></span> <span class='ocrx_word' id='word_1_330' title='bbox 1216 4084 1497 4146; x_wconf 75' lang='lat' dir='ltr'><strong>exsistere,</strong></span> <span class='ocrx_word' id='word_1_331' title='bbox 1527 4083 1641 4136; x_wconf 63' lang='lat' dir='ltr'><strong>haec</strong></span> <span class='ocrx_word' id='word_1_332' title='bbox 1668 4086 1719 4135; x_wconf 90' lang='lat' dir='ltr'><strong>lu</strong></span> <span class='ocrx_word' id='word_1_333' title='bbox 1754 4091 2027 4150; x_wconf 81' lang='lat' dir='ltr'><strong>potestate</strong></span> 
     </span>
    </p>
   </div>
   <div class='ocr_carea' id='block_1_45' title="bbox 454 4174 2027 4250">
    <p class='ocr_par' dir='ltr' id='par_1_45' title="bbox 454 4174 2027 4250">
     <span class='ocr_line' id='line_1_45' title="bbox 454 4174 2027 4250; baseline -0.007 -13"><span class='ocrx_word' id='word_1_334' title='bbox 454 4180 573 4250; x_wconf 83' lang='lat' dir='ltr'><strong>ejus</strong></span> <span class='ocrx_word' id='word_1_335' title='bbox 606 4189 732 4234; x_wconf 92' lang='lat' dir='ltr'><strong>sunt</strong></span> <span class='ocrx_word' id='word_1_336' title='bbox 767 4180 856 4247; x_wconf 90' lang='lat' dir='ltr'><strong>qui</strong></span> <span class='ocrx_word' id='word_1_337' title='bbox 889 4192 952 4231; x_wconf 88' lang='lat' dir='ltr'><strong>ea</strong></span> <span class='ocrx_word' id='word_1_338' title='bbox 980 4176 1196 4240; x_wconf 74' lang='lat' dir='ltr'><strong>effecit;</strong></span> <span class='ocrx_word' id='word_1_339' title='bbox 1227 4174 1554 4243; x_wconf 88' lang='lat' dir='ltr'><strong>participare</strong></span> <span class='ocrx_word' id='word_1_340' title='bbox 1585 4183 1764 4228; x_wconf 86' lang='lat' dir='ltr'><strong>autem</strong></span> <span class='ocrx_word' id='word_1_341' title='bbox 1814 4174 2027 4229; x_wconf 84' lang='lat' dir='ltr'><strong>bonita-</strong></span> 
     </span>
    </p>
   </div>
   <div class='ocr_carea' id='block_1_46' title="bbox 454 4264 2027 4338">
    <p class='ocr_par' dir='ltr' id='par_1_46' title="bbox 454 4264 2027 4338">
     <span class='ocr_line' id='line_1_46' title="bbox 454 4264 2027 4338; baseline -0.003 -12"><span class='ocrx_word' id='word_1_342' title='bbox 454 4282 563 4331; x_wconf 87' lang='lat' dir='ltr'><strong>tem</strong></span> <span class='ocrx_word' id='word_1_343' title='bbox 589 4280 644 4325; x_wconf 89' lang='lat' dir='ltr'><strong>et</strong></span> <span class='ocrx_word' id='word_1_344' title='bbox 673 4266 1122 4338; x_wconf 62' lang='lat' dir='ltr'><strong>sapientiam,’aut</strong></span> <span class='ocrx_word' id='word_1_345' title='bbox 1156 4281 1257 4317; x_wconf 87' lang='lat' dir='ltr'><strong>non</strong></span> <span class='ocrx_word' id='word_1_346' title='bbox 1289 4264 1636 4333; x_wconf 77' lang='lat' dir='ltr'><strong>participare,</strong></span> <span class='ocrx_word' id='word_1_347' title='bbox 1671 4266 1724 4318; x_wconf 92' lang='lat' dir='ltr'><strong>in</strong></span> <span class='ocrx_word' id='word_1_348' title='bbox 1750 4266 2027 4321; x_wconf 72' lang='lat' dir='ltr'><strong>voiuntate</strong></span> 
     </span>
    </p>
   </div>
   <div class='ocr_carea' id='block_1_47' title="bbox 453 4356 2023 4428">
    <p class='ocr_par' dir='ltr' id='par_1_47' title="bbox 453 4356 2023 4428">
     <span class='ocr_line' id='line_1_47' title="bbox 453 4356 2023 4428; baseline -0.004 -10"><span class='ocrx_word' id='word_1_349' title='bbox 453 4379 638 4418; x_wconf 85' lang='lat' dir='ltr'><strong>eorum</strong></span> <span class='ocrx_word' id='word_1_350' title='bbox 672 4372 755 4415; x_wconf 90' lang='lat' dir='ltr'><strong>est</strong></span> <span class='ocrx_word' id='word_1_351' title='bbox 788 4360 878 4427; x_wconf 90' lang='lat' dir='ltr'><strong>qui</strong></span> <span class='ocrx_word' id='word_1_352' title='bbox 911 4357 1200 4427; x_wconf 86' lang='lat' dir='ltr'><strong>participes</strong></span> <span class='ocrx_word' id='word_1_353' title='bbox 1236 4356 1458 4409; x_wconf 89' lang='lat' dir='ltr'><strong>rationis</strong></span> <span class='ocrx_word' id='word_1_354' title='bbox 1487 4364 1633 4411; x_wconf 87' lang='lat' dir='ltr'><strong>sunt.</strong></span> <span class='ocrx_word' id='word_1_355' title='bbox 1674 4357 1836 4425; x_wconf 86' lang='lat' dir='ltr'><strong>Greg.</strong></span> <span class='ocrx_word' id='word_1_356' title='bbox 1864 4358 2023 4428; x_wconf 86' lang='lat' dir='ltr'><strong>Nyss.</strong></span> 
     </span>
    </p>
   </div>
   <div class='ocr_carea' id='block_1_48' title="bbox 2150 526 3717 603">
    <p class='ocr_par' dir='ltr' id='par_1_48' title="bbox 2150 526 3717 603">
     <span class='ocr_line' id='line_1_48' title="bbox 2150 526 3717 603; baseline 0.008 -24"><span class='ocrx_word' id='word_1_357' title='bbox 2150 529 2283 582; x_wconf 88' lang='lat' dir='ltr'><strong>tium</strong></span> <span class='ocrx_word' id='word_1_358' title='bbox 2330 540 2384 582; x_wconf 92' lang='lat' dir='ltr'><strong>et</strong></span> <span class='ocrx_word' id='word_1_359' title='bbox 2423 526 2830 596; x_wconf 71' lang='lat' dir='ltr'><strong>compositioaiis</strong></span> <span class='ocrx_word' id='word_1_360' title='bbox 2862 530 3187 600; x_wconf 84' lang='lat' dir='ltr'><strong>cogitatione</strong></span> <span class='ocrx_word' id='word_1_361' title='bbox 3218 535 3717 603; x_wconf 84' lang='lat' dir='ltr'><strong>comprehenditur,</strong></span> 
     </span>
    </p>
   </div>
   <div class='ocr_carea' id='block_1_49' title="bbox 2142 621 3717 691">
    <p class='ocr_par' dir='ltr' id='par_1_49' title="bbox 2142 621 3717 691">
     <span class='ocr_line' id='line_1_49' title="bbox 2142 621 3717 691; baseline 0.01 -23"><span class='ocrx_word' id='word_1_362' title='bbox 2142 621 2412 689; x_wconf 85' lang='lat' dir='ltr'><strong>quomodo</strong></span> <span class='ocrx_word' id='word_1_363' title='bbox 2428 621 2623 689; x_wconf 86' lang='lat' dir='ltr'><strong>aliquis</strong></span> <span class='ocrx_word' id='word_1_364' title='bbox 2645 630 2699 675; x_wconf 92' lang='lat' dir='ltr'><strong>et</strong></span> <span class='ocrx_word' id='word_1_365' title='bbox 2719 622 2773 675; x_wconf 90' lang='lat' dir='ltr'><strong>in</strong></span> <span class='ocrx_word' id='word_1_366' title='bbox 2803 621 3074 691; x_wconf 86' lang='lat' dir='ltr'><strong>aliquibus</strong></span> <span class='ocrx_word' id='word_1_367' title='bbox 3099 625 3219 677; x_wconf 89' lang='lat' dir='ltr'><strong>aliis</strong></span> <span class='ocrx_word' id='word_1_368' title='bbox 3250 625 3611 681; x_wconf 70' lang='lat' dir='ltr'><strong>differentiam</strong></span> <span class='ocrx_word' id='word_1_369' title='bbox 3631 644 3717 684; x_wconf 90' lang='lat' dir='ltr'><strong>se-</strong></span> 
     </span>
    </p>
   </div>
   <div class='ocr_carea' id='block_1_50' title="bbox 2145 712 3720 784">
    <p class='ocr_par' dir='ltr' id='par_1_50' title="bbox 2145 712 3720 784">
     <span class='ocr_line' id='line_1_50' title="bbox 2145 712 3720 784; baseline 0.008 -19"><span class='ocrx_word' id='word_1_370' title='bbox 2145 712 2376 765; x_wconf 89' lang='lat' dir='ltr'><strong>cundum</strong></span> <span class='ocrx_word' id='word_1_371' title='bbox 2422 712 2541 781; x_wconf 87' lang='lat' dir='ltr'><strong>plus</strong></span> <span class='ocrx_word' id='word_1_372' title='bbox 2572 722 2626 766; x_wconf 90' lang='lat' dir='ltr'><strong>et</strong></span> <span class='ocrx_word' id='word_1_373' title='bbox 2663 714 2840 767; x_wconf 88' lang='lat' dir='ltr'><strong>minus</strong></span> <span class='ocrx_word' id='word_1_374' title='bbox 2872 714 3165 783; x_wconf 65' lang='lat' dir='ltr'><strong>intelligere</strong></span> <span class='ocrx_word' id='word_1_375' title='bbox 3201 718 3436 784; x_wconf 75' lang='lat' dir='ltr'><strong>p0terit?</strong></span> <span class='ocrx_word' id='word_1_376' title='bbox 3481 717 3720 777; x_wconf 90' lang='lat' dir='ltr'><strong>Omnino</strong></span> 
     </span>
    </p>
   </div>
   <div class='ocr_carea' id='block_1_51' title="bbox 2148 804 3719 881">
    <p class='ocr_par' dir='ltr' id='par_1_51' title="bbox 2148 804 3719 881">
     <span class='ocr_line' id='line_1_51' title="bbox 2148 804 3719 881; baseline 0.007 -26"><span class='ocrx_word' id='word_1_377' title='bbox 2148 818 2373 858; x_wconf 89' lang='lat' dir='ltr'><strong>necesse</strong></span> <span class='ocrx_word' id='word_1_378' title='bbox 2402 812 2505 870; x_wconf 92' lang='lat' dir='ltr'><strong>est,</strong></span> <span class='ocrx_word' id='word_1_379' title='bbox 2534 805 2706 873; x_wconf 89' lang='lat' dir='ltr'><strong>utqui</strong></span> <span class='ocrx_word' id='word_1_380' title='bbox 2740 806 2853 859; x_wconf 82' lang='lat' dir='ltr'><strong>haec</strong></span> <span class='ocrx_word' id='word_1_381' title='bbox 2882 806 3083 860; x_wconf 89' lang='lat' dir='ltr'><strong>variata</strong></span> <span class='ocrx_word' id='word_1_382' title='bbox 3125 823 3248 863; x_wconf 91' lang='lat' dir='ltr'><strong>esse</strong></span> <span class='ocrx_word' id='word_1_383' title='bbox 3276 808 3556 878; x_wconf 88' lang='lat' dir='ltr'><strong>dijudicat,</strong></span> <span class='ocrx_word' id='word_1_384' title='bbox 3585 804 3719 881; x_wconf 88' lang='lat' dir='ltr'><strong>qua-</strong></span> 
     </span>
    </p>
   </div>
   <div class='ocr_carea' id='block_1_52' title="bbox 2087 893 3719 970">
    <p class='ocr_par' dir='ltr' id='par_1_52' title="bbox 2087 893 3719 970">
     <span class='ocr_line' id='line_1_52' title="bbox 2087 893 3719 970; baseline 0.007 -24"><span class='ocrx_word' id='word_1_385' title='bbox 2087 938 2105 959; x_wconf 85' lang='grc'><em>,</em></span> <span class='ocrx_word' id='word_1_386' title='bbox 2146 893 2328 949; x_wconf 86' lang='lat' dir='ltr'><strong>litates</strong></span> <span class='ocrx_word' id='word_1_387' title='bbox 2367 896 2626 964; x_wconf 87' lang='lat' dir='ltr'><strong>quasdam</strong></span> <span class='ocrx_word' id='word_1_388' title='bbox 2665 896 2715 948; x_wconf 90' lang='lat' dir='ltr'><strong>in</strong></span> <span class='ocrx_word' id='word_1_389' title='bbox 2757 896 3060 965; x_wconf 89' lang='lat' dir='ltr'><strong>subjectum</strong></span> <span class='ocrx_word' id='word_1_390' title='bbox 3089 898 3331 954; x_wconf 88' lang='lat' dir='ltr'><strong>incidere</strong></span> <span class='ocrx_word' id='word_1_391' title='bbox 3355 903 3574 970; x_wconf 87' lang='lat' dir='ltr'><strong>cogitet.</strong></span> <span class='ocrx_word' id='word_1_392' title='bbox 3606 903 3719 958; x_wconf 76' lang='lat' dir='ltr'><strong>Aut</strong></span> 
     </span>
    </p>
   </div>
   <div class='ocr_carea' id='block_1_53' title="bbox 2145 985 3709 1061">
    <p class='ocr_par' dir='ltr' id='par_1_53' title="bbox 2145 985 3709 1061">
     <span class='ocr_line' id='line_1_53' title="bbox 2145 985 3709 1061; baseline 0.006 -22"><span class='ocrx_word' id='word_1_393' title='bbox 2145 986 2291 1039; x_wconf 88' lang='lat' dir='ltr'><strong>enim</strong></span> <span class='ocrx_word' id='word_1_394' title='bbox 2323 987 2525 1055; x_wconf 86' lang='lat' dir='ltr'><strong>cogitat</strong></span> <span class='ocrx_word' id='word_1_395' title='bbox 2548 985 2911 1045; x_wconf 44' lang='grc' dir='ltr'><strong>ἀίΠυι-ι-ρωιιαεο</strong></span> <span class='ocrx_word' id='word_1_396' title='bbox 2961 992 3255 1043; x_wconf 79' lang='lat' dir='ltr'><strong>secundum</strong></span> <span class='ocrx_word' id='word_1_397' title='bbox 3299 993 3709 1061; x_wconf 85' lang='lat' dir='ltr'><strong>ampliationem</strong></span> 
     </span>
    </p>
   </div>
   <div class='ocr_carea' id='block_1_54' title="bbox 2145 1077 3713 1152">
    <p class='ocr_par' dir='ltr' id='par_1_54' title="bbox 2145 1077 3713 1152">
     <span class='ocr_line' id='line_1_54' title="bbox 2145 1077 3713 1152; baseline 0.006 -22"><span class='ocrx_word' id='word_1_398' title='bbox 2145 1086 2201 1130; x_wconf 84' lang='lat' dir='ltr'><strong>et</strong></span> <span class='ocrx_word' id='word_1_399' title='bbox 2225 1077 2661 1141; x_wconf 86' lang='lat' dir='ltr'><strong>diminutionem,</strong></span> <span class='ocrx_word' id='word_1_400' title='bbox 2700 1087 2756 1132; x_wconf 84' lang='lat' dir='ltr'><strong>et</strong></span> <span class='ocrx_word' id='word_1_401' title='bbox 2801 1080 2871 1132; x_wconf 92' lang='lat' dir='ltr'><strong>ob</strong></span> <span class='ocrx_word' id='word_1_402' title='bbox 2904 1078 3043 1134; x_wconf 86' lang='lat' dir='ltr'><strong>hanc</strong></span> <span class='ocrx_word' id='word_1_403' title='bbox 3069 1095 3286 1135; x_wconf 88' lang='lat' dir='ltr'><strong>causam</strong></span> <span class='ocrx_word' id='word_1_404' title='bbox 3326 1084 3713 1152; x_wconf 88' lang='lat' dir='ltr'><strong>cogitationem</strong></span> 
     </span>
    </p>
   </div>
   <div class='ocr_carea' id='block_1_55' title="bbox 2146 1166 3719 1238">
    <p class='ocr_par' dir='ltr' id='par_1_55' title="bbox 2146 1166 3719 1238">
     <span class='ocr_line' id='line_1_55' title="bbox 2146 1166 3719 1238; baseline 0.003 -19"><span class='ocrx_word' id='word_1_405' title='bbox 2146 1166 2539 1234; x_wconf 88' lang='lat' dir='ltr'><strong>ntagniludinis</strong></span> <span class='ocrx_word' id='word_1_406' title='bbox 2575 1167 2870 1221; x_wconf 87' lang='lat' dir='ltr'><strong>introducit</strong></span> <span class='ocrx_word' id='word_1_407' title='bbox 2899 1169 2949 1219; x_wconf 93' lang='lat' dir='ltr'><strong>in</strong></span> <span class='ocrx_word' id='word_1_408' title='bbox 2982 1182 3049 1220; x_wconf 89' lang='lat' dir='ltr'><strong>eo</strong></span> <span class='ocrx_word' id='word_1_409' title='bbox 3094 1169 3238 1237; x_wconf 86' lang='lat' dir='ltr'><strong>quod</strong></span> <span class='ocrx_word' id='word_1_410' title='bbox 3274 1171 3538 1238; x_wconf 65' lang='lat' dir='ltr'><strong>quaeritur</strong></span> <span class='ocrx_word' id='word_1_411' title='bbox 3573 1188 3588 1225; x_wconf 92' lang='lat'><strong>:</strong></span> <span class='ocrx_word' id='word_1_412' title='bbox 3625 1180 3719 1224; x_wconf 84' lang='lat' dir='ltr'><strong>aut</strong></span> 
     </span>
    </p>
   </div>
   <div class='ocr_carea' id='block_1_56' title="bbox 2145 1258 3711 1330">
    <p class='ocr_par' dir='ltr' id='par_1_56' title="bbox 2145 1258 3711 1330">
     <span class='ocr_line' id='line_1_56' title="bbox 2145 1258 3711 1330; baseline 0.005 -19"><span class='ocrx_word' id='word_1_413' title='bbox 2145 1262 2441 1311; x_wconf 82' lang='lat' dir='ltr'><strong>secttndum</strong></span> <span class='ocrx_word' id='word_1_414' title='bbox 2472 1258 2765 1312; x_wconf 80' lang='lat' dir='ltr'><strong>bonitatem</strong></span> <span class='ocrx_word' id='word_1_415' title='bbox 2792 1268 2846 1312; x_wconf 88' lang='lat' dir='ltr'><strong>et</strong></span> <span class='ocrx_word' id='word_1_416' title='bbox 2875 1260 3167 1327; x_wconf 87' lang='lat' dir='ltr'><strong>potentiam</strong></span> <span class='ocrx_word' id='word_1_417' title='bbox 3195 1270 3251 1315; x_wconf 89' lang='lat' dir='ltr'><strong>et</strong></span> <span class='ocrx_word' id='word_1_418' title='bbox 3278 1264 3620 1330; x_wconf 80' lang='lat' dir='ltr'><strong>sapientiam,</strong></span> <span class='ocrx_word' id='word_1_419' title='bbox 3655 1276 3711 1319; x_wconf 88' lang='lat' dir='ltr'><strong>et</strong></span> 
     </span>
    </p>
   </div>
   <div class='ocr_carea' id='block_1_57' title="bbox 2145 1347 3712 1421">
    <p class='ocr_par' dir='ltr' id='par_1_57' title="bbox 2145 1347 3712 1421">
     <span class='ocr_line' id='line_1_57' title="bbox 2145 1347 3712 1421; baseline 0.004 -20"><span class='ocrx_word' id='word_1_420' title='bbox 2145 1348 2188 1401; x_wconf 86' lang='lat' dir='ltr'><strong>si</strong></span> <span class='ocrx_word' id='word_1_421' title='bbox 2220 1348 2347 1416; x_wconf 85' lang='lat' dir='ltr'><strong>quid</strong></span> <span class='ocrx_word' id='word_1_422' title='bbox 2380 1349 2522 1402; x_wconf 87' lang='lat' dir='ltr'><strong>aliud</strong></span> <span class='ocrx_word' id='word_1_423' title='bbox 2552 1349 2692 1403; x_wconf 83' lang='lat' dir='ltr'><strong>circa</strong></span> <span class='ocrx_word' id='word_1_424' title='bbox 2734 1347 2901 1401; x_wconf 89' lang='lat' dir='ltr'><strong>Deum</strong></span> <span class='ocrx_word' id='word_1_425' title='bbox 2934 1350 3023 1418; x_wconf 88' lang='lat' dir='ltr'><strong>pie</strong></span> <span class='ocrx_word' id='word_1_426' title='bbox 3057 1350 3396 1421; x_wconf 84' lang='lat' dir='ltr'><strong>intelligitur,</strong></span> <span class='ocrx_word' id='word_1_427' title='bbox 3423 1362 3475 1406; x_wconf 89' lang='grc' dir='ltr'><strong>ιιι</strong></span> <span class='ocrx_word' id='word_1_428' title='bbox 3513 1355 3712 1408; x_wconf 87' lang='lat' dir='ltr'><strong>redun-</strong></span> 
     </span>
    </p>
   </div>
   <div class='ocr_carea' id='block_1_58' title="bbox 2146 1438 3716 1510">
    <p class='ocr_par' dir='ltr' id='par_1_58' title="bbox 2146 1438 3716 1510">
     <span class='ocr_line' id='line_1_58' title="bbox 2146 1438 3716 1510; baseline 0.003 -18"><span class='ocrx_word' id='word_1_429' title='bbox 2146 1440 2258 1505; x_wconf 90' lang='lat' dir='ltr'><strong>det,</strong></span> <span class='ocrx_word' id='word_1_430' title='bbox 2294 1438 2379 1492; x_wconf 80' lang='lat' dir='ltr'><strong>vel</strong></span> <span class='ocrx_word' id='word_1_431' title='bbox 2407 1440 2707 1503; x_wconf 83' lang='lat' dir='ltr'><strong>decrescat,</strong></span> <span class='ocrx_word' id='word_1_432' title='bbox 2746 1438 2956 1495; x_wconf 72' lang='lat' dir='ltr'><strong>efﬁcere</strong></span> <span class='ocrx_word' id='word_1_433' title='bbox 2992 1440 3212 1495; x_wconf 88' lang='lat' dir='ltr'><strong>molitur</strong></span> <span class='ocrx_word' id='word_1_434' title='bbox 3248 1458 3262 1496; x_wconf 91' lang='lat'><strong>:</strong></span> <span class='ocrx_word' id='word_1_435' title='bbox 3298 1450 3460 1510; x_wconf 81' lang='lat' dir='ltr'><strong>atque</strong></span> <span class='ocrx_word' id='word_1_436' title='bbox 3509 1442 3583 1497; x_wconf 86' lang='lat' dir='ltr'><strong>ita</strong></span> <span class='ocrx_word' id='word_1_437' title='bbox 3622 1457 3716 1497; x_wconf 76' lang='lat' dir='ltr'><strong>ra—</strong></span> 
     </span>
    </p>
   </div>
   <div class='ocr_carea' id='block_1_59' title="bbox 2150 1528 3711 1605">
    <p class='ocr_par' dir='ltr' id='par_1_59' title="bbox 2150 1528 3711 1605">
     <span class='ocr_line' id='line_1_59' title="bbox 2150 1528 3711 1605; baseline 0.004 -24"><span class='ocrx_word' id='word_1_438' title='bbox 2150 1530 2349 1583; x_wconf 89' lang='lat' dir='ltr'><strong>tionem</strong></span> <span class='ocrx_word' id='word_1_439' title='bbox 2382 1529 2791 1600; x_wconf 89' lang='lat' dir='ltr'><strong>compositionis</strong></span> <span class='ocrx_word' id='word_1_440' title='bbox 2822 1546 2928 1586; x_wconf 92' lang='lat' dir='ltr'><strong>non</strong></span> <span class='ocrx_word' id='word_1_441' title='bbox 2964 1528 3202 1600; x_wconf 81' lang='lat' dir='ltr'><strong>effugiet.</strong></span> <span class='ocrx_word' id='word_1_442' title='bbox 3254 1532 3481 1604; x_wconf 83' lang='lat' dir='ltr'><strong>Magnus</strong></span> <span class='ocrx_word' id='word_1_443' title='bbox 3510 1533 3711 1605; x_wconf 87' lang='lat' dir='ltr'><strong>Diony-</strong></span> 
     </span>
    </p>
   </div>
   <div class='ocr_carea' id='block_1_60' title="bbox 2147 1619 3715 1687">
    <p class='ocr_par' dir='ltr' id='par_1_60' title="bbox 2147 1619 3715 1687">
     <span class='ocr_line' id='line_1_60' title="bbox 2147 1619 3715 1687; baseline 0.005 -15"><span class='ocrx_word' id='word_1_444' title='bbox 2147 1619 2284 1682; x_wconf 81' lang='lat' dir='ltr'><strong>sius,</strong></span> <span class='ocrx_word' id='word_1_445' title='bbox 2318 1619 2492 1687; x_wconf 77' lang='lat' dir='ltr'><strong>Capite</strong></span> <span class='ocrx_word' id='word_1_446' title='bbox 2522 1620 2711 1687; x_wconf 89' lang='lat' dir='ltr'><strong>quinto</strong></span> <span class='ocrx_word' id='word_1_447' title='bbox 2747 1621 2819 1675; x_wconf 79' lang='lat' dir='ltr'><strong>De</strong></span> <span class='ocrx_word' id='word_1_448' title='bbox 2840 1622 3031 1675; x_wconf 80' lang='lat' dir='ltr'><strong>divinis</strong></span> <span class='ocrx_word' id='word_1_449' title='bbox 3064 1623 3359 1677; x_wconf 78' lang='lat' dir='ltr'><strong>nominibus</strong></span> <span class='ocrx_word' id='word_1_450' title='bbox 3381 1662 3396 1686; x_wconf 84' lang='lat'><strong>,</strong></span> <span class='ocrx_word' id='word_1_451' title='bbox 3431 1639 3533 1679; x_wconf 89' lang='lat' dir='ltr'><strong>non</strong></span> <span class='ocrx_word' id='word_1_452' title='bbox 3567 1625 3715 1680; x_wconf 84' lang='lat' dir='ltr'><strong>aliud</strong></span> 
     </span>
    </p>
   </div>
   <div class='ocr_carea' id='block_1_61' title="bbox 2148 1711 3711 1781">
    <p class='ocr_par' dir='ltr' id='par_1_61' title="bbox 2148 1711 3711 1781">
     <span class='ocr_line' id='line_1_61' title="bbox 2148 1711 3711 1781; baseline 0.006 -20"><span class='ocrx_word' id='word_1_453' title='bbox 2148 1711 2276 1763; x_wconf 88' lang='lat' dir='ltr'><strong>dicit</strong></span> <span class='ocrx_word' id='word_1_454' title='bbox 2303 1724 2423 1765; x_wconf 89' lang='lat' dir='ltr'><strong>esse</strong></span> <span class='ocrx_word' id='word_1_455' title='bbox 2457 1712 2676 1773; x_wconf 88' lang='lat' dir='ltr'><strong>bonum,</strong></span> <span class='ocrx_word' id='word_1_456' title='bbox 2709 1722 2762 1764; x_wconf 87' lang='lat' dir='ltr'><strong>et</strong></span> <span class='ocrx_word' id='word_1_457' title='bbox 2783 1712 2927 1766; x_wconf 86' lang='lat' dir='ltr'><strong>aliud</strong></span> <span class='ocrx_word' id='word_1_458' title='bbox 2961 1714 3102 1781; x_wconf 88' lang='lat' dir='ltr'><strong>quod</strong></span> <span class='ocrx_word' id='word_1_459' title='bbox 3136 1724 3240 1775; x_wconf 88' lang='lat' dir='ltr'><strong>est,</strong></span> <span class='ocrx_word' id='word_1_460' title='bbox 3277 1725 3332 1768; x_wconf 92' lang='lat' dir='ltr'><strong>et</strong></span> <span class='ocrx_word' id='word_1_461' title='bbox 3350 1716 3494 1768; x_wconf 91' lang='lat' dir='ltr'><strong>aliud</strong></span> <span class='ocrx_word' id='word_1_462' title='bbox 3526 1717 3711 1780; x_wconf 85' lang='lat' dir='ltr'><strong>vitam,</strong></span> 
     </span>
    </p>
   </div>
   <div class='ocr_carea' id='block_1_62' title="bbox 2066 1784 3717 1871">
    <p class='ocr_par' dir='ltr' id='par_1_62' title="bbox 2066 1784 3717 1871">
     <span class='ocr_line' id='line_1_62' title="bbox 2066 1784 3717 1871; baseline 0.008 -24"><span class='ocrx_word' id='word_1_463' title='bbox 2066 1790 2106 1847; x_wconf 84' lang='grc' dir='ltr'><strong><em>Β</em></strong></span> <span class='ocrx_word' id='word_1_464' title='bbox 2139 1799 2219 1853; x_wconf 87' lang='lat' dir='ltr'><strong>vel</strong></span> <span class='ocrx_word' id='word_1_465' title='bbox 2248 1784 2602 1869; x_wconf 66' lang='lat' dir='ltr'><strong>sapientia&#39;m;</strong></span> <span class='ocrx_word' id='word_1_466' title='bbox 2635 1816 2810 1870; x_wconf 87' lang='lat' dir='ltr'><strong>neque</strong></span> <span class='ocrx_word' id='word_1_467' title='bbox 2848 1802 3145 1857; x_wconf 89' lang='lat' dir='ltr'><strong>introducit</strong></span> <span class='ocrx_word' id='word_1_468' title='bbox 3190 1804 3387 1858; x_wconf 85' lang='lat' dir='ltr'><strong>multas</strong></span> <span class='ocrx_word' id='word_1_469' title='bbox 3415 1819 3629 1871; x_wconf 82' lang='lat' dir='ltr'><strong>causas,</strong></span> <span class='ocrx_word' id='word_1_470' title='bbox 3660 1816 3717 1861; x_wconf 75' lang='lat' dir='ltr'><strong>et</strong></span> 
     </span>
    </p>
   </div>
   <div class='ocr_carea' id='block_1_63' title="bbox 2135 1890 3713 1964">
    <p class='ocr_par' dir='ltr' id='par_1_63' title="bbox 2135 1890 3713 1964">
     <span class='ocr_line' id='line_1_63' title="bbox 2135 1890 3713 1964; baseline 0.006 -22"><span class='ocrx_word' id='word_1_471' title='bbox 2135 1890 2471 1956; x_wconf 80' lang='lat' dir='ltr'><strong>divinitatea,</strong></span> <span class='ocrx_word' id='word_1_472' title='bbox 2506 1890 2645 1948; x_wconf 85' lang='lat' dir='ltr'><strong>alias</strong></span> <span class='ocrx_word' id='word_1_473' title='bbox 2671 1892 2777 1945; x_wconf 88' lang='lat' dir='ltr'><strong>alia</strong></span> <span class='ocrx_word' id='word_1_474' title='bbox 2809 1895 3196 1960; x_wconf 87' lang='lat' dir='ltr'><strong>producentes,</strong></span> <span class='ocrx_word' id='word_1_475' title='bbox 3219 1897 3526 1964; x_wconf 87' lang='lat' dir='ltr'><strong>superiores</strong></span> <span class='ocrx_word' id='word_1_476' title='bbox 3552 1907 3607 1953; x_wconf 88' lang='lat' dir='ltr'><strong>et</strong></span> <span class='ocrx_word' id='word_1_477' title='bbox 3631 1900 3713 1952; x_wconf 86' lang='lat' dir='ltr'><strong>in-</strong></span> 
     </span>
    </p>
   </div>
   <div class='ocr_carea' id='block_1_64' title="bbox 2133 1980 3714 2057">
    <p class='ocr_par' dir='ltr' id='par_1_64' title="bbox 2133 1980 3714 2057">
     <span class='ocr_line' id='line_1_64' title="bbox 2133 1980 3714 2057; baseline 0.004 -21"><span class='ocrx_word' id='word_1_478' title='bbox 2133 1981 2382 2037; x_wconf 80' lang='lat' dir='ltr'><strong>feriores.</strong></span> <span class='ocrx_word' id='word_1_479' title='bbox 2404 1980 2482 2037; x_wconf 79' lang='lat' dir='ltr'><strong>Ex</strong></span> <span class='ocrx_word' id='word_1_480' title='bbox 2511 1983 2595 2037; x_wconf 89' lang='lat' dir='ltr'><strong>his</strong></span> <span class='ocrx_word' id='word_1_481' title='bbox 2625 1984 2829 2053; x_wconf 87' lang='lat' dir='ltr'><strong>patefit,</strong></span> <span class='ocrx_word' id='word_1_482' title='bbox 2860 1985 3015 2054; x_wconf 25' lang='lat' dir='ltr'><strong>quod.</strong></span> <span class='ocrx_word' id='word_1_483' title='bbox 3036 1985 3175 2041; x_wconf 82' lang='lat' dir='ltr'><strong>sicut</strong></span> <span class='ocrx_word' id='word_1_484' title='bbox 3206 1986 3338 2040; x_wconf 89' lang='lat' dir='ltr'><strong>nihil</strong></span> <span class='ocrx_word' id='word_1_485' title='bbox 3365 1988 3507 2056; x_wconf 87' lang='lat' dir='ltr'><strong>quod</strong></span> <span class='ocrx_word' id='word_1_486' title='bbox 3535 1989 3714 2057; x_wconf 86' lang='lat' dir='ltr'><strong>agitur</strong></span> 
     </span>
    </p>
   </div>
   <div class='ocr_carea' id='block_1_65' title="bbox 2132 2077 3711 2144">
    <p class='ocr_par' dir='ltr' id='par_1_65' title="bbox 2132 2077 3711 2144">
     <span class='ocr_line' id='line_1_65' title="bbox 2132 2077 3711 2144; baseline 0.004 -17"><span class='ocrx_word' id='word_1_487' title='bbox 2132 2082 2225 2127; x_wconf 87' lang='lat' dir='ltr'><strong>aut</strong></span> <span class='ocrx_word' id='word_1_488' title='bbox 2262 2083 2574 2143; x_wconf 85' lang='lat' dir='ltr'><strong>generatur,</strong></span> <span class='ocrx_word' id='word_1_489' title='bbox 2608 2082 2691 2129; x_wconf 89' lang='lat' dir='ltr'><strong>est</strong></span> <span class='ocrx_word' id='word_1_490' title='bbox 2724 2089 2831 2128; x_wconf 89' lang='lat' dir='ltr'><strong>non</strong></span> <span class='ocrx_word' id='word_1_491' title='bbox 2864 2085 3130 2141; x_wconf 88' lang='lat' dir='ltr'><strong>creatum,</strong></span> <span class='ocrx_word' id='word_1_492' title='bbox 3156 2077 3232 2132; x_wconf 85' lang='lat' dir='ltr'><strong>sic</strong></span> <span class='ocrx_word' id='word_1_493' title='bbox 3257 2084 3437 2133; x_wconf 88' lang='lat' dir='ltr'><strong>omnia</strong></span> <span class='ocrx_word' id='word_1_494' title='bbox 3471 2079 3596 2144; x_wconf 81' lang='lat' dir='ltr'><strong>duo,</strong></span> <span class='ocrx_word' id='word_1_495' title='bbox 3629 2081 3711 2135; x_wconf 81' lang='lat' dir='ltr'><strong>vel</strong></span> 
     </span>
    </p>
   </div>
   <div class='ocr_carea' id='block_1_66' title="bbox 2134 2164 3711 2246">
    <p class='ocr_par' dir='ltr' id='par_1_66' title="bbox 2134 2164 3711 2246">
     <span class='ocr_line' id='line_1_66' title="bbox 2134 2164 3711 2246; baseline 0.006 -29"><span class='ocrx_word' id='word_1_496' title='bbox 2134 2164 2388 2234; x_wconf 86' lang='lat' dir='ltr'><strong>deinceps</strong></span> <span class='ocrx_word' id='word_1_497' title='bbox 2431 2165 2735 2231; x_wconf 84' lang='lat' dir='ltr'><strong>multitudo,</strong></span> <span class='ocrx_word' id='word_1_498' title='bbox 2766 2165 2851 2219; x_wconf 81' lang='lat' dir='ltr'><strong>vel</strong></span> <span class='ocrx_word' id='word_1_499' title='bbox 2884 2166 3027 2221; x_wconf 91' lang='lat' dir='ltr'><strong>aliud</strong></span> <span class='ocrx_word' id='word_1_500' title='bbox 3056 2168 3185 2236; x_wconf 90' lang='lat' dir='ltr'><strong>quid</strong></span> <span class='ocrx_word' id='word_1_501' title='bbox 3212 2171 3510 2224; x_wconf 84' lang='lat' dir='ltr'><strong>secundum</strong></span> <span class='ocrx_word' id='word_1_502' title='bbox 3549 2187 3711 2246; x_wconf 80' lang='lat' dir='ltr'><strong>supe-</strong></span> 
     </span>
    </p>
   </div>
   <div class='ocr_carea' id='block_1_67' title="bbox 2135 2255 3747 2335">
    <p class='ocr_par' dir='ltr' id='par_1_67' title="bbox 2135 2255 3747 2335">
     <span class='ocr_line' id='line_1_67' title="bbox 2135 2255 3747 2335; baseline 0.004 -24"><span class='ocrx_word' id='word_1_503' title='bbox 2135 2257 2254 2311; x_wconf 87' lang='lat' dir='ltr'><strong>rius</strong></span> <span class='ocrx_word' id='word_1_504' title='bbox 2280 2266 2335 2310; x_wconf 92' lang='lat' dir='ltr'><strong>et</strong></span> <span class='ocrx_word' id='word_1_505' title='bbox 2370 2255 2596 2311; x_wconf 86' lang='lat' dir='ltr'><strong>inferius</strong></span> <span class='ocrx_word' id='word_1_506' title='bbox 2627 2258 2979 2327; x_wconf 88' lang='lat' dir='ltr'><strong>progrediens</strong></span> <span class='ocrx_word' id='word_1_507' title='bbox 3002 2296 3016 2324; x_wconf 91' lang='lat'><strong>,</strong></span> <span class='ocrx_word' id='word_1_508' title='bbox 3054 2269 3107 2313; x_wconf 92' lang='lat' dir='ltr'><strong>et</strong></span> <span class='ocrx_word' id='word_1_509' title='bbox 3134 2271 3192 2315; x_wconf 88' lang='lat' dir='ltr'><strong>ut</strong></span> <span class='ocrx_word' id='word_1_510' title='bbox 3218 2261 3383 2318; x_wconf 89' lang='lat' dir='ltr'><strong>semel</strong></span> <span class='ocrx_word' id='word_1_511' title='bbox 3417 2263 3612 2329; x_wconf 84' lang='lat' dir='ltr'><strong>dicam,</strong></span> <span class='ocrx_word' id='word_1_512' title='bbox 3635 2265 3708 2319; x_wconf 86' lang='lat' dir='ltr'><strong>ita</strong></span> <span class='ocrx_word' id='word_1_513' title='bbox 3744 2334 3747 2335; x_wconf 16' lang='grc' dir='ltr'><em>ν</em></span> 
     </span>
    </p>
   </div>
   <div class='ocr_carea' id='block_1_68' title="bbox 2133 2338 3707 2432">
    <p class='ocr_par' dir='ltr' id='par_1_68' title="bbox 2133 2338 3707 2432">
     <span class='ocr_line' id='line_1_68' title="bbox 2133 2338 3707 2432; baseline 0.005 -31"><span class='ocrx_word' id='word_1_514' title='bbox 2133 2338 2510 2410; x_wconf 79' lang='lat' dir='ltr'><strong>constitutum,</strong></span> <span class='ocrx_word' id='word_1_515' title='bbox 2553 2356 2609 2401; x_wconf 86' lang='lat' dir='ltr'><strong>ut</strong></span> <span class='ocrx_word' id='word_1_516' title='bbox 2640 2347 2839 2415; x_wconf 86' lang='lat' dir='ltr'><strong>aliquid</strong></span> <span class='ocrx_word' id='word_1_517' title='bbox 2876 2350 2923 2402; x_wconf 91' lang='lat' dir='ltr'><strong>ei</strong></span> <span class='ocrx_word' id='word_1_518' title='bbox 2954 2349 3025 2432; x_wconf 70' lang='lat' dir='ltr'><strong>sit</strong></span> <span class='ocrx_word' id='word_1_519' title='bbox 3055 2352 3407 2419; x_wconf 91' lang='lat' dir='ltr'><strong>contrarium,</strong></span> <span class='ocrx_word' id='word_1_520' title='bbox 3440 2353 3707 2409; x_wconf 88' lang='lat' dir='ltr'><strong>infinitum</strong></span> 
     </span>
    </p>
   </div>
   <div class='ocr_carea' id='block_1_69' title="bbox 2132 2438 3709 2509">
    <p class='ocr_par' dir='ltr' id='par_1_69' title="bbox 2132 2438 3709 2509">
     <span class='ocr_line' id='line_1_69' title="bbox 2132 2438 3709 2509; baseline 0.004 -16"><span class='ocrx_word' id='word_1_521' title='bbox 2132 2452 2278 2505; x_wconf 82' lang='lat' dir='ltr'><strong>esse,</strong></span> <span class='ocrx_word' id='word_1_522' title='bbox 2309 2447 2362 2492; x_wconf 88' lang='lat' dir='ltr'><strong>et</strong></span> <span class='ocrx_word' id='word_1_523' title='bbox 2386 2438 2650 2507; x_wconf 90' lang='lat' dir='ltr'><strong>principio</strong></span> <span class='ocrx_word' id='word_1_524' title='bbox 2673 2452 2859 2493; x_wconf 87' lang='lat' dir='ltr'><strong>carere</strong></span> <span class='ocrx_word' id='word_1_525' title='bbox 2895 2454 3005 2494; x_wconf 92' lang='lat' dir='ltr'><strong>non</strong></span> <span class='ocrx_word' id='word_1_526' title='bbox 3034 2451 3253 2509; x_wconf 76' lang='lat' dir='ltr'><strong>potest;</strong></span> <span class='ocrx_word' id='word_1_527' title='bbox 3304 2443 3356 2497; x_wconf 93' lang='lat' dir='ltr'><strong>in</strong></span> <span class='ocrx_word' id='word_1_528' title='bbox 3390 2444 3530 2499; x_wconf 89' lang='lat' dir='ltr'><strong>idem</strong></span> <span class='ocrx_word' id='word_1_529' title='bbox 3562 2448 3709 2500; x_wconf 89' lang='lat' dir='ltr'><strong>enim</strong></span> 
     </span>
    </p>
   </div>
   <div class='ocr_carea' id='block_1_70' title="bbox 2128 2528 3705 2600">
    <p class='ocr_par' dir='ltr' id='par_1_70' title="bbox 2128 2528 3705 2600">
     <span class='ocr_line' id='line_1_70' title="bbox 2128 2528 3705 2600; baseline 0.005 -18"><span class='ocrx_word' id='word_1_530' title='bbox 2128 2528 2327 2582; x_wconf 84' lang='lat' dir='ltr'><strong>recidit</strong></span> <span class='ocrx_word' id='word_1_531' title='bbox 2359 2529 2477 2582; x_wconf 88' lang='lat' dir='ltr'><strong>sine</strong></span> <span class='ocrx_word' id='word_1_532' title='bbox 2501 2529 2771 2599; x_wconf 87' lang='lat' dir='ltr'><strong>principio</strong></span> <span class='ocrx_word' id='word_1_533' title='bbox 2800 2542 2944 2593; x_wconf 84' lang='lat' dir='ltr'><strong>esse,</strong></span> <span class='ocrx_word' id='word_1_534' title='bbox 2973 2540 3028 2585; x_wconf 90' lang='lat' dir='ltr'><strong>et</strong></span> <span class='ocrx_word' id='word_1_535' title='bbox 3060 2544 3179 2585; x_wconf 79' lang='lat' dir='ltr'><strong>esse</strong></span> <span class='ocrx_word' id='word_1_536' title='bbox 3207 2546 3313 2587; x_wconf 80' lang='lat' dir='ltr'><strong>non</strong></span> <span class='ocrx_word' id='word_1_537' title='bbox 3353 2540 3629 2600; x_wconf 74' lang='lat' dir='ltr'><strong>creatum;</strong></span> <span class='ocrx_word' id='word_1_538' title='bbox 3661 2539 3705 2590; x_wconf 84' lang='lat' dir='ltr'><strong>si</strong></span> 
     </span>
    </p>
   </div>
   <div class='ocr_carea' id='block_1_71' title="bbox 2122 2620 3706 2692">
    <p class='ocr_par' dir='ltr' id='par_1_71' title="bbox 2122 2620 3706 2692">
     <span class='ocr_line' id='line_1_71' title="bbox 2122 2620 3706 2692; baseline 0.005 -18"><span class='ocrx_word' id='word_1_539' title='bbox 2122 2629 2312 2674; x_wconf 70' lang='lat' dir='ltr'><strong>autem</strong></span> <span class='ocrx_word' id='word_1_540' title='bbox 2364 2620 2483 2675; x_wconf 85' lang='lat' dir='ltr'><strong>sine</strong></span> <span class='ocrx_word' id='word_1_541' title='bbox 2537 2622 2803 2690; x_wconf 88' lang='lat' dir='ltr'><strong>principio</strong></span> <span class='ocrx_word' id='word_1_542' title='bbox 2858 2632 2973 2689; x_wconf 91' lang='lat' dir='ltr'><strong>est,</strong></span> <span class='ocrx_word' id='word_1_543' title='bbox 3018 2622 3178 2692; x_wconf 82' lang='lat' dir='ltr'><strong>plane</strong></span> <span class='ocrx_word' id='word_1_544' title='bbox 3220 2623 3383 2679; x_wconf 87' lang='lat' dir='ltr'><strong>etiam</strong></span> <span class='ocrx_word' id='word_1_545' title='bbox 3436 2626 3706 2683; x_wconf 81' lang='lat' dir='ltr'><strong>infinitum</strong></span> 
     </span>
    </p>
   </div>
   <div class='ocr_carea' id='block_1_72' title="bbox 2121 2720 2257 2767">
    <p class='ocr_par' dir='ltr' id='par_1_72' title="bbox 2121 2720 2257 2767">
     <span class='ocr_line' id='line_1_72' title="bbox 2121 2720 2257 2767; baseline -0.015 0"><span class='ocrx_word' id='word_1_546' title='bbox 2121 2720 2257 2767; x_wconf 61' lang='lat' dir='ltr'><strong>‘estn</strong></span> 
     </span>
    </p>
   </div>
   <div class='ocr_carea' id='block_1_73' title="bbox 2687 2818 3099 2885">
    <p class='ocr_par' dir='ltr' id='par_1_73' title="bbox 2687 2818 3099 2885">
     <span class='ocr_line' id='line_1_73' title="bbox 2687 2818 3099 2885; baseline 0.002 -3"><span class='ocrx_word' id='word_1_547' title='bbox 2687 2818 2923 2885; x_wconf 70' lang='lat' dir='ltr'><strong>CAPUT</strong></span> <span class='ocrx_word' id='word_1_548' title='bbox 2960 2822 3099 2884; x_wconf 73' lang='lat' dir='ltr'><strong>vnt.</strong></span> 
     </span>
    </p>
   </div>
   <div class='ocr_carea' id='block_1_74' title="bbox 2144 2960 3700 3034">
    <p class='ocr_par' dir='ltr' id='par_1_74' title="bbox 2144 2960 3700 3034">
     <span class='ocr_line' id='line_1_74' title="bbox 2144 2960 3700 3034; baseline 0.003 -20"><span class='ocrx_word' id='word_1_549' title='bbox 2144 2960 2296 3026; x_wconf 83' lang='lat' dir='ltr'><strong>Quod</strong></span> <span class='ocrx_word' id='word_1_550' title='bbox 2337 2962 2404 3016; x_wconf 94' lang='lat' dir='ltr'><strong>sit</strong></span> <span class='ocrx_word' id='word_1_551' title='bbox 2428 2963 2586 3016; x_wconf 86' lang='lat' dir='ltr'><strong>etiam</strong></span> <span class='ocrx_word' id='word_1_552' title='bbox 2616 2965 2810 3030; x_wconf 76' lang='lat' dir='ltr'><strong>species</strong></span> <span class='ocrx_word' id='word_1_553' title='bbox 2839 2962 3343 3034; x_wconf 70' lang='lat' dir='ltr'><strong>circumscriptionis</strong></span> <span class='ocrx_word' id='word_1_554' title='bbox 3382 2977 3441 3020; x_wconf 85' lang='lat' dir='ltr'><strong>&#39;et</strong></span> <span class='ocrx_word' id='word_1_555' title='bbox 3470 2970 3700 3034; x_wconf 71' lang='lat' dir='ltr'><strong>termini,</strong></span> 
     </span>
    </p>
   </div>
   <div class='ocr_carea' id='block_1_75' title="bbox 2205 3032 3701 3101">
    <p class='ocr_par' dir='ltr' id='par_1_75' title="bbox 2205 3032 3701 3101">
     <span class='ocr_line' id='line_1_75' title="bbox 2205 3032 3701 3101; baseline 0.005 -17"><span class='ocrx_word' id='word_1_556' title='bbox 2205 3034 2589 3101; x_wconf 72' lang='lat' dir='ltr'><strong>comprehensio</strong></span> <span class='ocrx_word' id='word_1_557' title='bbox 2629 3042 2783 3101; x_wconf 82' lang='lat' dir='ltr'><strong>atque</strong></span> <span class='ocrx_word' id='word_1_558' title='bbox 2806 3034 2956 3097; x_wconf 81' lang='lat' dir='ltr'><strong>visio,</strong></span> <span class='ocrx_word' id='word_1_559' title='bbox 2990 3032 3131 3086; x_wconf 74' lang='lat' dir='ltr'><strong>Deus</strong></span> <span class='ocrx_word' id='word_1_560' title='bbox 3187 3045 3362 3088; x_wconf 84' lang='lat' dir='ltr'><strong>autem</strong></span> <span class='ocrx_word' id='word_1_561' title='bbox 3415 3054 3517 3090; x_wconf 71' lang='lat' dir='ltr'><strong>imo</strong></span> <span class='ocrx_word' id='word_1_562' title='bbox 3548 3032 3701 3092; x_wconf 82' lang='lat' dir='ltr'><strong>modo</strong></span> 
     </span>
    </p>
   </div>
   <div class='ocr_carea' id='block_1_76' title="bbox 2210 3100 3694 3173">
    <p class='ocr_par' dir='ltr' id='par_1_76' title="bbox 2210 3100 3694 3173">
     <span class='ocr_line' id='line_1_76' title="bbox 2210 3100 3694 3173; baseline 0.003 -19"><span class='ocrx_word' id='word_1_563' title='bbox 2210 3100 2451 3173; x_wconf 66' lang='lat' dir='ltr'><strong>omnibus</strong></span> <span class='ocrx_word' id='word_1_564' title='bbox 2476 3110 2554 3154; x_wconf 83' lang='lat' dir='ltr'><strong>est</strong></span> <span class='ocrx_word' id='word_1_565' title='bbox 2578 3103 3066 3173; x_wconf 72' lang='lat' dir='ltr'><strong>incircumscriptus</strong></span> <span class='ocrx_word' id='word_1_566' title='bbox 3085 3102 3184 3173; x_wconf 78' lang='lat' dir='ltr'><strong>(rt),</strong></span> <span class='ocrx_word' id='word_1_567' title='bbox 3214 3113 3265 3156; x_wconf 82' lang='lat' dir='ltr'><strong>et</strong></span> <span class='ocrx_word' id='word_1_568' title='bbox 3285 3106 3694 3173; x_wconf 78' lang='lat' dir='ltr'><strong>inaspectabilis,</strong></span> 
     </span>
    </p>
   </div>
   <div class='ocr_carea' id='block_1_77' title="bbox 2214 3170 3693 3241">
    <p class='ocr_par' dir='ltr' id='par_1_77' title="bbox 2214 3170 3693 3241">
     <span class='ocr_line' id='line_1_77' title="bbox 2214 3170 3693 3241; baseline 0.002 -18"><span class='ocrx_word' id='word_1_569' title='bbox 2214 3170 2491 3237; x_wconf 81' lang='lat' dir='ltr'><strong>sigillatim</strong></span> <span class='ocrx_word' id='word_1_570' title='bbox 2539 3186 2656 3225; x_wconf 76' lang='lat' dir='ltr'><strong>vero</strong></span> <span class='ocrx_word' id='word_1_571' title='bbox 2690 3174 2835 3225; x_wconf 84' lang='lat' dir='ltr'><strong>nobis</strong></span> <span class='ocrx_word' id='word_1_572' title='bbox 2860 3170 3033 3241; x_wconf 81' lang='lat' dir='ltr'><strong>angeli</strong></span> <span class='ocrx_word' id='word_1_573' title='bbox 3079 3170 3127 3226; x_wconf 84' lang='lat' dir='ltr'><strong>et</strong></span> <span class='ocrx_word' id='word_1_574' title='bbox 3176 3174 3366 3226; x_wconf 83' lang='lat' dir='ltr'><strong>anima:</strong></span> <span class='ocrx_word' id='word_1_575' title='bbox 3400 3170 3531 3226; x_wconf 73' lang='lat' dir='ltr'><strong>sum</strong></span> <span class='ocrx_word' id='word_1_576' title='bbox 3570 3170 3693 3227; x_wconf 52' lang='lat' dir='ltr'><strong>ina;</strong></span> 
     </span>
    </p>
   </div>
   <div class='ocr_carea' id='block_1_78' title="bbox 2211 3242 2550 3306">
    <p class='ocr_par' dir='ltr' id='par_1_78' title="bbox 2211 3242 2550 3306">
     <span class='ocr_line' id='line_1_78' title="bbox 2211 3242 2550 3306; baseline 0.003 -13"><span class='ocrx_word' id='word_1_577' title='bbox 2211 3242 2550 3306; x_wconf 75' lang='lat' dir='ltr'><strong>spectabiles.</strong></span> 
     </span>
    </p>
   </div>
   <div class='ocr_carea' id='block_1_79' title="bbox 2202 3351 3688 3433">
    <p class='ocr_par' dir='ltr' id='par_1_79' title="bbox 2202 3351 3688 3433">
     <span class='ocr_line' id='line_1_79' title="bbox 2202 3351 3688 3433; baseline 0.001 -26"><span class='ocrx_word' id='word_1_578' title='bbox 2202 3351 2499 3421; x_wconf 82' lang='lat' dir='ltr'><strong>Gregorius</strong></span> <span class='ocrx_word' id='word_1_579' title='bbox 2526 3351 2829 3433; x_wconf 70' lang='lat' dir='ltr'><strong>Theologus</strong></span> <span class='ocrx_word' id='word_1_580' title='bbox 2872 3353 3019 3407; x_wconf 79' lang='lat' dir='ltr'><strong>iibro</strong></span> <span class='ocrx_word' id='word_1_581' title='bbox 3088 3352 3321 3407; x_wconf 81' lang='lat' dir='ltr'><strong>secundo</strong></span> <span class='ocrx_word' id='word_1_582' title='bbox 3378 3355 3442 3407; x_wconf 89' lang='lat' dir='ltr'><strong>de</strong></span> <span class='ocrx_word' id='word_1_583' title='bbox 3483 3353 3688 3409; x_wconf 77' lang='lat' dir='ltr'><strong>theolo-</strong></span> 
     </span>
    </p>
   </div>
   <div class='ocr_carea' id='block_1_80' title="bbox 2134 3443 3693 3514">
    <p class='ocr_par' dir='ltr' id='par_1_80' title="bbox 2134 3443 3693 3514">
     <span class='ocr_line' id='line_1_80' title="bbox 2134 3443 3693 3514; baseline 0.003 -18"><span class='ocrx_word' id='word_1_584' title='bbox 2134 3444 2219 3513; x_wconf 79' lang='lat' dir='ltr'><strong>gia</strong></span> <span class='ocrx_word' id='word_1_585' title='bbox 2256 3459 2270 3496; x_wconf 88' lang='lat'><strong>:</strong></span> <span class='ocrx_word' id='word_1_586' title='bbox 2301 3444 2365 3498; x_wconf 84' lang='lat' dir='ltr'><strong>Et</strong></span> <span class='ocrx_word' id='word_1_587' title='bbox 2418 3443 2681 3507; x_wconf 90' lang='lat' dir='ltr'><strong>nondum,</strong></span> <span class='ocrx_word' id='word_1_588' title='bbox 2713 3446 2906 3514; x_wconf 90' lang='lat' dir='ltr'><strong>inquit,</strong></span> <span class='ocrx_word' id='word_1_589' title='bbox 2936 3445 3057 3501; x_wconf 91' lang='lat' dir='ltr'><strong>dico</strong></span> <span class='ocrx_word' id='word_1_590' title='bbox 3083 3446 3294 3499; x_wconf 85' lang='lat' dir='ltr'><strong>finitum</strong></span> <span class='ocrx_word' id='word_1_591' title='bbox 3324 3450 3542 3501; x_wconf 80' lang='lat' dir='ltr'><strong>omnino</strong></span> <span class='ocrx_word' id='word_1_592' title='bbox 3573 3463 3693 3501; x_wconf 88' lang='lat' dir='ltr'><strong>esse</strong></span> 
     </span>
    </p>
   </div>
   <div class='ocr_carea' id='block_1_81' title="bbox 2134 3536 3696 3609">
    <p class='ocr_par' dir='ltr' id='par_1_81' title="bbox 2134 3536 3696 3609">
     <span class='ocr_line' id='line_1_81' title="bbox 2134 3536 3696 3609; baseline 0.003 -19"><span class='ocrx_word' id='word_1_593' title='bbox 2134 3536 2327 3601; x_wconf 64' lang='lat' dir='ltr'><strong>Dium,</strong></span> <span class='ocrx_word' id='word_1_594' title='bbox 2359 3537 2404 3591; x_wconf 85' lang='lat' dir='ltr'><strong>si</strong></span> <span class='ocrx_word' id='word_1_595' title='bbox 2437 3546 2615 3589; x_wconf 90' lang='lat' dir='ltr'><strong>mente</strong></span> <span class='ocrx_word' id='word_1_596' title='bbox 2646 3538 3030 3606; x_wconf 84' lang='lat' dir='ltr'><strong>comprehendi</strong></span> <span class='ocrx_word' id='word_1_597' title='bbox 3051 3548 3248 3605; x_wconf 85' lang='lat' dir='ltr'><strong>potest,</strong></span> <span class='ocrx_word' id='word_1_598' title='bbox 3279 3554 3384 3592; x_wconf 81' lang='lat' dir='ltr'><strong>uua</strong></span> <span class='ocrx_word' id='word_1_599' title='bbox 3408 3542 3552 3593; x_wconf 87' lang='lat' dir='ltr'><strong>enim</strong></span> <span class='ocrx_word' id='word_1_600' title='bbox 3576 3555 3696 3609; x_wconf 67' lang='lat' dir='ltr'><strong>spca</strong></span> 
     </span>
    </p>
   </div>
   <div class='ocr_carea' id='block_1_82' title="bbox 2134 3627 3735 3702">
    <p class='ocr_par' dir='ltr' id='par_1_82' title="bbox 2134 3627 3735 3702">
     <span class='ocr_line' id='line_1_82' title="bbox 2134 3627 3735 3702; baseline 0.002 -21"><span class='ocrx_word' id='word_1_601' title='bbox 2134 3627 2246 3682; x_wconf 87' lang='lat' dir='ltr'><strong>cies</strong></span> <span class='ocrx_word' id='word_1_602' title='bbox 2275 3628 2792 3695; x_wconf 89' lang='lat' dir='ltr'><strong>circumscriptionis</strong></span> <span class='ocrx_word' id='word_1_603' title='bbox 2840 3638 2924 3685; x_wconf 89' lang='lat' dir='ltr'><strong>est</strong></span> <span class='ocrx_word' id='word_1_604' title='bbox 2955 3629 3069 3698; x_wconf 85' lang='lat' dir='ltr'><strong>ipsa</strong></span> <span class='ocrx_word' id='word_1_605' title='bbox 3094 3634 3524 3702; x_wconf 88' lang='lat' dir='ltr'><strong>comprehensio.</strong></span> <span class='ocrx_word' id='word_1_606' title='bbox 3552 3634 3735 3687; x_wconf 76' lang='lat' dir='ltr'><strong>Idem-</strong></span> 
     </span>
    </p>
   </div>
   <div class='ocr_carea' id='block_1_83' title="bbox 2136 3716 3697 3787">
    <p class='ocr_par' dir='ltr' id='par_1_83' title="bbox 2136 3716 3697 3787">
     <span class='ocr_line' id='line_1_83' title="bbox 2136 3716 3697 3787; baseline 0.004 -18"><span class='ocrx_word' id='word_1_607' title='bbox 2136 3717 2186 3769; x_wconf 90' lang='lat' dir='ltr'><strong>in</strong></span> <span class='ocrx_word' id='word_1_608' title='bbox 2225 3716 2416 3770; x_wconf 88' lang='lat' dir='ltr'><strong>eodem</strong></span> <span class='ocrx_word' id='word_1_609' title='bbox 2450 3732 2463 3767; x_wconf 91' lang='lat'>:</span> <span class='ocrx_word' id='word_1_610' title='bbox 2500 3717 2637 3783; x_wconf 87' lang='lat' dir='ltr'><strong>Quid</strong></span> <span class='ocrx_word' id='word_1_611' title='bbox 2687 3718 2915 3787; x_wconf 63' lang='lat' dir='ltr'><strong>tandem,</strong></span> <span class='ocrx_word' id='word_1_612' title='bbox 2962 3720 3102 3776; x_wconf 88' lang='lat' dir='ltr'><strong>Deus</strong></span> <span class='ocrx_word' id='word_1_613' title='bbox 3171 3722 3243 3777; x_wconf 90' lang='lat' dir='ltr'><strong>sit</strong></span> <span class='ocrx_word' id='word_1_614' title='bbox 3299 3725 3595 3778; x_wconf 82' lang='lat' dir='ltr'><strong>substantia</strong></span> <span class='ocrx_word' id='word_1_615' title='bbox 3644 3735 3697 3776; x_wconf 80' lang='grc' dir='ltr'><strong>ιιι</strong></span> 
     </span>
    </p>
   </div>
   <div class='ocr_carea' id='block_1_84' title="bbox 2136 3810 3699 3885">
    <p class='ocr_par' dir='ltr' id='par_1_84' title="bbox 2136 3810 3699 3885">
     <span class='ocr_line' id='line_1_84' title="bbox 2136 3810 3699 3885; baseline 0.006 -24"><span class='ocrx_word' id='word_1_616' title='bbox 2136 3820 2351 3871; x_wconf 87' lang='lat' dir='ltr'><strong>natura,</strong></span> <span class='ocrx_word' id='word_1_617' title='bbox 2387 3824 2542 3863; x_wconf 90' lang='lat' dir='ltr'><strong>nemo</strong></span> <span class='ocrx_word' id='word_1_618' title='bbox 2572 3810 2846 3864; x_wconf 82' lang='lat' dir='ltr'><strong>hominum</strong></span> <span class='ocrx_word' id='word_1_619' title='bbox 2879 3827 3111 3880; x_wconf 87' lang='lat' dir='ltr'><strong>unquam</strong></span> <span class='ocrx_word' id='word_1_620' title='bbox 3146 3816 3370 3881; x_wconf 77' lang='lat' dir='ltr'><strong>reperit,</strong></span> <span class='ocrx_word' id='word_1_621' title='bbox 3400 3830 3569 3885; x_wconf 89' lang='lat' dir='ltr'><strong>neque</strong></span> <span class='ocrx_word' id='word_1_622' title='bbox 3609 3832 3699 3870; x_wconf 84' lang='lat' dir='ltr'><strong>re-</strong></span> 
     </span>
    </p>
   </div>
   <div class='ocr_carea' id='block_1_85' title="bbox 2135 3897 3697 3975">
    <p class='ocr_par' dir='ltr' id='par_1_85' title="bbox 2135 3897 3697 3975">
     <span class='ocr_line' id='line_1_85' title="bbox 2135 3897 3697 3975; baseline 0.005 -24"><span class='ocrx_word' id='word_1_623' title='bbox 2135 3900 2313 3967; x_wconf 86' lang='lat' dir='ltr'><strong>perire</strong></span> <span class='ocrx_word' id='word_1_624' title='bbox 2340 3908 2521 3965; x_wconf 89' lang='lat' dir='ltr'><strong>queat.</strong></span> <span class='ocrx_word' id='word_1_625' title='bbox 2554 3897 2619 3952; x_wconf 86' lang='lat' dir='ltr'><strong>Et</strong></span> <span class='ocrx_word' id='word_1_626' title='bbox 2649 3915 2839 3954; x_wconf 87' lang='lat' dir='ltr'><strong>rursus</strong></span> <span class='ocrx_word' id='word_1_627' title='bbox 2864 3902 3061 3956; x_wconf 88' lang='lat' dir='ltr'><strong>ibidem</strong></span> <span class='ocrx_word' id='word_1_628' title='bbox 3103 3919 3116 3954; x_wconf 91' lang='lat'><strong>:</strong></span> <span class='ocrx_word' id='word_1_629' title='bbox 3155 3903 3437 3969; x_wconf 88' lang='lat' dir='ltr'><strong>Salomon,</strong></span> <span class='ocrx_word' id='word_1_630' title='bbox 3467 3906 3697 3975; x_wconf 58' lang='lat' dir='ltr'><strong>£inquit,</strong></span> 
     </span>
    </p>
   </div>
   <div class='ocr_carea' id='block_1_86' title="bbox 2134 3988 3696 4064">
    <p class='ocr_par' dir='ltr' id='par_1_86' title="bbox 2134 3988 3696 4064">
     <span class='ocr_line' id='line_1_86' title="bbox 2134 3988 3696 4064; baseline 0.003 -24"><span class='ocrx_word' id='word_1_631' title='bbox 2134 3991 2227 4056; x_wconf 88' lang='lat' dir='ltr'><strong>qtti</strong></span> <span class='ocrx_word' id='word_1_632' title='bbox 2264 3988 2368 4042; x_wconf 90' lang='lat' dir='ltr'><strong>fuit</strong></span> <span class='ocrx_word' id='word_1_633' title='bbox 2403 3990 2701 4059; x_wconf 88' lang='lat' dir='ltr'><strong>sapientior</strong></span> <span class='ocrx_word' id='word_1_634' title='bbox 2730 3994 2943 4045; x_wconf 88' lang='lat' dir='ltr'><strong>cunctis</strong></span> <span class='ocrx_word' id='word_1_635' title='bbox 2973 3992 3281 4047; x_wconf 89' lang='lat' dir='ltr'><strong>hominibus</strong></span> <span class='ocrx_word' id='word_1_636' title='bbox 3305 3996 3394 4064; x_wconf 91' lang='lat' dir='ltr'><strong>qui</strong></span> <span class='ocrx_word' id='word_1_637' title='bbox 3425 4010 3549 4051; x_wconf 88' lang='lat' dir='ltr'><strong>ante</strong></span> <span class='ocrx_word' id='word_1_638' title='bbox 3572 4012 3696 4051; x_wconf 73' lang='grc' dir='ltr'>θυιιι</span> 
     </span>
    </p>
   </div>
   <div class='ocr_carea' id='block_1_87' title="bbox 2128 4082 3696 4148">
    <p class='ocr_par' dir='ltr' id='par_1_87' title="bbox 2128 4082 3696 4148">
     <span class='ocr_line' id='line_1_87' title="bbox 2128 4082 3696 4148; baseline 0.004 -13"><span class='ocrx_word' id='word_1_639' title='bbox 2128 4091 2186 4135; x_wconf 81' lang='lat' dir='ltr'><strong>et</strong></span> <span class='ocrx_word' id='word_1_640' title='bbox 2221 4093 2342 4148; x_wconf 90' lang='lat' dir='ltr'><strong>post</strong></span> <span class='ocrx_word' id='word_1_641' title='bbox 2361 4096 2483 4136; x_wconf 91' lang='lat' dir='ltr'><strong>eum</strong></span> <span class='ocrx_word' id='word_1_642' title='bbox 2510 4082 2766 4137; x_wconf 89' lang='lat' dir='ltr'><strong>fuerunt:</strong></span> <span class='ocrx_word' id='word_1_643' title='bbox 2799 4085 2884 4138; x_wconf 91' lang='lat' dir='ltr'><strong>cui</strong></span> <span class='ocrx_word' id='word_1_644' title='bbox 2906 4084 3008 4139; x_wconf 91' lang='lat' dir='ltr'><strong>fuit</strong></span> <span class='ocrx_word' id='word_1_645' title='bbox 3040 4086 3269 4141; x_wconf 89' lang='lat' dir='ltr'><strong>latitudo</strong></span> <span class='ocrx_word' id='word_1_646' title='bbox 3291 4089 3473 4143; x_wconf 91' lang='lat' dir='ltr'><strong>cordis</strong></span> <span class='ocrx_word' id='word_1_647' title='bbox 3501 4090 3696 4143; x_wconf 86' lang='lat' dir='ltr'><strong>donum</strong></span> 
     </span>
    </p>
   </div>
   <div class='ocr_carea' id='block_1_88' title="bbox 2139 4165 3702 4244">
    <p class='ocr_par' dir='ltr' id='par_1_88' title="bbox 2139 4165 3702 4244">
     <span class='ocr_line' id='line_1_88' title="bbox 2139 4165 3702 4244; baseline 0.008 -27"><span class='ocrx_word' id='word_1_648' title='bbox 2139 4165 2257 4230; x_wconf 85' lang='lat' dir='ltr'><strong>Dei,</strong></span> <span class='ocrx_word' id='word_1_649' title='bbox 2315 4176 2366 4221; x_wconf 89' lang='lat' dir='ltr'><strong>et</strong></span> <span class='ocrx_word' id='word_1_650' title='bbox 2406 4167 2682 4224; x_wconf 85' lang='lat' dir='ltr'><strong>aflluentia</strong></span> <span class='ocrx_word' id='word_1_651' title='bbox 2716 4172 3191 4241; x_wconf 86' lang='lat' dir='ltr'><strong>contemplationis</strong></span> <span class='ocrx_word' id='word_1_652' title='bbox 3236 4176 3509 4244; x_wconf 87' lang='lat' dir='ltr'><strong>copiosior</strong></span> <span class='ocrx_word' id='word_1_653' title='bbox 3539 4192 3702 4231; x_wconf 84' lang='lat' dir='ltr'><strong>arena</strong></span> 
     </span>
    </p>
   </div>
   <div class='ocr_carea' id='block_1_89' title="bbox 2135 4259 3697 4331">
    <p class='ocr_par' dir='ltr' id='par_1_89' title="bbox 2135 4259 3697 4331">
     <span class='ocr_line' id='line_1_89' title="bbox 2135 4259 3697 4331; baseline 0.008 -22"><span class='ocrx_word' id='word_1_654' title='bbox 2135 4259 2325 4322; x_wconf 89' lang='lat' dir='ltr'><strong>maris;</strong></span> <span class='ocrx_word' id='word_1_655' title='bbox 2358 4268 2560 4327; x_wconf 88' lang='lat' dir='ltr'><strong>quanto</strong></span> <span class='ocrx_word' id='word_1_656' title='bbox 2591 4260 2708 4329; x_wconf 90' lang='lat' dir='ltr'><strong>plus</strong></span> <span class='ocrx_word' id='word_1_657' title='bbox 2737 4271 3009 4317; x_wconf 81' lang='lat' dir='ltr'><strong>scrutatur</strong></span> <span class='ocrx_word' id='word_1_658' title='bbox 3026 4265 3369 4331; x_wconf 80' lang='lat' dir='ltr'><strong>profundum,</strong></span> <span class='ocrx_word' id='word_1_659' title='bbox 3415 4274 3697 4321; x_wconf 75' lang='lat' dir='ltr'><strong>tantoma~</strong></span> 
     </span>
    </p>
   </div>
   <div class='ocr_carea' id='block_1_90' title="bbox 2135 4346 3700 4421">
    <p class='ocr_par' dir='ltr' id='par_1_90' title="bbox 2135 4346 3700 4421">
     <span class='ocr_line' id='line_1_90' title="bbox 2135 4346 3700 4421; baseline 0.007 -23"><span class='ocrx_word' id='word_1_660' title='bbox 2135 4346 2217 4412; x_wconf 87' lang='lat' dir='ltr'><strong>gis</strong></span> <span class='ocrx_word' id='word_1_661' title='bbox 2242 4356 2475 4400; x_wconf 72' lang='lat' dir='ltr'><strong>testuat:</strong></span> <span class='ocrx_word' id='word_1_662' title='bbox 2509 4356 2565 4402; x_wconf 86' lang='lat' dir='ltr'><strong>et</strong></span> <span class='ocrx_word' id='word_1_663' title='bbox 2587 4350 2745 4401; x_wconf 88' lang='lat' dir='ltr'><strong>finem</strong></span> <span class='ocrx_word' id='word_1_664' title='bbox 2769 4352 3054 4417; x_wconf 86' lang='lat' dir='ltr'><strong>quemdam</strong></span> <span class='ocrx_word' id='word_1_665' title='bbox 3090 4351 3219 4406; x_wconf 80' lang='lat' dir='ltr'><strong>facit</strong></span> <span class='ocrx_word' id='word_1_666' title='bbox 3249 4354 3529 4421; x_wconf 59' lang='lat' dir='ltr'><strong>sapientiai</strong></span> <span class='ocrx_word' id='word_1_667' title='bbox 3553 4356 3700 4409; x_wconf 82' lang='lat' dir='ltr'><strong>inve-</strong></span> 
     </span>
    </p>
   </div>
   <div class='ocr_carea' id='block_1_91' title="bbox 457 4440 3701 4518">
    <p class='ocr_par' dir='ltr' id='par_1_91' title="bbox 457 4440 3701 4518">
     <span class='ocr_line' id='line_1_91' title="bbox 457 4440 3701 4518; baseline -0.001 -13"><span class='ocrx_word' id='word_1_668' title='bbox 457 4454 593 4511; x_wconf 83' lang='lat' dir='ltr'><strong>libro</strong></span> <span class='ocrx_word' id='word_1_669' title='bbox 623 4450 796 4518; x_wconf 85' lang='lat' dir='ltr'><strong>primo</strong></span> <span class='ocrx_word' id='word_1_670' title='bbox 824 4447 1022 4502; x_wconf 82' lang='lat' dir='ltr'><strong>Contra</strong></span> <span class='ocrx_word' id='word_1_671' title='bbox 1044 4444 1396 4510; x_wconf 68' lang='lat' dir='ltr'><strong>‘Eunomium,</strong></span> <span class='ocrx_word' id='word_1_672' title='bbox 1428 4459 1548 4514; x_wconf 88' lang='lat' dir='ltr'><strong>cap.</strong></span> <span class='ocrx_word' id='word_1_673' title='bbox 1575 4445 1640 4499; x_wconf 78' lang='lat' dir='ltr'><strong>i9</strong></span> <span class='ocrx_word' id='word_1_674' title='bbox 1667 4464 1680 4499; x_wconf 89' lang='lat'><strong>:</strong></span> <span class='ocrx_word' id='word_1_675' title='bbox 1713 4445 1828 4501; x_wconf 77' lang='lat' dir='ltr'><strong>Non</strong></span> <span class='ocrx_word' id='word_1_676' title='bbox 1857 4451 2037 4504; x_wconf 85' lang='lat' dir='ltr'><strong>termi-</strong></span> <span class='ocrx_word' id='word_1_677' title='bbox 2071 4456 2113 4511; x_wconf 75' lang='grc' dir='ltr'><strong>υ</strong></span> <span class='ocrx_word' id='word_1_678' title='bbox 2140 4442 2257 4493; x_wconf 86' lang='lat' dir='ltr'><strong>nite</strong></span> <span class='ocrx_word' id='word_1_679' title='bbox 2289 4452 2551 4508; x_wconf 82' lang='lat' dir='ltr'><strong>quantum</strong></span> <span class='ocrx_word' id='word_1_680' title='bbox 2584 4440 2845 4513; x_wconf 61' lang='lat' dir='ltr'><strong>effugerat</strong></span> <span class='ocrx_word' id='word_1_681' title='bbox 2872 4444 2941 4497; x_wconf 78' lang='grc'><strong>⁸⁷.</strong></span> <span class='ocrx_word' id='word_1_682' title='bbox 2988 4444 3186 4500; x_wconf 89' lang='lat' dir='ltr'><strong>Paulus</strong></span> <span class='ocrx_word' id='word_1_683' title='bbox 3248 4458 3427 4501; x_wconf 88' lang='lat' dir='ltr'><strong>autem</strong></span> <span class='ocrx_word' id='word_1_684' title='bbox 3476 4460 3701 4503; x_wconf 83' lang='lat' dir='ltr'><strong>conatur</strong></span> 
     </span>
    </p>
   </div>
   <div class='ocr_carea' id='block_1_92' title="bbox 454 4536 2037 4607">
    <p class='ocr_par' dir='ltr' id='par_1_92' title="bbox 454 4536 2037 4607">
     <span class='ocr_line' id='line_1_92' title="bbox 454 4536 2037 4607; baseline -0.001 -11"><span class='ocrx_word' id='word_1_685' title='bbox 454 4554 641 4596; x_wconf 87' lang='lat' dir='ltr'><strong>natum</strong></span> <span class='ocrx_word' id='word_1_686' title='bbox 678 4541 818 4593; x_wconf 89' lang='lat' dir='ltr'><strong>idem</strong></span> <span class='ocrx_word' id='word_1_687' title='bbox 844 4550 947 4604; x_wconf 75' lang='lat' dir='ltr'><strong>cst,</strong></span> <span class='ocrx_word' id='word_1_688' title='bbox 975 4540 1117 4607; x_wconf 90' lang='lat' dir='ltr'><strong>quod</strong></span> <span class='ocrx_word' id='word_1_689' title='bbox 1152 4536 1448 4600; x_wconf 88' lang='lat' dir='ltr'><strong>infinitum,</strong></span> <span class='ocrx_word' id='word_1_690' title='bbox 1477 4537 1686 4593; x_wconf 90' lang='lat' dir='ltr'><strong>infinito</strong></span> <span class='ocrx_word' id='word_1_691' title='bbox 1709 4549 1888 4591; x_wconf 89' lang='lat' dir='ltr'><strong>autem</strong></span> <span class='ocrx_word' id='word_1_692' title='bbox 1918 4540 2037 4607; x_wconf 88' lang='lat' dir='ltr'><strong>plus</strong></span> 
     </span>
    </p>
   </div>
   <div class='ocr_carea' id='block_1_93' title="bbox 452 4629 2033 4698">
    <p class='ocr_par' dir='ltr' id='par_1_93' title="bbox 452 4629 2033 4698">
     <span class='ocr_line' id='line_1_93' title="bbox 452 4629 2033 4698; baseline 0.001 -12"><span class='ocrx_word' id='word_1_693' title='bbox 452 4643 547 4686; x_wconf 90' lang='lat' dir='ltr'><strong>aut</strong></span> <span class='ocrx_word' id='word_1_694' title='bbox 584 4634 763 4684; x_wconf 91' lang='lat' dir='ltr'><strong>minus</strong></span> <span class='ocrx_word' id='word_1_695' title='bbox 782 4631 1019 4698; x_wconf 87' lang='lat' dir='ltr'><strong>cogitare</strong></span> <span class='ocrx_word' id='word_1_696' title='bbox 1040 4638 1296 4683; x_wconf 78' lang='lat' dir='ltr'><strong>extretme</strong></span> <span class='ocrx_word' id='word_1_697' title='bbox 1316 4629 1601 4681; x_wconf 71' lang='lat' dir='ltr'><strong>dementim</strong></span> <span class='ocrx_word' id='word_1_698' title='bbox 1623 4638 1737 4695; x_wconf 84' lang='lat' dir='ltr'><strong>est;</strong></span> <span class='ocrx_word' id='word_1_699' title='bbox 1764 4631 2033 4698; x_wconf 90' lang='lat' dir='ltr'><strong>quomodo</strong></span> 
     </span>
    </p>
   </div>
   <div class='ocr_carea' id='block_1_94' title="bbox 453 4719 2031 4789">
    <p class='ocr_par' dir='ltr' id='par_1_94' title="bbox 453 4719 2031 4789">
     <span class='ocr_line' id='line_1_94' title="bbox 453 4719 2031 4789; baseline -0.001 -10"><span class='ocrx_word' id='word_1_700' title='bbox 453 4725 596 4779; x_wconf 91' lang='lat' dir='ltr'><strong>enim</strong></span> <span class='ocrx_word' id='word_1_701' title='bbox 634 4723 768 4777; x_wconf 89' lang='lat' dir='ltr'><strong>ratio</strong></span> <span class='ocrx_word' id='word_1_702' title='bbox 799 4721 995 4776; x_wconf 85' lang='lat' dir='ltr'><strong>infiniti</strong></span> <span class='ocrx_word' id='word_1_703' title='bbox 1029 4719 1232 4775; x_wconf 86' lang='lat' dir='ltr'><strong>servari</strong></span> <span class='ocrx_word' id='word_1_704' title='bbox 1263 4728 1451 4789; x_wconf 88' lang='lat' dir='ltr'><strong>queat,</strong></span> <span class='ocrx_word' id='word_1_705' title='bbox 1486 4720 1529 4773; x_wconf 90' lang='lat' dir='ltr'><strong>si</strong></span> <span class='ocrx_word' id='word_1_706' title='bbox 1578 4720 1697 4789; x_wconf 92' lang='lat' dir='ltr'><strong>plus</strong></span> <span class='ocrx_word' id='word_1_707' title='bbox 1727 4731 1820 4776; x_wconf 90' lang='lat' dir='ltr'><strong>aut</strong></span> <span class='ocrx_word' id='word_1_708' title='bbox 1850 4725 2031 4777; x_wconf 86' lang='lat' dir='ltr'><strong>minus</strong></span> 
     </span>
    </p>
   </div>
   <div class='ocr_carea' id='block_1_95' title="bbox 430 4812 2024 4887">
    <p class='ocr_par' dir='ltr' id='par_1_95' title="bbox 430 4812 2024 4887">
     <span class='ocr_line' id='line_1_95' title="bbox 430 4812 2024 4887; baseline -0.002 -17"><span class='ocrx_word' id='word_1_709' title='bbox 430 4820 507 4883; x_wconf 53' lang='lat' dir='ltr'><strong>,in</strong></span> <span class='ocrx_word' id='word_1_710' title='bbox 543 4817 675 4887; x_wconf 84' lang='lat' dir='ltr'><strong>&#39;ipso</strong></span> <span class='ocrx_word' id='word_1_711' title='bbox 703 4813 1103 4871; x_wconf 84' lang='lat' dir='ltr'><strong>decernuntur?</strong></span> <span class='ocrx_word' id='word_1_712' title='bbox 1140 4828 1203 4867; x_wconf 75' lang='lat' dir='ltr'><strong>ex</strong></span> <span class='ocrx_word' id='word_1_713' title='bbox 1250 4812 1605 4881; x_wconf 81' lang='lat' dir='ltr'><strong>dispositione</strong></span> <span class='ocrx_word' id='word_1_714' title='bbox 1642 4812 1785 4867; x_wconf 80' lang='lat' dir='ltr'><strong>enim</strong></span> <span class='ocrx_word' id='word_1_715' title='bbox 1840 4816 2024 4867; x_wconf 83' lang='lat' dir='ltr'><strong>finium</strong></span> 
     </span>
    </p>
   </div>
   <div class='ocr_carea' id='block_1_96' title="bbox 457 4904 2023 4977">
    <p class='ocr_par' dir='ltr' id='par_1_96' title="bbox 457 4904 2023 4977">
     <span class='ocr_line' id='line_1_96' title="bbox 457 4904 2023 4977; baseline -0.004 -14"><span class='ocrx_word' id='word_1_716' title='bbox 457 4912 600 4964; x_wconf 89' lang='lat' dir='ltr'><strong>inter</strong></span> <span class='ocrx_word' id='word_1_717' title='bbox 628 4924 718 4973; x_wconf 91' lang='lat' dir='ltr'><strong>se;</strong></span> <span class='ocrx_word' id='word_1_718' title='bbox 752 4909 891 4977; x_wconf 91' lang='lat' dir='ltr'><strong>quod</strong></span> <span class='ocrx_word' id='word_1_719' title='bbox 924 4910 1045 4975; x_wconf 90' lang='lat' dir='ltr'><strong>plus</strong></span> <span class='ocrx_word' id='word_1_720' title='bbox 1078 4914 1181 4970; x_wconf 87' lang='lat' dir='ltr'><strong>est,</strong></span> <span class='ocrx_word' id='word_1_721' title='bbox 1214 4905 1589 4971; x_wconf 74' lang='lat' dir='ltr'><strong>dijudiramus,</strong></span> <span class='ocrx_word' id='word_1_722' title='bbox 1630 4904 1680 4957; x_wconf 91' lang='lat' dir='ltr'><strong>in</strong></span> <span class='ocrx_word' id='word_1_723' title='bbox 1708 4905 1902 4971; x_wconf 90' lang='lat' dir='ltr'><strong>quibus</strong></span> <span class='ocrx_word' id='word_1_724' title='bbox 1930 4919 2023 4957; x_wconf 89' lang='lat' dir='ltr'><strong>an-</strong></span> 
     </span>
    </p>
   </div>
   <div class='ocr_carea' id='block_1_97' title="bbox 458 4996 2024 5067">
    <p class='ocr_par' dir='ltr' id='par_1_97' title="bbox 458 4996 2024 5067">
     <span class='ocr_line' id='line_1_97' title="bbox 458 4996 2024 5067; baseline -0.004 -14"><span class='ocrx_word' id='word_1_725' title='bbox 458 5012 561 5057; x_wconf 89' lang='lat' dir='ltr'><strong>tem</strong></span> <span class='ocrx_word' id='word_1_726' title='bbox 596 5017 698 5053; x_wconf 91' lang='lat' dir='ltr'><strong>non</strong></span> <span class='ocrx_word' id='word_1_727' title='bbox 730 5010 815 5052; x_wconf 83' lang='lat' dir='ltr'><strong>est</strong></span> <span class='ocrx_word' id='word_1_728' title='bbox 850 4999 990 5059; x_wconf 84' lang='lat' dir='ltr'><strong>finis,</strong></span> <span class='ocrx_word' id='word_1_729' title='bbox 1023 4997 1289 5067; x_wconf 87' lang='lat' dir='ltr'><strong>quomodo</strong></span> <span class='ocrx_word' id='word_1_730' title='bbox 1320 5005 1495 5065; x_wconf 92' lang='lat' dir='ltr'><strong>potest</strong></span> <span class='ocrx_word' id='word_1_731' title='bbox 1523 4997 1643 5065; x_wconf 88' lang='lat' dir='ltr'><strong>quis</strong></span> <span class='ocrx_word' id='word_1_732' title='bbox 1672 4996 1907 5064; x_wconf 84' lang='lat' dir='ltr'><strong>cogitare</strong></span> <span class='ocrx_word' id='word_1_733' title='bbox 1933 5012 2024 5047; x_wconf 84' lang='lat' dir='ltr'><strong>su-</strong></span> 
     </span>
    </p>
   </div>
   <div class='ocr_carea' id='block_1_98' title="bbox 455 5081 2025 5161">
    <p class='ocr_par' dir='ltr' id='par_1_98' title="bbox 455 5081 2025 5161">
     <span class='ocr_line' id='line_1_98' title="bbox 455 5081 2025 5161; baseline -0.008 -17"><span class='ocrx_word' id='word_1_734' title='bbox 455 5088 759 5161; x_wconf 53' lang='lat' dir='ltr'><strong>p&#39;i&#39;iluens?</strong></span> <span class='ocrx_word' id='word_1_735' title='bbox 811 5087 951 5140; x_wconf 87' lang='lat' dir='ltr'><strong>ldctn</strong></span> <span class='ocrx_word' id='word_1_736' title='bbox 1004 5088 1053 5139; x_wconf 92' lang='lat' dir='ltr'><strong>in</strong></span> <span class='ocrx_word' id='word_1_737' title='bbox 1094 5088 1280 5139; x_wconf 83' lang='lat' dir='ltr'><strong>eodem</strong></span> <span class='ocrx_word' id='word_1_738' title='bbox 1313 5104 1327 5139; x_wconf 85' lang='lat'><strong>;</strong></span> <span class='ocrx_word' id='word_1_739' title='bbox 1361 5082 1493 5147; x_wconf 84' lang='lat' dir='ltr'><strong>Quis</strong></span> <span class='ocrx_word' id='word_1_740' title='bbox 1542 5083 1732 5146; x_wconf 84' lang='lat' dir='ltr'><strong>nescit,</strong></span> <span class='ocrx_word' id='word_1_741' title='bbox 1764 5081 1905 5149; x_wconf 82' lang='lat' dir='ltr'><strong>quod</strong></span> <span class='ocrx_word' id='word_1_742' title='bbox 1940 5098 2025 5132; x_wconf 87' lang='lat' dir='ltr'><strong>se-</strong></span> 
     </span>
    </p>
   </div>
   <div class='ocr_carea' id='block_1_99' title="bbox 422 5172 2022 5248">
    <p class='ocr_par' dir='ltr' id='par_1_99' title="bbox 422 5172 2022 5248">
     <span class='ocr_line' id='line_1_99' title="bbox 422 5172 2022 5248; baseline -0.008 -12"><span class='ocrx_word' id='word_1_743' title='bbox 422 5182 686 5236; x_wconf 54' lang='lat' dir='ltr'><strong>veundum</strong></span> <span class='ocrx_word' id='word_1_744' title='bbox 727 5180 998 5248; x_wconf 86' lang='lat' dir='ltr'><strong>propriam</strong></span> <span class='ocrx_word' id='word_1_745' title='bbox 1034 5179 1293 5231; x_wconf 87' lang='lat' dir='ltr'><strong>rationem</strong></span> <span class='ocrx_word' id='word_1_746' title='bbox 1326 5174 1645 5242; x_wconf 85' lang='lat' dir='ltr'><strong>simplicitas</strong></span> <span class='ocrx_word' id='word_1_747' title='bbox 1675 5189 1779 5226; x_wconf 90' lang='lat' dir='ltr'><strong>non</strong></span> <span class='ocrx_word' id='word_1_748' title='bbox 1826 5172 2022 5239; x_wconf 82' lang='lat' dir='ltr'><strong>recipit</strong></span> 
     </span>
    </p>
   </div>
   <div class='ocr_carea' id='block_1_100' title="bbox 450 5264 2017 5334">
    <p class='ocr_par' dir='ltr' id='par_1_100' title="bbox 450 5264 2017 5334">
     <span class='ocr_line' id='line_1_100' title="bbox 450 5264 2017 5334; baseline -0.008 -7"><span class='ocrx_word' id='word_1_749' title='bbox 450 5275 505 5329; x_wconf 84' lang='lat' dir='ltr'><strong>in</strong></span> <span class='ocrx_word' id='word_1_750' title='bbox 543 5286 728 5327; x_wconf 82' lang='lat' dir='ltr'><strong>saneta</strong></span> <span class='ocrx_word' id='word_1_751' title='bbox 760 5270 1025 5322; x_wconf 81' lang='lat' dir='ltr'><strong>&#39;l&#39;riuitate</strong></span> <span class='ocrx_word' id='word_1_752' title='bbox 1064 5268 1182 5334; x_wconf 82' lang='lat' dir='ltr'><strong>plus</strong></span> <span class='ocrx_word' id='word_1_753' title='bbox 1231 5277 1320 5318; x_wconf 84' lang='lat' dir='ltr'><strong>aut</strong></span> <span class='ocrx_word' id='word_1_754' title='bbox 1371 5264 1584 5316; x_wconf 82' lang='lat' dir='ltr'><strong>minus?</strong></span> <span class='ocrx_word' id='word_1_755' title='bbox 1615 5264 1666 5315; x_wconf 90' lang='lat' dir='ltr'><strong>in</strong></span> <span class='ocrx_word' id='word_1_756' title='bbox 1719 5278 1824 5330; x_wconf 88' lang='lat' dir='ltr'><strong>qua</strong></span> <span class='ocrx_word' id='word_1_757' title='bbox 1876 5265 2017 5315; x_wconf 86' lang='lat' dir='ltr'><strong>enim</strong></span> 
     </span>
    </p>
   </div>
   <div class='ocr_carea' id='block_1_101' title="bbox 451 5356 2013 5434">
    <p class='ocr_par' dir='ltr' id='par_1_101' title="bbox 451 5356 2013 5434">
     <span class='ocr_line' id='line_1_101' title="bbox 451 5356 2013 5434; baseline -0.006 -16"><span class='ocrx_word' id='word_1_758' title='bbox 451 5380 558 5420; x_wconf 88' lang='lat' dir='ltr'><strong>non</strong></span> <span class='ocrx_word' id='word_1_759' title='bbox 591 5374 767 5434; x_wconf 85' lang='lat' dir='ltr'><strong>potest</strong></span> <span class='ocrx_word' id='word_1_760' title='bbox 790 5365 973 5417; x_wconf 84' lang='lat' dir='ltr'><strong>mistto</strong></span> <span class='ocrx_word' id='word_1_761' title='bbox 1000 5363 1263 5429; x_wconf 57' lang='lat' dir='ltr'><strong>quaepiam</strong></span> <span class='ocrx_word' id='word_1_762' title='bbox 1293 5358 1615 5428; x_wconf 85' lang='lat' dir='ltr'><strong>qualitatum</strong></span> <span class='ocrx_word' id='word_1_763' title='bbox 1642 5366 1694 5409; x_wconf 89' lang='lat' dir='ltr'><strong>et</strong></span> <span class='ocrx_word' id='word_1_764' title='bbox 1726 5356 2013 5410; x_wconf 83' lang='lat' dir='ltr'><strong>concursio</strong></span> 
     </span>
    </p>
   </div>
   <div class='ocr_carea' id='block_1_102' title="bbox 2142 4530 3701 4607">
    <p class='ocr_par' dir='ltr' id='par_1_102' title="bbox 2142 4530 3701 4607">
     <span class='ocr_line' id='line_1_102' title="bbox 2142 4530 3701 4607; baseline 0.008 -28"><span class='ocrx_word' id='word_1_765' title='bbox 2142 4530 2357 4595; x_wconf 87' lang='lat' dir='ltr'><strong>quidem</strong></span> <span class='ocrx_word' id='word_1_766' title='bbox 2389 4534 2598 4599; x_wconf 88' lang='lat' dir='ltr'><strong>assequi</strong></span> <span class='ocrx_word' id='word_1_767' title='bbox 2632 4547 2735 4586; x_wconf 92' lang='lat' dir='ltr'><strong>non</strong></span> <span class='ocrx_word' id='word_1_768' title='bbox 2781 4533 2905 4588; x_wconf 88' lang='lat' dir='ltr'><strong>dico</strong></span> <span class='ocrx_word' id='word_1_769' title='bbox 2942 4548 3189 4588; x_wconf 79' lang='lat' dir='ltr'><strong>naturam</strong></span> <span class='ocrx_word' id='word_1_770' title='bbox 3250 4536 3342 4589; x_wconf 91' lang='lat' dir='ltr'><strong>Dei</strong></span> <span class='ocrx_word' id='word_1_771' title='bbox 3381 4538 3506 4607; x_wconf 90' lang='lat' dir='ltr'><strong>(hoc</strong></span> <span class='ocrx_word' id='word_1_772' title='bbox 3554 4530 3701 4592; x_wconf 87' lang='lat' dir='ltr'><strong>enim</strong></span> 
     </span>
    </p>
   </div>
   <div class='ocr_carea' id='block_1_103' title="bbox 2136 4620 3698 4696">
    <p class='ocr_par' dir='ltr' id='par_1_103' title="bbox 2136 4620 3698 4696">
     <span class='ocr_line' id='line_1_103' title="bbox 2136 4620 3698 4696; baseline 0.005 -23"><span class='ocrx_word' id='word_1_773' title='bbox 2136 4620 2385 4674; x_wconf 88' lang='lat' dir='ltr'><strong>omnibus</strong></span> <span class='ocrx_word' id='word_1_774' title='bbox 2417 4623 2588 4675; x_wconf 91' lang='lat' dir='ltr'><strong>modis</strong></span> <span class='ocrx_word' id='word_1_775' title='bbox 2621 4623 2733 4677; x_wconf 89' lang='lat' dir='ltr'><strong>fieri</strong></span> <span class='ocrx_word' id='word_1_776' title='bbox 2754 4639 2856 4678; x_wconf 92' lang='lat' dir='ltr'><strong>non</strong></span> <span class='ocrx_word' id='word_1_777' title='bbox 2891 4626 3111 4695; x_wconf 88' lang='lat' dir='ltr'><strong>potest),</strong></span> <span class='ocrx_word' id='word_1_778' title='bbox 3147 4628 3455 4696; x_wconf 89' lang='lat' dir='ltr'><strong>sedjudicia</strong></span> <span class='ocrx_word' id='word_1_779' title='bbox 3488 4638 3698 4682; x_wconf 87' lang='lat' dir='ltr'><strong>tantum</strong></span> 
     </span>
    </p>
   </div>
   <div class='ocr_carea' id='block_1_104' title="bbox 2134 4709 3694 4784">
    <p class='ocr_par' dir='ltr' id='par_1_104' title="bbox 2134 4709 3694 4784">
     <span class='ocr_line' id='line_1_104' title="bbox 2134 4709 3694 4784; baseline 0.006 -23"><span class='ocrx_word' id='word_1_780' title='bbox 2134 4709 2227 4765; x_wconf 92' lang='lat' dir='ltr'><strong>Dei</strong></span> <span class='ocrx_word' id='word_1_781' title='bbox 2252 4727 2267 4776; x_wconf 88' lang='lat'><strong>;</strong></span> <span class='ocrx_word' id='word_1_782' title='bbox 2291 4713 2413 4780; x_wconf 91' lang='lat' dir='ltr'><strong>quia</strong></span> <span class='ocrx_word' id='word_1_783' title='bbox 2442 4728 2574 4767; x_wconf 85' lang='lat' dir='ltr'><strong>vcro</strong></span> <span class='ocrx_word' id='word_1_784' title='bbox 2604 4728 2709 4767; x_wconf 91' lang='lat' dir='ltr'><strong>non</strong></span> <span class='ocrx_word' id='word_1_785' title='bbox 2746 4723 2922 4783; x_wconf 80' lang='lat' dir='ltr'><strong>potest</strong></span> <span class='ocrx_word' id='word_1_786' title='bbox 2952 4719 3189 4784; x_wconf 90' lang='lat' dir='ltr'><strong>reperire</strong></span> <span class='ocrx_word' id='word_1_787' title='bbox 3221 4721 3449 4781; x_wconf 79' lang='lat' dir='ltr'><strong>exitum,</strong></span> <span class='ocrx_word' id='word_1_788' title='bbox 3491 4736 3589 4773; x_wconf 88' lang='lat' dir='ltr'><strong>nec</strong></span> <span class='ocrx_word' id='word_1_789' title='bbox 3610 4731 3694 4772; x_wconf 76' lang='lat' dir='ltr'><strong>om</strong></span> 
     </span>
    </p>
   </div>
   <div class='ocr_carea' id='block_1_105' title="bbox 2129 4802 3701 4881">
    <p class='ocr_par' dir='ltr' id='par_1_105' title="bbox 2129 4802 3701 4881">
     <span class='ocr_line' id='line_1_105' title="bbox 2129 4802 3701 4881; baseline 0.008 -27"><span class='ocrx_word' id='word_1_790' title='bbox 2129 4802 2355 4871; x_wconf 88' lang='lat' dir='ltr'><strong>gradum</strong></span> <span class='ocrx_word' id='word_1_791' title='bbox 2388 4817 2645 4859; x_wconf 88' lang='lat' dir='ltr'><strong>ascensus</strong></span> <span class='ocrx_word' id='word_1_792' title='bbox 2679 4806 2859 4869; x_wconf 91' lang='lat' dir='ltr'><strong>sistat,</strong></span> <span class='ocrx_word' id='word_1_793' title='bbox 2885 4822 2984 4861; x_wconf 88' lang='lat' dir='ltr'><strong>nec</strong></span> <span class='ocrx_word' id='word_1_794' title='bbox 3039 4808 3132 4881; x_wconf 82' lang='lat' dir='ltr'><strong>ubi</strong></span> <span class='ocrx_word' id='word_1_795' title='bbox 3168 4810 3379 4863; x_wconf 88' lang='lat' dir='ltr'><strong>desinat</strong></span> <span class='ocrx_word' id='word_1_796' title='bbox 3414 4812 3701 4866; x_wconf 82' lang='lat' dir='ltr'><strong>curiositas</strong></span> 
     </span>
    </p>
   </div>
   <div class='ocr_carea' id='block_1_106' title="bbox 2135 4895 3699 4972">
    <p class='ocr_par' dir='ltr' id='par_1_106' title="bbox 2135 4895 3699 4972">
     <span class='ocr_line' id='line_1_106' title="bbox 2135 4895 3699 4972; baseline 0.008 -28"><span class='ocrx_word' id='word_1_797' title='bbox 2135 4895 2327 4945; x_wconf 85' lang='lat' dir='ltr'><strong>mentis</strong></span> <span class='ocrx_word' id='word_1_798' title='bbox 2360 4909 2374 4946; x_wconf 89' lang='lat'><strong>:</strong></span> <span class='ocrx_word' id='word_1_799' title='bbox 2403 4896 2529 4947; x_wconf 85' lang='lat' dir='ltr'><strong>dum</strong></span> <span class='ocrx_word' id='word_1_800' title='bbox 2561 4909 2779 4963; x_wconf 67' lang='lat' dir='ltr'><strong>semper</strong></span> <span class='ocrx_word' id='word_1_801' title='bbox 2810 4896 3014 4965; x_wconf 89' lang='lat' dir='ltr'><strong>aliquid</strong></span> <span class='ocrx_word' id='word_1_802' title='bbox 3043 4899 3372 4968; x_wconf 89' lang='lat' dir='ltr'><strong>subapparet</strong></span> <span class='ocrx_word' id='word_1_803' title='bbox 3403 4902 3520 4971; x_wconf 80' lang='lat' dir='ltr'><strong>ejus</strong></span> <span class='ocrx_word' id='word_1_804' title='bbox 3552 4912 3699 4972; x_wconf 75' lang='lat' dir='ltr'><strong>quod</strong></span> 
     </span>
    </p>
   </div>
   <div class='ocr_carea' id='block_1_107' title="bbox 2130 4982 3697 5052">
    <p class='ocr_par' dir='ltr' id='par_1_107' title="bbox 2130 4982 3697 5052">
     <span class='ocr_line' id='line_1_107' title="bbox 2130 4982 3697 5052; baseline 0.008 -16"><span class='ocrx_word' id='word_1_805' title='bbox 2130 4982 2452 5050; x_wconf 82' lang='lat' dir='ltr'><strong>relinquitur</strong></span> <span class='ocrx_word' id='word_1_806' title='bbox 2508 4984 2561 5052; x_wconf 83' lang='grc' dir='ltr'><strong>(ο</strong></span> <span class='ocrx_word' id='word_1_807' title='bbox 2598 4999 2709 5037; x_wconf 86' lang='lat' dir='ltr'><strong>rem</strong></span> <span class='ocrx_word' id='word_1_808' title='bbox 2744 4986 2956 5050; x_wconf 86' lang='lat' dir='ltr'><strong>miram,</strong></span> <span class='ocrx_word' id='word_1_809' title='bbox 2986 4999 3042 5041; x_wconf 87' lang='lat' dir='ltr'><strong>ut</strong></span> <span class='ocrx_word' id='word_1_810' title='bbox 3078 4991 3207 5042; x_wconf 90' lang='lat' dir='ltr'><strong>mihi</strong></span> <span class='ocrx_word' id='word_1_811' title='bbox 3261 4991 3511 5045; x_wconf 82' lang='lat' dir='ltr'><strong>similiter</strong></span> <span class='ocrx_word' id='word_1_812' title='bbox 3572 5009 3697 5048; x_wconf 72' lang='lat' dir='ltr'><strong>evu-</strong></span> 
     </span>
    </p>
   </div>
   <div class='ocr_carea' id='block_1_108' title="bbox 2134 5073 3699 5143">
    <p class='ocr_par' dir='ltr' id='par_1_108' title="bbox 2134 5073 3699 5143">
     <span class='ocr_line' id='line_1_108' title="bbox 2134 5073 3699 5143; baseline 0.008 -20"><span class='ocrx_word' id='word_1_813' title='bbox 2134 5073 2544 5139; x_wconf 17' lang='lat' dir='ltr'><strong>niat),istupore</strong></span> <span class='ocrx_word' id='word_1_814' title='bbox 2571 5073 2873 5128; x_wconf 88' lang='lat' dir='ltr'><strong>orationem</strong></span> <span class='ocrx_word' id='word_1_815' title='bbox 2904 5076 3326 5143; x_wconf 88' lang='lat' dir='ltr'><strong>circumscribit;</strong></span> <span class='ocrx_word' id='word_1_816' title='bbox 3361 5091 3415 5133; x_wconf 89' lang='lat' dir='ltr'><strong>et</strong></span> <span class='ocrx_word' id='word_1_817' title='bbox 3440 5082 3699 5136; x_wconf 80' lang='lat' dir='ltr'><strong>divinitas</strong></span> 
     </span>
    </p>
   </div>
   <div class='ocr_carea' id='block_1_109' title="bbox 2133 5163 3699 5241">
    <p class='ocr_par' dir='ltr' id='par_1_109' title="bbox 2133 5163 3699 5241">
     <span class='ocr_line' id='line_1_109' title="bbox 2133 5163 3699 5241; baseline 0.008 -28"><span class='ocrx_word' id='word_1_818' title='bbox 2133 5163 2245 5226; x_wconf 88' lang='lat' dir='ltr'><strong>Dei,</strong></span> <span class='ocrx_word' id='word_1_819' title='bbox 2273 5172 2434 5231; x_wconf 83' lang='lat' dir='ltr'><strong>atque</strong></span> <span class='ocrx_word' id='word_1_820' title='bbox 2454 5163 2773 5228; x_wconf 78' lang='lat' dir='ltr'><strong>profundum</strong></span> <span class='ocrx_word' id='word_1_821' title='bbox 2799 5166 2934 5220; x_wconf 89' lang='lat' dir='ltr'><strong>hanc</strong></span> <span class='ocrx_word' id='word_1_822' title='bbox 2955 5182 3065 5221; x_wconf 84' lang='lat' dir='ltr'><strong>rem</strong></span> <span class='ocrx_word' id='word_1_823' title='bbox 3098 5180 3269 5233; x_wconf 86' lang='lat' dir='ltr'><strong>vocat,</strong></span> <span class='ocrx_word' id='word_1_824' title='bbox 3303 5177 3699 5241; x_wconf 80' lang='lat' dir='ltr'><strong>co.ttiteturque</strong></span> 
     </span>
    </p>
   </div>
   <div class='ocr_carea' id='block_1_110' title="bbox 2123 5254 3701 5329">
    <p class='ocr_par' dir='ltr' id='par_1_110' title="bbox 2123 5254 3701 5329">
     <span class='ocr_line' id='line_1_110' title="bbox 2123 5254 3701 5329; baseline 0.008 -22"><span class='ocrx_word' id='word_1_825' title='bbox 2123 5255 2325 5322; x_wconf 85' lang='lat' dir='ltr'><strong>judicia</strong></span> <span class='ocrx_word' id='word_1_826' title='bbox 2364 5254 2458 5308; x_wconf 81' lang='lat' dir='ltr'><strong>Dei</strong></span> <span class='ocrx_word' id='word_1_827' title='bbox 2503 5259 2887 5324; x_wconf 85' lang='lat' dir='ltr'><strong>comprehendi</strong></span> <span class='ocrx_word' id='word_1_828' title='bbox 2943 5275 3051 5313; x_wconf 90' lang='lat' dir='ltr'><strong>non</strong></span> <span class='ocrx_word' id='word_1_829' title='bbox 3084 5277 3243 5329; x_wconf 83' lang='lat' dir='ltr'><strong>posse</strong></span> <span class='ocrx_word' id='word_1_830' title='bbox 3271 5264 3557 5329; x_wconf 71' lang='lat' dir='ltr'><strong>°°;_eadem</strong></span> <span class='ocrx_word' id='word_1_831' title='bbox 3581 5269 3701 5319; x_wconf 72' lang='lat' dir='ltr'><strong>fore</strong></span> 
     </span>
    </p>
   </div>
   <div class='ocr_carea' id='block_1_111' title="bbox 2126 5348 3695 5425">
    <p class='ocr_par' dir='ltr' id='par_1_111' title="bbox 2126 5348 3695 5425">
     <span class='ocr_line' id='line_1_111' title="bbox 2126 5348 3695 5425; baseline 0.006 -26"><span class='ocrx_word' id='word_1_832' title='bbox 2126 5356 2287 5415; x_wconf 88' lang='lat' dir='ltr'><strong>atque</strong></span> <span class='ocrx_word' id='word_1_833' title='bbox 2324 5348 2488 5400; x_wconf 81' lang='lat' dir='ltr'><strong>David</strong></span> <span class='ocrx_word' id='word_1_834' title='bbox 2524 5348 2772 5418; x_wconf 86' lang='lat' dir='ltr'><strong>loquens,</strong></span> <span class='ocrx_word' id='word_1_835' title='bbox 2813 5351 2907 5420; x_wconf 91' lang='lat' dir='ltr'><strong>qui</strong></span> <span class='ocrx_word' id='word_1_836' title='bbox 2947 5369 3089 5409; x_wconf 88' lang='lat' dir='ltr'><strong>nunc</strong></span> <span class='ocrx_word' id='word_1_837' title='bbox 3120 5355 3341 5425; x_wconf 90' lang='lat' dir='ltr'><strong>quidctn</strong></span> <span class='ocrx_word' id='word_1_838' title='bbox 3360 5358 3560 5425; x_wconf 75' lang='lat' dir='ltr'><strong>judicia</strong></span> <span class='ocrx_word' id='word_1_839' title='bbox 3598 5358 3695 5409; x_wconf 82' lang='lat' dir='ltr'><strong>Det</strong></span> 
     </span>
    </p>
   </div>
   <div class='ocr_carea' id='block_1_112' title="bbox 460 5535 2755 5615">
    <p class='ocr_par' dir='ltr' id='par_1_112' title="bbox 460 5535 2755 5615">
     <span class='ocr_line' id='line_1_112' title="bbox 460 5535 2755 5615; baseline -0.003 -11"><span class='ocrx_word' id='word_1_840' title='bbox 460 5578 467 5587; x_wconf 93' lang='lat'><strong><em>-</em></strong></span> <span class='ocrx_word' id='word_1_841' title='bbox 517 5552 559 5581; x_wconf 82' lang='lat'><strong>&quot;</strong></span> <span class='ocrx_word' id='word_1_842' title='bbox 596 5548 659 5605; x_wconf 87' lang='lat' dir='ltr'><strong>lll</strong></span> <span class='ocrx_word' id='word_1_843' title='bbox 690 5547 822 5615; x_wconf 73' lang='lat' dir='ltr'><strong>Reg.</strong></span> <span class='ocrx_word' id='word_1_844' title='bbox 847 5562 922 5611; x_wconf 86' lang='lat' dir='ltr'><strong>tv,</strong></span> <span class='ocrx_word' id='word_1_845' title='bbox 952 5542 1014 5595; x_wconf 79' lang='lat' dir='ltr'><strong>5i</strong></span> <span class='ocrx_word' id='word_1_846' title='bbox 1050 5542 1243 5605; x_wconf 81' lang='lat' dir='ltr'><strong>;Prov.</strong></span> <span class='ocrx_word' id='word_1_847' title='bbox 1287 5556 1382 5602; x_wconf 76' lang='lat' dir='ltr'><strong>stt,</strong></span> <span class='ocrx_word' id='word_1_848' title='bbox 1415 5554 1525 5593; x_wconf 87' lang='lat' dir='ltr'><strong>sec.</strong></span> <span class='ocrx_word' id='word_1_849' title='bbox 1554 5536 1735 5601; x_wconf 78' lang='lat' dir='ltr'><strong>LXX;</strong></span> <span class='ocrx_word' id='word_1_850' title='bbox 1788 5535 1992 5591; x_wconf 86' lang='lat' dir='ltr'><strong>Eccles.</strong></span> <span class='ocrx_word' id='word_1_851' title='bbox 2052 5553 2147 5591; x_wconf 82' lang='lat' dir='ltr'><strong>xu.</strong></span> <span class='ocrx_word' id='word_1_852' title='bbox 2212 5536 2255 5566; x_wconf 75' lang='grc'><strong>³³</strong></span> <span class='ocrx_word' id='word_1_853' title='bbox 2293 5536 2449 5593; x_wconf 83' lang='lat' dir='ltr'><strong>Rom.</strong></span> <span class='ocrx_word' id='word_1_854' title='bbox 2481 5541 2573 5607; x_wconf 83' lang='lat' dir='ltr'><strong>tt,l</strong></span> <span class='ocrx_word' id='word_1_855' title='bbox 2603 5552 2755 5607; x_wconf 75' lang='lat' dir='ltr'><strong>seqq-</strong></span> 
     </span>
    </p>
   </div>
   <div class='ocr_carea' id='block_1_113' title="bbox 522 5719 1781 5797">
    <p class='ocr_par' dir='ltr' id='par_1_113' title="bbox 522 5719 1781 5797">
     <span class='ocr_line' id='line_1_113' title="bbox 522 5719 1781 5797; baseline -0.006 -18"><span class='ocrx_word' id='word_1_856' title='bbox 522 5730 596 5797; x_wconf 85' lang='lat' dir='ltr'><strong>(a)</strong></span> <span class='ocrx_word' id='word_1_857' title='bbox 629 5727 762 5790; x_wconf 86' lang='lat' dir='ltr'><strong>Quia</strong></span> <span class='ocrx_word' id='word_1_858' title='bbox 802 5741 907 5778; x_wconf 89' lang='lat' dir='ltr'><strong>uno</strong></span> <span class='ocrx_word' id='word_1_859' title='bbox 939 5740 1025 5777; x_wconf 86' lang='lat' dir='ltr'><strong>mo</strong></span> <span class='ocrx_word' id='word_1_860' title='bbox 1049 5724 1095 5776; x_wconf 92' lang='lat' dir='ltr'><strong>lo</strong></span> <span class='ocrx_word' id='word_1_861' title='bbox 1130 5731 1205 5775; x_wconf 85' lang='lat' dir='ltr'><strong>est</strong></span> <span class='ocrx_word' id='word_1_862' title='bbox 1236 5722 1476 5775; x_wconf 88' lang='lat' dir='ltr'><strong>infinitus</strong></span> <span class='ocrx_word' id='word_1_863' title='bbox 1509 5719 1781 5773; x_wconf 83' lang='lat' dir='ltr'><strong>omnibus.</strong></span> 
     </span>
    </p>
   </div>
  </div>
