4058 6306
308 393 345 455 9
357 396 373 454 l
387 398 431 455 ἶτκ

950 400 1189 460 DECAS
1227 399 1390 463 VIII.
1426 424 1495 434 --
1523 400 1620 475 DE
1661 397 2101 459 INFINITATE
2140 394 2268 457 DEI
2307 396 2385 456 ΙΝ
2423 396 2884 461 CREATURIS.

3450 391 3553 453 (ιιι

304 521 464 566 vocat
488 514 743 583 abyssum
784 513 1031 579 multam,
1077 516 1235 585 cujus
1306 515 1531 570 fundum
1589 528 1868 576 mensura,
1899 518 1945 572 Α
1976 512 2245 576 buiamus,
2274 513 2414 566 sicut
2438 511 2727 581 Apostolus
2751 510 2826 565 ait
2857 512 2923 565 ".
2953 508 3012 565 Si
3046 509 3130 565 cui
3164 509 3326 579 igitur
3366 525 3553 562 eorum

305 613 398 655 aut
422 618 586 657 sensu
620 618 725 657 non
753 604 879 661 licet
911 607 1393 675 comprehendere;
1426 606 1718 676 aliquando
1742 620 1869 661 vero

307 694 440 748 dicit
478 695 850 749 admirabilem
894 696 1091 751 iactam
1135 713 1257 753 esse
1283 698 1649 768 cognitionem
1692 713 1761 751 ex
1809 712 1868 751 se

304 786 444 849 ipso,
471 795 525 838 et
545 800 608 837 ex
666 787 746 839 sui
784 787 1105 843 lormatione
1150 789 1220 843 ⁵⁸.
1277 788 1343 842 Et
1398 789 1572 842 adhuc
1616 788 1757 842 idem
1816 789 1893 841 itr

309 875 501 927 eodem
570 874 708 927 libro
759 894 783 929 ιι
824 877 959 941 Quia
1015 879 1214 947 expetit
1272 878 1488 945 quidem
1549 879 1727 931 omnis
1774 894 1872 931 na-

309 975 429 1016 tura
475 965 701 1031 primam
721 981 964 1033 causam;
993 967 1454 1033 comprehendere
1487 982 1614 1021 vero
1646 983 1749 1020 non
1780 982 1874 1034 po.-

312 1068 413 1108 n-st
442 1067 660 1124 propter
690 1072 904 1123 causas,
932 1074 1065 1128 quas
1092 1060 1227 1124 dlxi;
1283 1059 1534 1113 laborans
1576 1059 1870 1123 desiderio,

308 1157 365 1200 et
396 1149 556 1201 veluti
588 1151 770 1213 anxia,
804 1158 858 1204 et
891 1153 1148 1204 damnum
1187 1167 1292 1205 non
1328 1160 1521 1219 petens
1570 1150 1738 1214 ferre,
1787 1165 1870 1203 se—

309 1241 541 1291 cundam
576 1242 971 1309 navigationem
997 1242 1246 1310 suscipit,
1280 1253 1335 1295 ut
1365 1243 1637 1297 intueatur
1667 1243 1881 1297 scilicet-

312 1331 366 1381 in
390 1345 451 1383 ea
492 1346 611 1398 quae
636 1343 953 1395 cernuntur,
974 1342 1028 1386 et
1058 1334 1257 1402 aliquid
1280 1349 1346 1387 ex
1373 1333 1451 1387 eis
1486 1334 1649 1386 iaciat
1679 1334 1872 1399 Deum,

311 1422 451 1473 nmie
479 1426 659 1475 docta.
688 1424 827 1487 Quid
858 1426 1000 1478 enim
1054 1426 1196 1490 quod
1228 1428 1326 1476 sub
1376 1436 1649 1508 aspectum
1709 1427 1883 1489 cadit,

310 1528 376 1561 eo
405 1513 496 1578 qui
532 1514 748 1580 aspicit,
795 1514 958 1568 altius
1006 1525 1060 1566 et
1103 1516 1209 1568 Dco
1253 1515 1486 1570 similius
1515 1527 1618 1577 est,
1679 1528 1737 1569 ut
1781 1517 1883 1571 hic

309 1601 475 1663 colat,
538 1601 664 1654 illud
691 1603 939 1658 colatur?
977 1604 1208 1658 Sanctus
1232 1605 1525 1673 Gregorius
1580 1607 1875 1677 Nyssenus,

308 1692 365 1745 in
399 1693 517 1746 Vita
554 1693 754 1762 Moysis
797 1713 809 1749 :
844 1695 965 1749 Non
994 1699 1185 1763 poteris
1239 1698 1411 1752 videre
1436 1700 1619 1766 faciem
1654 1716 1825 1753 meam
1857 1714 1877 1755 :

305 1801 412 1838 non
440 1787 572 1839 enim
603 1787 793 1840 videbit
822 1789 974 1841 homo
1006 1790 1195 1857 faciem
1216 1807 1402 1852 meam,
1436 1801 1482 1844 et
1506 1792 1638 1845 vivet
1671 1792 1740 1845 ‘°;
1765 1794 1877 1845 [ioc

307 1883 493 1927 autem
520 1890 623 1928 non
646 1875 770 1929 dicit
792 1875 1095 1944 Scriptura,
1122 1878 1272 1945 quasi
1303 1876 1441 1932 Deus
1464 1879 1709 1932 sitcausa
1738 1894 1879 1932 mor-

316 1963 390 2015 tis
420 1962 714 2032 (quomodo
741 1969 885 2020 enim
923 1968 1084 2022 iacies
1112 1967 1233 2022 vita:
1260 1967 1372 2021 ﬁeri
1407 1984 1665 2039 unquam.
1707 1979 1881 2038 potest

308 2068 473 2108 causa
500 2057 688 2110 mortis
714 2058 794 2111 eis
825 2059 911 2126 qui
949 2061 1516 2128 appropinquaverunt
1537 2060 1606 2129 τ),
1631 2062 1725 2114 sed
1755 2061 1880 2129 quia

312 2142 456 2198 Deus
482 2154 563 2199 est
597 2155 785 2200 natura
819 2148 945 2202 vitze
995 2134 1207 2213 auctor,
1249 2149 1527 2218 preprium
1578 2160 1758 2203 autem
1802 2150 1881 2203 si-

309 2249 474 2301 gnum
498 2236 698 2292 'divinm
749 2246 958 2293 natura;
1008 2248 1092 2293 est
1128 2254 1251 2293 esse
1289 2240 1489 2294 celsius
1528 2242 1672 2293 omni
1701 2240 1877 2308 signo.

313 2325 415 2390 Qui
436 2326 596 2395 igitur
623 2329 821 2396 aliquid
849 2343 1039 2383 eorum
1087 2346 1208 2399 qua:
1253 2342 1677 2401 cognoscuntur,
1713 2332 1877 2385 Deum

308 2432 432 2473 esse
464 2418 781 2484 arbitratur,
821 2431 1074 2491 tanquam
1108 2424 1173 2477 ab
1198 2438 1261 2477 eo
1282 2424 1374 2492 qui
1410 2439 1538 2479 vere
1595 2433 1702 2490 est,
1737 2426 1880 2505 male

318 2506 560 2563 deﬂexus
592 2511 660 2563 ad
699 2512 749 2566 id
791 2513 934 2582 quod
983 2514 1470 2582 comprehensione
1490 2514 1627 2569 ﬁctae
1672 2516 1880 2583 cogita-

317 2600 478 2654 tionis
505 2616 624 2656 esse
647 2602 1014 2667 existimatur,
1052 2606 1216 2658 vitam
1248 2621 1355 2660 non
1387 2607 1568 2662 habet.
1598 2608 1699 2673 Qui
1736 2609 1879 2663 enim

311 2697 395 2741 est
427 2697 613 2743 auctor
628 2705 817 2745 eorum
840 2707 958 2761 qum
984 2703 1132 2757 sunt,
1164 2696 1210 2749 is
1235 2692 1319 2749 est
1348 2711 1477 2750 vera
1492 2698 1598 2750 vita
1626 2715 1640 2759 ;
1669 2698 1755 2751 hic
1785 2712 1882 2751 au-

309 2782 421 2832 tem
455 2780 703 2846 cognosci
731 2796 835 2835 non
849 2791 1025 2849 potest
1051 2784 1151 2853 (α),
1180 2785 1316 2850 Quia
1343 2786 1503 2855 igitur
1516 2788 1879 2856 cognitionem

310 2867 479 2920 vincit
511 2878 699 2922 natura
724 2868 967 2926 eil‘ectrix
995 2872 1137 2937 vitae,
1163 2888 1324 2927 omne
1342 2874 1482 2941 quod
1518 2874 1878 2942 comprehen-

313 2960 480 3025 ditur,
514 2977 620 3015 non
652 2972 735 3017 est
778 2964 906 3029 vita;
938 2966 1077 3032 quod
1111 2974 1289 3019 autem
1328 2980 1433 3020 non
1477 2972 1562 3019 est
1594 2964 1722 3031 vita,
1773 2981 1877 3020 non

313 3048 479 3104 habet
510 3060 783 3118 naturam,
816 3064 873 3108 ut
900 3054 1167 3110 eiiiciatur
1192 3055 1437 3111 effectrix
1468 3059 1612 3110 vitae.
1666 3056 1758 3112 Sic
1784 3071 1881 3113 ex.

1973 603 2061 669 qui
2101 613 2305 660 certant
2332 604 2434 673 (ιι),
2467 604 2552 657 vel
2580 603 2787 665 lumen,
2819 601 2902 656 vel
2940 602 3110 670 ﬁgura
3149 600 3436 670 qumpiam,
3465 600 3548 651 vel

1982 694 2186 762 aliquid
2216 698 2281 748 ad
2310 695 2719 749 similitudinem
2763 694 2901 763 ignis
2928 702 3207 762 appareat,
3240 706 3305 745 ne
3339 691 3544 758 ample-

1974 796 2186 841 ctamur
2218 786 2524 855 bujusmodi
2554 790 2751 850 visum,
2782 796 2864 840 est
2898 783 3293 839 eiiiml'allacia
3334 782 3543 836 inimici

1975 874 2282 937 manifesta,
2303 891 2421 943 qum
2442 876 2657 945 quidem
2693 891 2778 929 res
2796 876 2994 928 multos
3019 874 3226 936 fefellit,
3276 875 3366 942 qui
3395 888 3553 941 υνθυ-

1976 976 2057 1019 ter
2078 968 2432 1034 ignorantiam
2459 983 2486 1021 a
2508 968 2589 1021 via
2612 967 2852 1021 veritatis
2873 966 3007 1018 male
3027 963 3384 1018 deﬂexerunt.
3420 964 3554 1015 Bea-

1976 1066 2060 1109 tus
2093 1057 2515 1127 Cltrysostomus
2563 1058 2615 1110 in
2672 1059 2919 1110 oratione
2967 1055 3030 1110 de
3060 1055 3507 1121 incomprcltenso
3539 1071 3552 1107 :

1987 1148 2139 1211 Quod
2173 1148 2225 1201 in
2248 1147 2355 1201 Deo
2390 1157 2471 1202 est
2508 1148 3042 1216 incomprehensum,
3077 1162 3181 1200 non
3213 1146 3291 1199 sic
3327 1161 3423 1197 nos
3446 1147 3553 1197 sci-

1976 1254 2115 1301 mus,
2147 1239 2287 1293 sicut
2312 1239 2413 1291 illm
2447 1248 2763 1308 potestates,
2812 1252 2929 1307 qua:
2969 1245 3118 1291 tanto
3150 1236 3318 1302 magis
3353 1236 3553 1297 sciunt,

1975 1339 2178 1397 illialllo
2203 1330 2521 1384 mundiores
2547 1340 2600 1382 et
2638 1330 3010 1398 sapientiores
3041 1337 3094 1382 et
3124 1328 3557 1397 perspicacion-s

1976 1434 2137 1489 qnam
2171 1421 2407 1473 humana
2453 1429 2649 1473 natura
2684 1429 2812 1473 sunt
2844 1438 2857 1473 :
2893 1420 3131 1472 accretio
3163 1418 3305 1471 enim
3340 1417 3553 1483 sapien-

1978 1512 2065 1566 tia:
2102 1513 2460 1565 accretionem
2494 1511 2809 1567 reverentia:
2833 1521 2986 1565 creat
3015 1512 3118 1578 (e);
3152 1510 3311 1562 sicut-
3335 1509 3384 1559 id
3413 1509 3554 1574 quod

1975 1616 2040 1655 ex
2088 1601 2258 1655 radiis
2289 1601 2420 1655 solis
2451 1616 2557 1654 non
2591 1609 2766 1669 potest
2831 1610 3083 1669 aspectus
3119 1599 3283 1664 ferre,
3339 1614 3444 1651 non
3479 1599 3558 1649 sie

1978 1692 2154 1746 cernit
2169 1704 2370 1757 caecus,
2406 1692 2547 1745 sicut
2582 1694 2674 1761 qui
2710 1692 2855 1746 videt
2894 1693 3016 1744 :‘ad
3046 1691 3294 1745 eumdem
3327 1688 3545 1742 modum

1982 1781 2124 1849 quod
2153 1790 2235 1834 est
2267 1780 2318 1833 in
2367 1780 2476 1834 Deo
2503 1783 3036 1849 incomprehensum,
3068 1795 3174 1833 non
3219 1780 3295 1831 sic
3329 1794 3445 1838 nos.
3500 1785 3558 1830 ut

1984 1871 2081 1933 illi,
2123 1872 2499 1940 cognoscimus
2529 1888 2544 1938 ;
2577 1881 2838 1940 quantum
2871 1873 3014 1925 enim
3041 1871 3428 1925 interestinto-r
3457 1885 3556 1921 cae-

1981 1977 2102 2015 cum
2131 1972 2185 2015 et
2213 1963 2505 2024 videntem,
2535 1971 2743 2016 tantum
2779 1962 3281 2017 interestinternos
3313 1971 3369 2013 et
3397 1959 3538 2013 illos.

1983 2050 2047 2104 Et
2077 2065 2267 2105 rursus
2288 2050 2427 2104 idem
2462 2051 2511 2104 in
2543 2052 2743 2106 eisdem
2786 2068 2801 2104 :
2840 2051 2921 2105 Illi
2952 2051 3118 2121 igitur
3176 2050 3353 2119 angeli
3393 2042 3555 2115 aspe-

1980 2153 2097 2194 ctus
2152 2150 2380 2210 tegunt,
2418 2141 2472 2195 hi
2503 2156 2634 2196 vero
2678 2141 2880 2210 alioqui
2918 2142 3166 2201 homines
3217 2141 3554 2196 contendunt

1981 2230 2261 2285 intendere
2297 2231 2485 2286 oculos
2527 2233 2867 2301 impudenter
2916 2231 2973 2285 in
3044 2231 3267 2301 gloriam
3319 2230 3551 2298 inexpli-

1980 2322 2233 2376 cabilem.
2266 2322 2401 2389 Quis
2422 2338 2517 2379 eos
2552 2339 2658 2379 non
2681 2323 2876 2379 deﬂeat
2893 2324 2917 2377 ?
2936 2324 3060 2393 quis
3086 2338 3192 2377 non
3217 2323 3391 2390 lugeat
3418 2322 3558 2377 haue

1989 2415 2321 2478 vecordiam,
2382 2424 2432 2469 et
2487 2424 2793 2469 extremam
2828 2413 3204 2468 dementiam?-
3248 2414 3310 2466 Et
3358 2412 3557 2467 iterum

1982 2507 2143 2569 idem,
2166 2521 2290 2560 cum
2318 2506 2567 2573 explanat
2606 2506 2733 2560 illud
2771 2520 2787 2559 :
2848 2504 3089 2559 Vidimus
3136 2506 3383 2575 gloriam.
3417 2504 3554 2566 eius.

1988 2597 2214 2667 gloriam
2247 2598 2403 2665 quasi
2444 2596 2717 2666 Unigem’tt'
2768 2612 2800 2649 ιι
2834 2595 2997 2651 Patre
3027 2597 3114 2651 “:
3157 2596 3296 2658 Non,
3359 2596 3553 2662 inquit.

1980 2687 2323 2750 vidissemus,
2349 2686 2451 2741 nisi
2484 2700 2577 2754 per
2604 2700 2801 2754 corpus
2836 2686 2994 2739 nobis
3019 2697 3319 2750 assuetum,
3357 2695 3409 2738 et
3451 2698 3552 2736 no-

1980 2777 2185 2831 biseum
2209 2776 2379 2831 alttun
2422 2777 2578 2831 nobis
2606 2777 2969 2845 apparuisset.
3002 2776 3066 2830 Et
3098 2776 3299 2839 adhuc,
3365 2776 3415 2829 in
3453 2775 3553 2831 ho-

1979 2868 2126 2922 milia
2144 2868 2213 2923 15
2245 2868 2297 2921 in
2335 2866 2593 2922 Joannem
2622 2868 2723 2925 :St’
2747 2869 2909 2922 Deum
2929 2884 3078 2922 nemo
3096 2868 3223 2923 vidit
3240 2883 3469 2936 unquam
3482 2867 3551 2931 °",

1980 2957 2121 3025 quid.
2175 2957 2362 3025 igitur,
2426 2956 2621 3025 inquit,
2687 2958 3138 3027 respondebimus
3196 2959 3555 3027 grandiloqno

1980 3051 2153 3117 Isaiae,
2184 3066 2307 3108 eum
2337 3053 2449 3108 ait:
2491 3052 2611 3107 Vidi
2644 3052 2809 3108 Deum
2840 3054 3100 3108 sedentem
3129 3069 3283 3120 super
3305 3053 3553 3106 thronum

310 3140 485 3209 pletur
512 3142 676 3214 Moysi
708 3145 1036 3202 desiderium
1072 3162 1165 3216 per
1196 3148 1247 3202 id
1276 3151 1418 3215 quod
1462 3148 1615 3213 fecit,
1658 3159 1717 3203 ιιι
1760 3166 1872 3205 ma-
1900 3156 1946 3221 ρ
1978 3144 2261 3211 excelsum,
2292 3146 2418 3199 etin
2448 3145 2668 3199 sublime
2699 3146 2901 3201 elatum
2931 3146 3014 3198 "i
3041 3153 3093 3198 et
3122 3144 3342 3209 luanni,
3368 3144 3457 3213 qui
3492 3144 3541 3200 ei

311 3241 467 3287 nerei
489 3234 756 3302 cupiditas
777 3236 1119 3306 inexplebilis
1143 3238 1243 3307 (b).
1262 3237 1405 3293 idem
1430 3240 1481 3295 in
1503 3241 1879 3310 explanatione

311 3321 453 3375 illius
487 3323 855 3389 beatitudinis,
891 3326 1039 3381 Beati
1076 3328 1269 3383 mundo
1296 3330 1472 3397 corde,
1501 3332 1747 3393 quoniam
1774 3333 1879 3401 ipsi

315 3410 480 3466 Deum
502 3415 753 3469 videbunt
773 3416 820 3448 “
863 3432 878 3472 :
933 3418 1033 3483 Qui
1071 3434 1166 3473 cor
1191 3433 1370 3485 suum,
1410 3420 1611 3489 inquit,
1636 3423 1702 3475 ab
1731 3423 1876 3475 omni

310 3500 594 3558 aﬂ'ectione
618 3506 828 3560 turbida
871 3510 1205 3574 emundavit,
1239 3512 1291 3563 in
1330 3512 1542 3580 propria
1575 3512 1880 3581 pulchritu-

312 3592 436 3645 dine
466 3592 753 3662 imag'nem
806 3596 1235 3653 divinzenalurm
1290 3603 1564 3670 persp’cit.
1630 3602 1877 3655 Mensura

313 3683 457 3736 enim
493 3685 897 3752 perspicientia
928 3687 1044 3750 Dei,
1075 3704 1192 3754 quae
1227 3705 1253 3739 a
1292 3700 1340 3740 te
1369 3691 1485 3759 capi
1518 3698 1714 3756 potest,
1752 3692 1804 3742 iu
1827 3700 1881 3744 te

312 3783 416 3827 est.
459 3774 627 3842 igitur
656 3776 745 3844 qui
797 3791 855 3831 se
886 3777 1001 3844 ipse
1049 3778 1214 3853 videt,
1244 3779 1299 3835 in
1331 3793 1388 3832 se
1417 3781 1557 3848 quod
1585 3781 1878 3851 desiderat,

313 3863 482 3927 videt,
520 3872 680 3931 atque
705 3865 779 3917 ita
814 3865 1044 3920 mundus
1075 3868 1237 3922 corde
1262 3867 1492 3922 eilieitur
1514 3870 1723 3933 beatus,
1758 3886 1879 3924 cum

314 3952 532 4007 intuens
584 3954 643 4008 in.
687 3970 836 4010 suam
865 3958 1206 4025 munditiem,
1244 3960 1295 4014 in
1334 3961 1569 4031 imagine
1610 3976 1707 4016 sua
1738 3964 1882 4018 videt

313 4044 609 4113 exemplar.
641 4046 865 4121 Divinus
899 4046 1203 4103 Diadochus
1251 4048 1353 4121 (c),
1406 4060 1461 4105 et
1510 4052 1709 4106 silentii
1765 4068 1881 4106 ma-

312 4136 500 4207 gister:
526 4120 716 4204 Nemo,
739 4137 935 4207 inquit,
960 4154 1081 4193 eum
1109 4120 1327 4195 sensum
1357 4142 1548 4196 mentis
1570 4143 1737 4205 audit,
1759 4159 1886 4211 spe--

316 4236 394 4278 ret
414 4226 590 4281 videre
605 4229 774 4281 oculis
790 4229 1012 4298 gloriam
1033 4231 1336 4290 Dei.sentiri
1357 4232 1497 4285 enim
1518 4246 1633 4285 eam
1650 4231 1883 4287 dicimus

314 4326 479 4388 gustu.
508 4324 762 4388 quodam,
785 4321 875 4391 qui
905 4324 1147 4391 expromi
1178 4339 1280 4378 non
1307 4335 1504 4393 potest,
1531 4324 1724 4378 divina:
1750 4340 1883 4380 con-

314 4408 615 4469 solationis.
650 4424 773 4463 cum
805 4414 925 4479 quis
948 4415 1180 4467 animam
1213 4414 1540 4483 purgaverit,
1572 4429 1675 4468 non
1699 4424 1879 4468 autem

1982 3232 2350 3287 testimonium
2397 3235 2620 3303 praebet,
2648 3249 2768 3288 cum
2805 3234 2881 3287 ait
2910 3250 2925 3288 :
2978 3233 3104 3288 Haec
3130 3235 3287 3300 dixit,
3322 3236 3536 3305 quando

1980 3323 2109 3377 vidit
2138 3324 2362 3392 gloriam
2410 3324 2525 3392 ejus
2566 3325 2653 3379 “‘I
2705 3326 2843 3391 Quid
2901 3324 3219 3381 Ezechieli?
3279 3326 3545 3394 siquidem

1979 3412 2095 3480 ipse
2125 3415 2287 3468 etiam
2336 3415 2470 3469 vidit
2499 3430 2621 3469 eum
2651 3417 2928 3471 sedentem
2970 3430 3136 3485 super
3155 3417 3548 3472 Cherubimﬁ.

1980 3506 2116 3568 Quid
2149 3507 2526 3560 Danieli'icum
2552 3508 2627 3561 ait
2659 3525 2673 3560 :
2710 3508 2975 3576 Antiquae
3008 3509 3213 3567 dierum
3246 3509 3455 3571 sedebat
3482 3510 3549 3564 “.

1980 3596 2119 3662 Quid
2143 3598 2307 3666 Moysi
2332 3598 2354 3650 τ
2386 3598 2476 3666 qui
2499 3598 2629 3651 dixit
2664 3614 2679 3653 :
2716 3598 2945 3653 Ostende
2975 3600 3104 3652 mihi
3127 3599 3355 3668 gloriam
3385 3610 3551 3663 tuam,

1983 3696 2036 3738 ut
2079 3687 2356 3753 manifeste
2388 3687 2591 3742 videam
2648 3698 2698 3740 te
2754 3689 2821 3740 ⁸⁸.
2860 3686 3029 3743 Jecob
3059 3699 3239 3743 autem
3280 3689 3403 3749 hinc
3453 3705 3552 3743 tto-

1983 3791 2104 3830 men
2137 3778 2343 3845 accepit
2372 3780 2785 3848 cognominatus
2829 3780 3013 3843 lsrael,
3081 3780 3137 3833 id
3168 3789 3275 3843 est,
3304 3796 3449 3834 mens
3480 3783 3554 3833 vi.

1980 3868 2108 3921 dens
2141 3867 2306 3921 Deum
2347 3869 2415 3923 '°.
2466 3869 2604 3935 Quid
2661 3870 2823 3939 igitur
2890 3871 2966 3922 ait
3010 3868 3255 3923 Joannes
3310 3886 3323 3922 :
3384 3870 3551 3922 Deum

1981 3975 2131 4013 nemo
2156 3960 2283 4018 uidit
2313 3961 2580 4031 unquam?
2608 3960 2797 4030 Liquet
2814 3964 2997 4016 omnia
3020 3962 3110 4015 illa
3136 3962 3203 4016 ad
3226 3963 3553 4017 condescen-

1983 4052 2190 4106 sionem
2230 4053 2589 4121 pertinuisse;
2623 4059 2748 4123 quia
2782 4056 2926 4109 enim
2963 4054 3199 4109 futurum
3229 4066 3344 4109 erat
3380 4065 3435 4107 ut
3461 4053 3551 4106 Fi-

1983 4145 2090 4200 lius
2115 4146 2205 4200 Dei
2237 4147 2287 4200 in
2303 4160 2431 4200 vera
2447 4161 2611 4203 carne
2639 4159 2945 4216 appareret,
2979 4146 3379 4202 assuefaciebat
3400 4160 3493 4198 eos
3518 4162 3544 4195 a

1984 4236 2246 4304 principio
2266 4235 2404 4289 Deus
2431 4235 2484 4288 in
2507 4236 2674 4304 gloria
2700 4237 2790 4290 Dei
2820 4236 3070 4298 videnda,
3094 4246 3349 4305 quantum
3380 4237 3445 4287 ab
3472 4237 3552 4289 eis

1983 4327 2151 4379 videri
2181 4334 2410 4394 poterat.
2440 4324 2577 4391 Quid
2608 4326 2753 4384 enim
2784 4328 2853 4387 sit
2912 4326 3050 4380 Deus
3085 4342 3188 4379 non
3218 4327 3389 4379 solum
3427 4342 3550 4392 pro-

1986 4419 2195 4485 pheta,
2217 4418 2309 4471 sed
2353 4432 2452 4472 nec
2506 4417 2699 4487 angeli,
2746 4432 2845 4473 nec
2889 4417 3196 4487 archangeli
3252 4418 3546 4472 viderunt:

316 4507 575 4560 apparere
599 4497 646 4550 ei
668 4499 867 4567 aliquid
890 4516 1078 4559 eorum
1099 4516 1217 4570 quae
1237 4504 1338 4556 sub
1356 4513 1633 4570 aspectum
1654 4506 1875 4569 cadunt,
1914 4506 1957 4562 D
1986 4508 2134 4561 solus
2165 4504 2333 4560 Filius
2375 4516 2427 4559 et
2465 4505 2704 4575 Spiritus
2743 4514 2961 4559 sanctus
2992 4520 3114 4561 eum
3143 4506 3349 4560 vident.
3398 4504 3548 4571 Quo-

317 4585 585 4655 siquidem
620 4602 764 4643 nunc
800 4606 896 4661 per
926 4593 1105 4657 (idem,
1137 4601 1191 4647 et
1220 4607 1323 4646 non
1356 4608 1450 4662 per
1495 4594 1730 4662 speciem
1762 4611 1874 4650 am-

384 4746 429 4781 ”
467 4743 606 4799 Psal.
641 4762 807 4807 xxxv,
860 4762 1114 4802 cxxxvtu.

316 4816 359 4851 ⁸⁸
401 4816 527 4868 ibid.
561 4815 647 4871 18.
746 4818 789 4850 ⁸⁵
822 4819 920 4871 Isa.
955 4833 1031 4881 vt,
1087 4819 1136 4873 1.

1240 4821 1283 4853 ⁸⁸
1334 4822 1487 4877 Joau.
1528 4838 1625 4885 xu,
1655 4814 1744 4879 «il.

316 4886 358 4917 '“’
397 4883 535 4945 Gen.
572 4902 744 4949 xxx",
774 4887 861 4941 28.

1193 4752 1236 4782 ‘°
1286 4752 1452 4813 Exod.
1490 4769 1687 4817 xxxttt,
1732 4755 1823 4808 20.
1897 4753 1938 4786 “
1996 4754 2186 4815 Matth.
2239 4774 2291 4820 v,
2339 4757 2392 4812 8.
2470 4759 2585 4813 "ll
2635 4758 2764 4814 Cor.
2828 4776 2880 4825 v,
2948 4760 2998 4813 7.

1240 4821 1283 4853 “
1334 4822 1487 4877 Joan.
1528 4824 1744 4878 xn.4l.
1822 4825 2082 4878 "Ezeeh.
2124 4841 2176 4878 x.
2233 4827 2284 4878 1.
2362 4826 2405 4857 ⁸⁸
2458 4827 2591 4878 Dan.
2648 4844 2743 4878 vn.
2788 4829 2873 4878 15.
2953 4829 2998 4862 ⁸⁸

1987 4596 2146 4653 modo
2180 4596 2324 4655 enim
2372 4596 2550 4652 omnis
2579 4607 2773 4649 natura
2813 4607 2996 4652 creata
3033 4596 3213 4651 videre
3242 4598 3436 4667 poterit
3469 4597 3547 4666 (l)

3077 4759 3310 4814 “.Ioan.
3362 4776 3400 4821 l,
3462 4760 3547 4814 14.

2362 4826 2405 4857 ⁸³³
2458 4827 2591 4882 Dan.
2648 4844 2743 4891 vit,
2788 4829 2873 4885 15.
2953 4829 3001 4862 ’⁸
3028 4827 3196 4884 Exod.
3235 4843 3429 4897 xxxttt,
3460 4828 3546 4884 18.

1714 5086 1735 5109 ἱ
1787 5006 2059 5068 Scholia.

385 5128 459 5195 (1)
520 5124 671 5178 Nulla
737 5132 927 5195 natura
981 5132 1162 5178 creata
1217 5125 1403 5195 Avidere
1445 5125 1609 5179 Deum
1654 5127 1872 5195 poterit,

315 5193 449 5260 quid
480 5198 553 5248 sit
588 5211 603 5259 ;
668 5208 765 5247 nec
804 5194 946 5247 enim
998 5196 1133 5245 beati
1186 5193 1267 5247 sic
1304 5193 1470 5247 Deum
1501 5193 1781 5256 videbunt,
1816 5206 1874 5251 ut

314 5268 440 5334 quid
474 5266 567 5331 sit,
594 5264 833 5318 videant.
872 5262 946 5318 De
979 5263 1283 5331 huiusmodi
1325 5265 1537 5319 visione
1572 5274 1627 5320 et
1680 5266 1866 5335 cogni-

384 5408 459 5483 (α)
485 5407 748 5483 Cognosci
784 5422 888 5483 non
917 5419 1112 5483 potest,
1145 5408 1271 5478 quid
1301 5411 1370 5465 sit
1391 5410 1596 5464 scilicet
1625 5426 1637 5461 :
1670 5411 1737 5464 de
1769 5409 1869 5463 hac

314 5482 454 5533 cnim
495 5479 797 5546 cognitione
826 5479 1078 5547 loquitur.

387 5546 461 5617 (b)
488 5548 679 5617 Doctus
715 5548 857 5601 enim
885 5546 1149 5617 responso
1169 5549 1282 5613 Dei,
1317 5548 1510 5604 desivit
1561 5548 1867 5607 desiderare

317 5615 500 5690 videre
524 5614 705 5690 Deum
847 5614 1117 5690 hae—vita,
1146 5631 1199 5673 et
1230 5621 1481 5675 incensus
1514 5629 1595 5675 est
1627 5619 1865 5690 inexple-

319 5685 688 5736 Lilidesidvrio
708 5687 918 5738 videndi
956 5687 1007 5738 in
1040 5689 1227 5743 altera.

389 5756 455 5814 (τ)
486 5752 537 5805 in
570 5754 741 5809 libello
780 5756 850 5808 De
874 5758 1139 5812 suiriluuh‘
1169 5758 1499 5825 verfectione.

1985 5132 2130 5205 tione
2162 5133 2254 5187 Dei
2284 5134 2583 5198 loquuntur
2614 5149 2825 5205 semper
2851 5136 3073 5201 Patres,
3112 5153 3233 5193 cum
3278 5152 3397 5194 eam
3445 5143 3546 5197 tol-

1980 5199 2095 5254 lunt
2124 5212 2179 5257 et
2200 5213 2415 5272 negant.

2018 5412 2127 5491 .(d)
2162 5411 2444 5493 Certamen
2474 5413 2625 5476 dicit,
2664 5430 2771 5484 quo
2798 5424 3070 5469 certamus
3116 5430 3236 5469 cum
3278 5415 3393 5484 lege
3421 5429 3543 5469 car-

1978 5496 2086 5536 ms.

2047 5552 2116 5620 (e)
2148 5550 2525 5607 Reverentiam
2571 5553 2713 5606 enim
2742 5554 2852 5606 Deo
2881 5536 3101 5606 adhibet
3144 5552 3233 5622 qni
3275 5550 3377 5622 scit
3416 5566 3537 5606 eum

1972 5637 2076 5692 non
2113 5635 2271 5689 posse
2291 5622 2671 5692 comprehendi
2701 5641 2712 5687 ;
2742 5622 2900 5692 ctqui
2940 5622 3109 5689 magis
3140 5620 3239 5677 hoc
3269 5620 3389 5685 scit,
3424 5637 3539 5676 ma-

1962 5689 2133 5756 jorem
2163 5691 2520 5747 reverentiam
2563 5691 2801 5745 adhibet.
