4078 6274
299 394 395 459 illi.

939 393 1176 457 DECAS
1215 366 1371 455 VIII.
1405 416 1473 427 ·-
1513 391 1611 452 DE
1642 389 2085 451 INFINITATE
2126 389 2253 450 DEI
2292 390 2368 450 IN
2399 384 2853 448 CREATURiS.

3436 375 3542 441 9l3

301 508 574 572 Maximus,
609 507 905 563 secundum
929 508 1206 560 nouionem
1236 519 1420 559 causa;
1450 505 1632 560 omnia
1657 504 1724 559 de
1752 502 1861 555 Deo
1891 505 1933 561 Α
1961 502 2052 571 jus
2083 517 2271 566 causa;
2303 510 2355 555 et
2392 502 2515 556 ﬁnis
2545 499 2809 561 omnium,
2868 502 3032 564 atque
3063 491 3307 547 inﬁnitas
3362 491 3541 544 omnis

296 598 683 666 prmtlicariait,
715 599 768 651 id
797 605 902 658 cst,
933 596 1115 650 omnia
1151 594 1201 648 in
1230 594 1353 663 ipso
1392 594 1658 662 intelligi:
1686 608 1858 660 κατη-

295 688 565 761 γορεῖσθαι
604 689 773 753 enim,
808 687 861 741 id
895 694 1000 750 est,
1033 685 1340 755 praedicari,
1386 685 1511 750 hoc,
1543 685 1736 754 inquit,
1768 698 1858 739 se-

293 760 510 846 cundum
543 779 890 850 philosophos
938 777 1201 841 declarat,
1238 776 1355 841 ipse
1385 760 1565 832 autem
1601 776 1741 833 nihil
1773 783 1857 830 est

296 883 475 929 eorum
516 881 743 936 quorum
810 881 974 923 causa
1037 875 1117 921 est
1144 885 1165 935 ;7
1208 867 1333 937 quia
1381 876 1465 922 est
1497 882 1659 936 supra
1714 880 1856 929 esse,

290 974 446 1029 quare
479 958 793 1028 negationes
828 960 1045 1028 quidem
1071 959 1173 1012 hoc
1195 957 1498 1021 declarant,
1531 968 1588 1013 nt
1614 976 1716 1013 non
1755 962 1856 1014 ha-

291 1054 411 1105 bens
431 1050 684 1114 formam,
712 1052 829 1113 sive
848 1051 965 1104 sine
993 1052 1186 1111 forma.
1212 1051 1331 1108 sine
1356 1052 1781 1120 pulchritudine,
1804 1064 1858 1107 et

288 1143 492 1208 similia,
517 1143 647 1197 illttd
662 1157 789 1198 vero
804 1157 924 1198 esse
951 1143 1128 1197 omnis
1154 1141 1335 1212 ﬁgura:
1360 1152 1413 1197 et
1436 1144 1616 1199 omnis
1631 1144 1854 1214 speciei,

287 1234 522 1287 declarat
554 1235 735 1304 ipsum
772 1249 893 1288 esse
928 1249 1149 1290 causam
1183 1235 1365 1291 omnis
1398 1234 1621 1303 speciei,
1654 1244 1708 1289 et
1738 1251 1853 1289 om-

289 1323 370 1377 nis
403 1322 607 1391 ﬁgurae,
641 1324 894 1378 similiter
944 1324 1154 1393 reliqua
1195 1324 1465 1392 ejusmodi
1498 1324 1854 1396 intelligenda

264 1428 423 1472 sunt.
459 1416 603 1470 Idem
657 1429 881 1476 sanctus
917 1416 1188 1481 Maximus
1218 1418 1270 1471 in
1301 1419 1488 1473 eodem
1526 1420 1668 1481 loco,
1720 1435 1857 1473 con-

285 1520 364 1562 tra
399 1510 525 1573 illud
582 1523 705 1563 esse
752 1509 933 1564 omnis
988 1510 1193 1578 ﬁguras,
1244 1512 1504 1580 opposuit
1556 1527 1679 1566 esse
1740 1512 1857 1567 sine

286 1603 473 1664 forma,
500 1603 624 1670 quia
652 1617 831 1671 supra
862 1603 1273 1671 incorporeum,
1299 1612 1353 1657 et
1400 1619 1562 1674 supra
1612 1606 1856 1660 vacatio—

282 1709 398 1757 nem
442 1694 711 1751 materiae:
768 1708 873 1752 non
912 1692 1189 1749 formatus
1208 1696 1275 1749 ad
1311 1695 1610 1765 quidquam
1662 1713 1853 1753 eorum

281 1798 393 1850 quae
419 1792 567 1847 sunt,
607 1792 794 1838 contra
855 1784 982 1838 illud
1039 1799 1176 1839 vero.
1219 1800 1342 1841 esse
1405 1789 1584 1842 omnis
1630 1788 1855 1856 speciei,

279 1873 530 1940 opposnit
566 1888 687 1928 esse
732 1874 850 1929 sine
883 1874 1324 1945 pulchritudine;
1393 1878 1511 1933 sine
1562 1880 1863 1949 pulchritu-

277 1963 401 2021 dine
430 1964 580 2027 dicit,
617 1965 740 2032 quia
775 1967 842 2021 ab
894 1969 1009 2035 ipso
1044 1968 1291 2025 factaest
1325 1973 1705 2040 pulchritudo;
1743 1972 1858 2042 ipse

277 2070 402 2109 vero
434 2065 519 2110 est
549 2072 713 2125 supra
776 2060 1277 2135 pulchritudinem;
1338 2067 1696 2120 auctoritates
1727 2078 1860 2119 vero

275 2145 568 2214 Scriptura:
598 2160 726 2204 sunt
767 2166 779 2202 :
821 2151 1063 2208 Vidimus
1092 2171 1231 2218 eum,
1268 2166 1315 2209 et
1347 2174 1450 2210 non
1481 2159 1704 2213 habebat
1737 2174 1853 2227 spe-

276 2243 406 2296 ciem
444 2244 539 2313 (l),
574 2262 740 2316 neque
761 2248 1209 2317 pulchritudinem
1243 2253 1310 2307 7°.
1348 2252 1490 2307 Idem
1524 2257 1575 2307 in
1613 2256 1857 2310 centuria

277 2348 315 2390 ιι
368 2333 441 2387 De
500 2336 1033 2408 clmrilate,‘capite
1088 2341 1207 2397 29:
1255 2342 1427 2408 Sicut,
1482 2344 1677 2413 inquit,
1743 2362 1863 2401 ma-.

275 2424 387 2479 lum
446 2426 675 2494 privatio
744 2429 869 2483 boni
947 2440 1070 2497 est,
1134 2441 1188 2485 et
1235 2432 1543 2500 ignorantia
1621 2435 1856 2504 privatio

276 2515 626 2584 cognitionis,
665 2520 744 2573 sic
773 2520 918 2591 quod
971 2537 1076 2576 non
1129 2530 1213 2577 est
1270 2525 1512 2593 privatio
1544 2524 1663 2593 ejus
1714 2526 1855 2594 quod

276 2615 402 2673 est;
458 2624 561 2662 non
598 2618 778 2665 autem
820 2610 936 2680 ejus
979 2615 1118 2681 quod
1154 2615 1369 2682 proprie
1410 2624 1490 2669 est
1526 2618 1655 2682 (non
1709 2616 1851 2673 enim

281 2696 443 2751 habet
460 2700 839 2770 contrarium),
870 2703 963 2756 sed
993 2703 1111 2770 ejus
1138 2705 1279 2772 quod
1306 2712 1387 2759 est
1426 2702 1849 2772 participatione

277 2787 398 2855 ejus
430 2790 571 2858 quod
602 2792 821 2860 proprie
844 2802 949 2855 est,
976 2807 1039 2847 ac
1084 2793 1416 2861 privationes
1454 2792 1670 2862 quidem
1728 2793 1853 2847 illo-

278 2893 401 2932 rum
456 2880 700 2947 priorum
763 2882 984 2937 liberam
1015 2868 1559 2938 voluntatemeorum
1590 2886 1682 2954 qui
1728 2884 1852 2939 lacti

277 2976 430 3028 sunt.
457 2980 795 3037 sequuntur;
854 2973 1085 3040 privatio
1124 2960 1267 3028 vero
1298 2973 1459 3043 hujus
1517 2976 1743 3030 secundi
1798 2976 1868 3044 in,

278 3055 559 3113 voluntate
580 3059 697 3129 ejus
735 3062 826 3130 qui
856 3062 999 3126 fecit.
1017 3072 1121 3131 est;
1153 3065 1241 3134 qui
1271 3078 1486 3134 semper
1512 3073 1734 3135 prepter
1758 3067 1867 3123 bo-t

278 3148 506 3207 nitatem
539 3166 693 3206 suam
753 3153 869 3209 vult
926 3170 1045 3209 esse
1080 3170 1142 3209 ea
1177 3172 1296 3221 quae
1331 3166 1479 3223 sunt,
1540 3166 1594 3213 et
1635 3158 1703 3211 ab
1733 3158 1871 3226 ipso

278 3255 499 3309 semper
526 3243 727 3314 jnvari.
782 3246 846 3300 Et
897 3262 1087 3302 rursus
1152 3248 1441 3320 Dionysius
1481 3250 1535 3303 in
1597 3249 1801 3303 eisdem
1838 3267 1869 3319 ς,

278 3330 535 3398 Omnium
567 3336 729 3405 igitur
751 3337 1099 3407 principium,
1118 3350 1172 3394 et
1194 3340 1333 3401 linis,
1363 3340 1558 3408 quiest
1587 3348 1712 3393 ante
1740 3355 1856 3394 om-

280 3424 396 3490 nia,
440 3428 760 3496 principium
776 3424 990 3498 quidein
1020 3437 1078 3485 ut
1100 3445 1261 3487 causa
1288 3448 1302 3498 ;
1342 3430 1463 3495 linis
1511 3445 1640 3487 vero
1667 3440 1723 3485 ut
1754 3446 1860 3486 cu-

358 3631 405 3666 ⁷⁸
434 3634 542 3690 lsa.
572 3649 687 3699 LIII,
742 3635 798 3699 2..

1963 594 2248 647 inlinilatis
2275 601 2331 646 et
2366 592 2770 648 terminationis
2804 588 3133 643 excellenter
3155 585 3295 639 sicut
3322 583 3543 664 opposi-

1965 694 2140 740 torum
2173 685 2273 755 (Ξ).
2319 684 2382 740 Et
2426 685 2592 749 idem,
2623 684 2674 736 in
2709 682 2949 737 secundo
2987 679 3184 742 capite,
3240 677 3307 731 de
3339 675 3543 730 eisdem

1961 778 2159 840 divinis
2187 776 2544 832 nominibus:
2608 775 2936 844 Copulatum
2981 771 3201 840 quidem
3263 782 3320 823 et
3386 782 3539 820 com-

1910 904 1922 913 -
1961 884 2126 923 mune
2158 867 2210 922 in
2246 867 2517 921 Trinitate
2574 881 2681 923 uno
2714 865 2954 918 omnimn
2990 860 3282 932 principio,
3317 870 3370 913 et
3405 858 3539 912 sub-
3628 914 3633 919 ,

1962 962 2159 1023 stantia
2194 976 2352 1027 supra
2398 957 2785 1021 substantiam,
2819 956 3075 1009 divinitas
3136 968 3296 1021 supra
3353 952 3544 1005 divini-

1962 1062 2171 1116 tatem;
2233 1050 2450 1104 bonitas
2511 1063 2678 1116 supra
2714 1048 3009 1103 bonitatem
3056 1045 3161 1113 (τι),
3194 1046 3334 1098 idem
3382 1055 3546 1111 supra

1959 1142 2167 1205 omnia,
2199 1140 2387 1194 eadem
2431 1139 2483 1192 in
2530 1147 2640 1192 tota
2689 1138 3020 1207 proprietate
3061 1135 3156 1203 (5)
3218 1150 3339 1203 quae
3380 1147 3549 1200 supra

1958 1216 2141 1287 omnia
2172 1237 2255 1282 est
2293 1245 2305 1281 :
2334 1229 2514 1288 unitas
2548 1230 2626 1298 (4)
2670 1242 2833 1297 supra
2866 1228 3124 1283 unitatem
3152 1226 3548 1293 principialem;

1960 1319 2248 1374 inelIabilis
2302 1319 2402 1389 (5),
2444 1319 2736 1373 multarum
2763 1332 2982 1377 vocum;
3045 1315 3311 1383 ignoratio
3350 1314 3426 1382 (6)
3486 1330 3551 1368 ex

1959 1413 2106 1465 omni
2133 1412 2469 1467 intellectilis
2497 1412 2597 1480 (7);
2640 1412 2883 1466 omnium
2916 1410 3117 1476 positio
3161 1408 3261 1477 (8),
3308 1408 3551 1462 omnium

1958 1506 2183 1561 ablatio.
2224 1505 2289 1558 Et
2312 1521 2503 1560 rursus
2528 1506 2692 1567 idem,
2728 1503 2903 1571 capite
2938 1504 2992 1565 τ,
3026 1506 3090 1555 de
3116 1502 3318 1556 eisdem
3353 1500 3553 1554 divinis

1960 1599 2305 1653 nominibus:
2334 1598 2607 1663 Quocirca
2633 1598 2775 1650 Dens
2805 1596 2857 1649 in
2891 1595 3144 1648 omnibus
3173 1592 3546 1661 cognoscitur,

1959 1699 2015 1743 et
2058 1691 2355 1759 separatim
2388 1695 2454 1744 ab
2489 1690 2780 1755 omnibus;
2809 1696 2862 1742 et
2890 1702 2985 1756 per
3016 1687 3379 1756 cognitionem
3414 1686 3555 1740 Deus

1969 1786 2340 1855 cognoscitur,
2369 1800 2431 1839 ac
2465 1801 2563 1857 per
2591 1786 2986 1855 ignorationem
3012 1802 3026 1849 ;
3054 1795 3107 1839 et
3135 1794 3215 1837 est
3243 1785 3306 1837 de
3344 1797 3410 1835 eo
3461 1797 3558 1836 co-

1979 1876 2171 1942 gnitio,
2201 1874 2362 1938 ratio,
2395 1879 2710 1943 etscientia,
2735 1887 2789 1931 et
2820 1888 3014 1940 tactus,
3048 1887 3102 1931 et
3123 1890 3333 1939 sensus,
3361 1886 3418 1928 et
3444 1875 3558 1944 opis

1982 1968 2089 2032 nio,
2117 1978 2168 2023 et
2197 1968 2472 2039 cogitatio,
2497 1978 2551 2023 et
2579 1985 2796 2035 nomen,
2828 1980 2881 2024 et
2912 1971 3013 2022 alia
3043 1968 3222 2022 omnia
3242 1984 3263 2042 _;
3298 1977 3349 2019 et
3377 1980 3555 2032 neque

1979 2049 2320 2128 intelligitur,
2349 2076 2524 2131 neque
2551 2061 2770 2125 dicitur,
2820 2076 2996 2129 neque
3028 2059 3379 2123 nominatur,
3454 2071 3553 2110 nec

1977 2162 2062 2213 est
2094 2150 2298 2223 aliq‘uid
2325 2170 2510 2208 eorum
2546 2170 2665 2224 quze
2708 2164 2869 2221 sunt,
2909 2170 3007 2209 nec
3043 2154 3094 2207 in
3149 2154 3329 2221 aliquo
3361 2166 3553 2206 eorum

1977 2259 2095 2313 quae
2119 2255 2268 2309 sunt,
2291 2247 2677 2316 cognoscitur;
2708 2256 2764 2301 et
2795 2248 2846 2300 in
2872 2247 3125 2301 omnibus
3147 2246 3327 2299 omnia
3364 2254 3472 2308 est,
3502 2251 3557 2298 et

1976 2338 2113 2403 nihil
2139 2338 2190 2392 in
2218 2339 2344 2406 ullo;
2372 2349 2425 2393 et
2451 2353 2513 2394 ex
2539 2338 2790 2395 omnibus
2809 2340 2876 2394 ab
2905 2338 3158 2394 omnibus
3184 2338 3553 2405 cognoscitur,

1976 2442 2030 2487 et
2085 2448 2113 2484 a
2186 2431 2336 2487 nullo
2368 2448 2433 2487 ex
2497 2431 2604 2486 ulla
2673 2447 2751 2487 re.
2819 2431 2876 2484 Et
2943 2430 3138 2485 iterum
3177 2470 3191 2492 ,
3255 2428 3306 2481 in
3364 2428 3547 2495 capite

1974 2524 2150 2600 primo
2181 2540 2195 2577 :
2231 2521 2322 2577 Sic
2350 2522 2537 2592 igitur,
2580 2523 2781 2591 inquit,
2825 2535 3008 2576 causae
3030 2520 3300 2579 omnium,
3349 2527 3404 2571 et
3433 2532 3558 2586 qua:

1973 2629 2133 2683 supra
2188 2614 2367 2670 omnia
2440 2624 2564 2678 est,
2625 2613 2912 2669 conveniet
2981 2627 3087 2667 non
3158 2610 3450 2674 nominari,
3502 2619 3557 2664 et

1973 2706 2216 2760 omnium
2263 2722 2441 2761 rerum
2480 2706 2795 2767 nominibus
2852 2700 3143 2759 nominari.
3178 2703 3254 2756 Ex
3311 2703 3397 2756 his
3432 2701 3549 2760 etii-

1972 2795 2114 2849 citnr
2168 2796 2547 2869 manifestum,
2581 2794 2725 2864 quod
2776 2794 2907 2848 nihil
2933 2808 3122 2847 eorum
3147 2807 3267 2861 quae
3290 2799 3443 2853 sunt,
3468 2791 3551 2857 ip-

1971 2902 2091 2942 sum
2129 2886 2267 2941 idem
2298 2887 2495 2941 dicitur
2523 2887 2848 2953 substantia,
2876 2894 2930 2940 et
2954 2898 3115 2952 supra
3142 2885 3500 2939 substantiam
3535 2900 3551 2936 :

1969 2977 2218 3032 similiter
2252 2977 2304 3033 in
2334 2976 2476 3043 aliis,
2508 2991 2682 3045 neque
2702 2976 2833 3042 vita,
2859 2986 2911 3031 et
2941 2991 3104 3044 supra
3132 2975 3294 3029 vitam
3327 2990 3343 3039 ;
3379 2985 3557 3042 neque

1969 3064 2306 3132 intellectus,
2339 3077 2519 3122 etnon
2555 3067 2941 3137 intelligentia;
2971 3081 3144 3134 neque
3172 3065 3335 3129 ratio,
3361 3071 3414 3118 et
3457 3078 3550 3118 ra-

1970 3159 2132 3213 tionis
2159 3158 2395 3225 vacatio,
2448 3172 2547 3213 nec
2597 3158 2834 3229 idipsum
2873 3157 3278 3230 participatnm,
3347 3161 3402 3209 et
3446 3169 3552 3209 non

1964 3249 2347 3327 participatum
2376 3267 2389 3315 ;
2417 3264 2594 3321 neque
2628 3252 2984 3314 nominatum,
3017 3257 3070 3304 et
3096 3263 3289 3303 carens
3306 3245 3554 3313 nomine,

1966 3354 2021 3398 et
2052 3344 2155 3399 alia
2183 3360 2245 3399 ex
2286 3344 2354 3400 iis
2385 3360 2504 3415 quae
2526 3345 2699 3414 primo
2727 3352 2851 3399 sunt
2885 3344 2987 3413 (9),
3027 3360 3093 3398 ηε
3148 3341 3361 3411 singula
3416 3355 3552 3394 enn-

1980 3452 2181 3492 merem
2224 3454 2239 3494 :
2268 3437 2504 3515 cognitio
2534 3447 2585 3492 et
2618 3435 2884 3507 ignoratio
2912 3454 2940 3507 ;⁸
2963 3434 3164 3500 iumen,
3192 3440 3245 3487 et
3269 3430 3504 3498 tenebrae
3533 3444 3555 3496 ι,

1771 3772 2050 3835 Scholia.

363 3880 441 3949 (l)
472 3877 587 3933 Hoc
615 3878 679 3932 de
700 3876 916 3932 Christo
946 3877 1240 3935 secundum
1263 3876 1655 3949 humanitatem
1676 3894 1701 3930 a
1721 3876 1852 3931 Pro-

281 3951 451 4021 pheta
469 3949 673 4021 dict_ut_n
692 3956 797 4013 est,
817 3949 957 4016 quod
973 3949 1142 4021 magis
1159 3948 1586 4021 adhucdeelarat
1606 3949 1746 4017 quod
1768 3962 1854 4021 se-

278 4016 516 4086 quitur:
552 4018 657 4072 Sed
692 4020 868 4085 potius
892 4020 1099 4085 species
1126 4019 1243 4085 ejus
1280 4016 1637 4083 inhonorata,
1658 4028 1713 4072 et
1752 4016 1852 4071 de-

282 4089 479 4147 ﬁciens
499 4090 617 4158 plus
631 4103 790 4158 quam
808 4090 861 4158 in
875 4088 1123 4143 omnibus
1147 4088 1270 4141 ﬁliis
1288 4087 1565 4141 hominmn
1588 4089 1693 4143 .sic
1708 4088 1850 4143 enim

280 4166 373 4212 est
405 4156 543 4225 apud
569 4156 727 4211 LXX.
764 4156 1107 4215 Deﬁcientem
1139 4158 1272 4211 dixit
1323 4167 1543 4225 propter
1601 4160 1855 4211 mutatio-

281 4242 419 4281 nem
443 4228 638 4282 coloris
660 4228 923 4283 naturalis
944 4227 999 4281 in
1023 4227 1281 4295 pallorem
1306 4240 1373 4281 ex
1396 4242 1612 4282 recessu
1630 4227 1850 4295 caloris,

281 4295 358 4349 ad
388 4298 574 4351 intima
602 4298 863 4361 sanguine
896 4312 954 4351 se
982 4296 1357 4366 contrahente,
1382 4306 1437 4350 et
1463 4297 1751 4366 superﬁcie
1770 4314 1856 4352 re-

281 4366 573 4435 frigerata,
608 4375 665 4419 ut
708 4367 968 4423 Leontius
1022 4365 1312 4434 Byzantius
1366 4365 1574 4421 notavit
1619 4368 1863 4423 scribens

279 4448 481 4506 contra
498 4436 1019 4506 Ἀφ’)αρτοδοκήτας,
1040 4437 1128 4504 qui
1146 4451 1363 4500 carnem
1381 4436 1581 4492 Christi
1600 4439 1863 4505 corrupti-

278 4504 455 4559 liilem
488 4504 687 4560 fuisse
715 4504 996 4575 negabant,
1034 4521 1097 4559 ac
1122 4507 1348 4575 proinde
1380 4522 1484 4561 non
1518 4507 1687 4563 fuisse
1716 4504 1773 4559 in
1799 4522 1864 4561 eo

280 4576 571 4644 passiones
595 4576 868 4630 naturales
921 4577 1223 4630 tradebant.
1259 4576 1363 4629 Sed
1405 4577 1539 4631 nihil
1591 4577 1859 4644 prohibet,

278 4645 422 4707 quin
449 4645 515 4699 de
534 4647 749 4701 Christo
781 4660 995 4714 quoque
1042 4646 1336 4699 secundum
1355 4647 1692 4701 divinitatem
1713 4648 1866 4701 intel-

274 4714 491 4785 ligatur
506 4730 623 4776 esse
641 4716 759 4779 sine
779 4715 957 4785 specie
974 4725 1025 4770 et
1046 4715 1565 4785 pulchritudine,qni
1579 4728 1697 4770 erat
1713 4730 1865 4769 crea-

278 4780 376 4835 tur
408 4780 845 4851 pulchritudinis,
876 4800 937 4838 ac
970 4780 1190 4851 proinde
1221 4800 1323 4839 non
1350 4780 1591 4853 pulcher,
1628 4786 1855 4854 quiasu-

276 4868 550 4924 praquam
577 4856 829 4924 pulcher,
849 4855 991 4924 quod
1019 4864 1101 4908 est
1132 4868 1251 4908 case
1269 4855 1387 4909 sine
1438 4858 1638 4924 Specie.

367 4922 446 5004 (2)
470 4922 877 5004 ρριξοξὶιοναηιζ
910 4925 987 4978 Ab
1008 4925 1176 5004 ipsius
1207 4922 1483 5004 inﬁnitate
1506 4924 1862 4993 proficiscitur

272 4995 470 5048 omnis
500 4995 761 5064 ittlittilas,
788 5006 840 5047 et
882 4995 1185 5064 terminatio
1212 5002 1468 5063 tanquam
1498 5011 1527 5048 a
1579 5011 1741 5049 causa
1769 5011 1862 5048 ex-

273 5075 660 5131 superante,ct
675 5065 1027 5131 superlata,et
1048 5063 1315 5118 eli‘ectrice
1327 5067 1858 5132 oppositorum,quia

275 5137 341 5186 in
377 5148 439 5185 se
460 5134 618 5186 habet
641 5135 822 5187 omnia
846 5140 984 5186 unde
1005 5137 1186 5186 omnia
1211 5150 1331 5202 qum
1353 5135 1420 5187 de
1446 5134 1553 5187 Deo
1573 5138 1864 5203 praedicam-

275 5204 913 5269 tur,possuntdeeodem
939 5203 1149 5272 negari,
1167 5206 1289 5272 quia
1310 5220 1423 5261 non.
1447 5205 1861 5269 conveniuntei,

274 5284 349 5326 ut
390 5275 739 5327 inveniuntur
770 5274 821 5326 itt
850 5277 1010 5327 rebus
1038 5274 1255 5338 creatis,
1283 5287 1335 5327 et
1358 5274 1799 5340 utiuti-Iliguntur
1839 5291 1867 5326 a

273 5343 476 5413 nobis,
517 5353 570 5397 et
609 5344 1013 5413 signiﬁcantur;
1058 5343 1197 5396 unde
1215 5344 1337 5397 licet
1357 5345 1427 5398 sit
1464 5344 1787 5411 principiunt
1813 5353 1865 5397 et

275 5412 445 5476 tntis,
481 5412 832 5467 sicutdictum
868 5422 970 5477 est,
1024 5420 1200 5465 tamen
1251 5429 1423 5482 neque
1465 5414 1628 5466 habet
1666 5416 1868 5481 princi—

270 5484 467 5552 pium,
486 5496 662 5551 neque
682 5485 861 5548 linem,
887 5498 1060 5549 n-‘que
1086 5481 1496 5546 medium,sicut
1527 5484 1578 5535 iit
1607 5485 1869 5538 creaturis

272 5550 670 5618 intelligimus,
705 5563 759 5607 et
781 5552 906 5605 licet
927 5553 1251 5620 sitpraeseus
1268 5554 1543 5617 omnibus,
1576 5552 1867 5622 etnbique,

272 5635 565 5745 nusgua‘tln
600 5632 774 5674 tamen
804 5632 905 5687 cst,
939 5637 1036 5676 nec
1063 5624 1112 5674 in
1140 5621 1245 5675 ullo
1289 5634 1372 5677 est
1421 5625 1563 5676 sicut
1602 5621 1868 5687 creatura,

272 5709 354 5745 cx
437 5728 450 5740 .
543 5708 671 5745 tom.

267 5709 354 5748 cx
388 5694 450 5745 S.
479 5694 671 5745 Thom.

2025 3880 2100 3946 (ὅ)
2137 3877 2199 3933 In
2245 3888 2355 3934 tota
2394 3882 2733 3949 proprietate.
2770 3880 3159 3949 Proprietatem
3234 3879 3326 3935 Dei
3394 3879 3552 3948 dicit,

1960 3957 2018 4003 ut
2050 3950 2369 4016 bonitatem,
2397 3959 2449 4005 et
2474 3950 2816 4019 sapientiam,
2850 3948 2904 4005 et
2934 3948 3133 4004 similia
3153 3964 3315 4020 supra
3338 3950 3551 4004 buttita-

1956 4029 2064 4073 tem
2093 4030 2350 4088 creatam,
2381 4031 2433 4073 et
2468 4021 2809 4088 sapientiam,
2841 4032 2948 4075 etc.

2029 4089 2104 4160 (ὁ)
2128 4087 2341 4160 (Irritus.
2367 4087 2702 4157 Quiafunum
2754 4090 2918 4145 habet
2947 4088 3240 4160 rationem
3274 4089 3547 4158 principii,

1956 4157 2142 4231 etnon
2178 4159 2457 4231 divisiLac
2475 4161 2757 4230 simplicis,
2788 4159 3058 4230 signiﬁcat
3122 4157 3408 4229 Dionysius
3457 4157 3551 4213 Viu-

1958 4228 2238 4283 dividuum
2279 4244 2341 4284 ac
2366 4228 2594 4297 simplei
2622 4231 2822 4285 divinae
2844 4228 3106 4298 naturae,
3131 4228 3295 4298 supra
3328 4245 3545 4285 omnem

1969 4299 2230 4379 unitatem
2264 4313 2327 4353 ac
2350 4294 2754 4369 simplicitatem
2778 4309 2841 4355 et
2869 4314 2993 4356 esse
3027 4294 3359 4370 principium
3384 4315 3547 4368 supra

1967 4382 2329 4436 principium.
2932 4434 2935 4435 ν

2039 4438 2115 4507 (5)
2153 4438 2477 4511 lue/Z'abilis.
2500 4439 2634 4506 Quia
2667 4455 2772 4509 non
2808 4439 3118 4511 nominatur
3163 4455 3193 4511 a
3241 4439 3549 4496 substantia

1969 4522 2065 4579 sua
2093 4508 2385 4579 multarum
2417 4508 2787 4578 vocum,qnia
2818 4525 2847 4562 a
2879 4510 3255 4579 providentiis,
3289 4520 3338 4563 et
3372 4514 3550 4564 variis

1969 4576 2244 4631 beneﬁciis
2283 4579 2432 4632 varie.
2454 4576 2785 4643 nominatur,
2821 4576 2894 4632 ut'
2927 4580 3120 4644 bonus,
3182 4580 3380 4643 justus,
3440 4591 3550 4634 etc.

2040 4646 2116 4785 éﬁ)
2145 4645 2436 4710 Ignoratio.
2460 4648 2597 4712 Quia
2656 4650 2785 4716 quid
2826 4648 2936 4713 est,
2969 4664 2997 4700 a
3031 4649 3176 4701 nullo
3208 4649 3547 4719 intelligitur.

2067 4716 2116 4782 7)
2151 4715 2235 4769 Ea:
2268 4719 2410 4771 omni
2437 4718 2775 4771 intellectilis.
2803 4718 2934 4783 Quia
2963 4718 3107 4785 quod
3136 4726 3239 4779 est,
3289 4733 3352 4771 ex
3376 4719 3547 4774 omni-

2067 4716 2116 4782 7)
2151 4715 2235 4769 Ea:
2268 4719 2410 4771 omni
2437 4715 2775 4771 intellectilis.
2803 4718 2934 4783 Quia
2963 4718 3107 4785 quod
3136 4726 3239 4779 est,
3289 4733 3352 4771 ex
3376 4715 3557 4774 enmi-

2075 4756 2088 4768 .
2151 4756 2234 4769 ..μυ
2437 4756 2775 4771 .....,...ν....σ.
2963 4756 2976 4768 .
3026 4774 3027 4777 η
3075 4756 3107 4770 ..
3136 4756 3217 4770 νη,
3289 4756 3352 4771 νη
3376 4756 3548 4774 ,ιη-...-

1896 4756 1938 4812 D
1972 4756 2070 4837 bus
2101 4756 2369 4840 creaturis
2427 4788 2552 4840 licet
2581 4756 2881 4854 itttellige‘i'e
2910 4756 3174 4848 exluo'mni
3197 4758 3548 4853 intellectilis,

1960 4854 2146 4909 Grtece
2166 4865 2271 4920 est,
2314 4857 2634 4926 παννὸητον,
2666 4870 2763 4925 pro
2791 4872 2897 4925 quo
2961 4858 3228 4923 interpres
3290 4856 3552 4926 Dionysii,

1962 4940 2123 4992 quem
2154 4996 2164 4999 Α
2189 4926 2245 4979 S.
2283 4925 2521 4980 Thomas
2551 4928 2757 4992 habuit,
2785 4936 2843 4998 et
2872 4934 3094 4981 secutus
3117 4936 3221 4991 est,
3262 4928 3403 4982 male
3424 4925 3555 4999 legit

1964 4996 2315 5065 πινανόητον,

2040 5064 2365 5140 (8)-Ρρδίιὶο.
2394 5064 2646 5125 Omnium
2672 5067 2967 5140 positio,et
2996 5066 3219 5140 ablatio,
3260 5070 3382 5139 quia
3444 5070 3559 5140 ipse

1982 5137 2163 5188 omnia
2194 5136 2242 5186 in
2266 5151 2444 5189 rerum
2482 5146 2671 5189 natura
2702 5137 2849 5201 l'ai-it,
2906 5147 2961 5191 et
2992 5138 3189 5192 aufert.

2042 5205 2118 5273 (9)
2149 5206 2471 5273 Quaaprimo
2500 5217 2643 5261 sunt.
2682 5207 2736 5260 ld
2768 5219 2871 5271 est,
2927 5224 3048 5277 quas
3111 5217 3237 5263 sunt
3290 5208 3556 5277 principia

1972 5274 2314 5348 aliornm,_ut
2343 5277 2787 5348 participationes
2816 5274 3141 5348 simpliciter
3174 5274 3305 5333 sunt
3343 5274 3553 5345 princi-

1967 5346 2052 5413 pia
2112 5346 2574 5413 participantium,
2636 5356 2692 5399 ut
2750 5348 2854 5401 vita
2913 5346 3159 5403 absolute
3213 5349 3555 5402 considerata

1968 5425 2054 5486 est
2084 5415 2411 5486 principium
2447 5418 2680 5470 turmale
2706 5417 3006 5470 viventium
3070 5436 3084 5482 ;
3134 5419 3397 5486 sapientia
3460 5432 3555 5470 sa—
3592 5432 3605 5443 κ

1969 5485 2252 5556 pientiunt,
2284 5496 2339 5540 et
2368 5485 2618 5556 similiter
2650 5486 2704 5539 in
2738 5487 2859 5541 aliis
2893 5498 2981 5551 ;et
3003 5489 3081 5539 ha:
3114 5485 3557 5556 participationes

1968 5562 2095 5606 sunt
2124 5554 2345 5627 elfectus
2375 5554 2491 5621 Dei,
2517 5568 2572 5610 et
2601 5557 2719 5609 ideo
2748 5557 2864 5609 istae
2899 5554 3348 5627 participatiOnes
3364 5566 3415 5610 et
3437 5572 3559 5625 qum.

1970 5635 2092 5675 sunt
2116 5639 2278 5691 supra
2313 5626 2473 5692 ipsas,
2508 5641 2609 5678 non
2639 5635 2869 5692 possunt
2908 5626 3213 5679 convenire
3267 5640 3557 5690 creaturae,

1973 5703 2029 5745 ut
2070 5693 2352 5760 sapientia,
2387 5706 2439 5748 ct
2472 5709 2636 5763 supra
2665 5696 3005 5765 sapientiam,
3037 5710 3156 5764 quae
3218 5697 3558 5765 negationem

367 5832 453 5902 (α)
484 5832 629 5889 idem
685 5849 857 5906 supra
878 5838 1055 5893 omnia
1096 5836 1283 5893 eadem
1317 5845 1519 5893 creata.
1550 5836 1680 5894 Vide
1726 5836 2083 5907 proprietates
2110 5836 2372 5906 ejusdem,
2408 5844 2456 5892 ct
2479 5834 2677 5891 diversi
2705 5849 2826 5905 eap.
2856 5835 2888 5890 9
2929 5834 3005 5891 De
3041 5836 3205 5893 divin.
3237 5837 3554 5893 nominibus.
