4078 6274
611 384 719 467 tne

1772 403 2096 466 JOANNIS
2128 399 2702 461 CY’PABISSIOT:E

3735 402 3821 464 92d

611 537 666 581 ει
685 540 781 580 eus
806 525 905 593 (a),
931 532 982 578 ct
1015 538 1255 580 creatum
1285 546 1299 593 ;
1360 527 1473 580 haec
1502 527 1643 581 enim
1683 528 1867 581 omnia
1892 522 2166 580 contraria
2196 522 2245 581 Α
2279 522 2554 576 interitum
2595 520 2793 601 capiat,
2822 517 2878 571 in
2908 516 3172 573 elementa
3203 517 3363 583 redit,
3392 532 3575 571 rursus
3623 533 3733 574 vero
3753 523 3818 575 itt-

613 629 760 680 sttttt,
794 630 846 672 et
876 621 1168 675 secundum
1196 628 1446 674 naturam
1488 634 1643 675 suam
1684 630 1871 675 mutuo
1903 637 1932 674 a
1965 637 2023 676 se
2048 620 2182 689 ipsis

612 714 907 767 intereunt.
944 712 1103 767 Solus
1138 710 1276 767 Deus
1307 713 1401 783 qui
1451 729 1555 768 non
1585 714 1789 784 patitur
1819 717 2179 774 contrarium.

616 805 798 858 Omnia
824 804 1094 857 contraria
1128 806 1419 860 secundum
1441 822 1601 861 unam
1630 823 1797 876 supra
1823 807 2178 863 substantiam

617 894 1014 965 copulatiouem
1060 896 1285 964 recipit;
1318 908 1368 951 ει
1394 900 1574 952 omnia
1595 898 1664 953 de
1698 915 1762 955 eo
1804 900 2078 964 dicuntur,
2125 884 2181 956 et

594 985 745 1038 nihil
768 996 844 1038 est
869 1001 1079 1050 eorum,
1112 990 1213 1042 alia
1241 990 1458 1057 quidem
1479 1002 1558 1045 est
1579 993 1690 1061 ipse
1714 994 2008 1048 secundum
2043 1009 2178 1052 cau-

610 1092 750 1143 sam,
776 1078 880 1130 alia
894 1094 1026 1133 vero
1050 1095 1154 1134 non
1178 1092 1259 1135 est
1276 1085 1568 1137 secundum
1591 1086 1986 1152 exsistentiam;
2008 1088 2180 1141 inlini-

609 1168 676 1220 tis
690 1168 833 1221 enim
854 1161 1206 1235 utensuri's,et
1228 1174 1606 1242 quarconferri
1626 1192 1729 1231 non
1758 1187 2001 1243 possunt,
2023 1182 2178 1234 abest

606 1258 677 1313 ab
702 1257 927 1323 effectis,
954 1262 1044 1330 qui
1077 1271 1160 1317 est
1185 1265 1449 1328 omnium,
1485 1276 1541 1319 et
1564 1282 1720 1338 supra
1745 1270 1927 1325 omnia
1961 1281 2170 1324 auctor.

1202 1375 1434 1433 CAPUT
1500 1379 1568 1441 Χ.

608 1485 764 1559 Quod
790 1489 918 1542 nihil
951 1504 1130 1542 eorum
1156 1507 1272 1559 qum
1303 1503 1448 1556 sunt,
1481 1506 1557 1549 eu
1608 1511 1711 1550 non
1744 1511 2050 1554 erectum“
2090 1502 2175 1554 ius

672 1556 871 1639 factum
891 1574 909 1610 :
926 1559 1067 1611 solus
1094 1556 1211 1613 vero
1234 1560 1368 1614 Deus
1393 1574 1597 1642 estqu
1612 1579 1817 1623 creatus
1834 1582 1882 1626 et
1902 1573 2131 1642 infectus
2150 1587 2171 1638 ί

674 1624 1037 1749 orpttiaatttem
1054 1641 1168 1697 post
1188 1643 1434 1687 naturam
1454 1635 1686 1689 diuinam
1730 1624 1875 1703 sunt,
1904 1624 2097 1711 Ῑέιέἰὶιζ
2117 1624 2172 1713 id

674 1711 725 1749 es
757 1737 772 1749 .
809 1709 1005 1749 creata.

671 1709 772 1763 eu,
809 1709 1005 1751 στεαιιι.

2283 616 2523 684 genitum
2556 614 2825 668 vocabant
2858 614 3109 667 eumdem
3131 612 3388 664 mundum
3414 654 3427 675 ,
3464 611 3512 664 id
3545 621 3643 677 est,
3663 629 3819 683 perpeq

2283 715 2454 773 tuum,
2481 713 2768 777 quatenus,
2816 712 2874 759 ttt
2896 704 2995 774 ipsi
3019 706 3330 774 opinantur,
3357 713 3534 758 motus
3550 706 3611 757 ad
3632 720 3819 774 genera-

2283 805 2508 869 tionem,
2539 812 2594 856 et
2616 801 2820 857 reditus
2853 800 2919 854 ad
2945 798 3354 867 corruptionem
3389 813 3657 865 nunquam
3705 800 3818 852 desi-

2228 896 2251 911 '
2283 898 2379 951 nit.
2409 897 2497 951 Ait
2538 895 2697 969 igitur
2736 893 3051 964 Dionysius,
3108 892 3586 960 quomodocumque
3647 889 3823 945 dicatur

2277 990 2600 1057 ingenitum,
2632 990 2746 1043 sive
2784 995 2840 1039 ut
2862 985 2997 1050 dixi,
3047 985 3161 1038 sive
3196 991 3252 1037 ut
3277 982 3499 1050 gentiles
3529 982 3720 1047 dicunt,
3770 997 3822 1037 txe

2279 1084 2359 1137 sic
2386 1084 2436 1134 in
2468 1082 2578 1135 Deo
2613 1080 2850 1149 accipias
2873 1096 2890 1133 :
2911 1078 3011 1131 alia
3049 1076 3194 1132 enim
3227 1075 3480 1128 dicuntur
3511 1074 3729 1144 ingenita
3754 1077 3821 1127 ei-

2277 1172 2499 1238 mu‘bg,
2532 1173 2584 1226 id
2615 1180 2718 1233 est,
2749 1180 2805 1223 ut
2834 1168 3058 1224 causam
3085 1168 3345 1220 habentia
3379 1185 3393 1231 ;
3422 1165 3565 1220 Deus
3593 1174 3755 1217 autem
3777 1178 3821 1215 tu

2276 1282 2496 1321 causam
2525 1282 2627 1318 non
2655 1252 2878 1327 habens:
2911 1270 2965 1315 et
3022 1260 3294 1321 absolute;
3329 1274 3490 1326 quam
3529 1259 3666 1311 enim
3720 1271 3822 1308 cau-

2276 1376 2390 1415 sam
2417 1350 2612 1412 haltere
2639 1365 2833 1423 potest,
2868 1354 2956 1423 qui
2983 1354 3261 1415 omnibus,
3326 1362 3382 1403 ut
3434 1350 3600 1404 semel
3654 1348 3819 1406 dicam,

2275 1448 2571 1504 antecellit?
2595 1449 2736 1503 ldetn
2770 1442 2982 1515 quoque
2999 1439 3497 1497 nhservansbeatus
3547 1439 3824 1492 Anastasius

2275 1541 2328 1594 in
2363 1542 2430 1595 iis
2462 1557 2578 1610 qum
2604 1553 2787 1595 contra
2822 1534 3223 1605 Monopitysitas
3248 1530 3414 1586 edidit
3472 1547 3489 1584 :
3539 1529 3824 1596 ingenitum,

2276 1636 2470 1702 inquit,
2507 1632 2557 1687 id
2586 1642 2688 1697 est,
2726 1647 2830 1685 non
2861 1637 3123 1690 creatum,
3160 1625 3307 1681 solus
3326 1623 3466 1676 Deus
3482 1620 3830 1685 est.Deinceps.

2274 1730 2552 1794 dubitans,
2612 1725 2880 1795 quomodo
2938 1718 3198 1795 Dionysio
3260 1712 3728 1778 sumntotheologo
3782 1708 3824 1761 in

675 1807 901 1877 Magnus
924 1812 1230 1884 DiOnysius,
1262 1816 1438 1885 capite
1460 1819 1494 1874 9
1519 1821 1593 1877 De
1629 1824 1820 1883 divinis
1851 1836 2172 1908 nominibus‘
2213 1851 2257 1906 Β
2282 1829 2513 1874 mentem
2547 1814 2805 1878 venisset,
2839 1822 2895 1865 ut
2918 1810 3085 1865 Deum
3102 1810 3499 1908 diceret-supra
3524 1816 3677 1857 omne
3706 1801 3828 1868 inge—

603 1900 909 1954 edisserens
930 1904 1124 1970 quibus
1151 1907 1323 1961 modis
1346 1913 1583 1979 propriis
1612 1921 1901 1975 conveniat
1928 1923 2058 1993 Deo,
2123 1900 2182 1995 id

601 1989 816 2044 dicatur
836 1991 973 2047 idem
1007 1993 1144 2063 ipse,
1171 1997 1243 2051 ait
1269 2013 1284 2051 :
1316 2002 1459 2054 idem
1491 2003 1665 2070 ipsum
1726 2024 1887 2079 supra
1934 1989 2187 2075 substan;

602 2082 734 2135 tiam
788 2093 1072 2167 aeternum,
1110 2098 1164 2141 et
1197 2097 1319 2155 post
1358 2092 1549 2149 multas
1588 2101 1947 2167 praprietates
1992 2111 2059 2164 de
2088 2126 2186 2167 eoa.-

601 2175 722 2228 dem
739 2166 1040 2246 subiungit:
1062 2176 1336 2249 Tanquam
1369 2198 1481 2237 non
1494 2166 1832 2258 permistum,
1850 2209 2044 2265 expers
2071 2218 2185 2257 tua.

518 2342 526 2354 ι
603 2268 771 2332 terim,
796 2269 1285 2338 simplicissimum,
1311 2290 1414 2329 non
1445 2279 1715 2350 indigens,
1739 2300 1842 2338 non
1867 2305 2183 2367 augescens,

601 2362 864 2426 quodnon
885 2365 1271 2432 potestminui,
1297 2367 1623 2438 ingenitum,L
1646 2389 1747 2429 n0n
1771 2385 2021 2448 ttnquatn
2053 2362 2186 2438 non;

602 2451 731 2503 dum
753 2452 981 2518 factum,
1009 2456 1628 2529 autitnperleclum,_aut
1654 2469 1722 2521 ab
1779 2469 1909 2538 hoc,
1948 2485 2042 2528 aut
2089 2478 2188 2533 hoc
2220 2455 2229 2460 ’

606 2554 712 2595 non
747 2541 1169 2614 factutn,ueque
1190 2555 1441 2621 tanquam
1470 2553 1617 2607 nullo
1674 2560 1834 2613 modo
1864 2563 2134 2621 exsistens
2169 2585 2183 2618 :

604 2634 700 2688 sed
729 2622 981 2703 tatiquam
1009 2652 1170 2717 supra
1203 2647 1701 2717 onmetngenitum,
1734 2662 1787 2705 et
1816 2652 2057 2713 absolute
2108 2659 2189 2712 in-

604 2725 872 2793 genitum,
902 2738 957 2783 et
980 2743 1194 2797 semper
1215 2732 1505 2802 exsistens,
1551 2747 1605 2791 et
1628 2754 1721 2806 per
1755 2756 1815 2797 se
1850 2744 2171 2813 perfectura.

603 2818 723 2881 Quo
753 2818 805 2871 in
834 2819 952 2873 loco
975 2822 1047 2873 ait
1078 2834 1306 2878 sanctus
1360 2825 1627 2883 Maximus
1672 2849 1686 2886 :
1743 2831 2053 2895 Notandum
2105 2851 2188 2896 est

601 2913 737 2970 quot
762 2906 937 2961 modis
956 2908 1220 2978 accipitur
1246 2912 1572 2982 signiﬁcatio
1594 2919 1841 2987 iugeniti,
1871 2925 2043 2992 idest,
2080 2944 2186 2984 non

605 2995 757 3061 facti,
794 3005 889 3051 aut
908 3001 1048 3066 quod
1077 3000 1311 3061 nondum
1345 3013 1427 3058 εει
1445 3018 1779 3078 generatum,
1802 3014 1895 3069 sed
1914 3032 2109 3087 genere
2123 3038 2186 3074 n-g

605 3088 759 3153 dum,
788 3098 847 3142 ut
873 3090 1007 3144 Sara
1037 3093 1172 3146 dixit
1202 3094 1493 3151 :Nondum
1510 3103 1637 3155 milii
1654 3114 1808 3161 natus
1828 3118 1905 3164 est
1928 3111 2187 3181 ",usque

2290 1914 2490 1977 nilum,
2509 1908 2675 1961 multa
2704 1905 2936 1972 ingenita
2955 1900 3297 1971 signiﬁcavit,
3327 1897 3377 1949 id
3409 1907 3514 1961 est,
3570 1910 3667 1946 non
3702 1906 3831 1945 create

2291 2017 2339 2060 ta
2375 1997 2829 2069 :Atqui,inqttit,_
2867 1993 3139 2064 quomodo
3165 1992 3266 2045 hoc
3304 1989 3416 2041 lieri
3442 1985 3660 2056 potest?
3698 1997 3826 2036 uento

2290 2090 2835 2161 natnqueittgenitus,
2869 2090 2972 2150 nisi
3026 2086 3172 2141 solus
3200 2083 3370 2137 Deus.
3407 2081 3538 2134 Post
3580 2093 3690 2145 qnte
3734 2090 3828 2127 rar-

2288 2204 2380 2242 sus
2413 2185 2696 2240 confutatis
2733 2180 3043 2250 opinionem
3066 2174 3509 2236 Manichtcorutn,
3557 2165 3827 2238 Dionysium

2289 2278 2711 2334 Alexandrinum
2742 2269 3040 2329 citatveriti
3090 2268 3251 2336 hujus
3310 2264 3681 2339 interpretem,
3728 2254 3860 2311 cum'

2289 2374 2410 2428 ait:
2451 2370 2600 2426 Solet
2633 2376 2856 2425 externa
2911 2358 3257 2431 philosonltia
3314 2369 3519 2409 vocare
3568 2350 3825 2417 ingenitum

2289 2480 2502 2518 onmem
2539 2470 2791 2513 naturam
2825 2450 3264 2522 inasPet-tahilem
3293 2447 3525 2515 ;qui|tus
3543 2445 3619 2497 sic
3638 2439 3825 2500 vocatis,

2292 2556 2459 2608 Deum
2487 2552 2623 2605 dixit
2657 2546 2937 2614 theologus
2985 2541 3273 2611 Dionysius
3326 2536 3678 2591 antecellere.
3739 2529 3826 2581 lmo

2288 2650 2452 2706 etiam
2486 2644 2780 2714 Gregorius
2816 2639 3090 2708 Nyssenus
3120 2651 3135 2687 :
3165 2631 3332 2695 Nihil,
3377 2629 3585 2699 inquit,
3620 2633 3697 2679 est
3741 2624 3837 2714 non

2290 2750 2531 2798 creatum
2560 2713 2755 2806 praeter
2783 2731 3025 2786 divinam
3055 2738 3333 2782 naturam.
3354 2722 3416 2776 Et
3447 2734 3636 2776 rursus
3668 2733 3681 2771 :
3721 2713 3822 2768 Sola

2290 2835 2468 2889 divina
2497 2841 2688 2895 natura
2719 2833 3023 2882 creaturam
3054 2827 3292 2886 superat.
3330 2813 3393 2869 Et
3417 2814 3595 2868 adhuc
3628 2830 3641 2864 :
3669 2807 3822 2876 [lipar—

2291 2924 2408 2990 ti’a,
2436 2923 2630 2992 inquit,
2654 2917 3104 2987 contemplatione
3133 2895 3310 2967 rerum
3344 2911 3396 2963 in
3424 2914 3755 2992 creaturam,
3780 2899 3824 2949 ei

2289 3033 2395 3071 non
2413 2991 2718 3070 creaturam
2744 3053 2757 3075 ,
2785 3020 2997 3065 naturas
3014 3019 3120 3058 non
3144 3010 3344 3057 creatae
3360 3008 3609 3054 sanctam
3626 2991 3826 3048 Trinitao

2294 3118 2400 3162 tem
2427 3120 2546 3160 esse
2568 3103 2891 3158 deﬁnimus:
2914 3106 3108 3153 creatae
3133 3109 3258 3150 vero
3278 3103 3474 3148 caetera
3496 3091 3690 3155 omnia,
3706 3101 3824 3156 qutu—

607 3191 852 3235 nuncaut
870 3183 1012 3250 quod
1028 3185 1525 3257 estimperfeetutn,
1562 3197 1802 3253 uttnrris
1844 3200 1896 3254 in
1914 3199 2184 3272 Cltalane;
2212 3191 2259 3253 (Σ
2291 3210 2503 3264 cunque
2545 3201 2667 3264 post
2691 3190 2841 3250 illam
2863 3188 3133 3252 dicuntur,
3165 3192 3456 3251 etsunt,et
3497 3181 3823 3237 nominantur.

610 3278 705 3321 aut
756 3269 823 3323 ab
871 3273 972 3325 hoc
996 3288 1101 3327 non
1127 3273 1357 3344 factum,
1383 3279 1432 3333 ui
1470 3280 1662 3337 Paulus
1691 3284 1981 3355 ApOstolus
2003 3309 2104 3346 non
2122 3269 2186 3350 ali

609 3364 904 3421 hominibus
921 3368 967 3400 ’⁸
994 3387 1008 3435 ;
1041 3379 1133 3423 aut
1154 3387 1256 3425 non
1279 3372 1383 3427 hoc
1406 3373 1627 3443 factum,
1658 3380 1907 3448 utjustus
1926 3400 2029 3443 non
2052 3403 2189 3445 unus

608 3477 675 3514 ex
714 3461 994 3520 duodecim
1029 3481 1042 3526 ;
1073 3472 1165 3522 aut
1190 3466 1331 3532 quod
1360 3466 1571 3532 penitus
1606 3470 1757 3526 nullo.
1782 3476 1941 3529 modo
1968 3488 2073 3544 est,
2128 3489 2192 3533 ut

608 3566 944 3621 quacunque
995 3555 1200 3620 lingunt
1240 3557 1493 3625 gentiles,
1545 3557 1802 3631 Scyllam,
1842 3564 2187 3636 Chimaram,

610 3643 901 3697 etsimiiia.
933 3642 1225 3711 Speciatim
1296 3646 1458 3716 igitur
1503 3657 1552 3702 et
1581 3651 1838 3707 absolute-
1895 3658 2188 3724 ingenitum

613 3735 668 3785 in
702 3733 810 3787 Deo
859 3734 1077 3793 dicitur.
1114 3736 1180 3789 Et
1210 3736 1386 3793 adhuc
1409 3739 1559 3816 idem
1584 3743 1743 3808 paulo
1775 3756 1895 3813 post
1919 3764 1931 3799 :
1953 3720 2189 3815 Sciebat,

612 3825 806 3890 inquit,
834 3822 1024 3897 dogma
1048 3827 1400 3893 quorumdam
1445 3830 1743 3899 gentilium,
1802 3834 1897 3903 qui
1924 3900 1925 3903 η
1951 3836 2190 3905 aiebant,

611 3918 791 3971 omnia
812 3911 1220 3982 inlelleclilia,et
1239 3918 1641 3989 innuortaliaaat
1654 3924 1700 3977 vi
1717 3925 2043 3997 intelligendi
2056 3945 2195 3999 pra-

610 4011 742 4075 dita,
763 4012 938 4077 genita
965 4025 1102 4074 esse,
1134 4011 1466 4079 etingenita;
1490 4014 1675 4082 genita
1691 4016 1908 4087 quidem
1941 4028 2195 4088 tanquam

612 4100 724 4155 Deo
750 4098 1002 4153 eﬂectore
1027 4114 1129 4168 pen
1158 4113 1217 4153 se
1248 4101 1569 4155 exsistentia
1618 4107 1912 4161 secundum
1974 4120 2194 4167 emana-

614 4198 813 4246 t'touem
835 4190 1139 4260 Splettdoris
1165 4190 1291 4244 editi
1314 4208 1329 4253 ;
1351 4191 1757 4263 ingenitavero,
1778 4205 2046 4264 quatenus
2071 4216 2177 4254 non

616 4295 879 4353 tempore,
913 4281 1003 4335 sed
1025 4288 1249 4347 aeterne,
1283 4280 1336 4336 id
1358 4293 1465 4350 est,
1490 4283 1541 4336 itt
1570 4300 1689 4339 sevo
1733 4287 2073 4357 prodierunt,
2120 4292 2194 4346 si-

617 4372 833 4438 quidem
865 4385 1025 4437 supra
1055 4370 1314 4437 diximus,
1345 4387 1407 4426 ca
1434 4389 1555 4442 qua:
1583 4376 1685 4430 sub
1707 4391 1925 4434 sensum
1965 4383 2186 4449 cadunt,

620 4463 819 4516 habere
849 4462 1057 4525 tempus
1092 4477 1185 4528 ;,ea
1209 4477 1337 4516 vero
1353 4466 1589 4533 quaesttb
1606 4468 2039 4541 intelligentiam,
2091 4474 2187 4535 ha-

617 4556 747 4608 bere
778 4569 979 4620 rerum,
1010 4554 1153 4609 unde
1178 4563 1233 4611 et
1258 4566 1461 4611 interna
1486 4559 1773 4629 dicuntur;
1799 4571 1857 4618 ut
1914 4565 2075 4633 igitur
2120 4585 2187 4623 ει

619 4648 964 4706 enuntiatione
981 4647 1345 4715 splendentia,
1371 4649 1614 4717 ingenita
1638 4666 1699 4707 ea
1725 4654 1992 4710 vocabant
2015 4674 2030 4722 ;
2062 4673 2183 4711 rur—

619 4750 710 4790 sus
738 4737 942 4792 sciebat
971 4738 1104 4791 alios
1124 4739 1213 4807 qui
1238 4738 1382 4797 hunc
1406 4743 1667 4799 mundum
1688 4745 1780 4812 qui
1803 4745 2065 4812 cernitur,
2090 4764 2181 4818 ge-

618 4829 790 4883 nitum
816 4838 870 4883 et
890 4829 1185 4897 ingenitum
1218 4846 1337 4887 esse
1360 4832 1597 4886 dicet-ent
1628 4852 1643 4888 :
1675 4836 1914 4903 genitum
1939 4840 2185 4908 quidem,

617 4931 884 4989 quatenus
910 4922 1013 4979 hoc
1042 4922 1362 4981 universum
1384 4925 1466 4980 vel
1496 4942 1561 4980 ex
1588 4942 1696 4982 uno
1730 4928 1783 4981 in
1831 4931 1996 4984 multa
2056 4947 2191 5001 pro—.

576 5028 581 5035 ·
620 5015 763 5069 tetlit
802 5032 817 5080 ;
852 5013 905 5067 id
931 5024 1034 5079 est,
1065 5015 1118 5069 in
1153 5021 1525 5085 generationes
1553 5017 1937 5088 animantium,
1968 5034 2023 5077 et
2060 5024 2189 5078 stir-

621 5106 791 5173 pium,
811 5113 866 5159 et
891 5105 1115 5160 aliorum
1143 5107 1437 5162 secundum
1469 5109 1642 5163 varias
1669 5125 1855 5163 eorum
1888 5115 2097 5180 species
2121 5127 2179 5171 et

622 5197 827 5252 fortnas
864 5215 880 5261 ί
916 5196 996 5251 vel
1019 5213 1083 5250 ex
1109 5198 1290 5259 multis
1324 5197 1377 5253 in
1413 5214 1597 5265 unum,
1633 5202 1851 5270 quando
1873 5206 2103 5272 scilicet,
2129 5218 2188 5263 ut

692 5332 735 5362 ⁷⁷
769 5331 906 5387 Ceu.
936 5347 1092 5396 xvut,
1120 5331 1205 5387 l5.
1284 5333 1327 5364 ’⁸
1349 5332 1528 5397 Galat,
1565 5350 1602 5399 ι,
1639 5335 1696 5391 1.

2294 3294 2355 3347 Ει
2390 3291 2623 3345 Joannes
2651 3287 3014 3341 Damascenus
3051 3277 3280 3344 :Otnne,
3314 3275 3515 3345 inquit,
3564 3272 3696 3343 quod
3743 3279 3857 3337 es',‘

2292 3389 2482 3433 antest
2514 3387 2779 3439 creatum,
2811 3385 2901 3425 aut
2936 3386 3043 3425 non
3069 3378 3310 3437 creautm
3342 3366 3427 3431 ;si
3479 3375 3730 3423 creatum,
3776 3357 3826 3410 ait

2291 3471 2399 3524 alio
2428 3483 2646 3538 prorsus
2679 3476 2919 3519 creatum
2947 3471 3056 3528 est,
3080 3461 3161 3515 sin
3205 3468 3385 3511 autem
3449 3470 3555 3509 non
3602 3445 3834 3512 creatum,

2293 3566 2394 3618 hoc
2413 3578 2543 3616 sane
2561 3563 2652 3625 sit,
2690 3557 2831 3628 quod
2861 3564 3140 3609 creaturas
3160 3554 3381 3609 creavit.
3407 3546 3470 3600 El
3491 3560 3670 3627 ""509
3697 3541 3827 3595 Ῐ⁴¹θ¹¹¹³

2293 3655 2599 3712 ῡίιῖιτιοειιιὶε
2630 3663 2834 3709 naturae
2852 3650 2926 3704 ait
2958 3664 3078 3703 esse
3098 3646 3384 3713 ἀγένητον,
3408 3655 3465 3698 et
3492 3637 3719 3710 ’γενητόν
3747 3647 3829 3684 uno

2292 3767 2321 3803 ν
2345 3747 2625 3814 scriptum,
2653 3742 2793 3810 quod
2825 3740 3041 3810 quidem
3076 3734 3314 3793 tleclztrat
3346 3743 3615 3799 creatum,
3663 3742 3711 3782 et
3745 3742 3825 3781 non

2294 3843 2662 3900 cre:ttttttt,est
2687 3834 2847 3903 igitur
2879 3842 3069 3903 natura
3101 3829 3280 3881 divina
3338 3827 3601 3894 ingenita,
3650 3822 3696 3877 id
3744 3827 3823 3872 est.

2295 3945 2403 3985 non
2431 3937 2633 3987 creata.
2673 3924 2732 3987 Et
2758 3925 2815 3979 S.
2841 3918 3177 3990 Epiphanius
3203 3917 3320 3975 :Ah
3342 3916 3492 3970 omni
3529 3926 3682 3973 causa
3698 3908 3832 3977 plane

2296 4029 2607 4088 exemptum
2642 4026 2724 4071 est
2755 4015 3049 4081 ingenitum
3089 4009 3255 4076 ;quia
3304 4021 3473 4059 unum
3522 4013 3609 4059 est
3656 3994 3831 4067 ingeni—

2299 4125 2434 4179 tum,
2457 4121 2511 4165 et
2537 4106 2925 4162 venerandum.
2952 4105 3016 4161 Et
3053 4118 3242 4157 rursus
3274 4118 3289 4154 :
3320 4097 3550 4167 lnteliigi
3577 4111 3676 4168 non
3699 4103 3827 4146 crea-

2299 4216 2439 4272 tum,
2457 4217 2509 4258 et
2532 4214 2831 4259 creatorem
2863 4199 2960 4253 soli
3001 4197 3108 4255 Dan
3136 4195 3392 4253 convenit
3426 4212 3442 4258 ;
3497 4204 3552 4247 ει
3591 4187 3697 4244 lieri
3744 4196 3824 4235 non

2298 4306 2495 4366 potest,
2527 4304 2583 4347 ut
2610 4293 2679 4345 ad
2700 4289 3138 4349 communionem
3175 4286 3485 4357 huiusmodi
3544 4283 3619 4337 rei
3678 4279 3829 4366 plures

2300 4362 2674 4449 adducantur;
2705 4394 2759 4437 et
2788 4383 2960 4436 adhuc
2992 4382 3155 4444 idem,
3184 4377 3385 4443 Unum,
3410 4377 3605 4446 inquit,
3624 4382 3697 4428 est
3713 4362 3827 4439 (ιαυά

2302 4472 2446 4543 facit,
2478 4478 2529 4529 in
2567 4492 2672 4537 una
2693 4475 2989 4529 substantia
3015 4471 3299 4527 Trinitatis
3334 4469 3594 4539 perfecta:
3623 4470 3825 4530 master:

2295 4571 2476 4631 omnia
2509 4570 2673 4633 facta,
2694 4572 2967 4621 etcreata.
2999 4564 3287 4630 PrOpterea
3317 4559 3462 4613 enim
3491 4556 3587 4625 ipsi
3641 4560 3826 4607 unum

2296 4675 2551 4717 nerantur
2582 4672 2742 4711 omne
2765 4655 2907 4724 quod
2937 4654 3074 4708 infra
3099 4652 3193 4706 Dei
3227 4651 3586 4705 substantiam
3611 4639 3817 4712 est,qlli=

2294 4751 2391 4806 soli
2420 4750 2529 4805 Deo
2559 4747 2812 4807 convenit
2838 4742 3323 4805 venerationem‘et
3354 4743 3620 4796 culturam
3639 4732 3821 4809 adbibe-

2300 4858 2380 4897 re.
2410 4842 2476 4894 Et
2511 4841 2705 4894 iterum
2731 4839 2871 4893 idem
2905 4837 2963 4892 in
2987 4837 3051 4890 iis
3086 4851 3206 4904 quae
3235 4834 3452 4902 scripsit
3474 4841 3656 4886 contra
3689 4826 3825 4877 itam-

2294 4934 2396 4988 sitn
2431 4930 2902 4991 Secttndianorutn
2933 4944 2948 4983 :
2983 4926 3315 4990 Betlttcetnr,
3337 4925 3529 4991 inquit,
3551 4920 3819 4975 universum

2297 5027 2364 5078 ad
2399 5038 2585 5093 unum,
2624 5024 2766 5091 quod
2799 5032 2911 5088 est,
2933 5036 3040 5088 quo
3067 5019 3319 5087 superius
3350 5016 3480 5077 nihil
3502 5023 3582 5069 est
3615 5031 3628 5075 ;
3655 5001 3822 5061 neciﬂ'

2300 5116 2490 5179 l'erius,
2524 5130 2625 5168 nec
2650 5115 2914 5177 intimum,
2949 5112 3051 5165 nisi
3083 5125 3202 5178 qtue
3233 5111 3297 5165 ab
3328 5109 3443 5176 ipso
3491 5112 3667 5161 creata
3705 5100 3824 5196 sui".

2300 5207 2513 5276 crilquc
2544 5208 2645 5263 hoc
2677 5205 3021 5263 manilestum
3056 5203 3125 5261 iis
3150 5202 3240 5271 qui
3277 5201 3551 5289 veritatem
3571 5189 3825 5266 perdidice-

2113 5433 2387 5495 Scholia.

621 5534 899 5609 sapientiae
948 5540 1140 5584 t-rvatte
1197 5529 1463 5609 continet;
1508 5531 1618 5609 sed
1648 5533 1744 5587 soli
1788 5532 1914 5600 Deo,
1950 5534 2042 5604 qui
2079 5548 2160 5592 est
2216 5540 2481 5609 sapit-mia
2518 5548 2697 5595 creata
2737 5537 3031 5595 secundum
3054 5530 3286 5599 causam
3334 5534 3450 5604 (b);
3493 5539 3548 5591 et
3603 5527 3825 5594 supra“

625 5605 882 5672 pientiam
906 5610 988 5656 est
1012 5602 1312 5656 secundum
1340 5602 1733 5656 exsistentiam.

700 5744 776 5805 (α)
828 5740 937 5792 Ειιε
957 5745 1117 5790 vocat
1143 5735 1284 5803 quod
1321 5742 1401 5786 est
1429 5750 1582 5787 suum
1647 5752 1787 5799 esse,
1819 5737 1910 5804 qui
1947 5748 2028 5792 est
2060 5740 2206 5794 solus
2246 5739 2383 5794 Deus
2405 5749 2619 5794 ert-ator
2645 5740 2906 5792 omnium.

696 5811 769 5866 ’bl
794 5810 850 5864 ld
889 5817 993 5875 est,
1015 5817 1099 5862 est
1128 5805 1389 5876 sapientia
1423 5814 1626 5872 creata,
1691 5819 1748 5863 ut
1782 5817 1965 5865 auctor
2032 5812 2148 5880 eius
2185 5813 2359 5871 :sicut
2385 5822 2466 5867 est
2494 5812 2699 5877 omnia,
2732 5818 2789 5866 ut
2820 5809 3041 5865 cﬂector
3071 5807 3332 5867 omnium.
