4078 6274
305 405 431 469 ﬁ‘il'

973 408 1209 469 DECAS
1235 411 1390 470 VIII.
1435 436 1502 445 —
1535 408 1630 469 DE
1670 407 1907 467 INFIN!

2011 408 2119 467 .TE
2154 409 2279 468 DEI
2324 409 2408 471 ΙΝ
2442 409 2899 475 ΟΒΕᾹΤΠΒΙΞ.

3476 386 3585 476 922

307 519 628 587 runt,.quod
681 533 819 574 unus
845 518 987 574 Deus
1009 531 1090 574 est
1106 520 1286 587 Pater,
1316 532 1368 575 et
1386 512 1898 589 Filius,'etSpiritus
1925 524 1977 576 Α
2003 527 2095 572 aut
2122 520 2282 574 aliam
2314 522 2609 589 quamlibet
2635 533 2953 590 potestatem
2974 542 2990 591 ;
3012 532 3063 576 at
3084 526 3129 578 si
3158 525 3283 593 quis
3312 524 3479 580 Deum
3499 530 3582 582 di"

309 618 528 663 sam-tus
555 628 567 673 ;
596 610 638 661 si
659 618 839 662 autem
869 626 1003 663 tllllts
1030 610 1171 666 Deus
1198 622 1301 677 est,
1324 628 1386 667 ex
1416 628 1523 682 quo
1557 614 1758 678 omnia,
1791 627 1889 666 nec

307 700 456 753 estin
478 714 543 753 eo
559 699 862 765 sinistrum,
884 716 981 755 nec
997 702 1138 756 aliud
1153 703 1510 769 imminutum,
1537 718 1712 772 neque
1734 704 1891 769 quid-

310 805 469 863 quam
483 792 681 859 gradus
698 789 1351 861 inferioris,pr.eterquam
1365 810 1482 862 quae
1497 795 1563 847 ab
1580 795 1695 864 ipso
1710 805 1891 849 creata

311 888 439 934 sunt
460 899 473 935 :
492 896 613 951 quae
632 892 807 936 autem
830 892 957 936 sunt
978 894 1098 949 post
1122 882 1333 939 Patrem
1360 895 1410 940 et
1432 885 1622 945 Filium
1641 897 1694 938 et
1722 884 1892 953 Spiri-

312 980 427 1025 tum
451 984 718 1036 sanctum,
746 983 939 1028 cuncta
972 985 1097 1030 sunt
1132 976 1352 1041 pulchre
1368 987 1571 1041 creata,
1588 987 1639 1029 ct
1656 977 1807 1045 large
1824 977 1893 1031 ab

316 1061 430 1131 ipso
466 1070 591 1116 sunt
622 1072 740 1130 post
774 1062 907 1117 bene
934 1066 1171 1139 profecta
1201 1068 1581 1122 etconstituta.
1604 1068 1811 1122 Rursus
1845 1084 1893 1121 t-

314 1151 436 1205 dem
454 1162 642 1207 contra
675 1153 922 1208 hmresim
942 1154 1326 1211 Marcosiorum
1349 1155 1490 1215 :Nos
1511 1158 1676 1219 enim,
1698 1156 1891 1223 inquit,

314 1245 582 1299 credimus
598 1246 833 1315 penitus,
852 1248 993 1303 sicut
1013 1250 1207 1303 veritas
1235 1249 1494 1313 05tendit,
1518 1259 1568 1303 et
1594 1247 1894 1316 probabilis

316 1338 453 1389 ratio
466 1337 725 1407 suggerit,
744 1352 805 1392 ac
823 1354 944 1399 cum
968 1338 1144 1408 regula
1166 1339 1382 1405 pietatis
1398 1347 1684 1403 consonat,
1699 1347 1893 1392 etcum

315 1424 432 1493 lege
454 1434 508 1478 et
542 1426 837 1493 prophetis,
860 1437 910 1480 et
946 1442 1066 1480 cum
1108 1428 1239 1496 ipsis
1286 1428 1355 1483 ab
1396 1427 1606 1495 origine
1664 1429 1895 1494 patriar-

319 1518 437 1571 tritis
460 1516 647 1569 ordine
680 1516 1008 1579 consecutis,
1048 1527 1104 1570 ct
1141 1533 1261 1570 cum
1303 1518 1416 1587 ipsa
1461 1504 1761 1572 Salvatoris
1801 1518 1897 1571 tio-

320 1610 518 1674 ctrina,
550 1619 599 1662 et
624 1609 992 1677 apustolornm
1031 1608 1122 1677 qui
1155 1623 1256 1660 nos
1286 1618 1469 1675 aperte
1496 1610 1693 1667 docent
1726 1608 1895 1663 conﬁ-

322 1702 419 1759 teri
446 1714 609 1753 unum
630 1698 844 1753 Patrem
863 1702 1234 1755 uniVersorum
1253 1698 1579 1753 dominatum
1602 1706 1894 1763 tenentem,

318 1802 371 1844 et
412 1792 693 1845 Dominum
720 1789 901 1845 Jesum
925 1790 1219 1855 Christum,
1256 1801 1304 1846 et
1336 1792 1455 1861 ejus
1482 1790 1896 1860 isanctuutﬁpi-

322 1886 509 1949 ritum,
547 1899 703 1937 unam
735 1896 978 1939 sanctam
1004 1882 1328 1937 Trinitatem
1362 1899 1464 1936 non
1501 1874 1761 1947 creatam,
1785 1898 1902 1935 om-

321 1976 482 2041 nibus
514 1989 577 2027 ex
610 1976 774 2029 nihilo
814 1986 929 2045 post
966 1975 1177 2029 Patrem
1205 1984 1258 2027 et
1284 1971 1476 2027 Fdium
1517 1985 1569 2027 et
1634 1974 1893 2043 Spiritum

321 2074 571 2120 sanctum
604 2066 784 2119 factis.
822 2066 1009 2131 Quare
1070 2065 1122 2117 in
1185 2065 1252 2119 iis
1299 2080 1418 2130 qua;
1471 2066 1615 2120 clare
1663 2065 1900 2121 confessi

323 2166 473 2222 sunt,
502 2167 556 2212 et
585 2158 932 2212 crediderunt
956 2171 1145 2211 omnes
1174 2157 1347 2210 sancti
1373 2157 1483 2223 iam
1514 2158 1669 2224 dicti,
1698 2167 1750 2210 et
1773 2172 1898 2224 pro-

324 2249 521 2313 phette,
544 2257 599 2302 et
620 2247 979 2318 evangelista,
1016 2260 1175 2318 atque
1219 2248 1470 2318 aposmli,
1547 2264 1652 2304 non
1703 2249 1895 2318 poterit

326 2355 561 2408 unquam
603 2340 705 2393 ulla
736 2341 899 2396 fallax
934 2343 1190 2429 cogitatio
1229 2326 1416 2399 contra
1434 2343 1640 2398 radium
1658 2341 1901 2397 veritatis

326 2433 585 2495 resistere
613 2448 677 2488 ac
708 2447 1028 2503 repugnare.
1072 2434 1136 2489 Et
1165 2445 1384 2493 sanctus
1419 2450 1482 2491 ac
1513 2434 1729 2488 divinus
1756 2431 1892 2486 Ger~

327 2538 520 2577 manus
552 2523 603 2576 in
632 2525 970 2593 expositione
999 2524 1119 2578 ﬁdei
1146 2525 1220 2578 ait
1244 2542 1261 2579 ι
1281 2523 1384 2579 Sed
1409 2527 1684 2579 veneratio
1706 2533 1896 2579 nostra

326 2625 383 2675 et
402 2616 582 2670 cultus
608 2617 775 2671 solam
803 2631 907 2671 non
939 2627 1202 2682 creatam,
1228 2628 1282 2670 et
1339 2619 1391 2672 in
1466 2619 1733 2672 inﬁnitttm
1801 2631 1901 2685 po-

343 2718 547 2763 tentem
570 2722 730 2777 supra
751 2722 910 2776 quam
935 2707 1303 2776 principialem
1336 2727 1348 2773 ;
1377 2718 1428 2762 et
1447 2724 1607 2777 supra
1625 2723 1784 2778 quam
1804 2708 1903 2762 bo-

330 2818 478 2867 nam,
513 2802 635 2855 vitae
659 2800 975 2870 principem,
1001 2808 1055 2871 et
1082 2815 1241 2868 supra
1263 2801 1619 2854 substantiam
1656 2808 1899 2855 sanctam

330 2894 676 2959 Trinitatem,
705 2907 864 2947 unam
887 2891 1218 2947 divinitatem
1278 2902 1333 2944 et
1365 2899 1682 2958 potestatem
1742 2890 1903 2945 corde

332 3001 437 3048 non
464 2984 742 3039 dubitante
776 2993 831 3037 et
862 2999 954 3037 ore
981 2982 1450 3044 conﬁtetur;buic
1468 2984 1610 3036 enim
1645 2983 1744 3036 soli
1787 2981 1903 3036 cul-

333 3089 446 3133 tum
471 3077 710 3131 tribuere
761 3085 990 3144 oportet.
1054 3076 1118 3129 Et
1181 3084 1398 3131 sanctus
1444 3073 1720 3144 Cyrinus:
1775 3074 1903 3129 Sive

2000 621 2108 675 cat,
2147 614 2425 679 abrngarit
2458 615 2673 668 divinas
2726 630 2907 681 voces,
2938 632 3057 684 quer
3085 616 3247 670 clare~
3279 617 3515 671 clamant
3562 636 3578 672 :

2003 702 2115 770 Ego
2149 702 2286 756 Deus
2315 706 2535 771 primus,
2560 718 2608 760 et
2637 724 2729 776 ego
2756 704 2872 775 past
2901 709 3032 771 haec.
3058 719 3107 764 et
3131 708 3321 775 praeter
3342 726 3422 763 me
3471 726 3575 763 non

1991 804 2067 848 est
2098 795 2236 847 Deus
2261 798 2326 849 ⁷⁸.
2361 797 2452 851 Sin
2483 813 2611 852 vero
2634 816 2738 853 non
2766 800 2917 853 dicat
2939 800 3146 867 Deum,‘
3178 802 3323 855 dicet
3373 803 3587 857 scilicet

1992 887 2229 955 angelos,
2260 889 2342 941 vel
2375 899 2687 955 potestates,
2714 903 2769 943 at
2800 893 2877 946 sic
2894 893 3057 946 etiam
3113 893 3443 959 improbabit
3499 894 3585 947 div

1991 978 2145 1031 vinas
2176 981 2502 1047 Scripturas,
2534 999 2654 1051 qum
2685 984 2871 1050 dicunt
2892 998 2918 1035 a
2955 985 3059 1037 Deo
3092 984 3258 1038 factas
3278 1000 3398 1039 esse
3434 988 3531 1039 bas
3565 1002 3581 1040 :

1992 1067 2234 1124 Laudate
2256 1088 2393 1138 eum,
2424 1089 2599 1126 omnes
2627 1075 2797 1142 angeli
2813 1074 2959 1141 ejus;
2998 1074 3212 1128 laudate
3241 1064 3369 1128 eum'
3406 1092 3582 1128 omnes

1991 1167 2270 1224 potestates
2289 1160 2400 1226 ejus
2428 1160 2495 1213 3°.
2524 1160 2597 1213 Ex
2636 1164 2718 1216 Itis
2745 1174 2992 1229 apertum
3052 1166 3130 1227 lit,
3153 1165 3294 1231 quod
3319 1164 3462 1217 inter
3483 1179 3580 1216 na-

1994 1263 2170 1307 turam
2216 1250 2306 1304 Dei
2356 1251 2408 1303 in
2470 1251 2642 1305 tribus
2685 1253 2949 1318 personis,
3009 1264 3060 1306 et
3098 1253 3165 1305 ab
3186 1268 3250 1306 eo
3278 1262 3457 1308 creata
3501 1253 3583 1306 ni‘

1996 1346 2066 1403 bil
2094 1345 2239 1399 aliud
2270 1343 2562 1411 quidquam
2618 1343 2831 1410 penitus
2890 1344 3198 1411 reperitur;
3250 1344 3430 1398 omnia
3487 1360 3585 1397 auc

1994 1447 2100 1490 tem
2131 1434 2505 1503 postdivinam
2535 1445 2778 1486 naturam
2812 1442 2866 1487 et
2897 1435 3250 1488 substantiam
3270 1444 3395 1488 sunt
3416 1450 3584 1503 gene-

1995 1541 2110 1583 rata
2142 1539 2197 1583 et
2221 1537 2424 1592 creata,
2457 1527 2661 1580 idcirco
2692 1526 2823 1578 nihil
2874 1540 3061 1579 eorum
3110 1542 3230 1593 qua:
3292 1534 3440 1590 sunt,
3495 1535 3584 1580 est

1996 1639 2103 1677 non
2163 1632 2403 1677 creatum
2435 1630 2490 1674 et
2516 1620 2796 1685 infectmu,
2827 1619 2927 1674 nisi
2954 1619 3105 1675 solus
3144 1620 3285 1675 Dens
3326 1622 3437 1673 brec
3491 1635 3584 1672 su-

1995 1730 2090 1784 pra
2126 1713 2484 1768 substantiam
2516 1711 2773 1765 Trinitas.
2800 1710 3081 1765 Manifesta
3129 1712 3294 1765 etiam
3340 1718 3424 1765 est
3487 1711 3581 1763 tibi

2004 1807 2164 1873 hujus
2191 1804 2413 1860 decadis
2426 1804 2693 1872 expositio
2745 1804 3076 1857 materiaria.
3096 1801 3337 1855 Primum
3364 1801 3583 1869 quidem

2003 1897 2175 1967 ponit,
2206 1896 2340 1949 nihil
2367 1910 2553 1949 eorum
2581 1909 2701 1963 qua:
2754 1904 2899 1959 sunt,
2931 1908 3051 1949 esse
3084 1894 3202 1947 sine
3254 1908 3435 1957 causa,
3489 1894 3585 1947 sed

2010 1989 2187 2043 solum
2229 1986 2393 2040 Deum
2429 1986 2557 2050 ;bic
2588 1987 2749 2053 igitur
2805 1985 2893 2052 qui
2952 2000 3170 2038 causam
3234 1999 3339 2036 non
3395 1984 3581 2047 habet,

2001 2095 2163 2134 causa
2194 2081 2432 2133 omnium
2462 2090 2569 2144 est,
2600 2079 2692 2147 qui
2724 2093 2787 2131 ex
2816 2078 2988 2131 nihilo
3021 2086 3327 2131 creaturam
3382 2078 3582 2145 produ-

2001 2171 2076 2224 cit
2114 2169 2356 2235 ;idcirco
2388 2168 2521 2222 nihil
2555 2182 2744 2222 eorum
2780 2182 2897 2235 quae
2925 2176 3072 2232 sunt,
3120 2177 3203 2221 est
3260 2177 3587 2222 eoa-ternum

2001 2261 2231 2326 auctori,
2261 2260 2391 2329 quin
2416 2258 2596 2325 potius
2631 2259 2715 2312 vel
2761 2275 2824 2312 ex
2852 2260 3121 2327 principio
3175 2259 3455 2326 temporis,
3509 2259 3591 2312 vel

2003 2367 2106 2406 non
2134 2366 2197 2405 ex
2214 2352 2481 2418 principio
2517 2351 2794 2418 temporis,
2826 2350 2918 2403 sed
2948 2365 3013 2402 ex
3049 2351 3310 2417 principio
3343 2350 3441 2403 sevi
3469 2359 3545 2401 est
3574 2368 3588 2414 ;

2002 2442 2068 2495 ab
2092 2442 2173 2495 bis
2188 2443 2331 2496 enim
2358 2442 2615 2509 operibus
2637 2455 2760 2508 qua)
2780 2449 2908 2493 sunt
2931 2456 2994 2492 ex
3017 2440 3281 2508 principio
3306 2440 3591 2507 temporis,

2002 2533 2292 2601 requiescit
2314 2543 2367 2586 et
2391 2532 2688 2585 Sabbatum
2729 2533 2839 2601 agit
2871 2530 3008 2585 Deus
3041 2551 3053 2594 ;
3088 2535 3154 2584 ab
3175 2531 3426 2600 operibus
3469 2543 3596 2583 vero

2000 2637 2119 2690 qua:
2145 2637 2207 2674 ex
2231 2622 2496 2688 principio
2522 2621 2619 2673 aevi
2655 2630 2801 2686 sunt,
2855 2635 2960 2674 n0n
2997 2621 3313 2688 requiescit,
3349 2630 3402 2674 et
3459 2619 3597 2673 Sab-

2000 2713 2183 2767 batum
2214 2713 2357 2779 agit;
2391 2721 2443 2764 et
2468 2710 2610 2778 quod
2636 2708 2776 2763 Dens
2811 2710 3084 2764 individue
3131 2726 3193 2763 ev
3216 2725 3274 2763 se
3299 2714 3417 2776 ipso
3442 2724 3600 2778 egre-

2006 2804 2183 2867 diens,
2215 2817 2318 2855 una
2364 2808 2632 2868 potestate
2659 2801 2838 2853 omnia
2863 2802 3137 2868 producit,
3173 2800 3227 2852 in
3266 2800 3410 2852 nullo
3452 2814 3591 2866 quo-

2002 2896 2143 2965 piam
2176 2904 2395 2965 propter
2419 2896 2530 2949 ha'c
2560 2894 2783 2959 divisus,
2835 2909 3009 2962 neque
3062 2893 3184 2961 quia
3253 2892 3600 2962 producendo

2002 2986 2202 3051 Omnia,
2231 2988 2410 3040 omnia
2445 2986 2521 3052 ﬁt,
2547 2986 2770 3051 idcirco]
2798 2984 2999 3053 aliquid
3040 2998 3224 3037 eorum
3282 2998 3401 3049 qua:
3423 2982 3490 3035 ab
3521 2982 3606 3050 ip-

2006 3093 2070 3135 so
2094 3080 2229 3133 ﬁunt
2270 3087 2365 3132 aut
2398 3088 2653 3147 aguntur,
2680 3086 2764 3130 est
2798 3091 2903 3129 non
2932 3085 3172 3129 creatum
3207 3092 3223 3129 :
3259 3089 3431 3142 neque
3474 3088 3601 3141 pos-

332 3167 478 3235 quis,
511 3166 705 3235 inquit,
730 3167 971 3235 angelos.
996 3166 1108 3221 είνθ
1160 3159 1362 3233 aliquid
1413 3167 1751 3233 Sllpel‘iomm
1816 3180 1909 3219 Of-
1936 3168 1981 3228 α
2013 3184 2139 3230 sunt
2164 3173 2340 3236 aliqua
2366 3174 2494 3235 duo,
2531 3178 2623 3223 aut
2652 3168 2942 3221 multitudo
2969 3176 3088 3235 post
3116 3167 3242 3231 duo,
3306 3174 3398 3218 aut
3452 3164 3600 3218 aliud

334 3261 540 3324 dinum,
583 3268 635 3313 et
669 3258 851 3313 omnia
875 3257 1189 3311 intermedia
1212 3268 1627 3325 prattergressus
1666 3257 1735 3311 ad
1769 3258 1915 3325 ipsos

336 3351 672 3418 Seraphinos
694 3357 800 3414 eat,
822 3359 872 3403 et
890 3365 1174 3418 supremas
1192 3350 1392 3417 glorias
1411 3349 1774 3419 aggrediatur,
1819 3363 1916 3403 nav

336 3454 512 3505 turam
562 3458 668 3498 non
717 3443 1077 3508 transcendet,
1135 3442 1217 3497 vel
1246 3441 1388 3497 enim
1424 3442 1626 3513 aliquid
1657 3456 1912 3509 superne,

341 3537 444 3587 hoc
474 3542 576 3599 est,
609 3549 671 3587 ex
699 3531 857 3587 Patre
889 3534 1168 3597 luminum,
1193 3542 1248 3587 et
1305 3534 1508 3587 idcirco
1562 3532 1703 3587 Deus
1761 3549 1775 3586 :
1828 3532 1912 3585 vel

339 3623 480 3676 infra
504 3622 706 3692 aliquid
728 3622 1063 3693 intelligitur,
1097 3632 1151 3675 et
1173 3623 1406 3687 inferne,
1439 3623 1539 3677 hoc
1569 3631 1652 3676 est
1694 3631 1910 3675 creatu-

342 3729 425 3778 ra,
450 3724 505 3767 et
530 3728 594 3769 ex
625 3723 871 3768 creatura
904 3734 917 3778 ;
955 3713 1301 3781 iuterjectutn
1332 3728 1462 3767 vero
1487 3712 1618 3766 nihil
1670 3711 1919 3765 funditus

342 3813 449 3871 est.
478 3807 538 3858 Et
568 3806 760 3859 iterum
787 3806 928 3859 idem
962 3823 975 3859 :
1012 3806 1163 3871 Quod
1191 3807 1332 3859 enim
1362 3813 1446 3859 est
1486 3804 1739 3873 opinione
1799 3803 1918 3857 illo-

344 3913 465 3951 rum
489 3911 660 3964 neque
686 3911 813 3961 pure
834 3894 994 3960 Deus,
1028 3910 1201 3965 neque
1225 3905 1407 3963 aperte
1463 3901 1733 3955 creatura,
1756 3906 1913 3960 quem

344 3990 518 4049 locum
550 3988 692 4058 apud
714 3988 857 4057 ipsos
882 3989 1100 4056 recipiet
1123 3988 1172 4041 in
1198 3988 1263 4041 iis
1283 4003 1402 4057 qua;
1453 3986 1604 4041 sunt?
1660 3983 1768 4056 Ego
1820 3998 1915 4037 ne-

343 4096 453 4151 que
484 4082 535 4134 itt
556 4082 669 4137 sola
693 4081 1017 4149 cogitatione
1074 4080 1313 4147 recipere
1362 4079 1621 4143 dicerem,
1669 4079 1919 4146 quamvis

344 4175 545 4244 eligere
575 4176 745 4227 solum
788 4189 1022 4242 possem.
1055 4175 1120 4227 Et
1170 4171 1413 4226 Justinus
1470 4170 1822 4240 philosophus
1874 4180 1929 4224 et

348 4275 555 4337 martyr
585 4285 597 4321 :
629 4267 836 4322 Etenim
867 4267 909 4320 si
933 4267 1058 4337 quid
1085 4265 1351 4334 principio
1375 4274 1529 4318 extra
1562 4261 1730 4317 Deum
1780 4271 1919 4330 erat,

347 4358 570 4423 omnino
595 4357 961 4412 necessarium
1000 4365 1086 4412 est
1128 4353 1376 4410 conﬁteri
1428 4354 1531 4412 hoc
1589 4360 1683 4406 aut
1731 4351 1923 4420 Deum,

422 4538 468 4573 τ’
489 4537 590 4592 Isa.
623 4553 770 4605 xmv,
802 4540 854 4595 6..
933 4537 977 4570 '°
998 4537 1140 4599 Psal.
1170 4553 1396 4603 csum,
1418 4536 1474 4600 2.

2022 3263 2148 3334 quid
2180 3262 2477 3317 secundum
2512 3260 2761 3329 superius
2782 3270 2837 3313 et
2868 3257 3095 3313 inferius
3124 3256 3473 3326 progrediens
3515 3269 3605 3309 es-

2019 3369 2080 3410 se
2100 3355 2393 3419 infinitum,
2423 3362 2478 3408 et
2496 3352 2612 3407 sine
2637 3352 2901 3420 principio
2927 3352 3054 3405 :sed
3073 3366 3237 3403 unum
3259 3349 3454 3412 solum,
3502 3349 3606 3401 hoc

2019 3456 2104 3502 est
2131 3446 2292 3509 Deus,
2316 3444 2800 3513 incomprehensus
2828 3450 2930 3506 est,
2956 3452 3011 3495 et
3035 3440 3464 3509 iuaspectabilis,
3496 3447 3596 3515 eta

2019 3539 2312 3594 contrariis
2342 3538 2489 3591 solus
2522 3538 2636 3605 ipse
2660 3535 3006 3597 nominatur;
3030 3535 3123 3587 sed
3174 3533 3469 3588 secundum
3512 3546 3623 3609 (εε-⁸

2018 3630 2249 3684 sentiam
2311 3642 2461 3681 suam
2491 3640 2709 3693 prorsus
2732 3633 2882 3678 caret
2911 3624 3149 3686 nomine,
3179 3622 3302 3690 quia
3322 3621 3469 3674 solus
3517 3629 3605 3674 est

2024 3734 2130 3775 non
2162 3727 2377 3772 creatus
2403 3723 2460 3771 et
2492 3716 2762 3782 ingenitus
2789 3714 3009 3779 ;on:nia
3029 3723 3208 3767 autem
3259 3722 3381 3780 post
3445 3720 3605 3767 natu-

2021 3826 2136 3867 ram
2174 3809 2408 3861 divinam
2442 3817 2569 3862 sunt
2592 3816 2798 3870 creata,
2823 3805 2947 3873 quia
3004 3804 3145 3857 inter
3187 3805 3364 3873 ipsum
3413 3803 3604 3866 Deum,

2020 3910 2075 3951 et
2110 3906 2394 3952 creaturas
2420 3900 2595 3963 neque
2622 3894 2916 3964 quidquam
2945 3902 3047 3958 est,
3118 3902 3292 3961 neque
3332 3894 3608 3962 cogitatur

2020 4004 2274 4058 tanquam
2329 3986 2561 4043 essentia
2608 3985 2896 4055 quzepiam.
2956 3982 3245 4051 Diligenter
3284 3982 3447 4050 igitur
3492 3997 3607 4034 ma-

2032 4082 2170 4137 teria
2197 4078 2355 4149 hujus
2374 4079 2593 4133 decadis
2620 4092 2660 4156 a_
2686 4075 2948 4142 theologis
2983 4075 3254 4141 exposita,
3292 4088 3414 4126 cum
3471 4072 3608 4126 alio-

2032 4174 2122 4244 qui
2162 4173 2334 4241 ipsius
2364 4170 2457 4226 Dei
2501 4170 2823 4225 inﬁnitatem
2882 4181 3215 4238 cognoscere
3271 4180 3377 4220 non
3434 4165 3610 4236 possi-

2034 4281 2154 4321 mus
2185 4264 2286 4336 (l).

1835 4654 2108 4717 Scholia.

426 4761 504 4832 (ι)
544 4761 620 4815 Ad
652 4777 715 4817 ea
744 4762 937 4831 quaein
973 4764 1074 4823 hoc
1107 4773 1353 4818 extremo
1403 4762 1579 4833 capite
1633 4777 1700 4815 ex
1756 4762 1925 4833 variis
1964 4764 2005 4818 ι)
2035 4759 2097 4833 si_
2124 4766 2281 4811 natus
2328 4758 2671 4833 tiott__fttisset
2710 4758 2869 4813 homo
2924 4757 3011 4833 ille
3046 4756 3263 4822 (Matth.
3296 4772 3442 4833 x_xvt,
3495 4754 3613 4833 2}).

353 4830 608 4888 I‘atribus
638 4834 703 4885 de
723 4830 959 4901 ingenito
978 4842 1159 4885 notata
1183 4841 1327 4897 sunt,
1350 4832 1565 4901 adjungi
1591 4842 1767 4898 potest
1788 4830 1929 4898 quod

353 4914 575 4955 sanctus
613 4900 1034 4970 Cnrysbstomns
1063 4902 1299 4968 scripsit,
1327 4900 1597 4955 disserens
1622 4902 1688 4955 de
1731 4900 1936 4966 ingeni-

358 4986 414 5026 to
439 4980 625 5030 contra
662 4972 949 5026 luereticos
977 4972 1027 5024 in
1054 4973 1270 5025 bomilia
1306 4973 1357 5024 in
1390 4972 1517 5023 illud
1553 4989 1565 5023 :
1616 4970 1670 5024 ln
1735 4970 1933 5034 princi-

356 5042 447 5106 pio
471 5051 584 5109 erat
608 5039 839 5099 Verbum
872 5039 1049 5106 (Joau.
1097 5058 1132 5105 t,
1174 5042 1245 5107 l),
1282 5051 1336 5095 et
1362 5057 1378 5093 :
1406 5041 1641 5109 Spiritus
1660 5050 1935 5094 scrutatur

330 5107 630 5177 'profunda
670 5111 759 5165 Dei
797 5110 837 5177 (l
866 5111 995 5165 (lor.
1036 5127 1093 5175 tl,
1130 5112 1253 5177 10):
1289 5111 1365 5165 Ne
1391 5107 1922 5178 etiistitttes,'iitqttit,

363 5180 637 5243 bzeretice,
665 5197 916 5249 magnum
951 5181 1078 5250 quid
1116 5190 1167 5234 te
1199 5182 1436 5233 tribuere
1473 5180 1639 5245 Patri,
1665 5196 1786 5232 cum
1840 5178 1924 5231 tli-

361 5251 443 5302 cis
475 5264 595 5303 esse
624 5251 922 5319 ingenitum
950 5269 963 5315 ;
993 5252 1117 5318 quia
1160 5250 1322 5303 mttlta
1342 5250 1445 5302 alia
1474 5264 1595 5317 qua:
1625 5265 1729 5301 non
1784 5258 1915 5319 sunt

362 5328 640 5387 generata,
675 5318 927 5373 dicuntur
962 5323 1198 5385 ingenita
1242 5338 1254 5384 ;
1291 5320 1485 5373 dicitur
1516 5319 1681 5370 Adam
1711 5318 1922 5384 ingeni—

364 5402 474 5453 tus,
500 5388 620 5455 quia
660 5406 764 5443 non
796 5392 896 5443 fuit
919 5392 1150 5458 genitus,
1179 5391 1271 5442 sed
1299 5388 1594 5451 formatus;
1622 5388 1822 5458 dicitur
1866 5402 1925 5441 c-

365 5460 496 5511 tiam
532 5457 1003 5529 hotuoingenitus,
1029 5476 1129 5513 non
1166 5469 1472 5529 generatus,
1504 5472 1678 5529 neque
1721 5457 1926 5529 fortnag

364 5540 477 5593 tus,
504 5538 559 5595 ut
581 5545 700 5585 cum
738 5526 997 5591 Dominus
1030 5526 1255 5595 dixit‘de
1281 5527 1419 5583 Juda
1455 5545 1468 5581 :
1503 5526 1705 5583 Bonum
1731 5536 1846 5582 erat
1874 5527 1922 5581 ei

2058 4829 2118 4881 Et
2147 4829 2419 4895 quomodo
2439 4827 2512 4880 illi
2535 4828 2728 4881 melius
2755 4837 2894 4889 erat,
2925 4828 2968 4879 si
3002 4838 3159 4881 natus
3183 4841 3287 4880 non
3321 4825 3535 4878 fuisset?
3567 4825 3615 4877 ei

2042 4899 2185 4951 cuitu
2220 4897 2311 4963 qui
2348 4912 2452 4949 nou
2489 4908 2592 4961 est,
2636 4897 2769 4951 nihil
2802 4896 3079 4961 conducit,
3120 4910 3295 4964 neque
3325 4904 3508 4949 nocet.
3543 4895 3612 4947 Et

2041 4965 2299 5021 Salomon
2336 4966 2553 5019 beatum
2584 4967 2836 5033 praedicat
2863 4983 2984 5020 eum
3006 4968 3095 5034 qui
3130 4982 3234 5020 non
3267 4975 3351 5019 est
3375 4964 3612 5032 genitus,

2036 5040 2116 5089 sic
2152 5036 2298 5088 enim
2328 5036 2406 5089 ait
2434 5053 2447 5088 :
2480 5034 2679 5090 Beatus
2712 5036 2803 5099 qui
2841 5048 3089 5090 mortuus
3118 5048 3224 5101 est,
3261 5039 3613 5103 magisqnam

2032 5108 2241 5170 vivens,
2274 5116 2328 5157 et
2356 5121 2518 5172 supra
2543 5106 2678 5159 duos
2698 5109 2786 5175 qui
2813 5124 2916 5159 non
2941 5118 3025 5158 est
3055 5103 3609 5175 genitu;.(Eccle._tv,

2028 5175 2083 5242 2)
2119 5194 2131 5229 :
2164 5176 2231 5228 Et
2260 5175 2306 5229 si
2334 5192 2439 5228 non
2470 5173 2800 5244 estlgenitits,
2830 5173 3102 5239 quomodo
3126 5187 3209 5229 est
3232 5173 3456 5229 beatus?
3493 5173 3623 5224 Vide

2031 5247 2252 5299 nomina
2281 5256 2489 5298 natura:
2526 5246 2803 5315 ingenitae.
2828 5245 2973 5299 Dixit
3005 5246 3277 5315 hominem
3312 5258 3485 5310 neque
3528 5256 3623 5315 ge-

2031 5317 2229 5380 nitum,
2260 5329 2433 5384 neque
2459 5311 2746 5369 formatum
2780 5317 3000 5379 beatum
3026 5332 3041 5380 ;
3064 5314 3414 5381 quamobrem
3443 5311 3624 5384 appel-

2029 5386 2159 5438 latio
2194 5383 2416 5466 ingenui
2449 5388 2988 5466 nominterpretatur
3020 5398 3295 5466 “naturam
3355 5383 3621 5466 divinam,

2026 5471 2148 5518 nec,
2185 5451 2334 5507 ut'tu
2367 5455 2468 5519 ais,
2503 5451 2859 5511 substantiam
2894 5455 3197 5521 signiﬁcat;
3228 5466 3331 5506 nec
3361 5451 3621 5505 honorem

2024 5526 2182 5579 affert
2203 5522 2371 5579 Patri.
2397 5524 2668 5582 Hactenus
2700 5526 3141 5597 Chrysostuutus.
