4078 6274
230 401 235 406 .
287 341 434 405 .925

1178 355 1418 418 DECAS
1467 358 1568 419 IX-
1604 386 1673 396 --
1709 363 1808 421 DE
1846 363 2294 431 INFINITATE
2335 372 2417 432 IN
2451 370 2627 431 ΠΕΟ.

3471 365 3586 433 9‘26

321 465 462 522 "m5.
491 456 612 519 Fili.
646 467 701 514 el
726 458 962 529 Spirillls
989 473 1194 526 Sancle.
1227 467 1492 534 explicate
1522 484 1681 524 "nam
1710 481 1763 524 cl
1797 488 1896 524 non
1928 475 1974 532 Α
2003 485 2086 529 cla
2125 479 2393 536 'l‘rinitate
2423 498 2582 536 unam
2614 481 2946 535 divinitatem
2976 523 2989 543 ,
3020 489 3073 535 et
3109 496 3275 536 unum
3343 499 3592 550 regnum,

221 571 236 584 ι
321 559 560 601 creatam
606 563 872 606 naturam'
911 555 1257 624 incovamus;
1311 559 1444 612 nihil
1495 574 1898 618 commoventes

323 638 378 692 in
413 641 538 701 ﬁde.
570 659 689 710 qua:
740 655 886 698 tenet
933 648 1198 704 unita'em
1249 667 1374 709 esse
1418 653 1470 707 in
1509 654 1795 721 Triuitate,
1841 668 1898 711 et

319 729 636 800 Trinitatem
672 736 725 790 itt
758 739 985 806 unitate.

941 875 1168 932 CAPUT
1214 878 1278 932 ll.

318 984 558 1064 .Qnodin
587 986 829 1064 Deo,_qui
855 998 1116 1064 estsupra
1143 991 1523 1064 substantiam,
1555 1011 1652 1047 non
1683 1009 1755 1047 est
1786 997 1894 1050 alia

387 1055 636 1109 divinitas
677 1057 810 1120 eius.
849 1060 952 1111 nisi
1003 1058 1180 1122 Pater,
1227 1073 1272 1112 et
1317 1055 1523 1126 Filius:
1563 1075 1611 1116 et
1664 1064 1892 1124 Spiritus

388 1135 623 1186 sanctus,
655 1143 761 1178 una
802 1141 848 1180 et
891 1129 1000 1180 sola
1044 1146 1146 1181 non
1194 1144 1367 1183 creata
1401 1143 1630 1195 natura;
1664 1151 1756 1186 nec
1783 1137 1892 1188 alia

391 1206 648 1270 potestas.
681 1199 783 1249 sive
814 1199 1002 1256 νει-ωδε»
1048 1209 1101 1251 et
1127 1204 1366 1270 operatio
1399 1204 1452 1254 in
1491 1204 1637 1268 ipso,
1671 1205 1776 1257 nisi
1815 1206 1896 1260 Ιιω

391 1274 496 1317 tres
528 1265 719 1319 divina:
745 1282 1006 1330 persona).

393 1375 653 1431 Dominus
679 1378 730 1431 in
757 1380 1048 1446 Evangelia
1069 1382 1144 1436 ait
1170 1401 1183 1436 :
1210 1384 1406 1437 Δηιοάο
1427 1385 1667 1440 videbitis
1693 1387 1892 1442 Filium

315 1467 542 1521 hominis
567 1471 826 1523 sedentem
851 1488 882 1524 a
907 1472 1108 1527 dextris
1135 1476 1344 1530 virtutis
1377 1477 1491 1539 Dei.
1529 1490 1576 1531 et
1606 1482 1889 1535 venientem

315 1559 374 1612 in
421 1561 642 1614 nubibus
674 1563 790 1616 cali
823 1563 890 1618 ⁸⁸.
921 1564 982 1616 Et
1015 1582 1206 1622 rursus
1246 1585 1262 1622 :
1307 1569 1370 1623 Si
1403 1585 1576 1623 autem
1616 1573 1670 1624 in
1701 1574 1894 1627 uirtute

317 1648 411 1702 Dei
437 1651 591 1712 eiicio
621 1652 882 1709 dwmonia
908 1656 976 1710 ⁸⁸.
1016 1657 1079 1710 Et
1110 1660 1282 1713 adhuc
1316 1677 1328 1713 :
1371 1661 1469 1714 l'os
1501 1674 1672 1718 autem
1716 1666 1892 1720 sedete

289 1739 369 1792 -ἓιι
413 1744 622 1796 civitate
652 1745 970 1804 Jerusalem.
1002 1749 1162 1803 donec
1195 1753 1495 1807 induamini
1538 1757 1777 1808 virtutem
1825 1767 1895 1811 ex

2009 581 2065 620 et
2099 586 2264 623 unum
2301 573 2661 637 dominatum,
2697 575 3005 627 anathema.
3049 572 3336 628 Confessio
3382 587 3588 630 sanctm

2006 675 2060 718 et
2095 667 2445 719 eecumenicte
2494 676 2661 720 sextae
2690 666 2880 737 synodi
2917 682 2931 719 :
2974 667 3084 721 Nos
3113 682 3286 735 neque
3315 677 3426 721 tres
3459 667 3593 722 deos

2007 757 2240 819 scimus;
2261 773 2431 822 neque
2467 769 2606 811 totos
2641 761 2837 812 multos
2889 762 3037 819 deos,
3093 761 3176 813 vel
3228 769 3467 825 naturas,
3505 763 3585 813 vel

2007 849 2362 913 substantias,
2401 850 2482 903 vel
2510 849 2822 904 divinitates
2872 851 3140 916 novimus,
3183 863 3274 903 aut
3316 853 3593 916 cognosci-

2010 954 2161 1004 mus;
2197 947 2284 992 aut
2314 941 2405 1006 qui
2435 947 2847 1007 cognoscerent,
2880 942 3131 994 novimus
3164 957 3178 993 :
3217 939 3322 991 imo
3351 955 3471 991 eum
3497 938 3587 1006 qui

2009 1011 2190 1092 habet,
2219 1031 2302 1081 vel
2335 1031 2516 1093 sentit,
2542 1030 2622 1081 vel
2651 1031 2948 1097 cognoscit,
2969 1030 3439 1083 anathematismis
3465 1029 3592 1082 sub-

2001 1119 2244 1187 jicimus.
2271 1119 2563 1190 Gregorius
2585 1119 2862 1187 Nyssenus
2886 1120 2938 1172 itt
2968 1119 3106 1172 libro
3141 1120 3422 1186 inscripto,
3458 1119 3589 1184 ρυω

2002 1213 2072 1264 ait
2107 1209 2402 1263 Christiani
2435 1211 2692 1278 professio
2720 1228 2736 1264 :
2770 1210 2870 1275 Qui
2904 1210 3071 1270 enim,
3105 1208 3302 1274 inquit,
3337 1222 3430 1260 eos
3453 1222 3587 1261 con-

2004 1304 2228 1358 demutat
2266 1303 2356 1370 qui
2401 1304 2586 1356 dicunt
2642 1319 2803 1356 unam
2861 1302 3222 1363 divinitatem,
3279 1299 3589 1353 necessario

2006 1396 2084 1447 vel
2121 1395 2313 1446 multas
2343 1394 2566 1458 dicenti,
2593 1393 2670 1447 vel
2707 1393 2928 1457 nullam,
2954 1407 3058 1445 ηδε(
3077 1391 3283 1455 utitur;
3312 1403 3417 1443 non
3444 1388 3586 1442 enim

2005 1485 2298 1554 quidquam
2333 1484 2478 1537 aliu-I
2514 1492 2708 1552 praeter
2741 1485 2852 1536 ltrcc
2919 1483 3056 1537 dicta
3098 1481 3320 1550 cogitari
3374 1488 3588 1548 potest,

2007 1577 2133 1644 quin
2185 1576 2293 1630 into
2330 1590 2506 1644 neque
2552 1575 2798 1630 doctrina
2845 1574 3143 1643 Scriptura
3181 1573 3383 1626 multas
3414 1571 3585 1636 dicit,

2005 1681 2123 1730 qua:
2151 1665 2346 1718 alicubi
2375 1665 2620 1718 meminit
2650 1665 3000 1734 singulariter
3021 1664 3338 1724 divinitatis,
3374 1670 3430 1714 ttt
3463 1677 3606 1716 cutu-

2005 1756 2080 1809 ait
2119 1775 2131 1810 :
2170 1755 2231 1808 In
2269 1757 2378 1825 ipso
2410 1757 2610 1809 habitat
2643 1758 2814 1809 omnis
2842 1756 3112 1824 plenitudo
3145 1755 3439 1808 divinitatis
3473 1770 3589 1806 cor-

312 1832 423 1885 alto
446 1833 512 1887 ⁸³.
540 1831 603 1886 Et
627 1836 842 1889 divinus
873 1840 1194 1904 Apostolus:
1220 1840 1456 1896 Christus
1484 1844 1576 1898 Dei
1604 1848 1892 1915 sapientia,
1929 1854 1966 1905 Β
1997 1849 2254 1915 paraliter
2292 1848 2365 1901 δ’.
2401 1847 2455 1900 Si
2485 1848 2649 1915 igitur
2675 1848 2967 1900 extendere
3012 1860 3298 1897 numerum
3330 1843 3586 1896 divinita-

309 1931 362 1978 ει
401 1923 492 1978 Dei
523 1925 768 1980 virtus“.
789 1928 1083 1995 Gregorius
1106 1932 1378 2001 Nyssemts
1407 1953 1418 1984 :
1453 1936 1520 1987 "ll
1553 1936 1800 2005 δύναμις,
1843 1938 1894 1990 id

309 2025 420 2080 est,
448 2017 641 2080 virtus,
682 2023 798 2072 sive
832 2031 1095 2089 potestas,
1136 2041 1264 2080 cum
1311 2029 1374 2080 ad
1424 2028 1588 2082 Deum
1640 2030 1892 2092 refertur,

311 2107 666 2174 singulariter
698 2111 953 2180 t-ll'ertur;
989 2103 1108 2168 cum
1163 2132 1292 2168 vero
1340 2119 1403 2170 ad
1459 2130 1762 2180 creaturas,
1800 2139 1898 2174 nu-

310 2211 465 2250 mero
515 2200 891 2257 multitudinis.
946 2205 1240 2276 Gregorius
1291 2207 1600 2278 Theologus
1648 2226 1662 2261 :
1714 2213 1894 2266 Unum

313 2288 439 2353 tria,
473 2301 527 2343 et
556 2296 655 2345 tria
685 2311 848 2349 untttn
879 2339 892 2359 ,
929 2299 980 2351 itt
1011 2301 1208 2366 quibus
1242 2312 1324 2356 est
1357 2305 1642 2369 divinitas;
1684 2305 1764 2356 vel
1801 2321 1895 2371 po-

310 2379 422 2434 tius
451 2382 646 2449 dicam,
671 2403 788 2453 qua:
817 2401 944 2444 sunt
977 2393 1249 2448 divinitas.
1275 2395 1336 2448 Et
1377 2411 1564 2451 rursus
1593 2399 1731 2451 idem
1762 2417 1776 2451 :
1805 2400 1894 2453 Dei

311 2477 446 2524 vero
479 2487 602 2525 cum
651 2477 792 2541 dico,
846 2481 969 2535 dico
1027 2484 1220 2546 Patris,
1267 2498 1316 2538 cl
1373 2488 1516 2554 Filii,
1563 2500 1619 2542 et
1662 2491 1898 2559 Spiritus

308 2565 506 2632 sancti;
549 2584 724 2638 neque
750 2571 1035 2629 divinitate
1065 2578 1202 2630 ultra
1241 2579 1354 2632 haec
1390 2580 1526 2644 fusa,
1553 2597 1620 2634 ne
1643 2585 1896 2651 populum

311 2659 538 2715 deorum
578 2661 1005 2727 introducamus,
1040 2684 1140 2722 nec
1166 2670 1448 2727 divinitate
1475 2673 1613 2726 intra
1646 2675 1758 2727 haec
1789 2685 1901 2727 ter-

312 2750 540 2816 minata,
581 2769 648 2809 ne
683 2757 748 2811 de
798 2761 1048 2827 angustia
1101 2760 1405 2814 divinitatis
1459 2763 1797 2817 damnemur.
1834 2765 1898 2820 Et

311 2838 512 2898 iterum
546 2860 560 2896 :
599 2843 766 2901 Unius
798 2849 1117 2915 divinitatis,
1158 2866 1192 2904 ο
1243 2852 1364 2906 boni
1391 2893 1407 2917 ,
1452 2852 1771 2907 Trinitatem
1807 2857 1901 2910 ho-

311 2943 528 3008 norate.
575 2937 645 2990 Et
689 2953 876 2992 rursus
912 2958 924 2993 :
957 2941 1103 2994 Satis
1139 2953 1240 3006 est,
1298 2953 1522 2998 eote-nus
1571 2946 1898 3012 Cognoscere

311 3025 582 3081 unitatem
621 3030 670 3082 itt
715 3032 1002 3095 'l‘rittitate,
1033 3014 1092 3086 ct
1125 3033 1448 3088 Trinitatem
1483 3036 1532 3088 itt
1564 3036 1770 3091 unitate
1798 3037 1899 3090 mi-

310 3117 538 3172 rabilem
573 3121 627 3172 itt
676 3137 840 3173 unum
917 3122 1316 3190 copulationem
1385 3133 1440 3177 et
1492 3123 1894 3177 distinctionem

310 3209 624 3268 habrotoni.
657 3209 717 3263 Et
751 3214 926 3266 adhuc
950 3215 1086 3267 idem
1120 3231 1134 3267 :
1170 3214 1334 3268 Nobis
1363 3226 1539 3269 autem
1570 3231 1708 3267 ttntts
1732 3215 1889 3279 Deus,

309 3300 441 3367 quia
473 3309 542 3353 etv
563 3317 666 3355 una
705 3303 978 3358 divinitas.
1017 3305 1081 3358 Et
1117 3321 1346 3373 magnus
1377 3307 1706 3360 Athanasius
1739 3323 1756 3363 :
1788 3306 1895 3360 Ter

309 3398 536 3452 sanctus
567 3403 784 3457 propter
815 3402 925 3446 tres
949 3409 1233 3461 personas,
1267 3395 1433 3449 semel
1475 3396 1730 3448 Dominus
1759 3410 1886 3463 pro-

307 3496 433 3550 pter
471 3501 631 3544 uuam
665 3485 1008 3544 divinitatem
1037 3527 1052 3552 .
1108 3489 1242 3543 satis
1277 3489 1391 3542 haec
1437 3502 1560 3544 sunt
1596 3489 1842 3541 fidelibus
1875 3505 1888 3540 :

307 3581 590 3642 hucusque
617 3577 855 3644 cognitio
891 3577 940 3628 itt
979 3576 1286 3631 hominibus
1313 3579 1579 3646 procedit,
1610 3579 1891 3643 hucusque

303 3667 601 3726 Cherubini
648 3668 746 3720 alis
793 3683 851 3735 se.
907 3668 1126 3730 velant;
1173 3668 1262 3734 qui
1316 3677 1495 3719 autem
1542 3670 1771 3739 amplius
1808 3673 1890 3725 his

305 3760 538 3820 scrutari
579 3760 722 3820 vult,
760 3759 903 3813 audit
949 3761 1214 3814 dicentem
1249 3777 1262 3813 τ
1300 3758 1380 3812 Ne
1415 3760 1486 3813 tis
1525 3762 1748 3814 nimium
1798 3779 1888 3815 sa-

304 3857 478 3922 piens,
513 3868 575 3906 ne
619 3838 940 3919 obstupeﬁas
973 3849 1044 3905 ⁸⁵.
1096 3852 1160 3904 Ει
1208 3867 1434 3920 magnus
1473 3851 1701 3905 Basilius
1743 3871 1756 3907 :
1791 3853 1890 3905 Ba-

305 3934 503 4016 ptisma
544 3956 784 3998 nostrum
817 3954 916 4007 est,
941 3945 1234 3997 secundum
1269 3943 1620 3998 traditionem
1652 3945 1885 4008 Domini,

304 4042 362 4104 in
416 4040 635 4092 nomine
677 4037 889 4101 Patris,
947 4049 1001 4092 et
1049 4037 1192 4097 F-ilii.
1239 4050 1288 4092 et
1336 4039 1568 4105 Spiritus
1613 4043 1786 4096 sancti
1817 4042 1884 4104 ⁸⁸,

305 4132 455 4184 nulla
490 4141 759 4193 creatura,
798 4146 972 4200 neque
1017 4147 1171 4213 servo
1201 4134 1268 4186 ad
1315 4133 1557 4187 ordinem
1607 4135 1779 4188 Patris
1833 4147 1889 4189 et

306 4223 432 4279 Filii
469 4223 747 4292 adjuncto,
781 4234 966 4293 utpote
996 4225 1280 4279 divinitate
1311 4225 1364 4278 iit
1396 4225 1568 4281 tribus
1596 4229 1882 4296 completa;

305 4315 452 4382 quod
480 4323 629 4370 extra
663 4315 775 4368 lucc
806 4323 910 4379 est,
944 4315 996 4368 id
1026 4330 1185 4369 omne
1208 4331 1524 4372 censervum
1565 4328 1668 4384 est,
1691 4315 1886 4388 quam-

302 4409 392 4478 vis
424 4407 790 4479 magnitudine
831 4408 1152 4476 dignitatum
1202 4408 1303 4461 alia
1341 4409 1462 4464 aliis
1490 4421 1784 4479 praestent,
1833 4421 1889 4464 et

1999 1949 2112 1993 tum
2148 1941 2198 1990 in
2235 1940 2656 1998 multitmlinem,
2697 1953 2888 1991 eorum
2927 1945 3134 2006 tantum
3169 1943 3250 1988 est
3281 1935 3372 2003 qui
3403 1948 3467 1986 es
3501 1944 3588 1987 er“

2001 2045 2122 2082 rore
2159 2029 2360 2080 multos
2389 2030 2516 2081 deos
2543 2027 2778 2092 portendi
2807 2027 3089 2096 aegrotant,
3117 2039 3311 2092 negare
3333 2033 3510 2093 auwm
3531 2024 3583 2075 itt

2000 2121 2313 2174 universmn
2352 2119 2713 2182 divinitatem,
2745 2133 2930 2171 eorum
2967 2118 3126 2171 fuerit
3153 2119 3240 2184 qui
3277 2117 3444 2192 Deum
3483 2116 3580 2167 Iol-

1998 2206 2134 2273 lunt,
2167 2225 2286 2276 qua:
2321 2211 2458 2261 ratio
2485 2219 2567 2261 est
2601 2207 2894 2260 accusandi
2931 2220 3032 2259 nos
3067 2206 3154 2272 qui
3195 2220 3358 2258 unam
3391 2204 3579 2256 divinis

2003 2308 2162 2353 tatem
2198 2299 2562 2351 confitemur?
2588 2299 2652 2352 Et
2677 2297 2740 2351 S.
2772 2296 3113 2365 Sophronias
3148 2297 3589 2366 llicrosolymita-

2001 2405 2102 2442 nus
2135 2407 2149 2441 :
2178 2389 2348 2452 Sicut,
2377 2389 2571 2456 inquit.
2604 2389 2922 2453 didicimus,
2949 2403 3112 2442 unum
3141 2387 3306 2440 Deum
3341 2401 3484 2449 esse,
3509 2385 3587 2439 sic

2001 2498 2164 2534 unam
2195 2483 2528 2535 divinitatem
2556 2481 2923 2534 conﬁtendam
2966 2495 3089 2534 esse
3133 2479 3462 2546 accepimus.
3517 2477 3585 2531 Et

1939 2569 1944 2576 ’
2001 2572 2296 2640 Gregorius
2325 2573 2658 2640 Tlteologus,
2699 2573 2752 2624 itt
2790 2573 3036 2626 oratione
3068 2571 3134 2625 de
3184 2568 3586 2625 constituendis

2001 2665 2268 2731 episcopis
2301 2679 2316 2714 :
2349 2661 2405 2715 Si
2437 2664 2696 2730 consequi
2746 2676 2984 2730 possem,
3033 2672 3095 2716 ut
3145 2662 3237 2716 hic
3287 2658 3581 2728 perfectam

2003 2757 2380 2808 universorum
2429 2755 2715 2808 scientiam
2761 2757 3015 2808 haberem
3044 2793 3060 2815 ,
3105 2753 3234 2819 quid
3285 2751 3418 2804 mihi
3463 2750 3588 2804 reli'

2001 2862 2166 2914 quum
2216 2845 2401 2900 esset?
2450 2845 2578 2913 quid
2656 2845 2970 2912 sperarem?
3019 2841 3261 2913 Regnum
3323 2841 3584 2896 caelorum

2004 2941 2184 3009 plane,
2221 2941 2464 2994 dicturus
2492 2955 2574 2994 es.
2628 2939 2878 2992 Atbitror
2911 2947 3090 2993 autem
3121 2938 3257 2992 nihil
3283 2936 3426 2990 aliud
3460 2950 3584 2991 esse

2002 3035 2125 3097 hoc,
2153 3047 2317 3101 quam
2347 3031 2569 3098 adipisci
2606 3031 2746 3095 quod
2783 3031 3134 3098 purissimtnn
3165 3038 3220 3084 et
3248 3030 3581 3097 perfectissi-

1943 3174 1967 3194 η
2003 3139 2150 3176 mum
2177 3130 2281 3184 est,
2326 3121 2621 3189 perfectius
2649 3121 2924 3174 autem'ex
2975 3120 3233 3173 omnibus
3278 3133 3398 3188 qua!
3432 3127 3582 3180 sunt,

2003 3215 2239 3281 cognitio
2267 3213 2356 3268 Dei
2383 3221 2486 3278 est,
2529 3213 2620 3267 sed
2647 3213 2788 3266 hanc
2809 3213 3027 3280 quidem
3055 3213 3246 3279 partim
3271 3223 3584 3277 teneamus,
3616 3276 3623 3280 _

2001 3308 2198 3378 partim
2235 3321 2364 3360 vero
2398 3319 2712 3374 pergamus,
2743 3312 2804 3358 ut
2832 3304 3376 3371 comprehendamus,
3410 3319 3585 3371 quan-

2001 3402 2092 3454 diu
2125 3415 2288 3468 super
2328 3407 2528 3450 terram
2561 3411 2784 3458 sumus;
2816 3395 3012 3467 partim
3041 3394 3091 3446 itt
3123 3393 3358 3447 futurum
3391 3408 3573 3448 reser-

1998 3500 2292 3554 vcnttts,ut
2329 3491 2480 3545 illinc
2533 3489 2675 3541 hunc
2723 3487 2954 3541 fructum
3003 3486 3208 3540 laboris
3259 3485 3580 3548 habeamus,

1999 3584 2340 3651 splendorem
2375 3581 2582 3634 scilicet
2613 3581 2780 3634 totius
2803 3587 3004 3632 sanctae
3024 3577 3324 3639 Trinitatis,
3354 3577 3584 3645 quicun-

1999 3691 2102 3745 que
2132 3685 2234 3740 est,
2263 3682 2316 3727 et
2343 3673 2633 3748 qualis,_ac
2661 3681 2919 3741 quantus,
2947 3671 2988 3724 si
3028 3669 3108 3723 tas
3135 3678 3218 3723 est
3246 3670 3443 3722 dicere.
3469 3668 3579 3721 Ad-

1999 3768 2106 3822 huc
2148 3769 2287 3821 idem
2338 3769 2389 3820 in
2433 3767 2621 3820 eadem
2655 3765 2908 3817 oratione
2937 3778 2953 3816 :
2988 3761 3135 3815 Satis
3167 3759 3338 3814 ltaiteo
3367 3759 3575 3823 audire,

1997 3862 2137 3931 quod
2173 3859 2360 3924 Pilius,
2399 3869 2452 3915 et
2485 3859 2626 3929 quod
2653 3872 2717 3912 ex
2757 3858 2938 3919 Patre,
2980 3865 3035 3908 et
3064 3853 3207 3924 quod
3241 3853 3329 3906 hic
3355 3851 3576 3921 quidem

1996 3963 2079 4007 est
2113 3952 2294 4018 Pater,
2326 3955 2413 4007 hic
2448 3968 2576 4006 vero
2620 3950 2808 4012 Filius,
2841 3958 2895 4003 et
2940 3947 3071 4001 nihil
3121 3955 3315 4014 praeter
3349 3947 3450 3999 hoc
3479 3959 3576 3999 cu-

1997 4045 2141 4099 riose
2173 4043 2426 4111 inquiro;
2474 4056 2545 4094 ne
2578 4041 2707 4093 mihi
2739 4037 2958 4092 eveniat
2997 4034 3140 4106 quod
3176 4032 3423 4095 vocibus,
3455 4043 3577 4099 qua).

1997 4137 2224 4188 ttimittm
2265 4133 2444 4196 elaue,
2493 4147 2713 4201 prorsus
2745 4129 3038 4190 decidunt;
3073 4134 3168 4179 aut
3212 4121 3456 4192 aspectui
3495 4121 3576 4174 in-

1994 4236 2145 4283 teuto
2179 4229 2231 4279 itt
2269 4227 2477 4280 radium
2503 4225 2665 4290 solis;
2695 4239 2801 4291 quo
2831 4223 2972 4275 enim
3000 4221 3140 4290 plus,
3167 4227 3222 4273 et
3253 4216 3466 4270 acutius
3491 4215 3573 4267 vi-

1993 4323 2122 4374 dere
2151 4322 2274 4389 quis
2305 4319 2475 4388 cupit,
2511 4332 2577 4371 eo
2623 4317 2795 4386 magis
2843 4329 3042 4370 sensus
3077 4320 3200 4381 ejus
3231 4310 3462 4364 la-ditur.
3499 4306 3574 4358 Ex

1993 4411 2078 4464 his
2110 4409 2318 4479 patefit,
2353 4409 2497 4478 quod
2529 4407 2580 4459 itt
2613 4407 2742 4469 Deo,
2768 4405 2856 4474 qui
2888 4420 3052 4472 supra
3086 4400 3444 4457 substantiam
3467 4406 3575 4462 est,

301 4497 652 4552 antecellunt.
703 4498 767 4550 Et
811 4513 1003 4558 rursus
1049 4499 1188 4550 idem
1225 4517 1236 4551 :
1270 4500 1472 4554 Catena
1522 4501 1766 4570 quaedam
1796 4511 1881 4557 est
1915 4490 1960 4545 ί)
1990 4518 2094 4556 non
2128 4507 2211 4555 est
2243 4499 2349 4553 alia
2381 4499 2639 4553 divinitas
2677 4498 2793 4567 eius
2819 4537 2835 4562 ,
2875 4497 2976 4552 nisi
3035 4495 3230 4559 Pater,.
3274 4493 3468 4556 Filius,
3519 4501 3574 4546 et

301 4597 492 4642 sancta
523 4597 575 4643 et
609 4587 908 4656 veneranda
946 4588 1202 4653 Trinitas,
1235 4605 1394 4642 unam
1430 4601 1485 4644 et
1513 4592 1762 4646 eamdem
1795 4594 1876 4648 di-

301 4677 588 4729 vinitatem
625 4677 678 4728 itt
709 4691 811 4730 una
846 4686 900 4730 et
937 4687 1194 4747 perpetua
1227 4678 1398 4747 gloria
1433 4679 1628 4747 ultique
1653 4681 1887 4736 circum-

261 4787 268 4790 -
302 4769 508 4844 ferens.
551 4767 736 4821 Adhuc
768 4769 909 4823 idem
947 4790 958 4824 :
994 4771 1143 4842 Dicta
1181 4781 1306 4826 sunt
1338 4775 1472 4839 hzcc,
1513 4783 1568 4826 et
1597 4775 1732 4828 bene
1758 4776 1884 4839 erit,

305 4869 367 4908 ut
399 4869 478 4909 est
513 4858 580 4926 iis
610 4859 698 4927 qui
733 4859 852 4915 sine
882 4860 1199 4916 curiositate
1230 4865 1456 4917 credunt
1482 4866 1534 4917 in
1568 4864 1733 4918 Deum
1763 4866 1892 4920 Ver-

301 4950 434 5002 bum
465 4958 515 5001 ct
554 4945 836 5018 Spiritum,
863 4965 1024 5004 unam
1053 4952 1414 5006 substantiam
1445 4965 1495 5005 et
1529 4954 1888 5010 divinitatem:

303 5057 430 5110 qua:
461 5053 513 5092 et
548 5042 656 5095 Sola
698 5054 779 5095 est
813 5049 1117 5100 veneranda
1141 5063 1154 5111 ;
1179 5056 1234 5099 et
1273 5047 1418 5100 nullo
1451 5049 1609 5101 modo
1640 5049 1894 5115 subrepat

309 5134 625 5189 multitudo.
663 5133 728 5188 Et
771 5137 1138 5205 disputatione
1177 5119 1364 5192 contra
1418 5139 1740 5213 Pila-donem
1773 5142 1893 5210 phi-

306 5225 616 5292 losophum,
649 5242 769 5296 qum
807 5241 884 5280 εει
920 5230 968 5280 in
1003 5230 1172 5295 prima
1205 5235 1410 5298 synodo
1444 5250 1456 5284 :
1489 5230 1668 5297 Fides,
1695 5233 1893 5301 inquit,

307 5317 582 5369 t'ulltolica
635 5321 794 5372 unam
843 5323 1014 5374 solam
1056 5321 1395 5381 divinitatem
1448 5325 1618 5382 novit.
1654 5337 1708 5376 et
1755 5328 1895 5379 hanc

309 5409 466 5476 colit,
505 5407 705 5471 Patris,
734 5411 876 5471 Filii,
920 5423 968 5463 et
1021 5412 1260 5481 Spiritus
1294 5417 1488 5479 sancti,
1524 5426 1718 5485 praeter
1751 5416 1891 5471 hanc

307 5517 418 5567 non
463 5501 802 5569 reputabitur
836 5487 1028 5558 altera.
1086 5504 1264 5558 Editio
1301 5519 1502 5561 sancta:
1531 5494 1609 5563 ct
1655 5525 1891 5564 (crume-

305 5593 452 5648 πίσω
477 5592 650 5646 tertiae
681 5595 874 5664 synodi
907 5614 920 5650 :
983 5596 1037 5650 Si
1066 5597 1185 5665 quis
1225 5614 1327 5663 non
1359 5599 1648 5656 confitetur
1680 5601 1733 5656 in
1769 5617 1890 5656 san-

381 5711 424 5741 “
456 5710 642 5786 Matth.
674 5729 818 5770 χχι-ι.
850 5717 937 5770 lii.
1016 5718 1060 5750 δ’
1098 5718 1282 5774 Matth.
1320 5720 1540 5786 xtt,'28.

311 5796 508 5863 “aut,
563 5782 646 5861 l9.
725 5786 766 5815 ³⁷
803 5786 1006 5860 Coloss.
1065 5794 1207 5854 ",9.

1621 5723 1664 5755 ⁸³
1699 5722 1829 5780 Luc.
1871 5739 2017 5789 utr,
2046 5723 2133 5778 «l9.

1993 4594 2228 4664 Spiritus
2261 4603 2506 4657 sanctus,
2546 4591 2656 4646 imo
2702 4592 2816 4660 ipsa
2852 4592 2955 4644 tria
3007 4597 3136 4642 sunt
3171 4587 3466 4651 divinitas;
3519 4593 3576 4640 et

1995 4703 2096 4741 nec
2131 4687 2271 4742 ultra
2313 4688 2437 4750 iSIa,
2476 4685 2619 4744 haec:
2658 4700 2757 4738 nec
2786 4683 2871 4736 his
2901 4683 3076 4736 tribus
3117 4680 3319 4736 aliquid
3357 4680 3569 4742 deficit,

1995 4780 2195 4850 quippe
2239 4795 2360 4834 cum
2415 4778 2669 4832 divinitas
2705 4778 2757 4831 iu
2816 4780 2902 4831 Itis
2955 4777 3127 4831 tribus
3173 4779 3439 4844 completa
3476 4777 3570 4838 sit,

1998 4871 2140 4937 quod
2172 4879 2350 4923 autem
2395 4877 2547 4932 extra
2591 4871 2704 4922 haec
2739 4879 2842 4928 est,
2878 4885 3053 4937 neque
3077 4871 3238 4924 Pater
3267 4879 3370 4933 est,
3402 4884 3578 4936 neque

1999 4960 2189 5022 Filius,
2227 4975 2403 5028 neque
2437 4957 2672 5027 Spiritus
2702 4968 2924 5015 sanctus
2945 5000 2960 5022 ,
2989 4963 3082 5015 sed
3115 4977 3438 5017 conservum
3483 4977 3582 5014 no-

2003 5053 2208 5106 ltiscum
2241 5059 2325 5105 est
2356 5051 2833 5105 uuiversum.Tota
2861 5052 3007 5105 enim
3044 5064 3232 5106 natura
3265 5069 3366 5106 non
3393 5062 3576 5108 creata

2003 5148 2056 5198 in
2100 5146 2182 5198 his
2212 5145 2390 5199 tribus
2427 5144 2689 5208 cernitur,
2719 5153 2775 5198 et
2803 5145 3067 5212 completa
3099 5155 3203 5210 est,
3231 5155 3282 5200 et
3313 5149 3451 5200 sicut
3473 5163 3575 5200 uua

2007 5247 2091 5290 est
2125 5252 2228 5290 non
2265 5243 2446 5290 creata
2487 5247 2678 5288 ttatura
2707 5235 3013 5294 Trinitatis.
3041 5238 3125 5291 sic
3151 5237 3312 5290 etiam
3351 5251 3455 5288 una
3493 5244 3579 5289 est

2008 5329 2180 5396 ipsius
2229 5328 2506 5391 divinitas,
2545 5338 2598 5381 et
2629 5336 2903 5396 potestas,
2947 5336 3001 5381 et
3046 5327 3310 5396 operatio,
3342 5336 3396 5379 et
3437 5327 3577 5379 sicut

2000 5437 2102 5474 nott
2139 5430 2222 5475 est
2251 5420 2353 5472 alia
2383 5405 2565 5472 divina
2595 5429 2784 5471 natura
2816 5430 3011 5486 pra‘ter
3035 5419 3356 5472 Trinitatem
3385 5433 3578 5486 supra-
3606 5455 3632 5474 .

1996 5527 2158 5581 quam
2199 5511 2431 5566 divinam
2462 5548 2477 5572 ,
2511 5509 2590 5565 sic
2621 5524 2726 5563 non
2756 5520 2840 5563 est
2870 5511 2972 5562 alia
3006 5519 3200 5578 praeter
3230 5509 3399 5576 ipsam
3430 5508 3573 5570 divi-

1998 5607 2161 5668 nitas,
2200 5606 2280 5660 vel
2335 5609 2598 5668 potestas,
2648 5600 2759 5655 sive
2799 5600 2990 5664 virtus,
3024 5608 3080 5653 et
3131 5600 3374 5669 operatio
3411 5617 3424 5652 :
3474 5601 3570 5656 scd

2213 5720 2259 5751 ⁸³
2293 5718 2306 5772 l
2336 5719 2461 5773 Cor.
2493 5735 2532 5786 t,
2555 5719 2644 5774 2i.
2725 5719 2770 5750 ⁸⁵
2803 5717 2979 5774 Ecclc.
3014 5735 3106 5797 νυ,
3131 5719 3213 5774 l7.
3293 5723 3338 5754 ⁸⁸
3368 5720 3556 5778 Matth-
