4078 6274
604 361 638 420 il
652 358 714 417 3‘7

1760 366 2088 424 JO.\NNI‘S
2127 366 2701 428 CYPABISSIOTIE
3748 372 3832 434 9'28

608 471 751 533 quod
779 479 859 522 cst
902 483 1113 534 natura,
1151 473 1252 526 hoc
1283 472 1553 537 Trinitas;
1583 477 1724 542 quod
1763 476 2042 540 divinitas,
2076 478 2176 531 hoc
2208 483 2249 537 Α
2281 481 2628 549 prehensum,
2660 488 2714 534 et
2741 479 2935 546 majus,
2973 494 3135 547 quam
3169 490 3227 534 nt
3249 481 3477 547 cogitari
3522 493 3699 550 queat,
3724 500 3833 550 quo-

609 568 870 623 poti-stas,
901 571 955 613 ct
985 565 1223 628 operatio
1249 581 1264 628 ;
1307 579 1473 631 quare
1513 564 1654 630 quod
1687 573 1927 632 potestas
1960 575 2015 619 et
2047 581 2180 633 ope-

612 650 774 713 ratio,
821 652 921 704 hoc
963 661 1151 707 natura
1194 668 1355 719 supra
1399 655 1795 708 substantiam:
1831 663 1887 709 et
1917 656 2043 724 quia
2086 672 2181 711 na-

613 750 756 804 tura,
803 751 857 795 et
901 743 1225 807 Stibstantia,
1258 755 1312 798 et
1347 756 1608 813 potestas.
1640 757 1695 800 et
1724 749 1970 815 operatio
1999 749 2134 802 idem
2165 787 2181 810 ,

615 827 816 880 idcirco
855 844 993 882 unus
1031 833 1188 884 nobis
1243 830 1382 887 Deus
1422 835 1534 900 ipsa
1571 837 1750 889 unitas
1785 836 1957 890 trium.
1998 852 2186 905 perso-e

613 932 829 973 narum.
858 920 1027 973 Simul
1061 934 1237 976 tamen
1273 932 1327 978 ct
1361 926 1462 978 hoc
1492 927 1694 993 patefit,
1730 944 1942 982 omnem
1978 928 2186 984 theolo-

614 1007 758 1073 giam
796 1009 846 1059 in
901 1010 1077 1066 tribus
1122 1012 1321 1067 divinis
1370 1018 1617 1083 personis
1655 1018 1960 1072 conclusam
2010 1022 2183 1073 esse:

613 1098 706 1164 qui
761 1110 935 1153 autem
972 1102 1123 1169 plura
1156 1105 1241 1159 bis
1287 1108 1498 1161 curiose
1549 1102 1808 1179 indagare
1860 1111 1992 1166 vnit.
2028 1112 2184 1166 ahea

612 1205 731 1258 qme
765 1206 888 1246 vere
919 1195 1115 1250 veritas
1141 1208 1243 1261 est,
1279 1201 1498 1256 excidit.

1225 1335 1450 1391 CAPUT
1500 1341 1589 1395 Ill.

618 1442 850 1516 Quod‘in
886 1444 991 1498 Deo
1022 1449 1111 1516 qui
1138 1458 1212 1501 est
1249 1467 1406 1512 supra
1434 1454 1805 1516 substantiam,
1845 1474 1944 1511 non
1974 1470 2048 1512 est
2076 1460 2187 1513 a'ia

686 1513 887 1593 unitos,
919 1524 972 1593 et
1003 1513 1110 1570 alia
1155 1518 1390 1593 Trinitas
1421 1538 1438 1593 ς
1470 1541 1559 1576 nec
1609 1537 1683 1578 est
1716 1528 1767 1579 iu
1794 1513 2035 1593 superna
2070 1529 2188 1583 Τνίφ

688 1582 1167 1658 nitate-quidquam
1201 1591 1460 1655 iurequnle
1485 1632 1499 1655 ,
1534 1604 1582 1646 et
1621 1594 1792 1657 m'oius
1817 1637 1831 1658 ,
1870 1582 1930 1649 ac
1963 1582 2188 1655 minus:

685 1667 776 1705 nec
804 1653 952 1734 utiuti
996 1659 1122 1723 quid
1157 1660 1210 1711 in
1258 1653 1587 1729 caprinum,
1617 1653 1904 1719 secundum
1950 1686 2007 1722 se
2054 1653 2180 1724 sub;

687 1732 896 1776 stantia:
922 1740 1124 1793 expers,
1157 1736 1204 1782 et
1239 1746 1340 1784 non
1380 1748 1471 1799 per
1497 1750 1550 1786 se
1575 1736 1848 1790 exsistens.

688 1835 915 1905 Magnus
936 1839 1291 1907 Athanasius,
1324 1845 1378 1899 in
1413 1849 1750 1915 expositione
1786 1851 1907 1907 lidei
1937 1852 1989 1906 in
2016 1853 2187 1921 prima

619 1927 825 1993 synodo
860 1927 937 1982 ait
972 1947 984 1983 :
1018 1929 1294 1999 Principio
1326 1935 1440 1989 haec
1467 1947 1552 1990 est
1586 1938 1720 1993 iides
1746 1941 2055 1997 orthodoxa
2080 1982 2094 2006 ,
2132 1952 2191 1997 ut

621 2033 784 2071 unum
825 2021 993 2076 Deum
1028 2024 1081 2076 in
1113 2024 1402 2092 Trinitate,
1430 2036 1485 2082 et
1510 2027 1834 2084 Trinitatem
1883 2032 1935 2085 in
1988 2034 2192 2091 unitate

622 2126 976 2195 veneremur;
1031 2131 1208 2185 neque
1250 2120 1646 2177 confundentes
1683 2139 1972 2192 personas,
2019 2142 2193 2196 neque

621 2203 983 2259 substantiam
1026 2220 1370 2276 scparantes.
1407 2212 1465 2263 Et
1500 2213 1661 2280 paulo
1699 2223 1819 2282 post
1853 2233 1868 2271 :
1911 2216 2193 2272 lncre‘atus

624 2295 807 2356 Pater,
846 2296 1118 2352 increatns
1147 2298 1337 2364 Filius,
1374 2302 1646 2357 increatus
1681 2304 1918 2374 Spiritus
1945 2318 2189 2374 sanctus;

623 2395 677 2437 et
710 2401 812 2439 non
847 2396 954 2440 tres
995 2388 1245 2450 inereati.
1274 2392 1368 2446 sed
1410 2408 1554 2447 unus
1586 2395 1860 2450 increatds
1900 2412 1913 2448 :
1942 2400 2193 2466 omnipo-

628 2485 745 2531 tens
776 2477 957 2542 Pater,
988 2482 1331 2549 omnipotens
1364 2482 1553 2551 Filius,
1580 2487 1923 2554 omnipotens
1959 2487 2194 2555 Spiritus

620 2581 876 2634 sanctus;
909 2580 962 2625 et
996 2588 1101 2627 non
1144 2583 1252 2629 tres
1283 2577 1700 2645 omnipotentes.
1732 2579 1991 2635 Ailtcrnus
2011 2581 2193 2650 Pater,

624 2667 858 2713 :eternns
890 2659 1057 2715 Filius
1080 2703 1095 2725 ,
1141 2673 1376 2719 aeternus
1410 2667 1671 2735 Spiritus
1695 2678 1955 2734 sanctus;
2002 2681 2056 2724 et
2088 2687 2193 2726 non

2284 572 2444 623 modo
2486 572 2572 624 hic
2602 572 2746 642 quod
2779 572 3010 626 excellat
3032 611 3047 635 ,
3091 573 3168 626 vel
3196 573 3541 643 intelligitur,
3572 576 3655 629 vel
3687 579 3834 629 trade-

2286 661 2407 726 turj;
2441 662 2710 728 quomodo
2738 678 2866 716 vero
2894 664 3035 732 quod
3070 663 3344 718 inﬁnitum
3373 674 3483 726 est,
3516 664 3694 718 metiri
3736 681 3834 735 pos-

2285 761 2473 800 sumus
2511 766 2524 801 :
2560 760 2616 801 ut
2645 752 2788 817 quod
2822 762 3121 807 esteorum
3167 768 3286 822 quae
3322 754 3708 820 terminantur,
3735 769 3836 809 eve-

2286 843 2401 896 niat
2446 845 2734 914 divinitati,
2762 863 2922 916 quam
2948 850 3207 917 gradibus
3248 851 3629 917 superioribus
3686 860 3734 905 et
3772 852 3837 905 in-

2286 934 2576 991 ferioribus
2617 939 2944 993 metiamur?
3004 942 3067 995 Et
3118 958 3308 997 rursus
3347 942 3494 996 idem
3547 959 3562 995 :
3612 943 3723 997 Non
3771 955 3837 997 est

2281 1029 2525 1086 Trinitas
2573 1030 2950 1085 adnumeratio
3002 1034 3386 1102 inaequalium,
3455 1033 3659 1102 alioqui
3730 1035 3837 1103 quid

2286 1122 2539 1191 prohibet
2569 1123 2697 1189 quin
2727 1124 2799 1176 sit
2832 1124 2945 1176 haec
2973 1124 3155 1186 decas,
3193 1135 3250 1176 et
3281 1125 3634 1182 becatontas.
3668 1133 3718 1177 et
3749 1140 3840 1193 my-

2287 1211 2436 1265 rias?
2467 1212 2531 1263 Et
2566 1227 2757 1267 rursus
2789 1230 2802 1266 :
2838 1212 3011 1267 Unam
3043 1214 3400 1292 divinitatem,
3425 1222 3483 1268 et
3513 1223 3836 1283 potestatem,

2287 1316 2407 1369 qua:
2455 1302 2508 1354 in
2561 1302 2739 1356 tribus
2788 1304 3078 1368 reperitur,
3113 1304 3291 1357 ettria
3340 1302 3725 1367 complectitur
3752 1306 3839 1357 dis-

2286 1401 2453 1457 crete,
2515 1408 2689 1462 neque
2716 1393 2973 1449 'diﬂerens
3002 1395 3346 1459 substantiis,
3368 1395 3487 1448 sive
3515 1394 3741 1458 naturis,
3763 1408 3840 1448 nec

2287 1493 2448 1537 aucta
2507 1485 2949 1551 exsuperantiis,
3016 1494 3070 1539 et
3126 1486 3574 1547 remissionibus.
3633 1486 3839 1554 undique

2287 1575 2535 1643 aequalis,
2568 1576 3049 1643 undiqueaeadem.
3081 1574 3144 1628 Et
3176 1577 3371 1630 iterum
3417 1576 3562 1630 idem
3613 1576 3664 1629 in
3695 1577 3839 1643 prima

2289 1666 2537 1721 oratione
2567 1667 2634 1721 de
2664 1682 2797 1733 pace
2825 1684 2838 1720 :
2877 1667 3094 1732 Uuitas,
3128 1667 3323 1737 inquit,
3356 1684 3484 1737 quae
3521 1670 3575 1721 in
3606 1667 3841 1722 Trinitatc

2293 1759 2509 1821 colitur,
2540 1767 2595 1814 et
2625 1758 2869 1814 Trinitas
2889 1766 3015 1828 “qusi
3051 1761 3103 1815 in
3131 1760 3390 1816 unitatem
3412 1762 3700 1831 redigitur,
3727 1760 3861 1828 ejus--

2291 1846 2412 1900 dem
2451 1847 2653 1910 throni,
2695 1848 2935 1916 ejusdem
2965 1850 3170 1919 gloriae,
3199 1866 3302 1904 non
3332 1860 3546 1913 creata,
3578 1854 3842 1919 inaspecta-

2293 1939 2441 2006 bilis,
2480 1955 2591 1995 non
2626 1941 2829 1995 cadens
2854 1942 2956 1996 sub
2985 1950 3209 2006 tactum,
3244 1943 3721 2012 incomprehensa,
3747 1959 3843 2013 qua:

2291 2031 2404 2086 sola
2439 2032 2716 2102 cognoscit
2738 2048 2898 2101 quem
2928 2033 3070 2100 apud
3111 2047 3171 2086 se
3197 2034 3445 2088 ordinem
3484 2033 3714 2098 habeat,
3742 2048 3840 2100 qtue

2292 2138 2511 2178 munem
2535 2133 2845 2179 creaturam
2873 2134 3027 2179 extra
3056 2125 3189 2181 siuit
3211 2127 3411 2193 partim
3444 2120 3643 2194 primo,
3670 2127 3839 2192 partim

2292 2216 2535 2270 secundo
2561 2216 2682 2271 velo
2723 2215 3045 2286 diremptam
3075 2218 3285 2286 :primo
3320 2218 3543 2285 quidem
3573 2226 3839 2269 creaturam

2295 2306 2571 2361 caelestem
2607 2316 2661 2362 et
2698 2308 2997 2376 angelicam
3027 2324 3057 2363 a
3084 2310 3365 2363 divinitate
3392 2309 3746 2374 diremptam,
3771 2320 3839 2359 se-

2294 2397 2472 2450 cundo
2504 2411 2633 2452 vero
2682 2408 2924 2451 nostram
2955 2413 2997 2455 .a
3046 2408 3301 2453 creatura
3333 2399 3604 2469 angelica.
3643 2396 3838 2451 Sanctus

2294 2486 2590 2556 Gregorius
2617 2486 2910 2558 Nyssenus,
2946 2488 3093 2542 libre
3113 2490 3287 2556 primo
3306 2488 3510 2543 Contra
3535 2487 3838 2541 Eunomism:

2296 2578 2450 2645 Quod
2479 2588 2681 2643 autem,
2709 2580 2838 2651 inqu
2867 2590 2908 2644 t,
2956 2596 3061 2634 non
3095 2582 3344 2653 congruit
3370 2597 3497 2636 cum
3527 2583 3757 2651 dogmate
3787 2577 3838 2630 ab

2297 2671 2429 2741 ipsis
2459 2670 2742 2735 fabricato,
2765 2673 2976 2741 opinari
3009 2672 3313 2741 simplicem
3339 2688 3464 2729 esse
3494 2671 3837 2733 substantiam,

625 2760 736 2803 tres
769 2754 971 2807 arterni.
1006 2755 1073 2808 Et
1125 2772 1228 2810 non
1279 2758 1449 2812 multo
1490 2769 1608 2826 post
1640 2776 1655 2811 :
1697 2760 1760 2813 Et
1792 2761 1847 2816 in
1880 2762 1980 2817 bac
2013 2761 2197 2818 Trini-
2295 2780 2418 2833 qua;
2445 2779 2605 2834 supra
2635 2764 2813 2819 omnia
2844 2774 2945 2830 est,
2979 2766 3231 2834 quamvis
3258 2765 3310 2820 id
3342 2767 3509 2820 verbo
3550 2764 3708 2832 gratis
3749 2763 3837 2815 lar-

623 2847 732 2893 tate
756 2842 937 2898 nullus
987 2845 1214 2912 primus,
1249 2854 1302 2901 et
1353 2848 1533 2904 nullus
1568 2850 1827 2917 ultimus;
1876 2869 2036 2909 nemo
2083 2870 2198 2909 ma-
2296 2856 2532 2922 giantur,
2588 2857 2935 2910 manilestnm
2995 2855 3055 2909 tit
3106 2857 3266 2910 etiam
3301 2870 3495 2923 parum
3548 2852 3836 2909 advertenti.

621 2946 782 2997 guns,
810 2940 865 2986 et
891 2950 1049 2992 nemo
1075 2951 1293 3001 parvus,
1324 2943 1417 2993 sed
1453 2940 1537 2994 ha:
1571 2948 1683 2995 tres
1712 2957 1956 3009 persona!
1980 2954 2197 3000 aeternas
2299 2946 2432 3012 Quis
2459 2946 2602 3001 enim
2634 2948 2844 3015 ignorat
2878 2947 3021 3016 quod
3045 2933 3347 3000 secundum
3395 2948 3666 3016 propriam
3704 2942 3838 2996 ratio-

625 3032 754 3077 snnt
780 3064 796 3089 ,
830 3034 885 3080 et
916 3029 1155 3094 thttalt‘s
1196 3030 1249 3082 iu
1286 3031 1556 3086 omnibus.
1607 3033 1877 3089 Unitatem
1929 3037 2095 3105 igitur
2139 3038 2193 3090 in
2222 3042 2266 3103 α
2297 3053 2424 3094 nem
2451 3037 2768 3106 simplicitas
2796 3038 2851 3092 in
2904 3047 3095 3094 sancta
3137 3037 3410 3092 Trinitate
3446 3037 3567 3105 plus
3609 3046 3661 3092 et
3692 3034 3837 3088 minus

626 3110 914 3177 Trinitate,
946 3123 1000 3167 et
1027 3113 1348 3173 Trinitatem
1376 3119 1428 3172 iu
1459 3120 1665 3176 unitate
1705 3124 1882 3178 ornnis
1920 3124 2189 3181 Christia-

543 3277 551 3283 _
629 3217 730 3255 nus
775 3204 953 3259 colat.
987 3205 1050 3258 Et
1103 3217 1321 3262 sanctus
1372 3210 1651 3276 Maximus,
1704 3214 1757 3268 in
1814 3216 2194 3284 explanatione

628 3294 810 3347 subtili
847 3298 1191 3365 precationis,
1218 3299 1377 3356 Pater
1406 3314 1579 3359 noster
1604 3323 1619 3360 :
1642 3304 1783 3369 Non,
1815 3309 2006 3375 inquit,
2030 3309 2191 3364 aliam

629 3386 888 3443 unitatem
915 3429 927 3452 ,
961 3400 1017 3445 et
1043 3393 1200 3447 aliam
1234 3395 1556 3451 Trinitatem
1587 3414 1710 3453 esse
1755 3399 2039 3455 didicimus
2065 3401 2193 3470 (non

628 3479 770 3533 enim
804 3481 1004 3546 unitas,
1039 3500 1155 3551 quae
1187 3486 1410 3553 simplex
1442 3500 1498 3543 et
1534 3505 1638 3544 nua
1667 3502 1857 3545 natura
1888 3500 1996 3557 est,
2029 3493 2196 3547 dissi-

632 3571 930 3628 militudine
976 3583 1183 3631 naturas
1216 3594 1244 3631 a
1281 3578 1550 3636 Trinitate
1601 3581 1826 3653 diﬂ'ert),
1880 3599 1982 3638 nec
2031 3585 2193 3637 aliam

626 3663 779 3731 juxta
825 3665 985 3719 aliam
1035 3675 1166 3736 (non
1219 3669 1361 3723 enim
1412 3670 1729 3725 remissione
1780 3677 2065 3740 potestatis
2088 3676 2197 3731 dis-

632 3770 777 3811 creta
807 3767 888 3813 est
915 3761 980 3814 ab
1010 3762 1215 3816 unitate
1236 3762 1493 3831 Trinitas,
1521 3765 1601 3820 vel
1630 3780 1657 3818 a
1683 3764 1950 3821 Trinitate
1968 3768 2194 3836 unitas),

633 3861 804 3917 neque
837 3850 977 3904 sicut
1004 3851 1205 3920 aliquid
1239 3867 1527 3909 commune
1550 3861 1604 3907 et
1629 3854 1897 3920 generale,
1941 3856 2081 3923 quod
2105 3872 2197 3911 co-

631 3940 891 4007 gitatione
920 3944 1091 3997 solum
1124 3947 1357 4013 spectari
1389 3956 1585 4016 potest,
1618 3963 1646 4000 a
1675 3948 1921 4015 partibus
1958 3950 2074 4003 suis
2102 3963 2197 4003 va-

633 4034 827 4097 riatur,
879 4035 959 4090 sic
994 4051 1021 4088 a
1070 4036 1334 4092 Trinitate
1364 4040 1567 4092 variata
1606 4049 1689 4094 est
1726 4043 1928 4101 unitas,
1960 4056 2081 4110 quae
2110 4052 2195 4097 est

633 4126 932 4181 substantia
967 4129 1179 4196 proprie
1208 4144 1301 4198 per
1328 4145 1386 4183 se
1408 4131 1696 4195 exsistens,
1727 4140 1779 4184 et
1804 4142 2043 4203 potestas
2070 4148 2197 4188 vere

636 4235 730 4284 per
754 4234 814 4273 se
838 4221 1059 4281 Valens;
1096 4236 1192 4275 nec
1226 4231 1479 4290 tanquam
1513 4221 1614 4276 alia
1657 4239 1721 4279 ex
1752 4225 1853 4277 alia
1890 4224 2022 4293 (non
2048 4224 2194 4280 enim

638 4311 875 4367 Trinitas
902 4328 970 4367 ex
1002 4315 1207 4367 unitate
1242 4315 1477 4378 exsistit,
1510 4331 1608 4370 nec
1638 4316 1817 4370 unitas
1843 4332 1909 4371 ex
1932 4316 2198 4373 Trinitate

2296 3145 2404 3185 non
2439 3129 2673 3199 recipit?
2704 3128 2768 3184 Et
2801 3130 2977 3184 adhuc
3014 3130 3311 3196 Gregorius
3344 3129 3644 3200 Theologus
3670 3127 3716 3180 in
3742 3138 3838 3179 ora-

2298 3219 2441 3275 tione
2471 3218 2536 3273 de
2563 3218 2888 3289 baptismate
2916 3234 2929 3271 :
2959 3216 3092 3272 Volo
3125 3219 3337 3273 Patrem
3371 3219 3635 3288 majorem
3665 3216 3833 3273 dicere;

2296 3327 2362 3367 ex
2401 3327 2509 3381 quo
2546 3310 2812 3379 provenit,
2846 3319 2904 3365 ut
2928 3312 3018 3380 qui
3042 3320 3169 3365 sum
3195 3311 3451 3380 aequales,
3478 3309 3707 3379 aequales
3734 3306 3836 3365 sint.

2296 3414 2350 3460 et
2384 3404 2673 3470 exsistant;-
2694 3405 2796 3457 hoc
2819 3403 2966 3457 enim
3009 3402 3079 3456 ab
3106 3403 3363 3457 omnibus
3398 3414 3713 3457 concessum
3737 3403 3834 3455 est;

2296 3503 2353 3548 et
2378 3502 2560 3547 metuo
2592 3507 2661 3546 ne
2706 3492 3032 3560 principium
3083 3490 3277 3545 faciam
3319 3492 3647 3559 principium
3696 3485 3836 3538 mino-

2301 3601 2416 3638 rnm
2444 3603 2457 3649 ;
2490 3592 2545 3638 et
2578 3582 2906 3639 contumelia
2939 3583 3163 3635 aliiciam
3202 3581 3560 3651 praeferendo;
3599 3590 3698 3633 non
3719 3575 3835 3629 enim

2297 3675 2368 3738 ei,
2408 3689 2473 3728 ex
2505 3687 2630 3743 quo.
2658 3672 2822 3743 gloria
2850 3680 2933 3726 est
2962 3671 3254 3726 submissio
3297 3686 3485 3724 eorum
3516 3669 3601 3735 qui
3633 3682 3694 3721 ex
3720 3665 3834 3731 ipso.

2301 3766 2364 3820 Et
2400 3781 2585 3819 rursus
2608 3764 2904 3833 Gregorius
2925 3762 3218 3833 Nyssenus,
3246 3763 3299 3816 in
3331 3762 3472 3817 libro
3498 3762 3569 3815 De
3591 3759 3836 3811 Abraham:

2299 3861 2359 3912 in
2386 3870 2619 3926 utroque
2645 3858 2809 3926 igitur
2834 3871 3018 3910 verum
3044 3856 3174 3910 dicit
3201 3854 3510 3924 Scriptura,
3538 3866 3650 3923 qua:
3671 3843 3837 3914 aequale

2298 3950 2609 4012 conﬁtetur,
2643 3958 2699 4002 et
2752 3947 2926 4014 majus
2965 3962 3073 4002 non
3122 3956 3307 4015 negat.
3358 3945 3496 4000 Cum
3534 3943 3670 3999 enim
3714 3934 3833 3988 Scri—

2300 4052 2455 4110 ptura
2512 4039 2578 4095 ad
2612 4039 3002 4093 humanitatem
3051 4038 3318 4105 respicit,
3369 4036 3549 4107 majus
3592 4032 3836 4088 conﬁtetur

2298 4133 2442 4204 quod
2477 4146 2581 4185 non
2615 4131 2846 4194 videtur,
2880 4144 3041 4198 quam
3081 4129 3132 4183 id
3166 4129 3310 4195 quod
3348 4141 3445 4196 per
3474 4137 3678 4181 carnem
3720 4114 3837 4168 vide-

2302 4238 2423 4293 tur;
2466 4226 2684 4293 quando
2716 4238 2845 4278 vero
2878 4232 3115 4277 mentem
3150 4219 3370 4275 deducit
3404 4218 3471 4272 ad
3504 4213 3836 4306 divinitatem:

2307 4330 2465 4374 vacat
2509 4320 2621 4372 haec
2665 4315 3005 4386 comparatio
3041 4312 3265 4381 majoris
3294 4321 3348 4367 et
3395 4308 3636 4370 minoris,
3666 4312 3713 4356 el
3738 4308 3830 4349 ιίεθ

527 5465 547 5478 .
641 5428 994 5486 potestatem,
1028 5418 1163 5473 nihil
1191 5434 1375 5487 supra,
1419 5434 1518 5473 nec
1557 5418 1698 5473 infra
1744 5419 2028 5485 colentes;
2085 5418 2223 5471 illud

638 4405 938 4458 secundum
980 4404 1413 4472 productionem,
1448 4407 1528 4461 vel
1554 4402 2072 4479 antegressionem),
2108 4411 2192 4466 sed

2312 4414 2505 4467 borum
2542 4410 2722 4463 unitas
2760 4375 3123 4476 praedicatur:
3160 4403 3272 4477 Ego
3306 4414 3351 4457 et
3387 4401 3551 4455 Pater
3582 4409 3726 4450 unum
3764 4400 3835 4485 stt-

637 4498 881 4552 eamdem
915 4512 1040 4551 vere
1069 4502 1357 4567 unitatem,
1392 4510 1445 4556 ct
1468 4501 1785 4556 Trinitatem
1821 4502 1926 4556 dici
1954 4503 2207 4557 dicimus:
2313 4519 2429 4556 mus
2455 4499 2523 4567 ⁸⁹;
2558 4516 2675 4569 qua;
2714 4500 2859 4554 enim
2888 4498 3095 4552 variata
3124 4506 3253 4550 sunt
3281 4494 3572 4549 secundum
3603 4477 3834 4551 inaeqllah'

639 4588 901 4643 unitatem
960 4592 1177 4659 quidem
1237 4596 1446 4650 ratione
1493 4596 1833 4658 substantiae,
1883 4594 2209 4650 Trinitatem
2319 4601 2505 4655 tatem,
2537 4606 2703 4644 unum
2736 4604 2855 4644 esse
2878 4604 2984 4644 non
3014 4596 3262 4657 possunt.
3294 4585 3356 4639 Et
3389 4576 3835 4678 magno-sentimus.-

638 4693 767 4733 vero
819 4680 979 4735 modo
1027 4682 1365 4749 exsistendi;
1424 4692 1592 4738 tutam
1645 4686 1910 4739 unitatem
1963 4685 2192 4740 eamden

2318 4683 2455 4747 sius,
2490 4683 2545 4737 iu
2581 4683 2721 4737 libro
2750 4680 2826 4735 De
2855 4680 3223 4735 incarnatione
3254 4678 3452 4733 Christi
3480 4695 3498 4733 :
3529 4673 3656 4735 Ubi,
3682 4666 3832 4730 inqui‘v

639 4770 808 4837 ipsam
839 4787 942 4827 non
989 4774 1217 4828 divisam
1266 4756 1542 4843 personis;
1587 4786 1643 4831 et
1690 4784 1858 4830 totam
1894 4776 2216 4830 Trinitatem
2321 4776 2553 4842 dignitas
2588 4784 2669 4830 est
2695 4774 2935 4844 ejusdem
2973 4772 3219 4835 honoris,
3246 4770 3490 4837 ejusdem
3532 4773 3727 4837 quoque
3757 4753 3833 4805 ho-

635 4860 878 4918 eamdem
914 4864 1084 4931 ipsam
1116 4882 1221 4921 non
1259 4868 1535 4922 confusam
1582 4870 1793 4922 unitate
1844 4884 1857 4921 :
1903 4883 1970 4921 ne
2006 4868 2207 4923 divisio
2323 4868 2473 4923 noris
2502 4874 2585 4921 est
2617 4864 2918 4929 veneratio;
2950 4865 3001 4916 in
3028 4863 3289 4931 dignitate
3318 4859 3509 4931 aequali
3540 4870 3638 4912 nou
3668 4854 3735 4904 es!
3761 4854 3834 4911 βυ·

642 4956 1046 5012 multitudinem
1076 4958 1303 5014 deorqu
1350 4959 1687 5024 iutroducat,
1724 4938 1921 5029 ineque
1969 4960 2221 5018 confusio
2325 4970 2448 5024 sna.
2482 4952 2747 5021 ίιιωαῦθιθ
2779 4952 3005 5005 ειιθείιθι
3040 4966 3313 5063 William;
3356 4934 3833 5063 quljiiias.h:“?r::

638 5050 733 5103 Dei
771 5052 1136 5118 negationem.
1165 5051 1462 5123 Gregorius
1494 5052 1800 5121 Theologus
1830 5054 1882 5106 in
1919 5054 2077 5107 tertia
2105 5068 2223 5113 ora,
2328 5062 2532 5116 pacem.
2563 5043 2624 5099 Et
2654 5045 2793 5098 idem
2818 5059 3017 5161 lr)ursus
3045 5062 3058 5098 :
3093 5042 3304 5161 Corrig;|
3347 5033 3834 5161 Apotlirtargznél:

643 5143 745 5161 ,νηί
769 5158 782 5161 _
834 5143 889 5161 Δ-
944 5158 993 5161 _,
1056 5158 1068 5161 -
1153 5142 1217 5161 tu,
1547 5146 1558 5158 ι
1602 5154 1613 5161 .
1660 5146 1693 5161 ,ι
1775 5156 1786 5161 -
1917 5145 1928 5157 ι
2119 5159 2129 5161 μ
2152 5160 2157 5161 ,
2182 5145 2193 5156 -
2329 5147 2516 5161 ...ιαμ-,ι
2567 5150 2672 5161 ..Λ-ι
2706 5143 2781 5161 Αιιο
2865 5142 2981 5161 ηιιιιι
3007 5132 3178 5161 ..ν-...ειη-
3275 5131 3364 5161 ἰῖη
3424 5141 3590 5161 ..ηπ-ιο

642 5143 789 5198 tione
827 5143 896 5198 de
944 5158 1075 5213 pace
1106 5161 1119 5197 :
1150 5142 1267 5199 Non
1288 5122 1465 5198 unnm
1509 5146 1728 5212 pictatis
1774 5145 2065 5199 terminum
2108 5145 2225 5198 exi-
2329 5147 2518 5191 natura
2567 5150 2674 5189 non
2704 5143 2787 5187 εει
2818 5131 2981 5186 Ρδῑθι·
3007 5132 3178 5201 ιηδὶοτ
3228 5129 3391 5248 Filio:
3424 5141 3590 5199 ιιθψιε

694 5238 704 5248 υ
1210 5236 1223 5248 ο
1256 5236 1292 5248 λ
1569 5246 1575 5248 _
1615 5235 1713 5248 ιε...
1913 5247 1916 5248 ,
1961 5236 1992 5248 η
2042 5237 2051 5248 ι
2092 5240 2122 5248 -γ
2344 5229 2448 5248 ιεγ.-
2483 5228 2498 5248 l
2524 5224 2885 5248 ,.-....ξι...ιξ..ε,.
2915 5222 3054 5248 -..ε-υ.
3085 5237 3272 5248 ,.υ.ι...υ.
3293 5232 3366 5248 Α..
3440 5230 3601 5248 ηιμ-ειη

641 5238 943 5302 stimemus,
976 5236 1225 5292 venerari
1255 5236 1497 5300 Patrem,
1527 5246 1583 5290 et
1612 5235 1809 5290 Filium
1832 5280 1845 5298 .
1872 5247 1925 5291 et
1960 5236 2225 5304 Spiritum
2329 5229 2453 5284 dine
2479 5224 2888 5298 (magnitudinis
2912 5222 3055 5277 enim
3083 5237 3275 5292 expers
3290 5225 3415 5341 esl‘).
3439 5230 3602 5290 neque
3625 5214 3832 5341 fama?"

1160 5327 1170 5338 ο
1268 5337 1278 5341 _
1321 5329 1353 5341 ιι
1685 5331 1695 5340 .
1761 5320 1808 5341 ’.ο
1852 5331 1864 5341 ι
1910 5328 1941 5341 ο-
1990 5338 1999 5341 -
2209 5334 2221 5341 .
2341 5338 2361 5341 κ
2407 5324 2448 5341 ι.
2499 5321 2609 5341 -2..-
2643 5330 2879 5341 ι-..-....--
2913 5326 2986 5341 -..ι
3050 5331 3219 5341 ..Λα-...ιι
3254 5330 3351 5341 κη..
3384 5317 3510 5341 ἷιροιι
3557 5321 3665 5341 aula
3760 5330 3768 5341 ι
3814 5315 3832 5326 ⁵

639 5337 910 5392 sanctum,
944 5344 1109 5382 uuam
1160 5327 1212 5381 in
1266 5329 1439 5382 tribus
1482 5331 1727 5395 personis
1760 5320 2094 5383 divinitatem
2128 5377 2143 5401 ,
2174 5334 2228 5380 et
2332 5324 2455 5393 quia
2496 5321 2614 5375 sine
2643 5330 2881 5388 tempore
2910 5326 3012 5381 est,
3050 5331 3222 5383 neque
3251 5315 3530 5383 qualilalt‘.
3556 5304 3833 5401 (ἰείλ-ιίίξῃξξ

2333 5391 2443 5469 tate
2469 5420 2618 5468 caret
2651 5427 2665 5463 :
2699 5410 2843 5465 nulla
2882 5410 3045 5479 igitur
3074 5407 3176 5461 alia
3209 5421 3268 5460 re
3304 5405 3561 5475 majorem
3591 5413 3643 5454 se
3666 5391 3831 5445 Patrem

2335 5505 2487 5569 dicit,
2530 5502 2633 5558 nisi
2666 5510 2931 5569 quatenus
2958 5498 3144 5562 Filius,
3180 5506 3233 5550 et
3276 5495 3490 5550 Patrem
3524 5500 3665 5546 suum
3696 5482 3828 5569 |10_00'

639 5510 782 5563 enim
813 5510 927 5563 ﬁeri
982 5526 1089 5564 non
1126 5520 1327 5579 potest,
1375 5513 1478 5566 hoc
1516 5520 1698 5565 autem
1747 5510 1970 5581 impium
2012 5518 2116 5565 est.
2161 5510 2227 5563 Et
2335 5510 2487 5569 dicit,
2513 5510 2633 5619 ἐιξεί
2666 5510 2931 5619 quatenlus
2958 5510 3233 5619 armis}?
3280 5510 3490 5619 Patrem
3524 5510 3830 5619 θὶιὶιιῗηξιιὲᾩ.

644 5600 987 5619 μ..
1238 5617 1250 5619 ,
1303 5602 1363 5619 .ν
1436 5612 1499 5619 κ.
1704 5618 1753 5619 γέ
1810 5603 1861 5619 κ.
1956 5618 1961 5619 ,
2023 5604 2033 5613 .
2090 5618 2101 5619 ,
2180 5617 2189 5619 μ
2340 5612 2461 5619 ____
2558 5603 2570 5619 ,
2610 5606 2830 5619 mum”
3159 5600 3586 5619 nmmunL

2339 5612 2485 5653 rans.
2513 5594 2577 5649 Et
2608 5606 2831 5661 magnus
2860 5588 3109 5655 Basilius,
3136 5588 3272 5643 libro
3295 5595 3487 5657 quarto
3516 5587 3706 5640 suarum

642 5600 823 5655 adhuc
851 5602 995 5655 idem
1040 5620 1054 5656 :
1096 5602 1192 5658 Ubi
1229 5602 1373 5657 enim
1424 5612 1506 5658 est
1552 5603 1973 5673 unumquodque
2022 5604 2227 5670 incom-

706 5752 750 5781 "
787 5759 941 5814 Joan.
980 5777 1032 5827 ι,
1069 5763 1155 5817 50.
