4078 6274
237 372 337 438 9(ὶῖ

1083 372 1313 442 DECAS
1338 384 1435 443 IX.
1469 407 1533 416 --
1580 375 1676 439 DE
1721 366 2163 438 INFINITATE
2206 377 2286 436 ΙΝ
2330 375 2495 436 DEO.

3381 331 3488 448 ςέο

240 491 554 561 fututionth
586 503 601 540 :
643 487 833 558 Majas,
893 490 1107 558 inquit,
1154 493 1236 546 vel
1286 473 1678 560 magnitudine,
1729 489 1813 542 vel
1842 494 1887 548 Α
1921 486 2113 540 ﬁcante
2142 500 2395 552 persona,
2429 495 2484 540 et
2520 484 2664 538 aliud
2708 485 3036 548 substantia,
3073 487 3214 541 sicut
3261 501 3487 558 granum

241 581 618 644 crassitudine,
657 581 741 633 vel
791 592 1054 658 tempore,
1087 584 1173 638 vel
1224 584 1508 654 dignitate,
1549 592 1641 635 aut
1697 593 1819 635 tan-

239 690 395 745 quam
448 688 631 736 causa,
675 672 850 740 majus
899 683 1017 738 est;
1064 683 1118 729 at
1163 674 1536 754 m’agnitudiue
1583 691 1688 727 non
1735 681 1819 727 est

238 766 408 836 major
432 765 588 819 Pater
607 763 769 830 Filio;
795 778 990 834 expers
1005 768 1148 819 enim
1177 774 1256 820 est
1289 765 1699 834 magnitudinis,
1727 780 1821 818 ne.

233 871 342 923 ‘que
365 854 756 912 crassitudine.
784 855 909 923 quia
939 856 1326 922 incorporeus;
1354 856 1446 910 sed
1477 869 1652 922 neque
1683 865 1819 906 tene-

236 962 388 1017 porc,
423 945 590 999 Filius
638 947 783 1000 enim
829 956 914 1000 est
947 948 1209 1016 temporis
1253 954 1478 1024 auctor;
1513 961 1688 1015 neque
1737 947 1820 1000 di-

233 1041 458 1108 gnitate,
496 1053 598 1091 nec
624 1045 767 1091 enim
802 1038 979 1094 factus
1005 1049 1088 1094 est
1135 1037 1328 1104 Filius,
1370 1040 1461 1108 qui
1514 1039 1808 1107 aliquando

239 1145 345 1185 non
378 1140 541 1194 esset;
563 1145 661 1183 nec
693 1140 748 1184 ut
773 1138 986 1196 auctor,
1011 1131 1266 1198 quoniam
1293 1145 1446 1198 aeque
1472 1131 1578 1184 erit
1602 1141 1654 1185 et
1677 1130 1817 1198 ipso,

231 1232 294 1278 et
327 1223 481 1276 nobis
520 1221 716 1290 major,
748 1222 794 1276 si
844 1222 1013 1290 ipsius
1058 1231 1112 1275 et
1171 1224 1340 1278 nostri
1376 1233 1568 1276 auctor
1597 1231 1702 1277 est.
1754 1223 1822 1277 Et

238 1315 434 1370 iterum
462 1315 756 1381 Gregorius
785 1311 1120 1384 Theologus,
1147 1315 1283 1371 libro
1316 1319 1556 1372 secundo
1581 1314 1655 1371 De
1678 1317 1821 1370 theo-

231 1408 379 1476 ‘ioyia
414 1409 488 1459 ait
532 1422 546 1458 :
585 1405 691 1460 Sed
721 1407 768 1462 si
816 1405 961 1463 Deus
994 1415 1080 1462 est
1119 1408 1472 1478 incorporeus
1497 1451 1512 1474 ,
1567 1425 1666 1464 nec
1704 1410 1820 1478 .hoc

241 1500 580 1553 demonstrat
610 1499 970 1552 substantiam
998 1537 1014 1563 ,
1065 1499 1204 1553 sicut
1251 1514 1352 1554 nec
1388 1500 1683 1568 ingenitum
1712 1540 1728 1563 ,
1762 1509 1818 1556 et

229 1589 507 1658 principio
541 1603 753 1652 carens,
799 1599 854 1643 et
902 1589 1258 1654 immutabile,
1303 1602 1358 1644 et
1407 1591 1733 1656 immortale,
1763 1601 1819 1646 et

239 1695 576 1749 quaecunque
607 1679 674 1734 de
707 1679 836 1743 Deo,
871 1678 952 1734 vel
988 1680 1132 1734 circa
1188 1681 1352 1734 Deum
1406 1682 1660 1736 dicuntur
1713 1685 1815 1754 (a).

1920 578 2178 632 frumenti
2213 579 2408 632 dicitur
2453 588 2507 631 et
2559 588 2640 632 est
2669 593 2874 639 semen.
2906 589 2960 632 et
2993 577 3243 637 fructus:
3291 596 3393 636 non
3432 597 3490 639 ut

1924 685 2012 724 res
2061 671 2188 735 alia,
2241 679 2295 721 et
2325 669 2466 735 alia;
2516 670 2610 723 sed
2641 670 2781 722 aliud
2813 671 2940 739 quid
2977 673 3246 741 signiﬁcat
3278 690 3488 739 semen,

1923 760 2068 813 aliud
2099 759 2330 814 fructus.
2373 758 2437 833 Et
2483 774 2714 827 magnus
2761 759 3015 825 Basilius,
3053 763 3102 815 in
3146 765 3371 829 epistola
3423 770 3490 821 ad

1925 848 2234 903 Terentium
2265 852 2516 903 comitem
2544 867 2556 902 :
2594 850 2647 902 Si
2680 863 2888 913 autem,
2918 852 3113 921 inquit,
3145 868 3358 921 oportet
3393 874 3491 914 nos

1922 941 2107 1009 paucis
2154 942 2334 996 dicere
2387 943 2528 1010 quod
2575 943 2810 1011 videtur,
2850 944 2978 998 illud
3036 947 3294 1012 dicemus,
3345 951 3492 1017 quod

1924 1047 2082 1098 quam
2117 1034 2379 1086 rationem
2415 1034 2574 1086 habet
2608 1048 2893 1088 commune
2922 1036 2988 1089 ad
3017 1038 3318 1104 proprium,
3341 1039 3492 1094 hanc

1924 1119 2089 1173 habet
2123 1121 2422 1174 substantia
2456 1121 2520 1172 ad
2554 1135 2866 1188 personam.
2910 1122 3298 1194 Unusquisque
3337 1128 3484 1180 enim

1921 1221 2170 1265 nostrum
2225 1212 2505 1266 communi
2567 1213 2778 1267 ratione
2827 1215 3146 1269 substantia:
3203 1219 3492 1287 participat

1923 1318 2081 1368 esse;
2113 1311 2169 1356 et
2209 1305 2630 1372 proprietatibus
2657 1320 2776 1375 qua:
2811 1305 2954 1360 circa
2984 1322 3042 1361 se
3074 1317 3221 1374 sunt,
3262 1318 3344 1361 est
3382 1310 3493 1375 ille,

1922 1405 2015 1446 aut
2057 1391 2166 1456 ille,
2223 1395 2288 1446 ad
2330 1394 2580 1447 eumdem
2632 1397 2846 1448 modum
2889 1396 3018 1462 illic,
3073 1398 3216 1450 ratio
3268 1399 3488 1468 quidem

1921 1486 2238 1538 substantiae
2267 1487 2569 1539 communis
2601 1495 2702 1553 est,
2733 1497 2787 1539 ut
2819 1489 3050 1554 bonitas,
3087 1499 3181 1545 aut
3216 1489 3494 1558 divinitas,

1921 1583 2015 1629 aut
2044 1575 2086 1629 si
2122 1577 2248 1644 quid
2276 1577 2418 1630 aliud
2452 1578 2784 1647 intelligatur
2813 1595 2825 1631 :
2863 1595 3095 1646 perstma
3123 1594 3252 1634 vero
3285 1581 3338 1634 in
3368 1597 3493 1648 pro—

1919 1666 2153 1735 prietate
2201 1682 2306 1736 qua
2360 1663 2521 1722 Pater
2563 1678 2668 1732 est,
2722 1680 2813 1723 aut
2860 1686 2961 1738 qua
2988 1671 3179 1738 Filius,
3228 1673 3494 1728 cernitur.

235 1764 319 1828 Ex
351 1772 553 1842 quib,“
585 1769 816 1827 953cm"
859 1773 1232 1837 manifestum,
1264 1775 1407 1844 quod
1455 1775 1508 1828 in
1559 1776 1688 1842 Deo,
1724 1779 1816 1846 qui
1849 1778 1892 1834 Β
1926 1756 2158 1813 Sanctus
2203 1759 2440 1814 lenones
2479 1761 2862 1824 Damascenus.
2901 1778 3023 1832 cap.
3071 1763 3161 1826 55,
3204 1764 3360 1831 cujus
3405 1763 3493 1817 in-

235 1875 326 1919 est
373 1879 538 1933 supra
591 1863 979 1927 substantiam,
1013 1879 1121 1919 non
1149 1874 1234 1919 est
1267 1866 1373 1919 alia
1420 1867 1600 1921 unitas
1649 1873 1815 1938 supra

242 1956 504 2018 divinam,
536 1964 588 2009 et
630 1955 734 2010 alia
765 1954 1005 2011 Trinitas
1056 1972 1221 2025 supra
1273 1959 1634 2014 substantiam
1663 2001 1676 2022 ,
1722 1961 1817 2014 sed

231 2046 486 2104 eamdem
532 2061 660 2100 vere
709 2047 968 2102 unitatem
1015 2055 1070 2102 et
1113 2048 1431 2103 Trinitatem
1491 2049 1763 2105 credimus
1800 2064 1814 2102 :

233 2149 340 2189 nec
386 2145 472 2190 est
518 2135 572 2189 ia
619 2131 892 2190 Trinitate
929 2138 1482 2206 supraquam-divina
1519 2139 1816 2208 quidquam

243 2225 529 2295 inaequale,
563 2234 615 2277 et
643 2225 836 2293 partim
868 2226 985 2296 ejus
1016 2226 1212 2295 majus,
1239 2228 1431 2296 partim
1462 2243 1591 2283 vero
1616 2230 1818 2295 minus,

230 2319 334 2373 sed
376 2318 552 2387 petius
586 2334 687 2371 una
715 2316 999 2386 aequalitas
1034 2320 1205 2372 tribus
1239 2333 1396 2384 pura,
1430 2330 1482 2374 et
1509 2319 1820 2375 immutabi-

239 2408 343 2476 lis;
371 2423 468 2463 nec
508 2409 711 2475 aliquid
744 2422 933 2462 eorum
958 2408 1121 2462 trium
1156 2409 1260 2462 ulla
1294 2423 1357 2463 ex
1391 2419 1544 2479 parte
1580 2411 1697 2479 plus
1728 2425 1820 2466 co-

235 2499 426 2560 limus,
456 2506 513 2551 et
543 2499 748 2567 aliquid
795 2499 1012 2564 minus;
1054 2512 1155 2552 nec
1201 2509 1281 2554 est
1332 2497 1387 2553 in
1422 2515 1487 2553 eo
1521 2501 1817 2570 quidquam

242 2589 484 2657 privans,
516 2598 572 2643 et
601 2588 903 2644 secundum
935 2604 994 2645 se
1023 2605 1218 2658 espers
1255 2591 1596 2655 substantiae,
1622 2603 1677 2647 et
1710 2608 1818 2647 non

242 2693 343 2748 per
371 2695 429 2734 se
457 2682 766 2736 exsistens:
799 2681 1111 2750 imperfecta
1154 2682 1300 2736 enim
1345 2682 1668 2740 introductio
1711 2687 1821 2754 pri-

237 2773 421 2826 uantis
453 2773 856 2828 contumeliosa
904 2783 988 2830 est
1043 2774 1098 2828 in
1151 2774 1200 2827 id
1250 2775 1392 2842 quod
1430 2776 1820 2843 perfectissime

239 2862 479 2926 exsistit;
512 2864 709 2916 etenim
736 2878 992 2918 non-esse
1017 2864 1394 2928 substantiam,
1422 2877 1476 2920 et
1507 2882 1600 2934 per
1625 2882 1686 2920 se
1711 2884 1818 2921 non

238 2952 522 3016 exsistere,
553 2952 910 3007 defectionem
954 2955 1366 3023 perfectissima:
1396 2958 1736 3024 substantiae,
1764 2968 1826 3014 et-

233 3055 335 3112 per
362 3057 422 3097 se
449 3043 763 3099 exsistentis
792 3046 1146 3100 demonstrat.

835 3177 1068 3236 CAPUT
1120 3179 1210 3236 IV.

240 3288 396 3354 Quod
443 3291 494 3342 in
529 3287 806 3355 Trinitate,
840 3307 958 3358 qua:
993 3308 1156 3361 supra
1197 3291 1548 3348 substantiam
1583 3308 1683 3360 est,
1716 3317 1808 3354 ne-

307 3374 407 3428 que
464 3360 738 3436 personale
797 3361 1142 3436 distinguitur
1185 3379 1222 3436 _a
1267 3365 1590 3436 substantia,
1647 3384 1810 3436 neque

309 3443 414 3503 tres
446 3431 637 3503 divina:
663 3446 899 3494 per-some
927 3433 1228 3503 substantia
1261 3433 1686 3503 distinguuntur,
1719 3431 1810 3492 nec

309 3501 419 3572 alia
450 3501 697 3572 quapiam
741 3502 1062 3564 oppositione
1094 3501 1514 3572 distinguuntur,
1557 3509 1660 3559 nisi
1710 3509 1811 3561 hac

308 3569 423 3620 sola
456 3570 742 3620 secundum
777 3572 1105 3624 relationem.

311 3681 538 3750 Magnus
563 3682 920 3746 Athanasius,
953 3685 1005 3737 in
1031 3684 1242 3754 dialogo
1263 3687 1550 3742 orthodoxi
1588 3699 1641 3742 et
1670 3691 1816 3743 Ano-

233 3773 358 3836 mii,
395 3774 506 3829 ait:
553 3771 712 3827 Aliud
754 3785 836 3829 est
870 3775 1199 3840 substantia,
1254 3787 1307 3830 et
1361 3779 1507 3832 aliud
1557 3796 1810 3848 persona,

233 3866 386 3918 aliud
421 3876 476 3919 et
504 3865 648 3918 aliud
681 3864 779 3935 (l),
812 3868 1130 3934 compositio
1165 3869 1353 3935 igitur.
1392 3870 1549 3924 Aliud
1584 3883 1637 3924 et
1661 3872 1810 3926 aliud

232 3957 377 4020 dixi,
402 3971 508 4011 non
540 3967 595 4010 ut
627 3972 737 4011 rem
767 3957 929 4011 aliam
959 3969 1014 4012 et
1040 3959 1226 4022 aliam,
1255 3959 1350 4014 sed
1382 3969 1440 4012 ut
1467 3960 1818 4032 aliudsigni-

1917 1850 2142 1920 scriptio
2172 1861 2288 1905 est:
2345 1851 2496 1915 Quod
2542 1851 2712 1907 omnis
2753 1865 2950 1908 natura
2983 1855 3163 1910 divina
3207 1857 3264 1909 in
3291 1870 3398 1911 una
3432 1874 3494 1913 es

1917 1939 2152 2008 personis
2191 1943 2304 2010 ejus
2354 1945 2503 1996 unita
2561 1955 2636 1998 est
2689 1961 2805 1997 cum
2841 1954 2951 1998 tota
2981 1948 3215 2000 humana
3271 1959 3491 2012 natura,

1918 2043 1968 2088 et
2000 2051 2106 2088 non
2131 2052 2254 2105 pars
2288 2052 2405 2088 cum
2427 2045 2575 2105 parte
2597 2053 2615 2090 :
2648 2038 2991 2104 Communia,
3051 2040 3246 2107 inquit,
3277 2050 3331 2094 et
3367 2044 3492 2096 uni-

1921 2141 2072 2192 versa
2104 2127 2468 2195 praedicantur
2497 2130 2561 2180 de
2591 2129 2704 2182 suis
2745 2129 3004 2197 subjectis
3037 2129 3114 2199 (2)
3151 2132 3496 2200 particulari-

1920 2219 2064 2274 bus:
2105 2233 2396 2273 commune
2447 2221 2612 2286 igitur
2643 2232 2725 2274 est
2774 2222 3100 2288 substantia,
3150 2234 3208 2277 ut
3240 2226 3491 2295 species;

1920 2310 2245 2380 particulare
2287 2321 2468 2366 autem
2515 2313 2827 2380 hypostasis
2857 2329 2872 2376 ;
2907 2315 3237 2383 particulare
3265 2327 3492 2382 autem,

1922 2418 2026 2458 non
2063 2404 2189 2473 quia
2219 2413 2426 2472 partem
2460 2413 2667 2458 natura:
2696 2406 2878 2469 habet,
2909 2418 3119 2474 partem
3164 2424 3270 2462 non
3305 2410 3492 2470 habet.

1920 2495 2013 2550 sed
2064 2496 2390 2564 particulare
2443 2512 2688 2560 nmuero,
2741 2505 2800 2550 ut
2855 2498 3231 2564 individuum;
3266 2514 3493 2555 numero

1920 2586 2087 2650 enim,
2135 2595 2190 2640 et
2223 2601 2326 2639 non
2362 2596 2554 2640 natura
2604 2587 2926 2656 hypostases
2954 2572 3206 2642 dicuntur
3231 2586 3494 2654 diderre;

1921 2677 2246 2745 praedicatur
2271 2688 2451 2730 autem
2485 2677 2790 2735 substantia
2831 2679 2896 2732 de
2929 2681 3232 2749 hypostasi,
3270 2680 3397 2749 quia
3435 2681 3490 2734 in

1921 2767 2147 2836 singulis
2173 2781 2292 2834 quae
2323 2775 2442 2820 sunt
2483 2767 2804 2838 hyposlases
2841 2769 3084 2836 ejusdem
3112 2771 3340 2838 speciei,
3369 2785 3494 2837 per-

1925 2856 2060 2912 l'ccta
2093 2859 2400 2928 substantia
2430 2870 2537 2923 est;
2566 2861 2821 2927 quocirca
2853 2875 3028 2929 neque
3057 2863 3374 2931 hypostases
3397 2861 3496 2915 dii-

1921 2948 2100 3002 feruut
2129 2950 2267 3003 inter
2294 2965 2351 3004 se
2372 2951 2699 3016 substantia,
2729 2954 2818 3006 sed
2843 2951 3138 3006 secundum
3164 2954 3491 3018 accidentia,

1921 3055 2042 3110 quae
2082 3050 2206 3094 sunt
2252 3043 2614 3110 proprietates
2645 3045 2996 3112 designantes
3036 3045 3396 3116 hypostasim,
3435 3053 3492 3098 et

1839 3129 1884 3186 C
1919 3146 2026 3186 non
2061 3142 2306 3185 naturam
2338 3151 2351 3186 :
2385 3133 2652 3201 siquidem
2689 3135 3019 3204 hypostasim
3056 3135 3316 3190 deﬁniunt
3357 3135 3491 3189 sub-

1917 3224 2170 3276 stantiam
2202 3240 2321 3278 cum
2345 3228 2651 3290 accidente,
2678 3229 3032 3294 quamobrem
3063 3230 3365 3298 hypostasis
3393 3229 3489 3281 ha-

1917 3317 2007 3371 bet
2032 3331 2319 3371 commune
2341 3335 2461 3372 cum
2490 3309 2741 3386 proprio;
2767 3321 3071 3374 substantia
3098 3330 3276 3374 autem
3301 3337 3493 3376 secun-

1913 3409 2040 3462 dmn
2071 3425 2129 3463 se
2160 3425 2263 3462 non
2294 3411 2530 3472 exsistit,
2567 3412 2660 3464 sed
2686 3412 2739 3464 in
2777 3412 3160 3480 hypostasibus
3193 3423 3488 3480 spectatur.

1914 3500 2058 3555 Idem
2103 3502 2166 3554 de
2201 3512 2384 3555 sancta
2432 3500 2732 3555 Trinitale:
2776 3501 3026 3570 Oportet,
3078 3503 3276 3571 inquit,
3313 3504 3483 3576 Scire.

1825 3623 1838 3632 μ
1917 3590 2059 3658 quod
2105 3591 2247 3642 aliud
2294 3600 2378 3644 est
2409 3591 2741 3645 considerari
2777 3607 2853 3654 re,
2903 3602 2955 3644 et
2990 3592 3136 3644 aliud
3165 3593 3396 3662 {ratione
3437 3603 3492 3646 ct

1918 3681 2267 3748 cogitatione.
2308 3679 2362 3733 Ιιι
2403 3683 2652 3735 omnibus
2685 3683 2849 3750 igitur
2893 3685 3161 3738 creaturis
3212 3686 3490 3739 distinctio

1923 3771 2284 3840 hypostaseon
2366 3786 2422 3825 re
2473 3775 2874 3839 consideratur,
2926 3789 2982 3827 re
3025 3773 3168 3828 e‘nim
3220 3774 3410 3829 Petrus
3458 3793 3487 3829 a

1918 3861 2086 3915 Paulo
2121 3864 2386 3917 discretus
2412 3863 2811 3930 consideratur,
2844 3867 3212 3922 communitas
3249 3883 3397 3932 vero,
3429 3882 3483 3921 ct

1926 3955 2220 4022 copulatio,
2262 3967 2314 4009 et
2351 3969 2538 4018 unum,
2569 3956 2884 4022 etgratione,
2915 3964 2970 4010 et
2999 3959 3330 4026 cogitatione
3361 3976 3486 4028 spc-

1709 4072 1980 4134 Schoﬁa.

311 4192 392 4262 (l)
425 4195 580 4246 Aliud
608 4193 806 4247 dicitur
837 4197 1144 4260 signiﬁcare
1173 4197 1224 4248 in
1259 4197 1456 4250 divinis
1486 4197 1810 4257 substantia,

1913 4195 2010 4251 llic
2049 4187 2209 4265 igitur
2250 4197 2436 4250 modus
2483 4198 2726 4250 diversus
2761 4197 3104 4266 signiﬁcandi
3153 4214 3316 4252 unam
3354 4199 3490 4254 alio-

234 4275 294 4321 et
316 4267 854 4332 aliinlpersona.quia
881 4267 1006 4318 licet
1031 4283 1190 4318 unum
1208 4279 1259 4319 et
1284 4271 1522 4318 eaunlem
1555 4283 1664 4319 rem
1685 4269 1813 4318 sub-
1909 4271 1999 4334 qni
2030 4278 2082 4321 et
2110 4269 2352 4320 eamdem
2389 4282 2522 4325 rem.
2572 4278 2794 4320 vocatur
2821 4270 2890 4322 ah
2922 4269 3220 4322 Athanasio
3241 4271 3386 4322 aliud
3429 4281 3484 4322 ιιι

234 4335 442 4390 stantia
463 4344 514 4386 et
533 4349 762 4402 persona
783 4336 1107 4403 signiﬁcent,
1135 4337 1486 4388 aiitertamen
1505 4352 1621 4389 eam
1643 4337 1812 4402 signi-

236 4407 362 4459 ﬁcat
391 4403 715 4465 substantia,
746 4415 798 4456 et
833 4406 992 4457 aliter
1030 4421 1255 4471 persona
1286 4421 1301 4462 :
1339 4416 1393 4458 et
1427 4417 1570 4459 recte
1613 4407 1812 4457 dicitur

1911 4337 2091 4402 aliud;
2152 4353 2254 4390 non
2288 4339 2414 4405 quia
2454 4337 2558 4388 alia
2587 4344 2641 4390 cl
2675 4338 2777 4390 alia
2816 4353 2900 4391 res
2949 4342 3054 4398 sit,
3092 4340 3182 4393 sed
3221 4342 3344 4406 quia
3383 4356 3486 4392 una

1908 4419 1961 4458 et
1988 4411 2178 4486 eadem
2205 4421 2293 4459 res
2327 4408 2434 4486 alio
2460 4415 2513 4486 et
2539 4407 2646 4486 alio
2673 4409 2833 4461 modo
2847 4408 3182 4486 signiﬁcatur
3209 4428 3222 4473 ;
3256 4421 3489 4478 possunt

232 4474 426 4528 Graece
453 4474 577 4544 ἄλᾏρ
609 4478 700 4524 καὶ
727 4473 874 4536 ἄλλο,
913 4473 964 4526 id
997 4482 1099 4536 est,
1132 4475 1275 4544 aliud
1311 4485 1363 4529 et
1394 4476 1565 4541 aliud,
1600 4474 1685 4527 ubi
1724 4489 1811 4527 so-
1845 4485 1889 4540 ι)
1919 4476 2060 4527 enim
2101 4490 2220 4528 esse.
2253 4477 2410 4529 unius
2438 4477 2511 4528 rei
2542 4478 2695 4544 plura
2725 4473 2968 4542 nomina,
3010 4488 3067 4529 ut
3095 4473 3268 4531 unum
3291 4493 3486 4531 nomen

233 4546 351 4596 lum
382 4553 461 4594 est
489 4543 632 4612 alius
655 4552 708 4594 et
740 4545 879 4597 alius
913 4545 1104 4598 modus
1136 4543 1476 4612 significandi
1504 4561 1518 4596 :
1551 4547 1690 4597 sicut
1723 4558 1810 4597 se-

235 4628 366 4666 men
399 4620 454 4681 et
481 4611 691 4664 fructus
721 4628 881 4666 unam
917 4628 1029 4667 rem
1077 4611 1406 4681 signiﬁcant,
1440 4630 1666 4679 granum
1702 4614 1810 4666 sci-

231 4683 368 4734 licet
407 4680 663 4733 frumenti
710 4681 824 4751 (b):
866 4682 1012 4737 aliud
1051 4680 1224 4735 tamen
1265 4695 1319 4736 et
1359 4685 1504 4735 aliud
1557 4682 1814 4751 dicuntur

230 4751 577 4820 signiﬁcare,
616 4767 718 4804 nou
764 4750 1018 4820 tanquam
1057 4751 1218 4803 aliain
1262 4761 1317 4804 et
1344 4755 1502 4804 aliam
1552 4767 1691 4813 rcm,
1716 4750 1809 4804 sed

231 4824 370 4884 quia
404 4819 563 4870 aliter
611 4819 887 4886 signiﬁCat
922 4821 1068 4874 illam
1121 4835 1282 4872 uuam
1335 4837 1446 4873 rem
1495 4835 1702 4881 semen,
1755 4829 1808 4872 et

230 4889 402 4942 aliter
451 4888 696 4941 fructus:
737 4905 921 4944 semen
968 4892 1111 4943 enim
1155 4889 1227 4942 ita
1280 4892 1549 4958 signiﬁcat
1581 4904 1808 4956 granum

231 4959 520 5016 frumenti,
551 4968 610 5010 ut
633 4958 991 5026 intelligamus
1018 4959 1285 5014 contineri
1313 4962 1364 5012 in
1395 4976 1460 5013 eo
1481 4959 1815 5012 seunnalitcr

230 5028 386 5079 aliud
419 5027 617 5080 simile.
658 5027 857 5082 Semen
891 5031 1032 5083 enim
1068 5039 1170 5089 est,
1203 5031 1253 5081 in
1284 5036 1393 5098 (μισ
1419 5039 1501 5082 est
1535 5029 1704 5081 virtus
1732 5043 1818 5081 se-

229 5098 460 5149 minatis
495 5098 559 5149 ad
595 5101 997 5165 producemlmn
1034 5099 1177 5150 aliud
1223 5100 1440 5152 simile:
1478 5098 1687 5151 fruetus
1718 5113 1816 5150 att-

230 5176 348 5217 tcut
379 5182 480 5218 non
515 5168 594 5219 sic
635 5168 903 5234 signiﬁcat
944 5184 1175 5236 granum
1228 5167 1507 5229 frumenti,
1564 5169 1655 5220 sed
1688 5183 1815 5220 esse

203 5236 477 5295 ,l'rurtum
500 5237 750 5306 alterius,
778 5238 890 5289 sive
923 5239 1238 5306 productqu
1274 5240 1341 5289 ab
1370 5239 1475 5289 alio
1502 5255 1518 5302 ;
1543 5236 1623 5291 sic
1647 5240 1811 5290 etiam

227 5305 545 5359 subsmutia
595 5314 648 5357 ct
684 5305 1045 5372 persoua'una
1099 5323 1185 5360 res
1221 5317 1369 5368 sunt,
1413 5316 1468 5360 et
1501 5321 1657 5358 llllalll
1695 5321 1808 5358 rem
1851 5341 1854 5344 ~

227 5376 587 5441 signiﬁcant:
623 5381 716 5427 sed
749 5378 909 5428 aliter
942 5391 1057 5428 eam
1098 5377 1366 5441 signiti-at
1401 5391 1652 5445 persona,
1700 5377 1809 5428 sci-

225 5445 371 5497 licet
432 5445 804 5510 singulariter,
877 5446 1175 5508 Suhslatttia
1235 5460 1362 5497 vero
1390 5446 1808 5499 communiter:

222 5527 404 5579 quam
438 5515 579 5565 enim
612 5518 874 5567 ratimictu
910 5515 1068 5567 habet
1094 5529 1381 5566 commune
1414 5517 1476 5567 ad
1505 5516 1803 5581 proprium,

220 5584 312 5636 ait
351 5581 608 5644 Basilius,
657 5583 792 5638 hanc
843 5586 1004 5638 habet
1033 5585 1340 5638 substantia
1379 5585 1443 5635 ad
1491 5599 1800 5652 personam.

1921 4545 2151 4613 plurium
2199 4561 2401 4599 rerum.

1988 4615 2066 4682 (2)
2115 4611 2435 4668 Communia
2479 4624 2526 4668 et
2576 4621 2820 4668 universa
2869 4617 3230 4678 praedicantur
3282 4617 3347 4669 de
3371 4619 3486 4671 suis

1917 4685 2184 4750 subjectis.
2221 4684 2522 4738 Coiiimune
2571 4685 2737 4753 igitur
2768 4695 2849 4738 est
2875 4687 3228 4750 ἁειιὶιειιιιιιιιι,
3280 4699 3330 4735 ιιι
3367 4704 3492 4753 ειηι-
3565 4727 3574 4736 ς

1918 4757 2052 4808 cies.
2088 4755 2205 4805 Non
2244 4755 2342 4805 hoc
2385 4756 2513 4806 dicit
2564 4752 2926 4805 Damascenus
2972 4759 3036 4806 de
3084 4752 3404 4808 substantia
3435 4775 3489 4808 ιιι

1921 4824 2118 4876 divinis
2165 4824 2427 4887 personis,
2476 4821 2624 4890 quod
2676 4825 2969 4876 sccumlmu
3021 4838 3130 4874 rem
3181 4828 3491 4879 communis

1920 4894 2009 4954 sit,
2037 4893 2176 4946 sicut
2207 4893 2256 4944 in
2288 4896 2547 4945 creaturis
2575 4893 2785 4958 species
2812 4899 2932 4958 qua:
2959 4893 3214 4944 dividitur
3242 4909 3337 4959 per
3367 4911 3490 4962 pro-

1919 4965 2176 5028 prietates
2200 4962 2696 5023 characteristicas,
2723 4976 2859 5027 quas
2892 4971 3081 5013 vocant
3107 4963 3486 5025 iintividuales,

1918 5033 1987 5082 ita
2031 5041 2109 5093 ut,
2138 5038 2279 5084 sicut
2311 5029 2468 5098 paulo
2497 5040 2619 5099 post
2651 5030 2737 5082 hic
2767 5031 2893 5083 dicit
2927 5030 3060 5082 idem
3094 5031 3489 5097 l).nna.~.cenus,

1914 5099 2108 5154 Petrus
2139 5116 2165 5152 ιι
2219 5101 2384 5152 Paulo
2421 5117 2476 5150 re
2511 5101 2892 5168 distinguatur,
2929 5101 3054 5167 quia
3111 5117 3215 5153 non
3261 5115 3343 5156 est
3385 5102 3472 5155 l’c-

1923 5179 2040 5224 trus
2080 5173 2130 5224 in
2183 5169 2391 5234 Paulo;
2429 5168 2616 5222 l’etrus
2645 5170 2785 5222 enim
2828 5182 2879 5222 et
2917 5169 3115 5222 Paulus
3153 5188 3319 5224 unum
3358 5183 3491 5224 sunt

1923 5254 2024 5310 non
2071 5255 2149 5303 re,
2182 5244 2272 5294 sed
2316 5242 2546 5301 ratione,
2592 5250 2644 5291 et
2691 5239 3067 5310 intelligentia.
3107 5242 3306 5293 Contra
3359 5259 3492 5294 vero

1921 5309 1972 5361 in
2005 5310 2202 5362 divinis
2234 5313 2480 5378 personis
2515 5323 2622 5362 non
2654 5309 2950 5362 secundum
2987 5326 3121 5374 rem,
3158 5315 3250 5362 sed
3292 5327 3491 5363 serun—

1917 5379 2043 5433 dum
2076 5381 2289 5432 modum
2318 5380 2662 5447 signiﬁcandi
2695 5379 2968 5433 invenitur
2995 5381 3172 5446 aliqua
3222 5380 3486 5431 similitu-

1916 5450 1984 5501 do
2017 5449 2322 5503 communis
2355 5459 2408 5502 et
2433 5449 2778 5516 particularis
2805 5465 2925 5502 cum
2957 5451 3240 5502 creaturis.
3274 5452 3477 5504 Ubsizr-

1915 5522 2061 5572 vavit
2095 5520 2197 5573 hoc
2223 5521 2277 5573 in
2306 5518 2642 5574 Damasccno
2673 5517 2730 5572 S.
2769 5517 3027 5574 Thomas.

308 5698 390 5772 (ᾳ)
431 5699 504 5772 De
534 5701 595 5772 iis
629 5699 864 5769 loquitur
891 5719 1009 5772 qua).
1048 5705 1301 5765 similiter
1328 5706 1394 5758 de
1423 5705 1530 5758 Dco
1554 5705 1922 5771 dicuntur,_ut
1955 5703 2268 5772 ingenitum,
2295 5702 2695 5771 incorporeum,
2721 5709 2774 5756 et
2804 5699 3023 5755 similia.

307 5768 387 5837 (ὁ)
430 5770 652 5822 Basilius
670 5768 1092 5844 epistolavprima
1125 5779 1187 5826 ad
1213 5776 1548 5828 illudumum.
