4028 6270
502 305 608 369 935
1376 400 1401 403 η

672 408 685 415 ’
1074 404 1325 471 "CAPUT
1376 402 1440 465 ν.

497 547 649 615 Quod
691 540 742 601 in
800 547 1058 601 Trinitate
1100 548 1384 615 ingenitum
1433 564 1594 616 neque
1636 533 1931 603 substantia
1963 559 2060 614 est,

566 618 1051 687 nequeproprietas
1083 632 1317 687 peracute
1351 617 1442 670 Dei
1472 616 1685 679 Patris;
1717 636 1805 670 nec
1859 623 1911 671 iu
1948 621 2079 687 ipsa'

565 697 641 737 est
698 686 845 738 aliud
896 686 1207 752 principium
1255 686 1370 751 fons
1405 689 1564 740 totius
1617 689 1927 749 diuinitatis.
1963 686 2065 741 nisi

566 756 712 826 solus
753 755 913 826 Pater
947 770 963 806 :
997 771 1087 807 nec
1135 754 1244 807 ulla
1273 757 1382 808 alia
1430 757 1708 815 ueluraiis.
1752 769 1801 810 et
1854 761 2067 826 propria

567 824 875 894 sttbsldnl't'a'
898 832 1141 881 potestas.
1166 828 1273 878 sive
1303 828 1492 887 virtus,
1512 838 1560 878 et
1593 828 1846 880 divinitas
1866 867 1880 888 ,
1912 824 2067 894 atque

566 893 795 960 energia,
851 895 954 943 sive
994 894 1228 958 operatio
1266 910 1330 947 ea:
1378 895 1582 961 iit/inita
1619 914 1681 949 ac
1718 897 1895 949 divina
1950 893 2071 951 sub-

565 964 762 1041 stantia
809 962 1092 1029 pradicas,
1149 964 1249 1016 nisi
1303 963 1443 1017 solus
1476 964 1683 1032 Filius,
1733 974 1784 1019 et
1840 967 2068 1033 Spiritus

565 1042 801 1084 sanctus.

566 1138 792 1207 Magnus
826 1134 1079 1202 Basilius,
1115 1141 1166 1194 in
1198 1143 1437 1197 secundo
1462 1130 1665 1198 Contra
1698 1130 2017 1199 Eunomi‘nm
2052 1152 2071 1199 ὲ

495 1230 919 1295 Interrogemus,
952 1232 1165 1299 inquit,
1201 1232 1545 1295 Eunomium,
1589 1247 1786 1305 quanta
1820 1252 2073 1294 mensura

498 1317 795 1384 ingenitum
844 1338 870 1374 a
918 1323 1098 1390 genito
1127 1326 1419 1379 discretum
1462 1337 1567 1390 est,
1600 1328 1860 1397 numquid
1908 1344 2073 1398 parva

501 1412 741 1479 quadam
791 1421 844 1465 et
902 1422 1069 1473 tanta,
1112 1423 1172 1466 ιιι
1200 1416 1412 1483 possint
1444 1410 1734 1485 aiiquando
1758 1420 1811 1472 in
1841 1419 2074 1489 idipsum

500 1502 641 1555 inter
671 1516 729 1554 se
759 1498 1071 1555 cohaerere?
1100 1518 1165 1555 an
1191 1501 1296 1557 h‘oc
1331 1503 1573 1559 funditus
1602 1504 1715 1560 ﬁeri
1746 1522 1851 1561 non
1880 1517 2077 1576 potest,

499 1600 555 1646 et
614 1593 782 1647 multo
839 1596 1044 1658 minus,
1081 1606 1241 1662 quam
1293 1600 1541 1650 eumdem
1598 1592 1756 1651 simul
1785 1600 1986 1663 vivere,
2023 1604 2081 1655 εἰ

501 1691 766 1735 mortuum
817 1698 956 1744 esse,
989 1695 1043 1736 ει
1070 1683 1319 1739 eumdem
1368 1686 1527 1739 simul
1584 1687 1635 1739 in
1695 1690 1883 1741 eadem
1927 1700 2080 1756 parte

501 1789 692 1828 sanum
726 1787 864 1833 esse.
903 1783 954 1827 et
983 1784 1267 1844 aegrotare,
1299 1786 1354 1830 et
1385 1777 1610 1847 vigilare
1645 1779 1831 1843 simul,
1873 1791 1924 1834 et
1953 1777 2080 1833 dor-

506 1867 677 1919 mire?
709 1865 858 1919 Talia
890 1869 1036 1920 enim
1072 1879 1221 1929 sunt,
1254 1878 1611 1937 quaecumque.
1663 1884 1873 1924 summa
1908 1886 2079 1940 Oppo-

503 1958 701 2011 sitione
742 1959 842 2011 sibi
880 1960 1018 2012 inter
1046 1974 1104 2012 se
1137 1960 1381 2029 opposita
1408 1968 1554 2025 sunt,
1590 1970 1645 2013 ιιι
1678 1956 1907 2013 alterum
1958 1977 2089 2015 cum?

504 2048 668 2108 adsit,
707 2062 927 2100 necesse
959 2047 1029 2100 sit
1064 2049 1287 2100 alterum
1328 2049 1540 2113 abesse,
1575 2065 1691 2116 qua:
1724 2060 1913 2103 natura
1957 2065 2085 2113 sum

504 2140 727 2193 omnino
764 2141 1138 2207 repugnantia,
1164 2149 1218 2194 et
1250 2140 1657 2195 incolum-entia.
1689 2132 1756 2194 Et
1796 2142 1847 2193 in
1893 2151 2086 2210 quarto

507 2231 646 2283 libro
720 2240 909 2284 contra
965 2232 1211 2283 eumdem
1269 2247 1282 2283 :
1345 2229 1672 2298 Ingenitum,
1737 2232 1944 2299 inquit,
2004 2235 2083 2285 vel

505 2322 808 2376 substantia
878 2333 995 2379 est.
1061 2321 1144 2374 vel
1198 2322 1489 2385 accidens;
1548 2322 1679 2374 nihil
1737 2327 1882 2376 enim
1940 2324 2084 2377 aliud

506 2420 670 2463 restat
707 2419 903 2479 pra'ter
936 2412 1087 2477 haec;
1124 2413 1212 2477 qui
1248 2413 1409 2481 igitur
1446 2413 1498 2465 in
1532 2423 1763 2481 utroque
1794 2416 2084 2467 absurdum

509 2504 905 2555 demonstravit
937 2503 991 2556 in
1029 2503 1092 2555 iis
1110 2513 1229 2572 quae
1251 2503 1505 2572 deinceps
1540 2515 1862 2571 sequuntur,
1892 2514 2084 2572 rursus

506 2592 560 2645 in
589 2592 830 2646 secundo
861 2592 1015 2657 dixit,
1049 2608 1268 2660 prorsus
1300 2594 1513 2648 reticeri
1546 2595 1595 2647 in
1632 2593 1902 2648 Trinitate
1933 2599 2103 2664 inge:

506 2683 678 2738 nitum
709 2693 928 2752 propter
952 2685 1277 2740 Arianorum
1306 2686 1655 2751 imperitiam.
1684 2688 1815 2739 Cum
1840 2686 1923 2739 his
1946 2702 2081 2740 con-

506 2784 707 2829 sonant
761 2790 880 2842 qnte
937 2775 1235 2845 Gregorius
1282 2775 1558 2846 Nyssenus
1609 2777 2088 2844 dixit.Greg0tius

509 2866 837 2935 Theologns,
884 2865 1024 2919 libro
1063 2867 1237 2934 primo
1290 2866 1362 2917 De
1417 2864 1559 2920 Filio
1592 2882 1612 2919 ς
1647 2867 1928 2932 Quomodo
1965 2870 2090 2922 sub—

509 2957 763 3009 stantiam
822 2955 913 3008 Dei
964 2955 1101 3007 dtcis
1144 2968 1249 3005 non
1296 2955 1617 3020 positionem
1653 2953 1773 3019 eius
1808 2954 1950 3022 quod
1981 2948 2088 3018 est,

513 3045 605 3099 sed
649 3044 980 3097 ablationem
1033 3043 1149 3110 ejus
1185 3045 1326 3111 quod
1363 3059 1465 3094 non
1510 3044 1631 3097 est?
1668 3042 1902 3096 Verbum
1942 3044 2084 3097 enim
2119 3072 2162 3132 ο

515 3134 753 3187 declarat
778 3148 883 3186 non
907 3148 1028 3186 esse
1051 3134 1097 3185 ei
1129 3136 1529 3199 generationem
1555 3150 1569 3196 ;
1602 3151 1704 3186 non
1739 3142 1916 3186 autem
1947 3135 2090 3201 quod

516 3223 813 3275 secundum
874 3231 1121 3275 naturam
1173 3234 1277 3285 est,
1326 3224 1685 3285 demonstrat,
1721 3240 1895 3293 neque
1946 3226 2092 3294 quod

514 3322 618 3377 est,
645 3327 747 3367 non
774 3315 978 3367 habens
1019 3314 1450 3378 generationem.
1482 3313 1611 3378 Qua:
1646 3315 1807 3383 igitur
1838 3317 2093 3371 subSIan-

516 3405 590 3457 tia
637 3403 768 3457 Dei?
806 3403 1070 3457 Atnentiaa
1111 3414 1215 3457 tuae
1249 3414 1335 3457 est
1387 3405 1488 3457 hoc
1522 3403 1723 3469 dicere,
1757 3407 1847 3473 qui
1878 3408 2091 3461 curiose

470 3510 473 3513 ‘
516 3495 677 3547 etiam
710 3493 940 3561 inquiris
968 3494 1396 3563 generatio'eem,
1435 3493 1588 3547 nobis
1644 3509 1775 3550 vero
1833 3512 2087 3565 magnum

516 3594 619 3663 est,
668 3585 712 3638 si
774 3584 992 3653 quando
1048 3586 1265 3637 tandem
1322 3594 1375 3636 et
1420 3586 1469 3638 in
1503 3584 2090 3654 posterum,discamus

518 3674 778 3728 dissoluta
837 3673 1068 3743 caligine
1109 3681 1165 3728 et
1208 3673 1602 3742 crassitudine,
1652 3681 1792 3732 sicut
1842 3681 2092 3748 promisit

518 3766 609 3833 qui
645 3764 862 3819 mentiri
894 3780 997 3819 non
1050 3773 1248 3833 potest.
1292 3765 1407 3821 Hoc
1446 3766 1611 3837 igitur
1664 3769 1994 3838 intelligatur
2036 3781 2091 3823 ct

516 3865 765 3924 speretur
798 3859 865 3910 ab
915 3856 982 3911 iis
1012 3857 1103 3925 qui
1137 3857 1201 3909 ad
1236 3857 1337 3911 hoc
1361 3867 1522 3911 erunt
1558 3860 1764 3928 purgati
1800 3875 1937 3915 :nos
1963 3875 2089 3915 vero

521 3950 622 4002 hoc
662 3963 849 4017 parum
885 3947 1065 4001 dicere
1093 3950 1409 4012 audeamus,
1446 3952 1589 4017 quod
1619 3948 1666 4004 si
1686 3965 1888 4017 ’magna
1921 3950 2088 4019 gloria

520 4050 603 4095 est
636 4040 780 4095 Patri
805 4055 870 4093 ex
903 4040 1049 4092 nullo
1080 4040 1317 4106 prodire,
1352 4054 1456 4093 non
1486 4040 1662 4093 minor
1688 4052 1770 4095 est
1799 4040 1932 4095 Filio
1961 4057 2089 4111 pro-

521 4129 688 4183 licisci
719 4144 785 4183 ex
824 4129 914 4183 tali
947 4128 1148 4193 Patre;
1175 4127 1401 4196 gloriam
1430 4128 1571 4181 enim
1601 4129 1717 4198 ejus
1740 4130 1828 4197 qui
1865 4145 2086 4185 causam

520 4234 628 4273 non
680 4219 867 4278 habet,
921 4216 1351 4285 participaverit,
1402 4217 1526 4282 quia
1580 4230 1646 4270 ex
1697 4232 1806 4271 non
1860 4218 2088 4273 habente

519 4323 741 4365 causam
792 4308 935 4360 inest
980 4307 1027 4359 ei
1064 4290 1193 4373 ipsa
1240 4320 1329 4358 res
1358 4305 1655 4360 nativitatis
1687 4314 1857 4372 tanta,
1888 4316 1944 4362 et
1978 4318 2085 4363 tam

1658 296 1985 365 JOANNIS
2028 286 2590 364 cvraatss'to‘rzs

2091 417 2135 470 A
2165 414 2285 466 dem
2318 413 2457 467 idem
2488 427 2546 463 es
2575 424 2695 463 cum
2745 407 2836 461 illo
2888 404 3183 457 secundum
3235 402 3593 456 substantiam
3640 394 3758 471 (n)?

3643 272 3754 349 ενδ

2165 503 2245 556 Αιι
2275 504 2451 569 potius
2478 500 2667 569 liquet,
2692 498 2837 567 quod
2870 502 3122 548 manente
3147 493 3474 560 proprietate
3503 491 3754 548 immota.

2166 598 2469 661 qttmretntts
2536 590 2895 647 substantiam
2955 585 3072 649 Dei,
3104 590 3225 653 quae
3283 583 3498 636 tandem
3546 592 3649 646 est,
3700 581 3747 634 si

2169 695 2345 738 tamen
2381 696 2705 752 quaeremus,
2742 679 2884 748 quod
2917 690 3047 729 vero
3077 686 3181 729 nun
3220 675 3329 728 sint
3364 675 3505 725 idem
3547 673 3755 740 ingeni-

2169 787 2281 831 tum
2305 782 2357 829 et
2388 774 2547 839 Deus,
2572 775 2648 826 sic
2673 774 2867 825 disces.
2900 770 2957 823 Si
3000 770 3142 823 idem
3169 775 3332 824 esset.
3365 764 3668 834 Oportebat,
3700 754 3763 814 ιιί

2178 866 2306 934 quia
2358 866 2500 919 Deus
2536 864 2841 930 aliquorum
2902 859 3045 914 Deus
3093 869 3210 922 est,
3253 858 3550 922 ingenitum
3585 858 3752 908 etiam

2172 958 2475 1025 aliquorum
2528 964 2674 1008 esset
2732 951 3061 1021 ingenitum;
3101 957 3194 1001 aut
3249 949 3373 1015 quia
3434 946 3634 1000 nullius
3678 956 3765 1000 est

2173 1048 2495 1116 ingenitum,
2552 1060 2728 1114 neque
2790 1044 2955 1096 Deum
3015 1053 3137 1095 esse
3190 1040 3494 1108 aliqttot'uttt
3558 1034 3764 1089 Deum:

2175 1153 2293 1207 quae
2322 1142 2463 1191 enim
2495 1138 2716 1189 omnino
2745 1144 2871 1188 sunt
2908 1136 3118 1193 eadem,
3153 1134 3344 1185 eodem
3392 1131 3559 1182 etiam
3599 1127 3768 1181 modo

2176 1227 2506 1292 elieruutur:
2561 1226 2709 1293 atqui
2781 1238 2886 1277 non
2961 1233 3045 1276 est
3104 1223 3428 1287 aliquorum'
3462 1220 3766 1289 ingenitum

2180 1322 2432 1389 (quorum
2479 1317 2623 1370 enim
2666 1313 2833 1383 esu),
2865 1305 3008 1366 Deus
3060 1324 3193 1365 vero
3252 1311 3566 1378 aliquorum
3623 1309 3770 1361 Deus

2179 1421 2257 1465 εει
2284 1447 2299 1472 ,
2337 1418 2417 1461 est
2463 1408 2605 1461 enim
2646 1406 2917 1467 omnium,
2951 1396 3231 1471 quomodo
3269 1400 3433 1469 igitur
3469 1400 3575 1453 erit
3623 1398 3768 1453 idem

2182 1500 2344 1564 Deus,
2379 1507 2432 1552 et
2462 1496 2805 1565 ingenitum?
2832 1493 2901 1548 Et
2935 1504 3150 1557 rursus,
3182 1492 3342 1558 Quia,
3377 1492 3578 1559 inquit,
3610 1490 3769 1558 inge-

2183 1594 2375 1655 nitum,
2408 1601 2459 1643 et
2495 1590 2734 1659 genitum
2776 1586 3053 1641 contraria
3081 1594 3208 1639 sunt
3237 1584 3378 1638 inter
3404 1594 3485 1647 se,
3525 1593 3582 1636 ut
3613 1582 3767 1635 babi-

2186 1694 2290 1745 tus,
2323 1695 2378 1735 et
2407 1681 2757 1748 privationes,
2790 1692 3015 1732 necesse
3041 1665 3123 1731 est
3157 1687 3212 1729 ut
3244 1676 3561 1730 substantia:
3594 1676 3767 1727 intres

2187 1774 2455 1827 ducantur
2505 1772 2646 1824 inter
2698 1785 2758 1825 se
2810 1768 3138 1832 contrariae,
3195 1768 3340 1835 quod
3393 1767 3608 1835 quidem
3658 1779 3767 1819 non

2188 1863 2506 1917 cenceditur
2538 1876 2552 1924 ;
2595 1871 2687 1914 aut
2728 1860 2853 1928 quia
2883 1863 3095 1917 rursus.
3121 1858 3329 1925 priores
3362 1866 3482 1910 sunt
3525 1856 3765 1921 habitus,

2188 1969 2349 2022 quam
2401 1952 2760 2021 priVationes,
2807 1960 2861 2005 et
2901 1950 3119 2003 habitus
3152 1948 3348 2002 tollunt
3397 1947 3525 2016 ipsa:
3582 1947 3768 2013 priva-

2196 2045 2391 2106 tiones,
2443 2056 2551 2094 non
2616 2038 3213 2105 solmnlantiquiorem
3280 2048 3403 2090 esse
3464 2034 3769 2088 substantia

2191 2120 2367 2190 Patris
2404 2134 2762 2187 substantiam
2810 2129 2976 2197 Filii,
3008 2129 3102 2184 sed
3162 2132 3329 2184 etiam
3379 2142 3409 2180 a
3468 2125 3769 2181 substantia

2191 2228 2370 2283 Patris
2432 2230 2543 2282 tolli
2598 2243 2819 2283 necesse
2860 2237 2961 2291 est,
2988 2235 3249 2296 quantum
3292 2240 3357 2279 ex
3403 2222 3470 2277 iis
3500 2237 3619 2292 quae
3650 2236 3678 2273 a
3720 2233 3770 2274 te

2195 2322 2368 2388 posita
2434 2332 2598 2383 sunt,
2636 2321 2967 2375 concludere
3020 2320 3161 2373 licet.
3190 2320 3257 2370 Et
3301 2319 3497 2371 iterum
3532 2315 3672 2369 idem
3714 2316 3772 2369 in

2192 2413 2439 2466 aratione
2468 2413 2531 2466 de
2573 2413 2960 2465 constitutione
2998 2412 3421 2479 episcoporum:
3458 2408 3586 2461 Sine
3624 2406 3775 2473 prin-

2194 2505 2355 2570 cipio,
2393 2503 2587 2570 inquit,
2639 2512 2755 2556 erat
2790 2504 2989 2565 Pater,
3029 2517 3133 2554 ιιοιι
3170 2500 3314 2553 enim
3348 2499 3563 2551 aliunde
3601 2497 3770 2550 habe-

2196 2593 2287 2646 hnt
2335 2602 2391 2645 ιιι
2448 2603 2615 2657 esset,
2654 2606 2752 2646 nec
2783 2607 2809 2643 a
2842 2607 2901 2646 se
2934 2593 3071 2662 ipso,
3119 2590 3292 2644 Filius
3316 2605 3443 2643 vero
3474 2590 3764 2658 (siquidem

2198 2680 2412 2734 Patrem
2448 2681 2522 2757 (l)
2556 2688 2610 2733 ιιι
2662 2696 2883 2735 causam
2924 2680 3147 2748 accipis)
3202 2696 3304 2733 non
3342 2688 3427 2733 est
3462 2680 3577 2732 sine
3618 2680 3767 2745 prius

2196 2774 2371 2841 cipio;
2406 2771 2728 2841 principium
2761 2772 2961 2840 quippe
2989 2770 3107 2825 Filii
3142 2773 3301 2826 Pater
3351 2780 3435 2825 est
3477 2782 3534 2824 ttt
3559 2786 3762 2836 causa;

2198 2864 2283 2916 sin
2319 2871 2499 2914 autem
2537 2854 2864 2929 principium
2908 2862 3182 2930 intelligas
3229 2878 3295 2916 cx
3332 2871 3610 2929 tempore,
3653 2863 3769 2915 sine

2199 2953 2468 3020 principio
2535 2963 2655 3015 est;
2727 2968 2833 3004 non
2921 2953 3064 3005 enim
3122 2952 3311 3021 incipit
3372 2955 3471 3007 sub
3530 2963 3772 3020 tempore

2201 3043 2456 3097 Dominus
2508 3054 2829 3111 temporum.
2879 3038 2941 3097 Et
2999 3046 3173 3098 adhuc
3230 3045 3285 3099 in
3342 3046 3530 3099 eodem
3584 3045 3765 3098 libro:

2200 3134 2532 3190 Observetur
2580 3147 2797 3199 autem,
2842 3146 2899 3189 ut
2957 3153 3073 3189 mea
3131 3139 3394 3191 sententia
3446 3146 3562 3199 est,
3628 3149 3767 3189 unus

2204 3224 2366 3289 Deus,
2415 3225 2481 3277 ad
2532 3240 2694 3277 unam
2757 3240 2975 3279 causam
3031 3224 3169 3280 Filio
3219 3237 3269 3279 et
3314 3226 3512 3294 Spiritu
3569 3234 3761 3277 sancto

2200 3316 2403 3378 relatis,
2435 3330 2540 3368 non
2571 3316 2911 3383 compositis,
2945 3316 3027 3370 vel
3077 3315 3450 3387 agglutinatis,
3476 3324 3529 3368 et
3557 3329 3757 3368 secun-

2198 3403 2321 3454 dum
2364 3419 2529 3456 unum
2563 3413 2620 3456 et
2648 3405 2933 3470 eumdem,
2972 3414 3027 3459 ut
3078 3407 3150 3459 ita
3205 3405 3398 3467 dicam.
3448 3414 3652 3459 motum
3709 3413 3765 3457 et

2200 3495 2557 3557 voluntatem,
2600 3504 2655 3548 et
2688 3510 2851 3549 unam
2903 3507 2955 3551 et
3006 3497 3254 3551 eamdem
3297 3498 3673 3551 substantiam.
3704 3498 3769 3550 Et

2197 3598 2385 3638 rursus
2417 3586 2468 3637 in
2501 3585 2684 3639 eodem
2717 3603 2730 3638 :
2764 3587 3083 3649 Pravorum,
3124 3586 3316 3653 inquit,
3346 3596 3400 3641 et
3426 3587 3762 3657 indignorum

2197 3690 2352 3733 esset
2380 3680 2701 3748 principium
2742 3681 2921 3741 Pater,
2957 3683 2999 3734 si
3031 3696 3136 3733 non
3158 3691 3306 3735 esset
3338 3696 3499 3736 causa
3538 3691 3593 3735 ut
3628 3682 3763 3735 divi-

2197 3767 2336 3820 nitas
2363 3776 2507 3822 esset
2556 3769 2610 3822 in
2642 3768 2778 3824 Filio
2809 3779 2863 3823 et
2895 3768 3100 3839 Spiritu
3141 3783 3350 3824 sancto.
3394 3770 3617 3839 Magnus
3644 3771 3767 3824 Dio-

2197 3860 2407 3927 nysius,
2441 3859 2491 3912 in
2533 3859 2767 3913 secundo
2803 3860 2873 3913 De
2908 3861 3096 3914 divinis
3149 3862 3483 3917 nominibus:
3520 3859 3615 3916 Est
3669 3876 3765 3913 au-

2199 3959 2329 4012 tem,
2382 3951 2577 4018 inquit,
2630 3952 2910 4005 distinctio
2940 3952 2993 4005 in
3037 3953 3258 4017 divinis,
3290 3968 3408 4018 quae
3437 3962 3563 4007 sunt
3605 3965 3763 4019 supra

2196 4042 2577 4105 substantiam,
2624 4053 2728 4093 non
2778 4040 2866 4094 illa
2910 4040 3081 4094 solum
3124 4056 3286 4109 quam
3333 4041 3643 4113 dixitquod
3675 4055 3763 4095 se-

2197 4134 2430 4185 cundum
2476 4132 2642 4199 ipsam
2670 4132 3067 4201 capulationem
3111 4146 3461 4200 personarmn
3493 4132 3546 4184 in
3573 4146 3759 4189 unum.

2195 4222 2314 4276 sine
2345 4221 2595 4277 tnistione
2620 4233 2675 4276 et
2704 4221 3021 4277 confusione
3048 4237 3380 4291 unaquaeque
3415 4237 3480 4276 ex
3512 4221 3761 4290 personis

2205 4328 2324 4381 qua
2380 4322 2504 4367 sunt
2560 4315 2858 4382 ὲναρχικαὶ,
2909 4312 2960 4366 id
2999 4322 3101 4377 est,
3133 4328 3296 4366 unum
3338 4322 3393 4366 et
3441 4314 3766 4382 principium

520 4398 826 4453 veneranda
876 4397 942 4475 iis
979 4396 1069 4466 qui
1121 4413 1224 4450 non
1266 4398 1464 4452 habent
1494 4406 1728 4457 mentem
1767 4413 2086 4469 magnopere
2114 4412 2167 4472 ι)
2192 4404 2453 4467 omnium,
2492 4404 2753 4458 collocata
2805 4412 2887 4457 est
2939 4403 2991 4456 in
3032 4404 3158 4468 alia,
3198 4402 3290 4456 sed
3338 4403 3479 4469 quod
3531 4400 3618 4453 illa
3649 4416 3769 4468 qua:

521 4491 673 4546 humi
694 4498 986 4557 repentem,
1016 4500 1070 4542 et
1100 4489 1330 4543 terrenis
1350 4491 1509 4542 rebus
1530 4487 1862 4543 immersam.
1883 4490 1987 4544 Sed
2022 4491 2090 4554 si,

524 4581 721 4650 inquit,
750 4580 889 4634 idem
923 4579 1228 4634 substantia
1264 4590 1345 4634 est
1380 4577 1545 4633 Ftlius
1579 4594 1698 4633 cum
1729 4578 1909 4644 l‘atre,
1946 4582 2099 4650 inge-

525 4672 670 4724 nitus
726 4684 854 4722 vero
904 4679 984 4721 est
1044 4666 1224 4733 Pater,
1258 4668 1365 4720 erit
1423 4666 1586 4735 igitur
1646 4666 1745 4719 hoc
1800 4677 1853 4721 ει
1904 4666 2093 4719 Filius.

523 4760 707 4825 Recte,
738 4761 780 4814 si
820 4761 1113 4828 ingenitum
1141 4770 1283 4813 esset
1314 4759 1614 4811 substantia
1653 4755 1742 4810 Dei
1767 4776 1781 4821 ;
1805 4758 1886 4809 sin
1915 4769 2095 4810 autem

521 4850 825 4903 dili'erentia
875 4860 959 4903 est
998 4851 1142 4902 circa
1197 4849 1591 4910 substantiam,
1628 4847 1757 4914 quid
1814 4848 1915 4899 hoc
1960 4845 2098 4899 dicis

522 4953 774 5010 tanquam
832 4941 1031 5007 aliquid
1065 4939 1281 4993 valeat?
1315 4941 1394 4990 An
1431 4949 1482 4990 tu
1512 4939 1674 4991 etiam
1708 4951 1765 4989 es
1788 4936 1945 4988 l’ater
1988 4935 2090 4988 Pa-

522 5035 640 5098 tris,
672 5047 739 5085 ne
773 5032 900 5099 quid
930 5032 1071 5085 desit
1114 5031 1253 5100 quod
1290 5029 1453 5083 Pater
1489 5028 1707 5090 habent,
1743 5025 2085 5096 quandoqui-

2193 4502 2319 4548 sunt
2346 4492 2696 4548 fecunditatis
2730 4492 2848 4557 Dei,
2869 4509 2974 4547 non
3007 4502 3315 4550 commeant
3338 4502 3481 4547 retro
3505 4491 3766 4558 vicissim,

2191 4583 2338 4638 solus
2370 4595 2547 4636 autem
2580 4582 2704 4637 fons
2739 4584 3039 4637 divinitatis
3075 4582 3233 4637 Pater
3274 4592 3378 4647 est,
3410 4582 3483 4636 ita
3519 4592 3575 4635 ut
3607 4580 3770 4635 Pater

2193 4687 2298 4724 non
2347 4672 2418 4725 sit
2468 4670 2655 4735 Filius,
2687 4686 2861 4739 neque
2912 4671 3079 4725 Filius
3110 4671 3293 4737 Pater,
3319 4672 3547 4725 servatis
3591 4672 3681 4740 pie
3712 4671 3767 4724 in

2198 4761 2412 4831 hymnis
2438 4772 2490 4815 et
2522 4763 2773 4817 laudibus
2812 4762 3012 4817 divinis
3032 4762 3107 4829 jis
3144 4776 3263 4829 quae
3289 4762 3487 4829 cuique
3525 4776 3769 4829 persona:

2196 4852 2392 4906 divina:
2449 4854 2665 4921 proprie
2712 4856 3066 4907 conveniunt.
3131 4852 3353 4919 Magnus
3403 4852 3764 4916 Athanasius,

2201 4940 2345 4993 libro
2396 4942 2571 5010 pritno
2630 4952 2819 4996 contra
2869 4942 3093 4995 Ariona:
3136 4956 3155 4995 :
3198 4941 3255 4994 Si
3304 4955 3409 4993 non
3457 4948 3540 4994 est
3578 4938 3767 5001 Filius,

2196 5030 2395 5101 inquit,
2425 5032 2695 5102 quomodo
2724 5034 2886 5103 igitur
2929 5035 3095 5088 Deum
3128 5034 3309 5087 dicitis
3337 5031 3676 5087 creatorem?
3709 5031 3765 5083 Si

1979 5164 2257 5230 Schoha.

590 5298 727 5368 (l)Si
756 5296 1214 5368 quitlemPatrem
1246 5302 1311 5368 _ut_
1338 5307 1551 5368 causam
1588 5288 2079 5368 accipis(Filiisc_i-

517 5361 688 5438 licet},
721 5361 822 5422 non
846 5367 1063 5438 estsine
1083 5364 1349 5438 principio
1371 5361 1564 5430 (Filius
1595 5362 1847 5438 scilicet),
1876 5362 2077 5428 princi-

522 5429 893 5511 piun't'qtnppe
928 5429 1237 5511 iiihli’ater
1265 5429 1353 5484 cst
1385 5442 1440 5511 ut
1477 5445 1657 5483 causa.
1700 5429 2069 5511 Notatumest

520 5500 678 5578 paulo
693 5500 853 5575 supra
878 5524 904 5556 a
934 5504 991 5557 S.
1017 5503 1241 5564 Thoma,
1269 5504 1484 5555 nomine
1515 5514 1689 5553 causa:
1713 5500 1880 5553 solam
1904 5500 2066 5569 origi-

589 5673 663 5731 (ιεῖι
696 5664 1068 5718 Substantiatu
1105 5664 1256 5727 dicit,
1291 5664 1341 5716 id
1378 5674 1459 5719 est
1494 5676 1763 5718 naturam.

2188 5310 2309 5349 nem
2339 5313 2689 5365 personarum
2713 5309 2932 5355 sanctos
2963 5299 3154 5354 Patres
3173 5296 3479 5367 signiﬁcare
3500 5291 3763 5367 voluisse;

2174 5364 2496 5439 i_t_a_que_cutn
2526 5371 2597 5423 ait
2618 5369 2910 5439 Gregorius
2928 5370 3153 5436 Naziau,
3180 5364 3761 5439 :Princtpiumquippe
3781 5418 3799 5434 ,

2178 5432 2298 5507 [filii
2354 5434 2516 5490 Pater
2538 5450 2643 5507 iest
2700 5432 2757 5493 υἷ
2793 5455 2991 5502 causa,
3031 5432 3256 5507 perinde
3297 5446 3381 5491 est
3418 5445 3477 5489 ut
3522 5433 3764 5488 diceret:

2178 5501 2509 5576 Principium
2534 5506 2655 5564 Filii
2691 5521 2774 5565 est
2814 5501 3049 5564 Paterui
3077 5510 3249 5578 origo.
