4028 6270
499 353 613 415 939

1657 351 1983 410 JOANNIS
2025 348 2589 410 CYPARISSi-O'l‘z'E

3639 331 3753 397 9m

509 462 620 524 Sic.
648 465 842 528 inquit,
884 474 939 517 et
965 462 1197 531 Spiritus
1231 470 1450 516 sanctus
1475 464 1563 531 qui
1599 480 1626 516 a
1659 464 1792 516 Filio
1825 465 1984 518 datur
2009 473 2063 518 et
2094 474 2139 526 Α
2167 466 2373 531 omnia;
2400 464 2582 519 omnia
2614 461 2759 517 enim
2793 456 2989 521 Verbo,
3027 466 3084 510 et
3109 451 3385 524 Sapientia
3410 449 3549 506 facta
3578 449 3750 505 sunt;

510 553 765 615 mittitur,
797 560 852 604 et
888 562 972 606 est
1005 553 1118 620 ipse
1162 566 1348 615 unttm,
1384 560 1439 604 et
1484 567 1588 604 non
1637 555 1821 614 multa,
1863 570 1960 608 nec
2002 570 2064 607 ex

435 631 440 636 ’
509 645 692 698 multis
721 659 905 706 unum,
955 643 1046 699 sed
1080 645 1193 710 ipse
1240 643 1414 694 solum
1463 644 1718 709 Spiritus.
1761 645 1894 697 Cum
1923 646 2065 698 enim

508 745 648 784 unus
672 731 741 784 sit
766 729 954 793 Filius,
987 730 1076 796 qui
1106 740 1190 782 est
1214 727 1448 783 Verbum
1481 733 1684 795 vivens,
1711 742 1924 800 oportet
1949 747 2069 785 esse

506 835 670 874 unam
702 821 864 872 vitam
908 820 1224 888 perfectam,
1260 828 1316 872 et
1359 820 1694 888 implentcm,
1727 823 2072 876 sanctiﬁcan-

509 924 635 976 tem,
684 921 734 964 ct
772 911 1191 973 illuminantem,
1238 926 1358 978 qua)
1407 921 1490 966 est
1529 915 1747 983 energia
1802 915 1986 990 ipsius‘
2013 926 2070 970 et

505 1002 728 1064 donum,
759 1001 900 1068 quod
946 1001 1161 1068 quidem
1205 1015 1270 1053 ex
1317 999 1476 1055 Patre
1507 1001 1706 1055 dicitur
1752 1004 2066 1070 procedere.

506 1092 569 1144 Et
601 1093 774 1144 adhuc
809 1109 820 1144 :
865 1089 1143 1156 Quomodo
1175 1085 1281 1144 non
1312 1091 1450 1144 ultra
1479 1107 1694 1145 omnem
1727 1093 2066 1162 impietatem

503 1165 723 1248 quidam
778 1181 1098 1249 procedunt,
1162 1181 1248 1247 qtti
1305 1181 1569 1250 Spiritum
1626 1194 1874 1238 sanctum
1930 1185 2070 1238 inter

503 1280 789 1325 creaturas
847 1281 1054 1339 ponunt
1091 1255 1115 1325 ἐ
1157 1282 1212 1325 et
1261 1287 1366 1326 non
1409 1274 1590 1342 potius
1637 1276 1969 1329 conﬁtentur
2002 1291 2066 1330 ex

501 1364 679 1415 divina
730 1375 920 1416 natura
971 1365 1236 1418 exsistere
1280 1366 1423 1432 quod
1480 1382 1545 1419 ex
1604 1366 1716 1434 ipsa
1771 1364 2066 1422 secundum

502 1456 864 1508 substantiam
899 1456 1162 1523 procedit,
1212 1466 1264 1508 et
1305 1463 1564 1524 tanquam
1616 1457 1783 1510 Deum
1821 1458 1872 1511 in
1913 1459 2069 1513 nobis

502 1546 789 1601 habitare?
810 1544 1105 1613 Gregorius
1135 1544 1411 1617 Nyssenus
1436 1548 1488 1600 in
1519 1546 1843 1601 Catecltetico
1870 1565 1886 1600 :
1918 1527 2066 1614 Esse,

503 1639 701 1703 inquit,
734 1637 967 1691 Verbum
1005 1637 1120 1700 Dei,
1163 1647 1218 1690 et
1261 1638 1353 1692 Dei
1385 1636 1668 1707 Spiritum,
1694 1641 1945 1704 virtutes,
1981 1655 2068 1694 se-

501 1729 735 1781 cundant
770 1729 1128 1782 substantiam
1174 1743 1274 1796 per
1308 1743 1367 1782 se
1405 1730 1736 1783 exsistentes
1768 1728 2070 1785 cﬂ‘ectrices

2172 567 2228 611 et
2255 555 2595 610 ordinatione
2621 553 2738 621 ejus
2756 556 2976 602 manent
2999 549 3277 600 universa.
3307 541 3373 594 Et
3402 541 3453 594 in
3480 541 3647 607 epist.
3683 541 3754 592 ad

2173 647 2551 716 Serapionem:
2587 643 2804 707 Paulus,
2834 639 3027 708 inquit,
3058 637 3249 691 scribit
3273 630 3427 688 Tito:
3469 632 3573 687 Per
3602 649 3754 701 rege-

2171 739 2490 791 nerationem
2525 745 2572 788 et
2622 733 3004 786 rettovatiouem
3061 727 3295 796 Spiritus
3327 725 3521 788 sancti,
3591 739 3754 792 quem

2171 825 2354 892 eﬂ’udit
2391 825 2442 882 in
2485 839 2578 875 nos
2635 821 2841 872 abunde
2890 835 2984 887 per
3055 815 3239 868 Iesum
3291 813 3556 870 Christum
3592 812 3664 865 ”.
3695 813 3751 866 Si

2171 928 2350 970 autem
2411 915 2566 970 Pater
2601 929 2695 982 per
2727 910 2962 965 Verbum
2993 909 3044 962 in
3090 907 3291 976 Spiritu
3346 917 3536 960 sancto
3593 915 3757 958 creat

2170 1007 2349 1056 omnia
2395 1011 2449 1056 et
2500 1010 2753 1064 renovat;
2812 1012 2931 1067 quae
2990 997 3306 1061 similitudo,
3357 1005 3450 1048 aut
3511 993 3754 1047 alﬁnitas

2171 1097 2374 1149 creanti
2408 1109 2528 1147 cum
2558 1091 2865 1146 creaturis?
2897 1087 3251 1157 Consequens
3273 1087 3414 1141 enim
3447 1096 3530 1140 est
3560 1094 3623 1138 ut
3652 1086 3756 1137 htt-

2166 1187 2402 1256 jusmtnli
2453 1184 2785 1253 blaSphemia
2817 1184 2867 1236 in
2897 1181 3090 1235 Filium
3127 1181 3292 1234 etiam
3341 1189 3544 1241 manet,
3574 1186 3636 1231 ut
3657 1176 3752 1243 qui

2171 1277 2358 1329 dicunt
2390 1275 2649 1343 Spiritum
2682 1283 2925 1329 sauctmu
2951 1288 3074 1328 esse
3096 1281 3429 1334 creaturam,
3460 1271 3643 1325 dicant
3676 1268 3758 1320 si-

2174 1371 2391 1431 militer,
2426 1366 2682 1430 Verbum,
2711 1380 2808 1434 per
2833 1366 2976 1432 quod
3007 1365 3190 1416 omnia
3211 1373 3492 1425 creantur,
3519 1371 3750 1438 creatu-

2171 1476 2284 1513 ram
2322 1474 2463 1514 esse.
2492 1458 2560 1512 Et
2595 1471 2782 1512 rursus
2814 1457 2972 1510 'idem
3016 1456 3070 1508 in
3122 1454 3494 1523 disputatione
3547 1461 3749 1507 contra

2171 1551 2360 1604 Arium
2386 1568 2396 1600 :
2437 1548 2542 1604 Fac
2575 1549 2702 1603 velis
2734 1549 3047 1615 recolligere
3072 1545 3524 1614 conquisitionem
3556 1545 3623 1598 de
3650 1542 3750 1596 Fi-

2173 1641 2265 1706 lio,
2294 1655 2411 1706 quae
2442 1654 2538 1694 nos
2570 1641 2826 1694 comitata
2847 1649 2951 1704 est,
2985 1648 3039 1692 et
3070 1637 3310 1704 reperies
3335 1647 3590 1689 aaternani
3617 1633 3747 1702 Spi-

2176 1732 2308 1786 ritus
2333 1731 2505 1785 sancti
2535 1730 2789 1784 virtutem
2819 1728 3058 1795 ejusdem
3081 1724 3397 1780 sttbstautia:
3422 1740 3546 1777 cum
3578 1723 3749 1777 Patre

502 1837 687 1876 eorum
714 1836 831 1889 qua:
866 1820 1008 1874 facta
1041 1830 1189 1885 sunt,
1216 1830 1270 1873 et
1296 1822 1636 1875 continentes
1669 1837 1731 1875 ea
1760 1837 1878 1890 quae
1913 1830 2060 1882 sunt.
2094 1811 2137 1866 Β
2167 1823 2361 1876 dictam
2389 1836 2510 1876 esse
2539 1837 2604 1876 ex
2637 1821 2808 1887 digito
2830 1820 2970 1888 ejus.
3005 1818 3151 1872 Sane
3172 1815 3389 1886 quidem
3408 1829 3529 1869 cum
3562 1815 3744 1868 virtu-

501 1930 563 1976 es
626 1913 819 1965 tlLvinis
874 1911 1174 1979 Scripturis
1213 1913 1642 1966 demonstratur.
1707 1911 1872 1966 Verbo
1919 1914 2063 1966 enim

507 2007 714 2059 Domini
746 2004 861 2058 ειηιὶ
900 2005 1099 2072 [innati
1140 2014 1280 2066 sunt,
1327 2019 1373 2056 et
1408 2003 1618 2073 Spiritu
1649 2008 1754 2060 oris
1803 2006 1917 2072 ejus
1957 2022 2065 2058 om-

505 2101 582 2150 nis
616 2100 778 2150 virtus
805 2113 985 2150 eorum
1009 2097 1075 2148 θ’.
1113 2093 1191 2146 Ex
1240 2095 1323 2148 his
1354 2105 1519 2160 patet,
1549 2097 1780 2163 primum
1823 2097 2064 2165 quidem,

505 2192 803 2258 ingenitum
839 2189 892 2241 in
922 2186 1210 2246 Trinitate.
1244 2201 1364 2255 qua)
1387 2202 1548 2255 supra
1572 2187 1928 2241 substantiam
1959 2200 2062 2254 est,

506 2295 679 2347 neque
710 2279 1070 2332 substantiam
1106 2293 1250 2342 esse,
1279 2293 1452 2346 neque
1480 2278 1864 2346 proprietatem
1895 2279 2065 2348 hypo-

505 2371 753 2423 staticam
791 2367 881 2419 Dei
910 2363 1128 2429 Patris;
1159 2365 1496 2434 hypostatica
1527 2365 1674 2418 enim
1711 2365 2065 2434 hypostasim,

506 2461 620 2512 sive
651 2472 934 2526 personam
974 2457 1250 2517 exhibent,
1289 2470 1573 2522 personam
1601 2463 1779 2509 autem
1804 2455 2069 2510 deﬁniunt

505 2564 792 2602 mmmuue
833 2564 954 2602 cum
997 2549 1231 2616 quadam
1255 2548 1591 2616 proprietate
1621 2564 1636 2600 :
1673 2547 1782 2609 vel,
1815 2552 2069 2602 substan-

508 2644 636 2694 tiam
683 2657 804 2695 cttm
851 2639 1147 2694 accidente.
1205 2636 1262 2692 Si
1310 2648 1495 2692 autem
1553 2638 1854 2705 ingenitum
1890 2653 2069 2708 neque

506 2733 806 2787 substantia
852 2740 957 2796 est,
999 2745 1097 2785 nec
1128 2729 1397 2796 accidens.
1429 2728 1630 2784 nullam
1663 2743 1948 2798 personam
1976 2745 2070 2784 ex-

505 2824 693 2887 hibet,
747 2821 862 2876 sive
899 2820 1154 2886 ostendit,
1203 2829 1257 2875 et
1294 2819 1495 2874 idcirco
1547 2835 1720 2889 neque
1766 2821 2070 2890 proprietas

507 2918 845 2986 hypostatica
875 2922 955 2968 est
987 2928 1001 2964 :
1033 2913 1184 2966 notio
1215 2921 1395 2965 tamen
1425 2921 1506 2966 est
1530 2912 1707 2966 Patris
1735 2927 1838 2966 non
1865 2912 2069 2966 haben-

511 3005 578 3057 tis
612 3018 850 3068 causam,
883 3003 1027 3071 quod
1063 3002 1178 3069 ipse
1206 3000 1466 3058 solusest
1501 2999 1661 3057 Pater
1699 3016 1918 3056 causam
1961 3017 2067 3056 non

510 3100 732 3147 habens.
768 3091 1078 3146 Secundum
1109 3101 1192 3146 est
1224 3101 1477 3160 tanquam
1520 3108 1586 3148 ex
1625 3095 1729 3148 hoc
1761 3093 2066 3162 probatum,

510 3187 716 3238 sciliCt‘l
745 3199 852 3237 non
891 3197 1011 3238 esse
1048 3183 1102 3236 in
1136 3184 1249 3253 ipsa
1284 3183 1552 3240 Trinitate
1579 3185 1745 3238 alium
1775 3185 2066 3253 quemdam

510 3273 712 3330 {mitem
749 3273 1068 3339 divinitatis,
1093 3275 1194 3329 nisi
1229 3274 1404 3344 ipsum
1439 3275 1635 3340 solum,
1665 3276 1756 3343 qni
1795 3287 1880 3330 est
1910 3273 2071 3330 Pater

513 3369 678 3421 totius
718 3366 1040 3431 divinitatis,
1085 3382 1306 3422 causam
1355 3381 1460 3420 non
1497 3367 1702 3419 habens
1732 3382 1748 3433 ;
1781 3382 1881 3422 nec
1907 3369 2069 3421 aliam

511 3461 800 3528 quamdam
832 3460 1131 3513 naturalem
1162 3469 1216 3514 et
1251 3457 1666 3513 substantialem
1694 3461 1967 3529 energiam
2004 3475 2068 3513 ex

509 3553 692 3605 divina
723 3552 1028 3606 substantia
1081 3550 1528 3619 incomprehensa
1565 3551 1938 3621 prodeuntem,
1966 3551 2068 3604 nisi

512 3645 705 3698 Filium
754 3658 916 3712 supra
967 3642 1349 3707 substantiam,
1389 3652 1444 3697 et
1499 3640 1762 3711 Spiritum
1819 3651 2068 3697 sant-tum

513 3737 789 3791 naturales
824 3744 878 3791 et
921 3733 1303 3790 substantiales
1333 3734 1602 3805 euergias,
1641 3733 1756 3788 sive
1791 3743 1945 3787 actus
1977 3732 2069 3787 Dei

510 3843 728 3882 causam
763 3842 868 3880 non
896 3825 1164 3890 habentis,
1191 3834 1445 3894 tanquam
1475 3824 1762 3893 qualitates
1783 3811 2071 3897 et-fructus

511 3918 828 3972 substantia:
860 3916 1047 3985 ipsius.
1073 3915 1252 3983 Atque
1287 3915 1355 3968 ad
1389 3915 1530 3968 hunc
1551 3915 1768 3968 modum
1789 3927 1916 3966 vere
1942 3928 2073 3967 con-

513 4007 698 4060 stituta
733 4015 786 4058 et
815 4004 1088 4060 declarata
1139 4003 1297 4058 nobis
1327 4013 1409 4057 est
1439 4004 1644 4068 divina,
1691 4012 1748 4057 et
1781 4015 1940 4070 supra
1977 4016 2073 4055 na-

517 4109 691 4150 turam
718 4095 998 4149 beatitudo
1032 4094 1197 4147 trium
1249 4107 1601 4161 personarum
1653 4092 1798 4145 nulla
1837 4107 1894 4146 re
1929 4090 2072 4144 iudi-

509 4205 664 4256 gens,
707 4196 761 4240 et
791 4201 886 4256 per
910 4199 972 4241 se
1008 4183 1342 4254 plenissima.

1103 4293 1331 4350 CAPUT
1381 4292 1472 4348 Vl.

509 4390 662 4455 Quod
694 4390 746 4441 in
790 4387 1070 4449 Trinitate,
1106 4402 1208 4439 non
1256 4397 1333 4440 est
1359 4386 1468 4438 alia
1500 4386 1754 4452 operatio,
1783 4395 1831 4438 et
1859 4403 2068 4451 manus,

2167 1924 2272 1969 tem
2299 1915 2529 1984 Spiritus
2547 1914 2717 1968 sancti
2753 1911 3220 1988 inexpugnabilem
3241 1910 3379 1978 magi
3411 1909 3463 1960 in
3507 1907 3744 1977 {Egypto

2165 2005 2506 2075 contemplati
2531 2004 2853 2066 clamabant,
2873 2004 3110 2057 aientes:
3136 2001 3340 2070 Digitus
3353 1998 3462 2054 Dei
3485 1999 3742 2064 esthoc";

2167 2096 2298 2150 nihil
2348 2095 2492 2149 aliud
2542 2094 2939 2150 conﬁtebantur
3025 2090 3286 2147 vocabulo
3342 2091 3516 2159 digiti,
3578 2105 3741 2157 quam

2165 2187 2441 2251 virtutem,
2473 2187 2585 2238 sive
2609 2193 2926 2254 potestatem
2943 2182 3178 2252 Spiritus
3203 2181 3376 2236 sancti
3413 2183 3740 2240 homousion.

2167 2278 2218 2332 id
2277 2286 2358 2331 est
2415 2276 2656 2345 eiusdem
2703 2275 3037 2337 substantiaz,
3093 2287 3256 2341 quam
3289 2273 3601 2325 habetcum
3631 2270 3741 2324 Deo

2166 2367 2359 2434 Patre;
2413 2369 2502 2423 cui
2548 2369 2812 2422 vocabulo
2868 2367 3022 2437 digiti
3051 2381 3156 2418 non
3189 2372 3364 2434 potest
3414 2364 3738 2429 contradici,

2167 2477 2342 2530 neque
2367 2461 2676 2530 repugnari.
2721 2460 2784 2512 Et
2808 2465 3030 2512 sanctus
3061 2457 3314 2528 Cyrillus,
3353 2457 3450 2510 lib.
3479 2471 3545 2508 xv
3585 2453 3738 2510 .The-

2168 2566 2486 2604 saurorum:
2522 2548 2576 2603 Si
2609 2549 2810 2613 omnia,
2864 2548 3059 2616 inquit,
3101 2548 3154 2599 itt
3187 2545 3474 2614 sapientia,
3500 2555 3555 2597 et
3581 2559 3737 2597 manu

2169 2639 2260 2693 Dei
2286 2639 2426 2694 facta
2450 2647 2600 2701 sunt,
2623 2623 2922 2706 Scripiurae
2945 2653 3072 2691 vero
3098 2636 3292 2690 divina:
3320 2635 3387 2688 de
3429 2634 3540 2689 Deo
3566 2633 3738 2689 Verbo

2167 2730 2444 2783 clamant:
2481 2727 2673 2784 Omnia
2706 2744 2798 2795 per
2835 2728 3006 2796 ipsum
3034 2726 3176 2794 facta
3198 2732 3340 2788 sunt,
3380 2733 3429 2777 et
3484 2724 3598 2778 sine
3632 2726 3738 2792 ipso

2169 2819 2368 2888 factum
2400 2828 2473 2873 est
2520 2819 2654 2872 nihil
2686 2819 2753 2884 ⁸⁸,
2811 2834 2916 2872 non
2948 2827 3122 2888 potest
3151 2831 3270 2870 esse
3295 2832 3432 2886 opus
3466 2819 3736 2887 sapientia:
3799 2859 3805 2863 .

2170 2910 2263 2964 Dei
2291 2909 2496 2974 Filius;
2523 2911 2614 2963 sed
2647 2909 2825 2978 potius
2852 2908 2966 2976 ipse
3002 2919 3086 2962 est
3109 2910 3398 2977 sapientia,
3445 2920 3500 2963 et
3519 2924 3736 2972 utanus,

2171 3016 2274 3070 qua
2299 3010 2496 3056 cuncta
2527 3000 2668 3055 Deus
2715 3011 2992 3068 operatur.
3036 3001 3099 3053 ltlt
3131 3000 3308 3055 adhuc
3326 3002 3463 3054 idem
3508 3002 3601 3055 lib.
3628 3016 3738 3064 xw,
3813 3065 3816 3069 _

2171 3093 2479 3146 eorumdetn
2513 3093 2893 3155 Thespurorum
2921 3107 2940 3146 :
2973 3091 3130 3158 Quia,
3177 3093 3372 3161 inquit,
3402 3092 3628 3158 simplex
3653 3101 3740 3146 est

2171 3185 2335 3249 Deus,
2379 3183 2514 3237 nihil
2541 3185 2684 3237 aliud
2729 3195 2929 3253 praeter
2961 3185 3139 3252 ipsum
3179 3192 3260 3238 est
3287 3183 3558 3247 fortitudo,
3608 3198 3731 3250 qua:

2171 3277 2224 3329 in
2249 3277 2364 3344 ipso
2383 3285 2507 3342 est;
2551 3279 2644 3330 sed
2676 3276 2855 3342 petius
2910 3275 3028 3342 ipse
3060 3275 3265 3330 scilicet
3298 3283 3377 3328 est
3403 3272 3588 3336 Filius,
3630 3272 3724 3342 qui

2175 3383 2333 3422 unam
2365 3383 2485 3422 cum
2522 3367 2684 3422 Patre
2713 3368 3099 3432 substantiam,
3127 3377 3182 3421 et
3203 3367 3440 3420 eamdem
3476 3373 3730 3416 naturam

2173 3457 2370 3524 habet;
2407 3468 2464 3512 ut
2494 3457 2586 3526 qui
2612 3457 2684 3512 sit
2703 3473 2865 3512 unum
2882 3472 3003 3511 cum
3023 3472 3090 3512 eo
3108 3457 3198 3526 qui
3231 3455 3434 3526 genuit,
3459 3454 3501 3508 si
3527 3463 3579 3508 et
3598 3454 3737 3507 Deus

2173 3562 2237 3602 ex
2284 3548 2414 3613 Deo,
2455 3559 2510 3603 et
2541 3549 2720 3602 lumen
2765 3563 2832 3602 ex
2868 3547 3070 3601 lumine
3126 3546 3420 3616 splenduit,
3473 3543 3742 3608 Filius,et

2180 3655 2286 3693 non
2329 3640 2488 3694 Pater
2520 3639 2848 3694 intellectus.
2886 3619 3054 3709 Igitur
3087 3639 3261 3693 omnis
3301 3637 3517 3705 energia
3545 3647 3601 3691 et
3631 3637 3741 3688 vir-

2175 3741 2262 3787 tus
2316 3730 2513 3795 Patris,
2555 3748 2649 3800 per
2678 3747 2840 3799 quam
2893 3732 3074 3784 omnia
3138 3740 3414 3798 operatur,
3469 3731 3740 3798 quomodo

2171 3833 2316 3877 esset
2366 3833 2567 3877 naturae
2594 3822 2823 3877 creatis?
2854 3821 3022 3886 Idem,
3057 3821 3120 3898 in,
3161 3820 3425 3889 capitibus
3447 3820 3509 3874 de
3537 3817 3742 3886 Spiritu

2173 3926 2354 3970 sancto
2384 3955 2399 3980 ,
2441 3915 2517 3968 ait
2553 3919 2606 3968 itt
2641 3917 2874 3982 quodam
2895 3915 3011 3969 loco
3041 3915 3292 3969 Christus
3315 3915 3598 3982 diSputans
3617 3927 3738 3966 cum

2172 4007 2404 4063 Judtcis':
2435 4005 2494 4062 Si
2529 4016 2708 4061 autem
2738 4007 2902 4076 digito
2941 4005 3039 4060 Dei
3068 4007 3223 4076 ejicio
3251 4003 3531 4067 dwmonia,
3577 4003 3742 4072 igitur

2173 4099 2400 4163 peruenit
2426 4101 2482 4152 in
2514 4114 2601 4152 vos
2639 4115 2848 4166 regnum
2881 4097 2977 4151 Dei
3008 4098 3076 4156 ",
3114 4098 3216 4152 hoc
3246 4097 3367 4152 loco
3396 4096 3619 4165 digitum
3647 4096 3743 4148 de-

2183 4199 2448 4244 monstrat
2476 4204 2596 4244 esse
2621 4189 2885 4258 Spiritqu
2920 4197 3188 4251 sanctum,
3208 4189 3299 4257 qui
3329 4188 3485 4242 modo
3504 4185 3740 4256 quodam
3799 4177 3803 4180 ⁴

2175 4299 2236 4336 ex
2272 4285 2451 4337 divina
2510 4285 2814 4338 substantia
2869 4283 3194 4337 naturaliter
3233 4283 3527 4350 productus
3555 4287 3660 4340 est,
3685 4287 3741 4331 et

2177 4375 2497 4429 naturaliter
2518 4391 2582 4430 ex
2611 4391 2674 4430 ea
2707 4375 2921 4443 pendet,
2954 4376 3096 4429 sicut
3122 4374 3325 4444 digitus
3361 4389 3424 4428 ex
3457 4386 3616 4425 manu
3640 4369 3740 4422 ho-

578 4475 671 4535 ιζδῖ
712 4473 877 4535 quam
932 4457 1110 4509 οηιηία
1160 4455 1304 4510 De!“
1335 4466 1603 4535 Qt’eraltft'.
1635 4455 1738 4535 nisi
1785 4455 1975 4535 Filius,
2019 4470 2068 4512 et
2102 4463 2145 4517 D
2176 4468 2371 4532 minis;
2424 4465 2617 4519 Filium
2671 4467 2815 4525 enim
2855 4467 3132 4535 appellant
3192 4466 3388 4520 divinae
3447 4463 3742 4530 Scriptura}
3799 4503 3817 4532 δ

577 4525 807 4596 Spiritus
861 4537 1114 4590 sanctus;
1172 4541 1264 4580 nec
1292 4525 1690 4596 aliqsapientiu
1719 4539 1765 4578 et
1798 4529 1982 4591 virtus,
2016 4539 2066 4581 et

579 4593 776 4668 gloria,
803 4607 849 4651 et
881 4598 1055 4665 imago
1083 4596 1198 4661 Dei,
1237 4597 1340 4650 nisi
1369 4593 1546 4648 Filius
1572 4605 1620 4648 et
1653 4593 1907 4664 Spiritus.

577 4735 802 4804 Magnus
830 4736 1183 4798 Athanasius,
1217 4735 1354 4790 libro
1371 4735 1560 4805 quinto
1591 4733 1789 4790 Contra
1819 4737 2068 4794 Arianos:

506 4826 680 4891 Sicut,
713 4825 1064 4896 inquit,Deus
1097 4826 1259 4879 Pater
1287 4836 1565 4880 creaturas
1588 4823 1766 4879 Verbo
1794 4839 1967 4896 creat,
1993 4830 2073 4884 sic

515 4920 805 4972 secundum
842 4931 1089 4970 tiaturam
1131 4917 1365 4986 propria:
1412 4917 1729 4972 substantiae
1757 4919 1916 4974 habet
1949 4937 2073 4988 ger-

505 5026 624 5064 mcu
653 5007 909 5074 Verbum,
942 5009 1083 5076 quod
1108 5008 1404 5062 fabricatur
1429 5018 1495 5086 et,
1524 5017 1691 5074 creat,
1712 5019 1766 5063 et
1792 5013 2060 5079 gubernat

570 5151 612 5182 ⁸³
647 5150 785 5205 Psal.
823 5147 1061 5214 xxxn,6.
1124 5147 1169 5178 "
1188 5141 1294 5200 Tit.
1319 5160 1396 5208 ιιι,
1420 5144 1470 5201 6.
1537 5147 1582 5178 ”
1610 5147 2012 5212 ltlxotl.vut,t9.
2081 5150 2300 5205 “Joan.
2345 5167 2382 5214 ι,
2415 5151 2468 5206 3.
2509 5151 2703 5205 “Luc.
2757 5151 2941 5213 xt,20.
3007 5153 3487 5216 "Psal.xcvttt,t.

501 5226 750 5290 x_xv1.lt.

2177 4553 2536 4612 hrachium‘et
2567 4559 2842 4611 dexteram
2869 4557 2986 4621 Dei,
3022 4557 3162 4611 sicut
3194 4557 3457 4626 scriptum
3484 4563 3570 4608 est
3593 4550 3741 4608 :Sal-
3794 4609 3806 4628 ,

2170 4651 2305 4703 uavit
2327 4665 2444 4702 cum
2469 4651 2684 4702 dextera
2713 4649 2848 4718 ejus,
2891 4659 2938 4702 et
2974 4648 3241 4702 brachium
3277 4659 3515 4702 sanctum
3543 4645 3738 4715 ejus";
3790 4643 3814 4714 ’ς

2169 4753 2224 4798 et
2265 4742 2394 4794 illud
2421 4758 2435 4795 :
2479 4741 2724 4804 Domine,
2756 4742 3018 4795 excelsum
3052 4741 3322 4794 brachium
3345 4751 3512 4800 tuum,
3555 4748 3603 4792 et
3636 4749 3772 4791 non‘
3802 4720 3813 4766 ἶ

2169 4845 2540 4903 cognoverunt,
2591 4843 2954 4902 cognoscentes
2991 4843 3183 4888 _atttem
3228 4831 3624 4900 confundantur
3667 4829 3738 4884 ".

2184 4925 2344 4978 Sicut
2384 4926 2544 4992 igitur
2578 4924 2860 4977 brachium
2892 4922 3283 4976 naturaliterin
3317 4931 3486 4975 totuut
3543 4935 3742 4990 corpus

2167 5024 2407 5084 aptatum
2477 5023 2580 5078 est,
2615 5014 2796 5067 omnia
2827 5029 3056 5082 cperans
3101 5029 3433 5083 quacunque
3468 5014 3630 5067 menti
3665 5015 3744 5066 vi-

3572 5151 3615 5182 ιτ
3636 5149 3742 5206 lsa.

1991 5291 2267 5359 Schoba.

500 5390 766 5458 Spiritum
798 5397 1066 5452 sanctum,
1099 5388 1238 5442 sicut
1269 5387 1498 5458 dulcedo
1527 5404 1589 5442 ex
1626 5389 1806 5454 melle,
1841 5399 1897 5444 et
1927 5391 2061 5444 odor

497 5457 559 5512 mi
595 5462 746 5520 (iure,
785 5468 1032 5530 etﬁvapor
1064 5471 1328 5530 cxi'aqua.
1351 5457 1468 5530 Quo
1497 5462 1770 5530 eaetnploi
1793 5463 1930 5512 idem
1958 5459 2065 5530 Cy-

497 5534 651 5583 l‘tlltls
677 5544 794 5595 cap.
832 5529 861 5579 7
893 5528 1080 5591 utitur;
1109 5529 1185 5580 sic
1208 5529 1350 5580 enim
1378 5529 1488 5581 ait:
1527 5526 1870 5596 Relinquitur
1901 5526 2064 5597 igitur

498 5609 554 5650 ut
611 5598 918 5650 necessario
963 5597 1331 5650 contitendum
1388 5597 1478 5659 sit,
1511 5613 1630 5651 esse
1654 5615 1718 5650 ex
1761 5599 2065 5652 substantia

495 5666 636 5736 ejus,
671 5683 789 5718 cum
813 5681 1026 5719 omnem
1053 5666 1169 5718 Filii
1200 5667 1288 5720 |)ei
1313 5669 1569 5736 virtutem
1593 5677 1645 5721 et
1671 5668 2068 5736 operationem,

2159 5400 2435 5459 operatur.
2472 5404 2567 5446 eos
2593 5391 2734 5460 apud
2763 5407 2900 5459 quos
2923 5401 3025 5452 est,
3063 5389 3366 5511 refrigeret,
3399 5398 3454 5444 et
3480 5398 3740 5443 naturam

2163 5476 2315 5511 aunze
2343 5460 2486 5511 unde
2537 5463 2822 5511 emittitur.
2857 5461 3146 5511 signiticet.
3181 5459 3198 5511 Ι
3229 5471 3453 5511 actenus
3484 5459 3740 5511 Cvrillus.

2163 5460 2486 5527 aqnzeunde
2537 5459 2822 5524 emittitur,
2857 5461 3146 5529 signiticet.
3181 5459 3453 5529 Hactenus
3484 5459 3742 5529 Cyrillus.

2163 5532 2252 5583 Sic
2295 5530 2478 5596 itaque
2529 5530 2736 5584 vocavit
2771 5533 2857 5582 hic
2897 5531 3160 5598 Spiritum
3197 5540 3468 5590 sanctum,
3503 5529 3742 5596 qualita-

2167 5609 2270 5669 tem
2298 5598 2601 5669 divinitatis
2644 5601 2961 5669 symbolice,
2983 5599 3225 5652 adhibita
3256 5600 3745 5669 correctionever—

2166 5668 2243 5729 hi,
2269 5677 2327 5720 ut
2353 5667 2396 5720 si
2431 5667 2687 5722 vocasset
2707 5683 2956 5736 vaporem
2984 5669 3302 5724 substantiae
3333 5667 3549 5732 divina},
3571 5667 3744 5724 simili

502 5734 717 5801 habeat,
744 5745 796 5788 ut
827 5738 872 5791 si
907 5748 1068 5805 vapor
1085 5751 1150 5790 ex
1182 5750 1319 5804 aqua
1356 5735 1630 5804 ascendat,
1664 5734 1719 5791 et
1744 5752 1838 5806 per
1867 5752 1928 5790 ea
1954 5752 2070 5806 quae
2161 5737 2416 5806 exemplo
2438 5746 2492 5790 ct
2517 5734 2961 5809 sytnbolo’utens.
