4028 6270
325 318 428 384 9U

1217 318 1450 383 DECAS
1481 321 1674 381 lX.-
1714 320 1816 382 DE
1857 318 2306 378 lNFlNlTATE
2347 318 2426 378 IN
2470 319 2632 379 ΠΕΟ.

3451 319 3557 382 942

328 433 592 494 tit-antur;
648 428 788 483 solet
840 442 969 482 vero
1027 441 1228 497 ungere
1275 429 1447 497 digito
1481 429 1619 495 apud
1649 443 1772 481 eum
1800 427 1890 492 qui
1922 433 1964 486 Α
1996 427 2217 494 pientia,
2247 435 2367 480 erat
2424 428 2591 496 igitur
2617 439 2846 497 tempus,
2887 427 2940 482 in
2977 443 3083 496 quo
3109 438 3226 484 erat
3265 430 3406 485 Dens
3439 433 3556 486 sine

329 519 558 574 brachio
593 519 796 573 utitur:
826 518 906 572 sic
937 514 1170 571 Verbum
1213 518 1303 570 Dei
1339 531 1404 571 ex
1445 516 1583 584 ipso,
1611 526 1664 570 et
1693 518 1744 570 iu
1777 517 1892 584 ipso

328 610 650 664 naturaliter
675 617 944 678 aptatum,
988 617 1047 663 ut
1072 607 1146 663 ita
1185 609 1382 669 dicam,
1424 618 1478 663 et
1508 609 1729 662 insitum
1763 622 1894 661 con-

281 691 286 694 ’
327 702 640 756 sideramus
665 718 679 754 :
709 701 765 754 in
798 700 936 755 Filio
965 711 1144 754 autem
1175 700 1591 754 consideramus
1623 699 1890 767 Spiritum

327 790 655 845 naturaliter
681 799 736 844 et
760 790 1192 844 snbstantialiter
1238 805 1268 842 a
1295 789 1457 851 Patre
1491 791 1893 859 procedentem,

311 897 427 952 per
452 896 608 947 quem
633 881 814 933 omnia
841 895 1054 949 ungens
1087 881 1409 934 sanctiﬁcat.
1441 880 1555 932 Non
1587 880 1748 950 igitur
1773 877 1898 946 Spi-

323 973 465 1025 ritus
491 981 714 1025 sanctus
749 985 776 1023 a
806 971 986 1024 divina
1020 970 1324 1024 substantia
1355 970 1563 1025 alienus
1593 979 1648 1022 et
1680 969 1896 1038 disjun~

319 1073 450 1116 ctus
483 1060 712 1125 videtur,
745 1060 873 1128 quia
908 1061 1088 1129 potius
1120 1076 1183 1114 ex
1217 1060 1352 1127 ipsa,
1377 1060 1503 1113 etin
1536 1060 1649 1127 ipsa
1679 1068 1898 1111 natura-

321 1154 470 1207 liter.
498 1153 646 1204 Sicut
676 1154 838 1220 igitur
868 1151 1067 1219 digitus
1097 1151 1339 1219 corporis
1366 1151 1419 1204 in
1457 1165 1636 1214 manu,
1660 1149 1897 1217 ejusdem
1937 1158 1944 1166 ’

318 1248 536 1292 natura:
559 1253 746 1292 manus
769 1248 884 1299 est:
916 1242 996 1293 sic
1023 1254 1214 1293 rursus
1245 1249 1299 1293 et
1335 1253 1526 1292 manus
1555 1238 1610 1291 in
1645 1252 1893 1303 corpore,

319 1343 436 1380 non
467 1339 550 1381 est
579 1329 803 1383 alterius
837 1338 1062 1391 natura,
1094 1343 1254 1398 quam
1282 1329 1548 1399 corporis.
1583 1327 1704 1382 llaec
1733 1329 1898 1398 igitur

318 1436 450 1473 eum
473 1421 553 1475 sic
584 1423 716 1483 sint,
759 1422 1012 1491 sequitur
1039 1422 1203 1474 Deum
1236 1437 1356 1476 esse
1384 1421 1644 1491 Spiritu'm
1666 1439 1679 1474 :
1700 1432 1755 1476 et
1790 1436 1896 1474 non

323 1510 487 1563 aliter
510 1525 650 1566 esse.
705 1513 894 1566 Adhuc
924 1513 1064 1565 idem
1097 1513 1148 1566 in
1174 1513 1413 1567 eisdem:
1455 1512 1539 1565 Ait
1577 1513 1630 1564 iu
1665 1514 1896 1588 quodam

328 1603 445 1654 loco
470 1601 640 1656 Deus:
672 1602 868 1656 Caelum
897 1613 946 1656 et
987 1614 1179 1657 terram
1212 1620 1306 1672 ego
1330 1603 1520 1671 impleo
1550 1603 1618 1667 ’⁸,
1644 1603 1776 1657 dicit
1796 1603 1898 1656 Doo

329 1696 544 1756 minus;
574 1694 754 1764 implet
779 1696 987 1749 scilicet
1013 1697 1210 1764 ubique
1231 1711 1467 1763 prmsens
1498 1710 1594 1764 per
1615 1693 1895 1763 Spiritum,

329 1787 470 1850 quod
498 1787 710 1852 quidem
732 1803 850 1840 cum
877 1790 1040 1841 sciret
1063 1788 1150 1854 qui
1175 1788 1420 1843 Psalmos
1441 1788 1656 1852 cecinit,
1692 1788 1889 1842 aiebat:

329 1876 446 1938 Quo
475 1877 558 1928 ibo
586 1894 614 1929 a
645 1879 838 1944 spiritu
868 1879 996 1930 tuo?
1023 1877 1085 1930 Si
1112 1880 1395 1931 ascendere
1433 1879 1487 1931 in
1511 1878 1719 1941 caelum,
1748 1886 1803 1929 tu
1825 1877 1894 1928 il-

330 1967 402 2017 lic
437 1980 490 2018 es
527 1980 543 2017 :
577 1969 623 2019 si
652 1967 964 2020 descendet-0
988 1970 1042 2021 in
1069 1969 1357 2038 infernum,
1389 1969 1516 2021 ades
1540 1969 1610 2022 ’9.
1643 1968 1700 2020 Si
1734 1967 1896 2036 igitur

333 2071 428 2122 per
466 2053 722 2122 Spiritum
751 2059 937 2126 implet
966 2061 1146 2112 omnia
1179 2059 1336 2120 Deus,
1368 2060 1522 2113 adest
1551 2068 1728 2112 autem
1775 2057 1895 2112 ubi-

329 2163 472 2212 que:
512 2146 650 2201 Deus
700 2148 862 2217 igitur
883 2157 968 2204 est
1021 2147 1276 2218 Spiritus,
1318 2150 1500 2202 omnia
1547 2149 1878 2216 implens'nt

337 2236 500 2292 Deus.
534 2240 597 2291 Et
629 2239 682 2292 in
709 2241 909 2295 eisdem
940 2260 952 2294 :
979 2241 1094 2294 Non
1125 2256 1254 2309 ergo
1280 2249 1365 2294 est
1412 2239 1590 2294 factus
1639 2239 1892 2306 Spiritus,

329 2329 385 2382 in
413 2345 525 2399 quo
553 2330 712 2392 Dius,
749 2344 801 2386 et
827 2347 923 2400 per
944 2347 1101 2400 quem
1157 2333 1337 2385 omnia
1367 2341 1656 2398 operatur;
1692 2339 1744 2383 et
1773 2345 1895 2397 pro-

328 2427 450 2484 pter
483 2418 583 2471 hoc
645 2421 962 2474 honoratur.
1017 2419 1244 2487 Magnus
1295 2419 1650 2484 Athanasius,
1699 2419 1795 2472 lib.
1851 2432 1890 2470 ιι

327 2508 524 2562 Contra
548 2511 777 2565 Arianos
807 2529 826 2567 :
859 2512 1167 2579 Apostolus,
1200 2513 1395 2580 inquit,
1431 2511 1660 2580 gentiles
1709 2511 1773 2561 ad
1791 2511 1889 2560 Te-

329 2597 623 2650 verentiam
681 2615 807 2664 erga
841 2596 1005 2651 Deum
1045 2602 1292 2652 excitans
1325 2599 1536 2650 aiebat:
1596 2596 1894 2648 lm-isibilia

325 2691 464 2743 enim
499 2690 660 2756 ipsius
687 2705 720 2741 a
746 2699 990 2741 creatura
1014 2688 1194 2740 mundi
1223 2703 1314 2755 per
1342 2702 1401 2739 ea
1435 2702 1547 2755 qutr
1577 2685 1718 2750 facta
1745 2693 1884 2746 sunt,

331 2781 595 2833 intellecta
630 2775 1045 2848 conspiciuntur,
1106 2784 1423 2845 sempiterna
1483 2792 1684 2845 quoque
1729 2777 1894 2828 virtus

327 2875 442 2939 ejus
471 2881 516 2925 et
551 2873 798 2927 divinitas
831 2873 847 2903 ¹
875 2889 890 2930 :
924 2886 1044 2940 quae
1072 2883 1249 2924 autem
1309 2871 1379 2923 sit
1412 2867 1502 2922 Dei
1535 2870 1724 2932 virtus,
1747 2867 1890 2920 idem

332 2963 526 3017 Paulus
585 2964 766 3024 duret.
799 2980 918 3016 cum
945 2965 1053 3016 ait:
1101 2949 1342 3016 Christus
1373 2960 1472 3014 Dei
1510 2963 1696 3025 uirtus,
1717 2969 1766 3012 et
1797 2958 1892 3012 Dei

1997 516 2281 585 sapientia,
2305 527 2356 570 et
2373 516 2490 570 sine
2508 517 2722 579 virtute,
2743 532 2863 571 cum
2889 533 2994 571 non
3016 529 3160 573 esset
3193 518 3383 582 Filius,
3401 534 3528 573 crea
3558 549 3560 561 ι

1998 615 2119 660 tura
2151 607 2293 659 enim
2315 607 2474 675 plane
2497 623 2560 659 ex
2593 608 2760 660 nihilo
2793 607 2843 658 ﬁt
2873 623 2888 671 ;
2925 603 2980 660 at
3015 609 3228 676 sapiens
3261 618 3378 662 erat
3410 623 3556 664 sem-

1998 711 2094 764 per
2117 705 2170 750 et
2191 706 2374 765 potens
2399 695 2537 750 Deus
2561 713 2576 762 ;
2604 707 2720 751 erat
2748 697 2911 764 igitur
2932 698 2977 750 ei
3002 697 3186 759 Filius.
3220 701 3308 767 qui
3341 708 3421 752 est
3439 714 3557 752 om-

2001 790 2085 840 nia
2108 786 2244 841 inec.
2287 787 2352 840 Et
2378 789 2548 840 adhuc
2572 789 2716 854 ipse:
2754 787 3060 849 Conﬁteris,
3094 789 3286 856 inquit,
3326 790 3446 843 licet
3476 790 3556 843 in—

1999 878 2162 940 vitus,
2195 878 2466 941 liaaretice,
2501 879 2818 947 sapientiam
2847 881 2940 934 Dei
2977 860 3292 934 naturaliter
3320 881 3554 944 insitam,

1998 973 2053 1020 et
2086 967 2334 1020 virtutem
2365 969 2626 1022 exsistere
2661 971 2716 1023 in
2751 971 2868 1039 ipso
2897 971 3149 1026 inereate.
3203 969 3340 1024 Cum
3394 972 3558 1040 igitur

2000 1059 2186 1112 audies
2222 1055 2436 1120 Filium,
2466 1060 2551 1112 dic
2573 1061 2732 1114 etiam
2758 1077 2944 1116 rursus
2976 1064 3079 1116 duo
3109 1063 3378 1116 increata:
3420 1063 3559 1114 hanc

2003 1162 2127 1201 vero
2173 1148 2347 1215 ipsam
2380 1147 2432 1199 in
2477 1147 2584 1201 Deo
2619 1150 2937 1214 sapientiam
2962 1160 3014 1203 ct
3047 1153 3301 1204 virtutem
3324 1153 3559 1206 increate

1999 1250 2053 1292 et
2076 1240 2192 1293 sine
2242 1249 2480 1308 tempore
2505 1242 2846 1295 exsistentem
2892 1243 3162 1299 credimus
3191 1259 3311 1298 esse
3340 1243 3556 1310 Filium,

2000 1330 2089 1395 qui
2121 1330 2302 1382 omnia
2356 1331 2576 1394 creavit,
2613 1341 2666 1385 et
2694 1343 2910 1401 propter
2938 1347 3038 1387 nos
3073 1333 3248 1387 iactus
3300 1345 3380 1389 est
3404 1349 3554 1389 caro.

2003 1418 2065 1470 Et
2091 1419 2264 1473 adhuc
2294 1421 2404 1488 ipse
2447 1421 2498 1472 in
2527 1422 2757 1486 septimo
2791 1424 2856 1474 ad
2890 1421 3164 1477 llermiam
3214 1426 3350 1478 libro
3371 1426 3556 1494 dispu-

2002 1519 2124 1563 tans
2154 1525 2300 1562 more
2331 1510 2562 1576 dialogi:
2588 1511 2718 1565 Cvn.
2761 1511 2817 1564 ln
2851 1513 2956 1579 quo
2991 1522 3116 1567 sunt
3139 1516 3431 1584 sapientes,
3464 1515 3556 1583 qui

2002 1600 2274 1668 sapientes
2308 1599 2484 1652 ﬁunt?
2520 1599 2695 1655 lienis.
2728 1603 2782 1654 In
2835 1594 3097 1671 sapientia
3127 1603 3258 1657 Cvtt.
3312 1604 3481 1673 igitur
3507 1605 3556 1658 si

2004 1689 2237 1757 Spiritus
2265 1693 2581 1758 sapientiam
2614 1695 2768 1746 docet
2801 1708 2861 1746 ea
2896 1707 3015 1761 qua:
3045 1703 3168 1746 sunt
3201 1704 3322 1762 apta
3361 1697 3426 1748 ad
3461 1711 3556 1749 cao

1998 1774 2248 1841 piendum
2303 1778 2644 1844 sapientiam,
2689 1781 2907 1833 omnino
2939 1781 3198 1849 sapientia
3244 1784 3368 1850 erit,
3395 1792 3448 1836 et
3478 1786 3558 1837 in—

1999 1866 2283 1935 telligetur,
2317 1870 2459 1922 hunc
2501 1882 2679 1925 autem
2721 1873 2954 1928 diximus
2987 1889 3107 1928 csse
3137 1875 3322 1930 Deum.
3362 1878 3422 1932 Et
3458 1881 3556 1932 ad.

1998 1959 2103 2012 huc
2143 1962 2193 2011 in
2225 1960 2288 2013 iis
2313 1977 2428 2029 qua:
2459 1962 2526 2014 de
2553 1961 2754 2030 Spiritu
2801 1972 2960 2018 aucto
3018 1967 3272 2035 scripsit.:
3317 1969 3557 2025 Libenter

1994 2050 2154 2116 igitur
2182 2053 2344 2119 magis
2382 2053 2648 2121 gloriabor
2675 2056 2726 2107 in
2751 2055 3156 2118 inﬁrmitatibus
3189 2062 3340 2124 meis,
3373 2073 3430 2114 ut
3470 2064 3556 2116 in-

1995 2141 2188 2194 habitet
2223 2143 2277 2193 in
2319 2159 2398 2195 me
2446 2145 2612 2196 virtus
2637 2144 2831 2198 Christi
2853 2147 2874 2177 ⁸
2902 2164 2922 2211 ;
2954 2149 2995 2200 si
3021 2159 3197 2202 autem
3218 2152 3451 2217 Spiritus
3473 2166 3558 2211 est

1993 2230 2082 2296 qui
2121 2229 2323 2282 habitat
2353 2229 2403 2282 in
2439 2231 2615 2295 nobis,
2645 2243 2700 2286 et
2732 2247 2826 2300 per
2877 2235 3048 2303 ipsum
3079 2237 3346 2304 Christus,
3384 2243 3559 2299 virtus

1994 2320 2156 2386 igitur
2193 2329 2276 2373 est
2296 2321 2413 2387 ejus
2449 2321 2683 2388 Spiritus
2729 2332 2985 2389 sanctus;
3029 2327 3075 2380 si
3126 2339 3301 2383 autem
3346 2333 3445 2385 hoc
3475 2335 3553 2386 sic

1949 2410 1967 2453 f
1993 2419 2099 2471 est,
2133 2410 2400 2474 quomodo
2417 2414 2519 2464 erit
2549 2423 2818 2477 creatura,
2875 2415 2964 2484 qui
2994 2425 3183 2470 natura
3209 2421 3361 2474 adest
3387 2422 3436 2474 in
3461 2421 3555 2475 Fi-

1996 2502 2102 2554 lio?
2129 2501 2241 2554 Nisi
2275 2511 2483 2570 tempus
2529 2514 2634 2566 est,
2667 2514 2723 2557 ut
2755 2505 2918 2560 Deum
2979 2506 3236 2575 Verbum,
3297 2515 3387 2582 qtti
3417 2516 3554 2570 nihil

1995 2594 2185 2660 duplex
2220 2593 2400 2654 habet,
2443 2596 2803 2662 compositum
2842 2611 2961 2652 esse
2996 2601 3148 2655 dicas
3179 2618 3244 2655 ex
3273 2615 3474 2670 creato,
3501 2616 3554 2660 et

1995 2698 2090 2736 sua
2126 2695 2336 2737 natura.
2359 2685 2561 2752 quodsi
2597 2686 2696 2739 hoc
2714 2689 3006 2742 absurdum
3038 2703 3154 2757 est,
3193 2709 3295 2748 non
3323 2707 3406 2750 est
3431 2700 3554 2767 Spi-

1996 2777 2129 2827 ritus
2158 2785 2391 2840 creatns,
2418 2784 2511 2828 aut
2547 2775 2740 2843 lactus,
2774 2779 2868 2832 sed
2923 2795 2985 2834 ex
3020 2783 3203 2839 divina
3228 2797 3282 2841 et
3314 2803 3432 2855 qua:
3473 2793 3555 2844 in-

1997 2865 2283 2934 telligentia
2314 2866 2699 2934 comprehendi
2719 2883 2822 2923 non
2844 2881 3038 2938 potest,
3069 2875 3390 2943 substantia,
3421 2889 3556 2935 tarm-

1994 2970 2154 3024 quam
2185 2956 2353 3024 ipsius
2382 2956 2552 3010 virtus
2574 2968 2628 3011 et
2651 2959 2866 3038 energia
2898 2963 3180 3019 naturalis.
3233 2966 3295 3020 Et
3328 2985 3554 3039 magnus

325 3055 587 3120 sapientia
613 3056 651 3108 '.
695 3053 761 3107 Et
794 3055 970 3106 adhuc
1001 3054 1054 3106 in
1107 3053 1293 3106 eodem
1325 3053 1488 3105 libro:
1542 3053 1777 3104 Audiant
1837 3059 1890 3105 et
1917 3027 1963 3089 ο
1997 3049 2344 3111 Athanasius,
2376 3047 2429 3100 in
2465 3035 2691 3116 epistola
2740 3027 2808 3104 ad
2836 3050 3219 3121 Serapionem:
3269 3058 3334 3112 Et
3363 3027 3552 3118 rtn'sus

325 3149 393 3198 de
469 3133 740 3212 Sapientia
787 3161 800 3198 :
873 3145 1011 3206 Quia
1067 3160 1168 3197 non
1227 3156 1298 3196 est
1358 3151 1417 3194 ut
1477 3143 1630 3195 homo
1687 3140 1887 3208 Deus’,

324 3249 395 3290 ne
442 3239 670 3290 lmmaua
725 3237 985 3304 cogitent.
1041 3234 1108 3289 Et
1154 3236 1207 3290 in
1240 3237 1339 3289 hoc
1387 3235 1544 3299 libro,
1604 3235 1672 3289 de
1723 3237 1886 3304 ipso:

324 3327 542 3384 Etenim
601 3344 723 3383 cum
773 3330 1019 3384 homines
1077 3328 1204 3383 iacti
1260 3329 1370 3382 sint
1432 3329 1542 3396 apti
1587 3327 1654 3380 ad
1711 3327 1888 3394 perci-

238 3471 256 3485 ,
325 3418 574 3486 piendam
596 3419 936 3485 sapientiam,
961 3420 1102 3475 Deus
1128 3419 1332 3474 nullius
1352 3418 1552 3487 alioqui
1591 3419 1886 3487 particeps,

325 3512 440 3579 ipse
475 3524 584 3562 suae
619 3508 908 3577 Sapientia:
931 3511 1089 3565 Pater
1117 3519 1219 3576 est,
1254 3509 1410 3579 cujus
1440 3509 1533 3577 qui
1558 3517 1683 3564 sunt
1719 3507 1891 3574 parti-

323 3600 494 3666 cipes,
523 3599 796 3666 sapientes
856 3599 1112 3668 appellari
1143 3606 1560 3653 consueverunt.
1617 3597 1888 3651 Praeterea

323 3699 510 3741 contra
541 3690 756 3742 eosdem
785 3689 1012 3743 Arianos
1039 3706 1051 3742 :
1090 3687 1145 3742 Si
1175 3704 1328 3757 ergo,
1381 3689 1575 3758 inquit,
1609 3688 1660 3741 in
1691 3687 1889 3740 divinis

324 3777 626 3845 Scripturis
659 3794 766 3832 non
792 3781 1058 3846 reperitur
1093 3779 1191 3830 alia
1224 3782 1486 3847 sapientia
1524 3788 1717 3846 praeter
1748 3779 1890 3830 hunc

326 3867 540 3928 Filium,
573 3883 670 3918 nec
699 3882 760 3921 ex
793 3867 1041 3921 Patribus
1073 3869 1361 3936 quidquam
1399 3869 1504 3921 tale
1563 3868 1886 3932 audivimus,

324 3970 600 4013 i-stautem
631 3970 862 4024 certum,
907 3967 959 4010 et
984 3959 1265 4025 scriptum,
1293 3959 1533 4012 increate
1567 3960 1884 4026 sapientiam

323 4051 479 4102 simul
499 4050 760 4104 exsistere
788 4066 907 4103 cum
925 4049 1105 4113 Patre,
1131 4060 1184 4103 et
1215 4066 1309 4117 per
1333 4065 1396 4112 se
1431 4053 1613 4104 mundi
1639 4053 1885 4118 opiﬁcem

321 4155 439 4193 esse
467 4142 486 4170 ⁸
516 4157 532 4204 ;
568 4140 678 4205 ipse
713 4141 875 4193 fuerit
906 4137 1090 4192 Filius.
1114 4138 1178 4190 Et
1205 4140 1379 4192 adhuc
1412 4140 1548 4209 idem
1583 4140 1635 4193 in
1673 4143 1885 4195 eodem:

322 4233 485 4295 Sane,
513 4232 706 4298 inquit,
736 4229 818 4284 his
870 4230 1082 4283 duobus
1109 4231 1268 4284 dictis
1299 4230 1436 4282 inter
1465 4244 1524 4284 se
1581 4231 1885 4296 contrariis,

1997 3135 2120 3203 quia
2171 3134 2342 3191 Filius
2366 3145 2450 3190 est
2482 3137 2766 3213 sapientia,
2797 3147 2852 3192 et
2883 3141 3105 3208 veritas,
3147 3143 3408 3213 scriptum
3430 3158 3548 3202 est:

1994 3227 2220 3294 Spiritus
2251 3229 2546 3296 sapientiw,
2599 3211 2655 3281 et.
2676 3231 2912 3284 ueritatis
2937 3233 2977 3286 ⁸.
3017 3232 3084 3286 Ει
3112 3211 3299 3291 rursus
3335 3253 3350 3290 :
3383 3237 3553 3295 Filius

1992 3320 2210 3390 quidem
2250 3330 2334 3372 est
2365 3321 2532 3372 virtus
2561 3317 2676 3382 Dei,
2713 3327 2764 3373 et
2788 3319 3046 3377 Dominus
3063 3326 3278 3394 gloriae;
3319 3327 3554 3398 Spiritus

1996 3423 2172 3466 autem
2200 3413 2395 3465 dicitur
2412 3412 2635 3479 spiritus
2667 3410 2902 3479 virtutis,
2930 3425 2983 3467 et
3011 3418 3232 3484 spiritus
3261 3419 3462 3486 gloriae.
3487 3422 3554 3476 Et

1997 3518 2207 3558 rursum
2230 3520 2244 3555 :
2268 3502 2471 3556 Deinde
2491 3518 2612 3554 cum
2643 3501 2800 3557 Pater
2816 3505 2908 3568 sit,
2929 3515 2986 3559 ut
3017 3505 3213 3562 Paulus
3235 3511 3369 3563 dixit
3390 3512 3431 3574 ',
3463 3527 3553 3564 so-

1993 3593 2077 3647 ius
2108 3594 2324 3659 sapiens
2351 3591 2508 3657 Deus,
2534 3591 2705 3647 Filius
2735 3599 2816 3647 est
2837 3595 3100 3663 sapientia
3129 3599 3267 3665 ejus,
3303 3601 3550 3657 Christus

1995 3684 2137 3736 enim
2171 3683 2261 3735 Dei
2303 3684 2493 3743 virtus,
2527 3692 2580 3736 et
2607 3681 2700 3736 Dei
2732 3685 3016 3753 sapientia,
3051 3696 3105 3740 et
3133 3703 3251 3742 cum
3302 3688 3477 3745 Filius
3502 3692 3547 3745 si

1993 3774 2086 3828 Dei
2106 3773 2392 3840 sapientia,
2411 3774 2737 3841 accipientes
2753 3791 2854 3831 nos
2877 3774 3133 3844 Spiritum
3158 3780 3550 3848 sapientia:,Fi-

1987 3864 2118 3917 lium
2159 3862 2454 3928 habemus;
2518 3872 2571 3917 et
2605 3865 2657 3918 in
2705 3865 2818 3932 ipso
2864 3869 3132 3932 sapientes
3169 3871 3448 3927 cilicimur.
3484 3877 3551 3930 Et

1993 3970 2180 4009 rursus
2219 3956 2379 4019 idem,
2411 3967 2596 4009 contra
2631 3972 2723 4010 eos
2752 3940 3545 4025 qui'servinutverbis:Gloria

1989 4050 2155 4112 enim,
2192 4048 2383 4116 inquit,
2445 4049 2642 4104 dicitur
2695 4045 3052 4116 Uuigenitus:
3085 4049 3148 4102 Et
3183 4051 3404 4104 vit/intus
3432 4056 3546 4122 glo-

1990 4139 2124 4190 riam
2154 4138 2288 4206 ejus,
2312 4138 2538 4206 gloriam
2561 4140 2712 4205 quasi
2767 4140 3022 4205 unigeniti
3048 4155 3078 4190 a
3115 4138 3272 4193 Patre
3299 4142 3344 4206 ⁸;
3377 4158 3545 4212 quare

1989 4230 2150 4283 illttd:
2180 4228 2320 4281 Deus
2356 4227 2891 4282 Domininostrilesu
2919 4231 3118 4283 Christi
3140 4233 3158 4262 '
3194 4235 3415 4300 perinde
3438 4245 3544 4299 est,

315 4322 460 4387 juste
512 4323 632 4388 quis
663 4321 822 4384 dicat,
887 4323 1099 4375 vincere
1156 4323 1536 4388 proprietatem
1593 4320 1883 4390 Unigeniti,
1919 4351 1961 4404 ι)
1993 4321 2116 4374 utsi
2171 4321 2419 4374 dicatur:
2474 4319 2617 4373 Deus
2652 4317 2834 4374 carnis
2869 4319 3090 4384 Christi,
3133 4320 3292 4376 Pater
3338 4324 3561 4390 gloriae,

318 4413 446 4478 quia
480 4427 582 4464 non
627 4411 698 4464 sit
724 4412 866 4465 aliud
898 4412 1152 4477 Verbum,
1188 4412 1267 4466 vel
1303 4412 1403 4464 alia
1437 4412 1733 4481 Sapientia,
1783 4414 1886 4468 nisi

321 4503 409 4556 hic
447 4504 615 4556 solus.
653 4500 717 4554 Et
739 4505 997 4556 rursusiu
1027 4505 1212 4556 eodem
1241 4521 1252 4554 :
1289 4502 1705 4569 Decebatenim,
1727 4505 1885 4557 unius

319 4573 608 4644 Dei'nnam
652 4607 771 4645 esse
794 4592 1102 4660 imaginem,
1136 4601 1189 4646 et
1220 4607 1384 4646 unum
1437 4593 1594 4662 Imjns
1626 4591 1878 4656 Verbum,

317 4692 370 4732 et
393 4697 552 4734 uuam
588 4681 756 4747 ipsius
779 4683 1137 4748 sapientiam;
1195 4698 1364 4750 quare
1397 4684 1583 4749 miror,
1613 4685 1880 4752 quomodo

316 4786 438 4822 tum
455 4772 524 4823 sit
560 4787 698 4826 unus
732 4773 895 4836 Deus,
942 4775 1136 4826 multas
1167 4773 1254 4829 isti
1286 4773 1548 4842 imagines
1581 4785 1635 4827 et
1661 4775 1878 4841 Sapien-

317 4865 419 4915 tias
457 4864 748 4916 secundum
809 4878 934 4917 snas
967 4864 1320 4932 cogitationes
1376 4866 1703 4934 exmgitant.
1741 4866 1878 4919 San-

315 4963 432 5004 ctus
481 4953 712 5020 Cyrillns
747 4953 799 5006 in
835 4952 1120 5006 Thesauri:
1158 4967 1174 5004 :
1212 4953 1265 5006 Si
1314 4955 1486 5008 lactus
1535 4967 1639 5016 est,
1680 4955 1876 5022 inquit,

315 5042 505 5108 Filius,
537 5052 758 5098 vocatur
799 5056 974 5097 autem
1035 5055 1088 5097 et
1116 5052 1195 5095 est
1233 5042 1324 5095 Dei
1361 5045 1550 5106 virtus,
1579 5054 1632 5097 et
1667 5044 1759 5096 Dei
1791 5059 1878 5097 sa-

383 5140 429 5170 ⁵⁸
486 5138 686 5193 Jereut.
730 5153 886 5199 xxttt,
951 5135 1039 5189 24.
1146 5138 1190 5168 ⁹⁹
1221 5137 1364 5190 Psal.
1419 5150 1680 5199 cxxxvttt,
1716 5134 1770 5196 7,
1835 5135 1887 5189 8.

316 5209 393 5262 t9.
491 5209 512 5239 ⁸
541 5207 702 5260 Prov.
732 5222 848 5265 vm,
877 5205 967 5265 22,
998 5205 1088 5258 25.
1183 5207 1203 5236 ⁵
1232 5205 1272 5256 ll
1305 5206 1427 5258 Cor.
1459 5219 1553 5268 ιιι,
1579 5205 1632 5257 9.

315 5291 352 5342 ι,
376 5277 429 5330 5.
509 5279 553 5309 ³⁸
581 5277 685 5332 lsa.
705 5292 867 5340 xxxv,
890 5279 936 5339 i,
965 5275 1019 5328 2.

1741 5207 1762 5233 ⁸
1799 5205 1902 5258 lsa.
1934 5221 2008 5266 χι,
2049 5206 2102 5256 2.

1125 5275 1162 5306 “
1189 5273 1292 5328 lsa.
1322 5291 1410 5335 XL.
1440 5272 1502 5338 5;
1537 5272 1666 5325 an.
1701 5289 1760 5338 ll,
1798 5273 1851 5337 5,
1875 5274 1928 5327 6.

1989 4412 2149 4466 Pater
2170 4413 2468 4466 divinitatis
2495 4412 2592 4480 tl).
2623 4409 2860 4465 Gloriam
2883 4414 3025 4464 enim
3055 4427 3208 4467 vocat
3237 4414 3404 4468 Isaias
3427 4416 3547 4468 Sal-

1983 4512 2220 4556 vatorent
2245 4503 2539 4555 secundum
2564 4502 2876 4571 dignitatem
2896 4503 3208 4558 divinitatis.
3235 4503 3372 4560 Cum
3395 4508 3538 4561 enim

1981 4600 2254 4644 narrasset
2289 4590 2567 4653 miracula,
2598 4606 2718 4658 qua:
2769 4591 2822 4643 in
2862 4590 3078 4645 deserto
3130 4594 3269 4648 facta
3313 4607 3461 4658 sunt,
3492 4611 3548 4651 et

1976 4679 2398 4756 exangelizasset
2418 4681 2650 4732 deserto:
2675 4679 2937 4745 Exsultat,
2958 4680 3152 4750 inquit,
3168 4683 3394 4742 solitudo
3414 4686 3544 4739 Jor-

1980 4769 2127 4830 dani,
2166 4779 2212 4820 et
2237 4769 2424 4836 ﬂoreat
2453 4778 2704 4836 tanquam
2730 4768 2936 4834 lilium,-
2974 4773 3222 4837 quoaiam
3255 4775 3423 4843 gloria
3455 4775 3547 4830 Li-

1979 4857 2100 4911 bani
2122 4859 2252 4911 data
2273 4869 2346 4911 est
2366 4861 2498 4920 ei,et
2528 4861 2693 4913 honor
2711 4857 2938 4914 Carmeli
2965 4861 3030 4926 ‘°;
3060 4871 3135 4928 et,
3156 4863 3386 4929 Papulas
3402 4885 3545 4923 metu

1979 4948 2164 5002 videbit
2196 4949 2420 5018 gloriam
2447 4948 2658 5004 Domini
2691 4960 2739 5004 et
2767 4953 3096 5006 altitudinem
3129 4953 3248 5019 Dei,
3279 4966 3324 5008 et
3350 4958 3540 5011 videbit

1978 5058 2148 5094 omms
2187 5057 2310 5094 caro
2349 5041 2589 5096 salutare
2618 5042 2711 5096 Dei
2756 5045 2819 5098 “.
2861 5045 3041 5099 Gloria
3080 5047 3244 5116 igitur
3265 5061 3398 5104 esta
3424 5052 3540 5116 glo-

2015 5133 2226 5209 ‘_llom_.
2265 5151 2326 5209 _t.
2381 5135 2469 5188 20.
2571 5140 2590 5167 ²
2622 5136 2801 5209 l_Cor.
2849 5155 2896 5209 _l,
2933 5139 3023 5194 24.
3120 5144 3140 5174 ³
3191 5144 3350 5198 Num.
3385 5163 3540 5209 xxnt,

2193 5205 2211 5235 τ
2265 5205 2423 5259 Rom.
2466 5221 2574 5270 XVI,
2620 5207 2708 5261 27.
2785 5208 2806 5238 ⁸
2840 5206 2998 5265 Joatt.
3033 5229 3070 5276 ι,
3106 5215 3188 5268 14.
3295 5217 3314 5246 ⁸
3341 5205 3537 5283 Epltes.

1792 5367 2065 5431 Scholia.

383 5471 460 5538 (⁵)
514 5470 673 5526 Pater
700 5474 904 5540 glorite,
941 5472 1104 5526 Pater
1154 5473 1468 5524 divinitatis.
1529 5469 1702 5540 Pater
1741 5471 1875 5540 divi:

317 5540 504 5595 uitatis
533 5538 746 5606 dicitur,
776 5544 824 5594 id
858 5551 960 5607 est,
1021 5541 1138 5595 Filii
1168 5558 1182 5606 ;
1238 5542 1572 5593 divinitatem
1621 5538 1786 5598 enim,
1823 5539 1873 5591 id

315 5619 392 5662 est
419 5611 707 5664 essentiam
763 5613 1001 5664 divinam
1063 5611 1270 5677 accepit
1323 5625 1418 5676 pro
1476 5621 1702 5676 persona
1757 5607 1873 5662 Filii

1980 5483 2199 5540 promer
2243 5473 2580 5529 identitatem
2609 5478 2708 5540 rei,
2779 5487 2838 5530 ut
2869 5477 3043 5532 Graeci
3099 5475 3286 5532 Patres
3337 5478 3539 5539 solent,

1979 5545 2121 5611 quod
2148 5543 2312 5599 etiam
2341 5553 2566 5600 sanctus
2592 5543 2831 5602 Thomas
2861 5548 3192 5602 observavit.
