4064 6266
614 406 716 470 947
1761 393 2092 456 JOANNIS
2131 388 2706 452 CYPARISSIOTE
3735 386 3826 448 913

616 514 850 582 spiritus
875 510 1034 576 vitat;
1067 518 1260 577 etquae
1289 507 1442 561 vita?
1475 521 1608 561 sane
1625 504 1898 577 Christus,
1931 504 2022 574 qui
2059 503 2175 560 ait:
2205 509 2254 567 Α
2281 502 2509 573 Magnus
2546 501 2778 558 Basilius
2808 499 3048 556 scribens
3075 498 3140 554 ad
3191 498 3555 555 Caesarienses
3605 513 3621 550 :
3658 494 3712 550 Si
3740 511 3828 549 non

615 606 728 676 Ego
760 620 878 659 sum
917 604 1110 658 veritas
1127 611 1173 653 et
1198 600 1303 652 vita
1338 601 1403 652 ’9.
1437 599 1657 651 Christo
1686 597 1850 666 igitur
1892 597 2059 665 legem
2102 595 2181 650 fe-

613 686 788 761 rente,
815 693 1050 762 Spiritus
1077 690 1194 760 ejus
1224 700 1406 758 utpote
1435 704 1500 746 ex
1528 691 1668 757 ipso,
1702 699 1756 741 et
1784 688 1836 741 in
1873 687 1990 753 ipso
2015 696 2178 741 natu.

614 789 806 842 raliter
828 782 1289 847 exsistenslegem
1329 783 1451 836 fert.
1495 779 1718 850 Magnus
1743 780 2094 841 Athanasius,
2119 778 2176 834 in

615 891 825 940 unoex
856 875 1007 927 libris
1053 880 1240 926 contra
1283 873 1508 926 Arianos
1541 888 1560 926 :
1594 871 1697 925 Sed
1755 869 1928 940 impii,
1979 869 2174 938 inquit,

621 981 727 1020 non
752 965 1058 1020 cont-edunt
1093 979 1216 1018 esse
1248 961 1442 1017 Filiqu
1482 961 1738 1021 Verbum.
1791 971 1844 1015 et
1897 961 2180 1016 consilium

616 1057 829 1119 vivens,
865 1070 1050 1109 verum
1087 1035 1568 1123 linguntaccidere
1603 1053 1714 1106 Deo
1741 1052 1978 1106 humano
2033 1064 2182 1104 more

617 1147 774 1208 velle,
803 1154 856 1199 et
887 1145 1209 1212 sapientiam
1265 1154 1518 1211 tauquam
1561 1144 1800 1197 habitum
1853 1144 2052 1196 habere
2079 1159 2095 1209 ;
2127 1149 2184 1196 et

567 1229 575 1242 ’
616 1237 794 1290 Omnia
826 1244 1122 1290 moventac
1152 1234 1418 1289 Valentini
1446 1234 1848 1301 intelligentiam
1885 1243 1939 1286 et
1989 1232 2182 1286 volun-

619 1338 787 1382 tatem
815 1327 1099 1397 objiciunt.
1140 1327 1371 1381 Sanctus
1415 1325 1648 1397 Cyrillus
1686 1326 1736 1380 in
1772 1324 2053 1378 Tltesauris
2083 1339 2101 1378 :
2129 1323 2184 1378 Si

617 1418 926 1481 consilium,
957 1417 1227 1486 inquit,et
1259 1417 1510 1470 voluntas
1573 1416 1751 1469 Patris
1777 1423 1861 1468 est
1894 1412 2085 1478 Filius,
2118 1422 2178 1468 ut

617 1509 835 1578 quidem
870 1519 972 1573 est,
1000 1509 1269 1576 quomodo
1302 1509 1554 1562 voluntas
1587 1508 1858 1561 antecedit
1884 1508 2178 1560 essentiam

605 1589 732 1666 'ejus
758 1599 783 1651 ?
838 1599 901 1652 Et
932 1613 1117 1653 rursus
1150 1599 1201 1651 in
1227 1599 1429 1652 eisdem
1461 1615 1473 1651 :
1511 1598 1618 1651 Aut
1656 1597 1797 1651 enim
1827 1610 2050 1651 necesse
2099 1603 2184 1650 est

619 1706 712 1742 vos
747 1689 903 1742 aliam
942 1689 1143 1758 fingere
1173 1689 1517 1757 sapientiam,
1549 1689 1599 1742 in
1663 1702 1796 1755 qua,
1835 1702 1954 1741 cum
1992 1687 2183 1750 voluit,

619 1780 814 1834 Filium
838 1781 1070 1849 peperit,
1107 1790 1162 1834 ut
1193 1796 1289 1834 vos
1318 1781 1538 1845 dicitis;
1569 1791 1660 1832 aut
1684 1780 1728 1834 si
1775 1781 1878 1832 alia
1929 1793 2035 1831 non
2079 1785 2184 1840 est,

2281 604 2387 658 est,
2416 595 2612 662 inquit,
2664 592 2889 659 simplex
2923 589 3160 658 Spiritus
3209 597 3452 651 sanctus,
3510 584 3828 654 compositus

2283 693 2454 739 estex
2493 682 2816 744 substantia,
2851 689 2905 734 et
2939 695 3008 734 ex
3038 677 3372 734 sanctitate:
3407 684 3460 729 at
3512 673 3643 744 quis
3665 675 3730 727 ita
3759 689 3835 727 ve-

2283 791 2408 832 cors
2439 784 2543 838 est,
2576 784 2634 828 ut
2659 773 3016 840 compositum
3041 769 3188 826 dicat
3209 767 3472 836 Spiritum
3504 773 3834 828 sanctum,et

2289 881 2396 920 non
2420 864 2720 934 simplicem
2748 862 2772 916 ?
2823 861 2886 915 Et
2914 859 3208 928 Gregorius
3239 857 3594 926 Theologus:
3627 854 3683 909 Si
3714 853 3834 907 enim

2287 957 2392 1011 alia
2423 966 2507 1010 est
2529 955 2796 1009 sanctitas
2851 961 3048 1023 praeter
3101 950 3361 1018 Spiritum
3409 957 3688 1004 sanctum.
3738 960 3837 1012 qua

2291 1050 2404 1103 hac
2438 1047 2792 1117 intelligatur,
2851 1045 2997 1098 dicat
3031 1041 3324 1111 quispiam.
3357 1040 3602 1093 Sanetus
3628 1036 3838 1106 Cyrillus

2287 1137 2564 1192 disserens
2603 1135 2670 1189 de
2695 1135 2899 1204 Spiritu
2923 1139 3159 1188 sancto:
3200 1129 3339 1194 Quid
3370 1142 3512 1194 opus
3561 1135 3646 1180 est
3704 1125 3838 1192 longo

2287 1224 2514 1280 circuitu
2539 1223 2821 1277 verborum
2848 1229 2902 1274 et
2920 1204 3312 1286 multiplicibus
3330 1213 3686 1270 notionibus?
3705 1212 3832 1264 lllatn

2286 1315 2431 1366 enim
2459 1312 2628 1379 ipsam
2661 1310 2910 1364 virtutem
2938 1306 3365 1361 sanctificantem
3387 1317 3455 1357 ex
3507 1301 3672 1354 Patre
3719 1313 3830 1366 pro-

2289 1401 2600 1460 cedentem,
2626 1412 2746 1466 qua:
2809 1393 3200 1464 perfectionem
3248 1388 3590 1458 imperfectis
3647 1385 3835 1444 tribuit,

2289 1471 2530 1546 dicimusi
2543 1503 2665 1545 esse
2687 1486 2946 1555 Spiritum
2967 1492 3240 1541 sanctum.
3266 1481 3330 1535 Et
3355 1494 3588 1548 magnus
3619 1475 3839 1530 Athana.

2290 1583 2426 1646 sius,
2486 1581 2538 1634 in
2569 1578 2936 1650 disputatione
2985 1573 3290 1630 Orthodoxi
3333 1580 3388 1626 et
3441 1568 3696 1624 Δηοωωί
3739 1567 3840 1619 ait:

2291 1672 2382 1728 Sic
2419 1671 2552 1726 dicis
2579 1673 2774 1724 bonum
2797 1668 3057 1740 Spiritum
3099 1667 3244 1720 sicut
3272 1664 3488 1718 Patrem
3531 1668 3586 1714 et
3626 1655 3846 1711 Filium?

2293 1764 2463 1819 Οιιτιι.
2528 1762 2782 1816 Maxime.
2835 1759 3071 1827 Spiritus
3130 1756 3272 1810 enim
3331 1753 3384 1806 in
3448 1748 3845 1820 participatione

621 1870 714 1922 sed
746 1839 969 1938 est-ipsc
995 1839 1140 1923 solus
1166 1870 1431 1939 sapientia
1457 1839 1668 1947 Patris,
1731 1871 1846 1937 ipse
1891 1877 1974 1921 est
2003 1876 2058 1920 et
2094 1839 2189 1919 vos
2223 1855 2268 1911 Β
2297 1853 2554 1909 bonitatis
2579 1854 2655 1921 (i)
2689 1854 2887 1906 bonum
2930 1858 3034 1911 est,
3078 1847 3173 1902 sed
3211 1860 3400 1899 rursus
3431 1839 3734 1947 bonumiid
3755 1845 3842 1937 est,

621 1960 824 2014 luntas.
856 1960 919 2012 Et
951 1960 999 2012 in
1042 1961 1106 2014 iis
1138 1976 1256 2023 qua:
1293 1963 1357 2015 de
1412 1960 1620 2029 Spiritu
1657 1971 1846 2015 sancto
1904 1959 2125 2028 scripsit
2169 1973 2184 2009 :

626 2050 863 2120 Spiritus
932 2061 1170 2116 sanctus,
1222 2054 1413 2121 inquit,
1471 2053 1560 2122 qui
1626 2061 1712 2107 est
1764 2066 1916 2106 mens
1965 2049 2188 2114 Christi,

624 2143 946 2212 omniaquae
974 2143 1027 2196 in
1053 2144 1170 2210 ipso
1199 2151 1346 2204 sunt,
1379 2129 1633 2197 edisserit
1655 2143 1961 2208 discipulis,
1997 2155 2103 2193 non
2135 2141 2185 2193 in

626 2237 842 2304 propria
876 2234 1106 2302 quadam
1138 2235 1433 2294 voluntate,
1485 2248 1657 2301 neque
1687 2246 1876 2287 rursus
1905 2233 1958 2285 in
1993 2230 2191 2290 aliena,

625 2328 718 2397 sed
753 2338 1010 2394 tanquam
1035 2341 1098 2377 ex
1129 2324 1426 2377 substantia
1453 2324 1566 2392 ejus
1597 2324 1916 2386 procedens,
1942 2329 1996 2375 et
2022 2329 2186 2375 totam

627 2417 742 2482 ejus
767 2416 1115 2477 voluntatem,
1150 2415 1291 2468 sicut
1320 2423 1373 2467 et
1399 2415 1777 2482 operationem
1833 2412 2061 2467 habens.
2128 2410 2194 2464 Et

632 2508 852 2561 divinus
906 2505 1328 2559 Dautascenus:
1390 2505 1434 2560 Ο
1497 2507 1815 2560 miraculum
1880 2519 2074 2559 novum
2129 2519 2196 2558 ex

632 2597 888 2651 omnibus
909 2597 1039 2650 olim
1071 2597 1388 2650 miraculis!
1423 2597 1516 2649 Dei
1571 2598 1712 2650 enim
1770 2597 2054 2650 consilium
2091 2603 2195 2660 est,

631 2687 723 2752 qui
760 2687 811 2740 in
851 2697 1002 2740 utero
1033 2696 1271 2754 gestatus
1305 2695 1409 2750 est,
1444 2697 1501 2738 ut
1550 2686 1751 2738 infans.
1800 2685 1863 2738 Et
1899 2685 2197 2754 Gregorius

637 2778 969 2848 Theologus,
1000 2778 1053 2832 in
1079 2779 1326 2832 oratione
1357 2780 1410 2831 in
1435 2778 1644 2832 laudem
1673 2777 1921 2845 Gregorii
1945 2777 2197 2848 Nysseni,

620 2871 790 2940 cujus
826 2870 1154 2940 principium
1192 2879 1297 2934 est,
1337 2869 1508 2921 Amici
1537 2869 1707 2934 ﬁdelis
1739 2885 1754 2921 :
1803 2869 1966 2932 Deus,
2001 2869 2196 2938 inquit,

631 2963 804 3033 pacis,
843 2962 931 3030 qui
961 2959 1327 3014 reconciliavit
1355 2974 1450 3012 nos
1476 2974 1568 3026 per
1591 2974 1827 3021 crucem,
1861 2961 1949 3026 qui
1983 2971 2202 3028 propter

635 3063 920 3122 peccatum
989 3065 1206 3105 eramus
1262 3050 1601 3118 oppugnati:
1658 3051 1747 3119 qui
1808 3050 2200 3118 evangelizavit

636 3158 821 3214 pacem
857 3143 922 3196 iis
957 3142 1045 3210 qui
1077 3141 1251 3208 longe,
1288 3150 1341 3194 et
1365 3140 1430 3194 iis
1461 3139 1552 3210 qui
1621 3156 1805 3210 prope,
1854 3141 1921 3196 iis
1969 3141 2057 3208 qui
2102 3140 2203 3194 sub

637 3237 776 3304 lege,
815 3234 957 3288 etiis
979 3234 1070 3300 qui
1107 3243 1256 3286 extra
1285 3232 1455 3300 legem
1492 3244 1670 3298 erant,
1709 3232 1868 3286 Pater
1893 3231 2198 3294 eharitatis,

639 3327 877 3380 charitas
907 3341 922 3388 ;
969 3325 1050 3378 his
1075 3324 1216 3376 enim
1251 3323 1561 3377 nominibus
1626 3338 1734 3392 prze
1786 3324 1996 3376 caeteris
2020 3321 2204 3375 vocari

639 3419 859 3488 gaudet.
889 3415 1181 3494 Gregorius
1214 3414 1491 3484 Nyssenus
1524 3416 1576 3468 in
1596 3413 2034 3469 Commentariiis
2061 3414 2208 3467 Can-

642 3511 737 3564 tici
765 3510 1100 3562 canticouun
1136 3524 1149 3560 :
1183 3506 1317 3573 Quia
1347 3506 1510 3575 igitur
1547 3522 1714 3559 unum
1742 3515 1822 3559 est
1855 3505 2206 3568 connubium,

641 3615 696 3660 et
735 3618 840 3657 una
863 3615 1085 3669 sponsa,
1117 3609 1171 3652 et
1199 3614 1308 3653 uno
1343 3612 1546 3667 sponso
1601 3598 1900 3661 imponitttr
1954 3611 2154 3649 corona
2187 3613 2204 3662 ;

644 3697 779 3750 nihil
811 3696 954 3748 enim
986 3692 1202 3763 penitus
1232 3691 1481 3754 interest,
1539 3690 1617 3742 vel
1646 3687 1840 3742 Filimn
1896 3687 1990 3741 Dei
2020 3702 2210 3742 vocare

641 3787 984 3855 unigenitum
1020 3783 1281 3846 Verbum,
1342 3782 1428 3835 vel
1468 3781 1664 3834 Filium
1727 3779 2032 3834 dilectionis
2067 3779 2209 3847 ejus,

645 3891 705 3930 ut
739 3878 890 3934 Pauli
929 3892 1060 3932 voce
1094 3884 1314 3930 utamur
1342 3875 1411 3928 ³⁸.
1445 3871 1504 3925 Et
1539 3881 1758 3925 sanctus
1805 3869 2056 3939 Cyrillus,
2090 3887 2210 3933 cum

648 3970 716 4021 de
757 3968 965 4036 Spiritu
1008 3974 1198 4020 sancto
1226 3963 1417 4019 scribit
1451 3981 1464 4015 :
1497 3961 1766 4026 Quantam
1825 3960 2211 4030 benignitatem

648 4060 703 4112 in
737 4057 894 4111 nobis
927 4067 1184 4125 operatus
1236 4063 1321 4108 est
1377 4053 1620 4106 omnium
1675 4051 1952 4116 Dominus,
2015 4053 2214 4131 doeeps

646 4149 845 4212 Paulus
873 4148 948 4200 ait
983 4165 997 4201 :
1031 4146 1170 4210 Quia
1206 4145 1436 4198 charitas
1460 4142 1551 4195 Dei
1584 4141 1778 4209 diffusa
1795 4151 1868 4194 est
1895 4141 1950 4192 in
1969 4140 2216 4194 cordibus

649 4237 842 4290 nostris
871 4236 962 4299 per
987 4233 1246 4302 Spiritum
1270 4242 1538 4295 sanctum,
1568 4235 1656 4299 qui
1688 4231 1848 4284 datus
1875 4240 1950 4285 est
1981 4232 2127 4286 nobis
2145 4232 2212 4285 ³¹.

654 4327 710 4380 Si
738 4327 903 4396 igitur
938 4325 1080 4378 Deus
1111 4324 1354 4377 charitas
1385 4331 1488 4386 est,
1515 4331 1572 4374 ut
1606 4319 1846 4376 Joannes
1881 4321 2120 4390 loquitur
2149 4324 2218 4388 θ’,

653 4425 706 4468 et
740 4430 842 4468 non
877 4424 962 4467 est
995 4411 1137 4464 aliud
1173 4411 1305 4478 ipse,
1332 4418 1385 4464 et
1424 4408 1572 4463 aliud
1610 4407 1750 4476 quod
1780 4408 1835 4482 in
1862 4408 1979 4477 ipso
2003 4415 2086 4460 est
2116 4407 2222 4474 (est

2294 1947 2507 2002 bonitas
2537 1954 2641 1999 est.
2673 1944 2814 1997 Sane
2856 1941 3140 1995 Matthzeus
3181 1937 3400 2004 quidem
3431 1932 3761 2000 evangelista
3784 1929 3844 1980 ait

2290 2039 2494 2093 dixisse
2515 2035 2793 2091 Dominum
2825 2047 2842 2086 :
2867 2031 2926 2086 Si
2954 2031 3113 2100 igitur
3142 2044 3231 2082 vos
3260 2042 3379 2080 cum
3411 2023 3544 2076 mali
3581 2021 3714 2080 sitis,
3765 2032 3843 2067 no-

2292 2133 2388 2182 stis
2420 2132 2555 2183 bona
2582 2129 2708 2180 data
2735 2127 2862 2178 dare
2881 2124 3007 2192 ﬁliis
3033 2121 3216 2176 vestris
3238 2135 3256 2172 :
3294 2127 3496 2187 quanto
3522 2114 3685 2183 magis
3709 2109 3845 2163 Pater

2295 2221 2516 2276 caelatis
2535 2219 2681 2272 dabit
2699 2218 2833 2271 bona
2851 2214 3142 2285 petentibus
3165 2226 3282 2266 eum
3311 2209 3356 2241 ³⁸
3377 2209 3401 2262 Ἰ
3421 2208 3617 2268 Audis,
3644 2204 3686 2255 si
3709 2212 3844 2253 aures

2299 2313 2507 2368 habes?
2569 2309 2710 2378 quod
2767 2303 3116 2372 evangelista:
3190 2314 3312 2354 cum
3358 2298 3571 2352 scirent
3615 2292 3843 2360 Spiritum

2296 2405 2435 2458 idem
2469 2377 2595 2454 esse
2621 2397 2764 2464 quod
2794 2395 3030 2451 bonitas.
3075 2401 3130 2446 et
3179 2390 3487 2444 bonitatem
3545 2385 3685 2438 idem
3715 2377 3838 2448 quod

2298 2495 2576 2562 Spiritus;
2626 2490 2715 2544 ille
2758 2487 2971 2551 quidem
3005 2487 3141 2539 bona
3184 2481 3322 2536 dixit
3362 2479 3539 2557 ipsum
3586 2473 3838 2540 Spiritum,

2297 2561 2434 2643 alius
2477 2599 2605 2638 vero
2636 2580 2894 2651 Spiritum
2919 2576 3031 2644 ipsa
3063 2575 3225 2627 bona.
3262 2571 3488 2638 Magnus
3537 2565 3770 2651 Basilius,
3797 2561 3839 2612 in

2299 2675 2566 2744 capitibus
2591 2648 2909 2737 De—Spiritu
2938 2673 3120 2718 sancto
3153 2678 3172 2716 :
3205 2660 3382 2712 Bonus
3423 2655 3680 2724 Spiritus,
3724 2648 3837 2701 sicut

2300 2740 2477 2823 bonus
2507 2765 2691 2828 Pater,
2722 2771 2778 2815 et
2809 2761 2983 2813 bonus
3009 2771 3074 2808 ex
3099 2755 3236 2807 bono
3268 2750 3481 2820 genitus
3515 2740 3836 2817 substantiam

2302 2861 2507 2916 habens
2543 2857 2714 2924 ipsam
2751 2850 3068 2905 bonitatem.
3107 2844 3340 2898 Sanctus
3371 2839 3608 2908 (ly-rillus
3626 2829 3836 2886 scribens

2303 2955 2368 3007 de
2405 2923 2606 3018 Spiritu
2626 2953 2812 3000 sancto
2841 2959 2854 2995 :
2889 2937 3133 2998 Accedit,
3159 2935 3350 3002 inquit,
3380 2930 3600 3000 quidam
3621 2927 3668 2978 in
3691 2923 3838 3018 Evan-

2303 3017 2476 3110 geliis,
2502 3049 2555 3093 et
2576 3037 2710 3092 dicit
2735 3034 2963 3090 Domino
2989 3041 3041 3085 et
3072 3031 3182 3082 Deo
3212 3036 3396 3081 nostro
3424 3017 3826 3110 Jesu'Christolt

2308 3098 2560 3202 blagiiter
2591 3129 2739 3180 bone.
2774 3126 2852 3178 At]
2910 3125 3010 3176 hoc
3037 3119 3286 3176 Christus
3339 3105 3684 3202 respondit;
3717 3098 3830 3202 Quid

2308 3189 2547 3277 mevdicis
2577 3216 2818 3272 bonum?
2859 3212 3024 3267 Nemo
3051 3213 3235 3271 bonus,
3289 3207 3391 3259 nisi
3439 3218 3579 3256 unus
3624 3189 3833 3251 Deus”.

2309 3315 2527 3370 Christo
2556 3312 2720 3379 igitur
2750 3307 2968 3360 dicente
2992 3318 3155 3356 unum
3189 3313 3308 3352 esse
3336 3310 3459 3350 vere
3497 3305 3552 3349 et
3611 3289 3832 3346 substatu

2311 3406 2514 3460 tialiter
2538 3374 2759 3463 bonum,
2796 3396 2959 3450 David
2991 3396 3068 3448 ait
3098 3409 3113 3445 :
3148 3391 3378 3456 Spiritus
3424 3396 3550 3439 tuus
3583 3385 3732 3436 bonus
3768 3374 3836 3426 dc-

2310 3502 2463 3552 ducet
2479 3512 2560 3549 me
2585 3498 2636 3547 in
2663 3503 2856 3546 terram
2877 3499 3070 3542 rectam
3097 3483 3225 3537 ".Si
3249 3495 3376 3548 ergo
3399 3477 3546 3543 Filii,
3565 3474 3740 3543 quiest
3764 3466 3836 3518 bo-

2312 3587 2710 3656 nutn,Spir.itus
2735 3592 2814 3635 est
2851 3582 3072 3641 bonum,
3092 3577 3256 3644 liquet
3283 3573 3480 3627 divina
3507 3576 3702 3622 natura:
3720 3568 3833 3656 esse,

2314 3685 2382 3740 de
2410 3647 2606 3752 quibus
2632 3693 2758 3732 vere
2782 3675 2982 3729 dicitur
3007 3672 3204 3725 bonum
3236 3663 3454 3734 proprie
3515 3668 3569 3714 et
3617 3647 3834 3752 singulari

2314 3745 2496 3831 modo.
2524 3773 2747 3841 Magnus
2773 3765 3060 3838 Apostolus
3085 3777 3096 3813 :
3123 3760 3226 3826 Qui
3255 3773 3372 3811 cum
3395 3755 3448 3807 in
3467 3756 3660 3822 forma,
3679 3745 3831 3841 inquit.

2316 3869 2411 3924 Dei
2434 3874 2586 3927 esset,
2608 3879 2708 3916 non
2729 3860 2966 3927 rapinam
2983 3854 3272 3908 arbitratus
3298 3856 3372 3902 est
3405 3861 3521 3898 esse
3544 3859 3596 3894 se
3628 3830 3835 3928 (squalent

2317 3959 2425 4012 Deo
2449 3956 2512 4010 ⁸⁸.
2543 3924 2768 4022 Magnus
2791 3924 3021 4001 Basilius
3049 3961 3062 3997 :
3095 3943 3226 3996 Illud
3252 3941 3305 3992 in
3342 3938 3516 4006 forma
3551 3929 3650 4022 Dei,
3679 3924 3838 4022 inquii:

2318 4011 2760 4106 sulistantivaei
2786 4049 2906 4104 est;
2937 4053 3039 4091 non
3077 4035 3222 4089 enim
3274 4028 3419 4083 aliud
3466 4034 3551 4080 est
3585 4011 3838 4112 fortuitae1

2319 4141 2464 4196 aliud
2503 4133 2802 4192 substantia
2830 4129 2960 4192 Dei,
3018 4141 3086 4180 ne
3143 4119 3505 4189 compositum
3531 4115 3619 4169 sit.
3647 4105 3732 4175 Qui
3760 4105 3837 4196 itii-

2321 4244 2408 4289 tur
2435 4240 2518 4286 est
2547 4220 3101 4285 secundumformam
3131 4213 3379 4283 aequalis.
3412 4205 3700 4264 secundum
3734 4191 3836 4292 sult-

2321 4325 2579 4380 stantiam
2629 4327 2846 4384 quoque
2894 4309 3114 4378 mqualis
3147 4315 3254 4360 est.
3317 4301 3554 4358 Sanctus
3599 4291 3839 4384 Gregorius

2321 4415 2602 4486 Nyssenus
2647 4382 2790 4462 tcum
2833 4401 3088 4470 explanat
3142 4395 3270 4451 illud
3306 4409 3319 4445 :
3363 4388 3620 4446 Adveniat
3666 4382 3837 4486 "gilii:

652 4505 796 4556 enim
823 4502 1078 4570 simplex,
1123 4508 1178 4554 et
1207 4513 1399 4566 expers
1421 4471 2223 4567 compositionis),-dili‘usaest
2257 4513 2306 4571 υ
2338 4471 2483 4561 “Iun,
2509 4519 2529 4558 ε
2576 4501 2862 4560 Cmam”,
2923 4493 3115 4562 inquit,
3179 4487 3384 4550 εει-νει,
3429 4481 3656 4536 senatus
3699 4471 3839 4571 aute-Ill

657 4604 833 4648 autem
861 4608 958 4662 per
982 4591 1241 4660 Spiritum
1273 4602 1518 4644 sanetum
1565 4589 1899 4643 habitantem
1926 4589 1978 4642 in
2015 4589 2172 4642 nobis
2205 4602 2223 4640 :

659 4687 930 4754 estigitur
953 4685 1193 4738 charitas
1221 4682 1459 4750 Spiritus
1510 4691 1756 4745 sanctus,
1817 4680 1907 4750 qui
1968 4688 2226 4746 tauquam

659 4777 1063 4832 Densinnobis
1096 4773 1650 4840 habitat,etidcirco
1681 4773 1840 4841 plane
1893 4772 2226 4827 Deus.ldem
2329 4776 2497 4841 igitur
2564 4781 2791 4838 regnum
2850 4772 2938 4819 est
3021 4772 3259 4828 Spiritus
3329 4772 3571 4812 sanctus,
3614 4772 3728 4841 Διιςιυς

658 4869 796 4922 libro
821 4869 994 4936 primo
1025 4866 1088 4919 ad
1122 4864 1394 4918 Hermiam
1440 4878 1454 4914 :
1487 4863 1606 4930 Ipse
1635 4862 1803 4926 enim,
1831 4861 1924 4929 qui
1988 4870 2072 4914 est
2100 4861 2228 4929 pul-
2330 4868 2504 4936 ipsum
2534 4871 2737 4916 natura:
2767 4853 3024 4912 servienti
3053 4856 3410 4906 annnmerant
3459 4838 3624 4898 insani
3655 4833 3729 4886 istt

658 4961 908 5014 chritudo
940 4960 1249 5024 incorrupta
1275 4955 1366 5008 Dei
1402 4954 1596 5021 Patris,
1657 4968 1868 5007 summa
1921 4952 2224 5016 beatitudo,

2327 4611 2432 4652 non
2454 4603 2539 4648 est
2570 4602 2795 4659 regnum
2818 4624 2834 4649 ,
2866 4583 3013 4652 atqui
3056 4593 3280 4650 regnum
3343 4582 3425 4630 est
3477 4567 3698 4640 Spiritus
3738 4564 3840 4659 tan;

2327 4694 2483 4749 ctus;
2521 4694 2742 4749 regnum
2785 4690 2914 4730 vero
2946 4673 3101 4742 plane
3123 4677 3336 4738 regnat.
3368 4677 3477 4718 ηοη
3512 4650 3838 4749 τεθηπωτξξξ

2329 4727 2497 4844 igitui‘
2564 4727 2791 4838 rocgnum
2850 4727 2960 4819 est.
3021 4759 3259 4828 Spiritus
3329 4761 3571 4812 sanctus,
3614 4727 3840 4870 .qtttrgmé‘:

2334 4868 2342 4870 “
2896 4857 2906 4867 '
2990 4853 3023 4870 -'
3058 4868 3073 4870 -
3105 4856 3407 4870 νς---ς---μμη
3459 4846 3624 4870 :........ﬂ
3656 4847 3694 4870 ,ε
3754 4865 3765 4870 _

2683 4905 3050 5018 Theoiogus:
3105 4943 3198 4998 llis
3248 4940 3466 5010 quidem
3532 4905 3839 5029 lumen-£02

659 5065 710 5104 et
736 5051 929 5112 turma,
967 5059 1127 5119 atque
1157 5048 1406 5116 species;
1465 5046 1556 5114 qui
1609 5059 1672 5097 ex
1704 5045 1842 5112 ipso,
1894 5052 1950 5097 et
2015 5043 2065 5095 in
2111 5043 2194 5111 ips

2337 5011 2580 5118 expriaomi
2617 5060 2720 5098 non
2756 5047 2954 5110 potest,
2988 5034 3251 5096 succedit,
3285 5038 3339 5084 et
3406 5011 3841 5119 contemplationi:

660 5147 799 5200 Deus
861 5142 1088 5196 Verbum
1137 5139 1333 5207 ahjecit
1387 5137 1622 5206 seipsum
1673 5137 1724 5188 in
1778 5135 2228 5190 exinanitionem.

732 5279 956 5334 "10m.
988 5293 1095 5340 xw,
1133 5275 1188 5328 6.
1267 5275 1312 5307 '°
1342 5271 1551 5325 Coloss.
1593 5269 1741 5340 L715.
1819 5269 1861 5300 ³¹
1917 5268 2072 5340 Rom.
2104 5285 2158 5335 ν,
2186 5269 2237 5328 5.

943 5348 987 5379 ³⁸
1010 5346 1152 5399 Psal.
1180 5358 1349 5406 Ctht,
1380 5341 1466 5394 10.

663 5352 749 5416 18,
783 5351 865 5406 19.
943 5348 987 5379 ³⁸
1010 5339 1152 5399 Psal.
1180 5358 1349 5406 chn,
1380 5341 1466 5394 10.
1544 5340 1588 5371 ⁸⁸
1619 5339 1849 5410 Philipp.
1878 5353 1937 5402 ll,
1959 5339 2012 5391 ϐ.

2339 5098 2782 5210 gaiisv'iiritiitati's
2814 5098 3144 5196 splendentis
3168 5121 3367 5174 clarius
3395 5126 3448 5172 ct
3476 5111 3664 5185 purius,
3686 5105 3732 5152 ει
3753 5098 3840 5158 ψη

2314 5268 2358 5300 ³¹
2387 5267 2408 5324 1
2435 5264 2588 5321 Joan.
2625 5276 2702 5324 tv,
2742 5257 2826 5313 16.
2905 5254 2950 5284 ³³
2984 5251 3171 5308 Matth.
3221 5264 3317 5315 vn,
3344 5250 3424 5300 tl.
3501 5211 3840 5332 "Lucam".

2155 5444 2446 5507 .Schoha.

736 5565 812 5631 (l)
859 5562 1092 5631 Spiritus
1144 5559 1198 5612 in
1231 5555 1651 5631 participatione
1735 5550 1984 5631 bonitatis
2036 5549 2225 5631 bonum

667 5620 763 5688 ett.
799 5620 856 5688 ἰιι
888 5620 992 5691 est,
1025 5633 1076 5682 in
1109 5620 1518 5696 participatione
1551 5631 1730 5676 nostra
1762 5620 2018 5673 bonitatis
2041 5627 2235 5696 creata;

669 5716 744 5755 ρςι
786 5687 957 5756 bonus
984 5687 1230 5766 Spiritus
1267 5687 1518 5766 tanquam
1548 5701 1734 5744 auctor
1759 5701 1811 5766 et
1837 5699 2051 5766 creator
2080 5687 2233 5739 boni-

675 5776 798 5826 tntis
825 5788 851 5824 ει
881 5759 1428 5838 ιιυὺὶέρυιΊὶεὶρειιώς
1468 5763 1582 5831 ipso
1615 5777 1740 5816 vero
1776 5759 2011 5827 Spiritus
2042 5766 2232 5810 natura

2346 5553 2428 5597 est
2465 5544 2578 5610 ipsa
2606 5539 2821 5593 bonitas
2846 5548 3008 5610 supra
3043 5529 3359 5610 bonitatem,
3389 5526 3642 5610 itaque

2346 5570 2428 5597 ttat
2467 5570 2578 5610 ινδει
2609 5570 2821 5593 “nulla:
2846 5570 3008 5616 avzplu
3048 5570 3359 5612 νηί-...πψτη
3390 5570 3557 5591 .-.-.,.--
3688 5570 3695 5575 ,
3781 5570 3817 5617 ὼ

2345 5615 2452 5667 Deo
2489 5622 2542 5666 et
2571 5613 2634 5664 de
2677 5617 2940 5661 creaturis
2972 5613 3244 5668 tequtvoce
3271 5581 3813 5668 dicuntur.bello!”

2345 5645 2452 5667 υυυ
2489 5645 2542 5666 cl.
2571 5645 2634 5664 υυ
2677 5645 2940 5661 ιιιιιιιιιιιυ
2986 5645 3242 5668 ιιι-1,..νν-
3278 5645 3347 5650 β--
3380 5645 3386 5646 κ
3465 5645 3472 5647 ἡ
3526 5645 3533 5648 ,
3806 5653 3813 5664 .

2341 5691 2540 5738 cuntur
2571 5676 2866 5732 secundum
2905 5682 3148 5728 naturam
3178 5709 3193 5737 ,
3245 5670 3308 5723 de
3341 5659 3592 5719 creaturis
3635 5661 3743 5705 te")
3763 5645 3836 5707 μιν

2341 5749 2824 5815 participationem.
