4028 6270
269 363 388 428 949

1151 388 1391 452 DECAS
1424 393 1527 456 IX.
1571 421 1636 432 --
1664 399 1760 460 DE
1808 402 2268 471 INFINlTATE
2309 415 2385 474 ΙΝ
2426 419 2594 482 DEO.

3414 434 3542 494 95ολ

265 486 392 533 tota
414 496 534 537 cum
578 487 709 542 totis
766 489 1044 559 miscetur,
1069 513 1230 564 quam
1295 519 1519 573 regnum
1571 511 1834 566 crelornm
1866 512 1918 572 Α
1946 515 2058 586 Ego
2087 537 2201 574 sum
2231 525 2337 579 υεεα
2367 527 2444 594 as;
2477 529 2636 586 pater
2661 531 2824 590 habet
2866 537 3024 595 vium
3071 541 3124 596 in
3155 558 3212 597 se
3254 545 3392 613 ipso,
3426 545 3510 599 [ρί-

266 575 407 613 escis.
437 587 637 613 ρρηαοη
704 579 776 613 tr.
816 584 898 613 ιιςι.
963 589 1312 613 ..η-ξομμψ,
1353 597 1404 613 ιι.
1593 601 1604 613 .
1647 602 1659 613 .
1724 603 1766 613 ...
1801 605 1813 613 .
1952 611 1959 613 ξ

266 575 407 624 esse
437 587 658 632 censeo.
701 579 776 634 Ex
815 584 900 637 his
963 589 1316 646 manifestum
1351 597 1431 661 tit,
1464 601 1605 666 quod
1647 602 1696 654 in
1723 603 1844 656 Tri~

267 659 450 716 nitate
477 679 642 734 supra
670 671 1050 742 substantiam,
1077 682 1209 735 nihil
1239 698 1301 736 ex
1335 686 1399 739 iis
1418 659 1551 756 quae
1578 707 1604 741 a
1637 692 1840 746 theolo-

274 752 359 818 gis
388 766 706 815 enumerata
749 774 895 831 sunt,
945 769 1150 838 ellugit,
1195 775 1325 842 quin
1376 752 1614 833 declaret
1666 784 1840 838 solum

274 855 399 896 esse
422 845 534 899 haec
560 847 610 900 in
649 847 756 904 Deo
786 851 967 921 Patre,
1008 856 1202 912 Filium
1228 863 1349 928 ejus
1407 881 1594 922 verum
1652 871 1838 936 Deum,

272 939 326 982 et
351 943 596 988 sanctum
631 938 748 1004 ejus
784 941 1067 1013 Spiritum,
1098 954 1353 1018 quocirca
1400 958 1494 1024 qui
1523 960 1666 1016 dixit
1697 963 1840 1016 divi-

272 1033 399 1073 nam
432 1024 923 1103 Triuitatem,qn:e
965 1048 1049 1093 est
1094 1055 1254 1112 supra
1312 1048 1664 1118 principium,
1725 1054 1841 1109 haec

267 1108 436 1166 simul
462 1123 517 1168 et
549 1118 654 1171 alia
675 1124 990 1192 complexus
1019 1137 1130 1183 est.

872 1235 1098 1294 CAPUT
1139 1242 1268 1301 Vill.

256 1308 426 1416 Quqd
468 1314 522 1367 in
556 1315 813 1377 Trinitate
847 1327 982 1410 nihil
1007 1340 1084 1383 est
1115 1337 1255 1416 quod
1277 1353 1397 1416 .non
1420 1341 1485 1394 sit
1516 1345 1840 1416 substantia,

214 1407 240 1429 1
339 1392 390 1472 et
422 1399 681 1472 persona;
714 1407 805 1472 nee
840 1406 918 1448 est
948 1401 1000 1472 in
1032 1415 1094 1452 ea
1125 1392 1327 1472 aliquid
1357 1392 1601 1466 naturaie

338 1455 588 1550 ἕὲιῗξέεἲίθ
608 1457 808 1550 ,ξέιέΐδν
847 1466 986 1532 ειυυά
1011 1455 1835 1550 -σιιίάεείίίὶὶοὶῖὶῗῗὲεῑίᾶτὲ

334 1519 576 1612 Spiritus
605 1519 814 1584 sanatus
831 1519 871 1597 ;’
896 1519 1399 1612 neqiéﬁdiliqah'ﬁ'z

831 1589 844 1597 '
969 1589 981 1604 '
1038 1589 1043 1590 ,
1146 1589 1231 1594 η-..
1275 1589 1399 1598 ...πη
1429 1589 1578 1602 -..κιο
1659 1589 1750 1609 «μη
1785 1589 1818 1610 υ

335 1589 704 1686 Deo'lratio'nes
732 1615 912 1686 eorum
943 1621 1059 1673 qure
1087 1589 1263 1677 aiunt,1
1281 1615 1385 1668 nisi
1415 1589 1670 1686 implicibe
1717 1589 1838 1680 uni:

331 1661 566 1725 genitum
596 1662 693 1718 Dei
734 1661 974 1728 Verbum:

335 1748 570 1806 Sanctus
593 1754 826 1825 Cyrillus
853 1762 906 1815 in
940 1763 1224 1822 Thesauris
1249 1772 1386 1829 libro
1408 1792 1530 1832 xix:
1567 1778 1682 1836 Non
1711 1785 1833 1847 quia

174 1875 179 1878 -
253 1838 310 1891 iu
352 1841 507 1896 nobis
531 1848 794 1912 sapientia
821 1861 874 1906 et
913 1855 1145 1912 scientia
1185 1876 1292 1916 non
1327 1876 1410 1919 est
1438 1870 1488 1922 in
1526 1886 1620 1924 sua
1661 1838 1832 1944 hypo-

251 1930 419 1993 stasi,
453 1930 504 1984 id
538 1941 640 1996 est,
677 1951 781 1991 non
806 1941 1020 1997 exsistit
1051 1962 1145 2014 per
1167 1965 1259 2016 se;
1294 1954 1498 2011 idcirco
1533 1930 1830 2029 sapieniia,

250 2032 380 2084 qua:
416 2018 556 2075 inest
604 2024 658 2078 in
715 2026 846 2092 Deo,
903 2032 1041 2087 idem
1084 2037 1410 2096 incommodi
1462 2018 1718 2118 patietur,
1775 2018 1833 2109 ut

253 2120 367 2159 non
400 2111 628 2168 exsistat
675 2132 769 2185 per
797 2135 876 2182 se.
924 2124 1017 2178 sed
1065 2111 1502 2200 quandoquidem
1552 2111 1829 2202 contiieris

255 2211 368 2250 non
396 2213 517 2254 esse
548 2203 711 2260 Deum
743 2216 894 2266 more
926 2226 1113 2272 nostro
1136 2219 1293 2290 plane
1324 2228 1618 2298 conﬁteris,
1643 2239 1824 2292 omnia

252 2301 382 2352 quce
417 2289 560 2346 illius
591 2305 736 2360 sunt,
771 2313 876 2353 non
905 2318 1026 2358 esse
1059 2317 1114 2360 ut
1159 2321 1344 2366 nostra
1391 2329 1538 2373 sunt.
1592 2289 1736 2377 idem
1773 2327 1822 2380 in

249 2378 432 2442 primo
491 2382 872 2444 Thesaurorum
914 2409 934 2447 :
991 2395 1354 2459 Cousiderent
1423 2378 1823 2480 oppugnatores

248 2467 455 2524 Christi
488 2478 914 2544 magnitudinem
943 2487 1316 2556 imprudentiae
1344 2467 1638 2566 suatiactim
1675 2508 1819 2563 enim

249 2557 464 2612 nollent
507 2563 687 2620 dicere
717 2585 882 2625 unum
924 2573 1118 2633 Filium
1153 2584 1244 2638 Dei
1287 2587 1516 2644 similem
1563 2609 1684 2650 esse
1721 2598 1822 2652 Pa-

247 2645 344 2706 tri.
379 2649 514 2704 duos
542 2653 842 2726 dederunt;
879 2665 923 2716 si
958 2668 1288 2727 voluntatem
1326 2677 1446 2747 ejus
1483 2682 1669 2738 dicent
1699 2703 1821 2744 esse

246 2737 457 2804 aliquid
495 2757 590 2810 per
622 2759 681 2800 se
709 2752 996 2817 exsistens,
1043 2759 1089 2812 si
1123 2775 1253 2815 vero
1301 2780 1406 2820 non
1448 2785 1546 2837 per
1572 2790 1631 2826 se
1665 2779 1815 2833 exsi-

245 2829 363 2890 stit,
398 2844 502 2884 non
535 2835 639 2888 erit
669 2841 968 2906 character,
1003 2848 1053 2901 id
1099 2861 1202 2913 est,
1235 2853 1402 2922 ﬁgura
1447 2829 1539 2926 per
1580 2878 1637 2917 se
1666 2869 1816 2922 exsi-

244 2924 464 2987 stentis,
495 2929 637 2995 quod
667 2947 770 2986 non
802 2950 901 3002 per
937 2953 996 2993 se
1027 2943 1259 3000 exsistit.
1289 2924 1518 3004 ldetnrin
1558 2956 1762 3013 eisdem
1798 2981 1812 3016 :

244 3010 487 3070 Omnino
533 3035 756 3079 necesse
801 3036 904 3092 est,
956 3036 1095 3098 quod
1145 3049 1210 3090 ex
1268 3039 1448 3111 aliquo
1497 3033 1814 3108 naturaliter

241 3105 466 3171 prodit,
531 3111 708 3167 simile
763 3118 811 3171 ei
869 3133 988 3176 esse
1048 3131 1343 3186 secundum
1411 3138 1812 3212 substantiam;

239 3199 493 3263 quamvis
524 3204 590 3255 ab
625 3205 713 3257 illo
749 3207 862 3276 ipso
906 3219 1156 3284 tanquam
1186 3236 1371 3288 causa,
1420 3227 1615 3286 habeat
1641 3244 1698 3288 ut
1727 3199 1816 3310 sit:

244 3288 331 3310 ,_,_
358 3309 383 3310 η
435 3295 446 3304 .
569 3299 578 3310 .
637 3300 646 3310 .
826 3303 841 3310 -
964 3309 970 3310 κ

166 3293 184 3309 ‘
241 3288 388 3343 Idem
434 3295 486 3346 in
533 3299 784 3356 eisdem:
826 3303 1198 3378 Inquirendus,
1240 3317 1434 3386 inquit,
1485 3330 1571 3377 est
1621 3293 1811 3384 modus.

237 3380 723 3454 dissimilitudinis,
753 3408 914 3462 quam
948 3399 1108 3455 habet
1148 3407 1213 3458 ad
1283 3380 1498 3466 Patrem
1546 3415 1814 3472 voluntas.

236 3468 295 3523 Si
329 3473 478 3528 enim
514 3477 618 3530 ulla
657 3495 721 3534 ex
751 3495 902 3551 parte
932 3495 1188 3559 tanquam
1217 3498 1393 3552 minor
1427 3502 1562 3568 ipso,
1587 3521 1693 3560 non
1721 3508 1816 3562 ha-

235 3560 325 3613 bet
372 3561 787 3625 similitudinem
839 3578 979 3642 ejus,
1037 3583 1305 3639 videbitur
1364 3560 1560 3656 aperte.
1605 3560 1812 3665 aliquid

229 3651 387 3705 exire
425 3667 496 3708 ex
535 3658 838 3717 substantia
888 3663 1068 3722 Patris
1097 3668 1338 3730 deterius
1384 3651 1449 3731 eo
1503 3691 1557 3736 et
1606 3651 1808 3750 minus,

227 3757 333 3796 non
367 3745 522 3800 enim
557 3749 804 3806 voluntas
837 3757 1182 3814 extrinsecus
1222 3770 1451 3835 accedit,
1505 3787 1603 3828 nec
1636 3776 1809 3830 intro-

223 3838 386 3914 ducta
417 3847 535 3903 est,
581 3840 674 3895 sed
703 3859 767 3897 ex
803 3844 940 3914 ipso,
974 3859 1029 3903 et
1060 3853 1110 3904 in
1144 3853 1299 3922 ipso;
1335 3859 1654 3921 deteriorem
1684 3885 1811 3926 vero

218 3925 440 3995 gignere
476 3944 592 3984 nec
625 3931 692 3987 iis
723 3936 814 4002 qui
859 3948 1106 3994 naturam
1150 3957 1390 4004 creatam
1421 3952 1636 4022 habent,
1668 3963 1810 4014 acci-

215 4015 345 4070 dere
398 4018 692 4074 arltitror:
732 4023 956 4094 Magnus
1007 4033 1361 4104 Athanasius,
1421 4042 1561 4098 libro
1615 4015 1808 4116 quinto

219 4105 421 4161 Contra
461 4110 711 4166 Arianos
758 4117 882 4172 ait:
931 4121 1104 4187 Sicut,
1151 4125 1346 4198 inquit,
1381 4147 1445 4186 ex
1502 4105 1806 4197 Deo-Deus

226 4209 327 4263 est,
351 4211 405 4255 et
425 4219 493 4257 ex
531 4205 777 4271 sapiente
809 4211 1042 4278 sapiens,
1080 4224 1134 4269 et
1164 4232 1228 4271 ex
1270 4223 1533 4277 rationem
1575 4228 1805 4286 habente

224 4288 417 4356 Λόγος,
445 4293 497 4346 id
530 4304 617 4348 est
649 4297 808 4362 ratio,
854 4301 967 4357 sive
994 4301 1226 4359 Verbum
1253 4348 1268 4372 ,
1307 4321 1359 4364 et
1392 4327 1457 4367 ex
1504 4313 1662 4371 Patre
1711 4319 1803 4373 Fi-

227 4378 370 4444 lius;
432 4384 514 4437 sic
577 4400 644 4438 ex
697 4401 951 4455 persona,
989 4409 1274 4462 personam
1331 4401 1568 4470 habens;
1623 4416 1676 4460 et
1732 4425 1797 4464 ex

1951 611 2078 665 lium
2110 617 2337 684 scilicet,
2365 631 2418 674 et
2446 623 2578 678 nihil
2607 627 2750 680 aliud
2775 631 3060 700 quidquam
3088 611 3290 705 praeter
3314 638 3505 704 ipsum.

1948 701 2093 757 Idem
2128 708 2179 760 in
2213 709 2416 764 eisdem
2449 731 2463 766 :
2493 715 2836 786 Quaecunque
2860 721 3110 776 dicuntur
3138 740 3256 778 esse
3303 729 3353 780 in
3403 727 3509 782 Deo

1948 792 2112 850 Patre
2147 802 2487 866 naturaliter,
2522 816 2576 860 et
2610 811 2910 864 secundum
2955 814 3341 881 substantiam,
3395 820 3510 874 haec

1945 887 2126 938 omnia
2157 888 2336 946 Filius
2372 905 2476 948 est.
2537 896 2695 954 Solus
2720 914 2882 955 verus
2923 901 3065 960 Deus
3100 906 3296 960 dicitur
3323 907 3502 973 Pater,

1943 977 2068 1042 quia
2114 979 2261 1034 solus
2301 983 2461 1039 habet
2490 985 2686 1041 Filium
2723 989 2992 1048 dicentem
3021 1011 3036 1049 :
3082 995 3195 1064 Ego
3227 1013 3342 1050 sum
3377 1000 3510 1052 veri-

1945 1076 2026 1122 tas
2052 1070 2136 1124 ‘9:
2181 1073 2330 1129 solus
2379 1077 2615 1144 sapiens,
2671 1090 2725 1135 et
2771 1091 2960 1152 potens
2999 1086 3249 1141 similiter
3275 1087 3343 1153 ⁵ο,
3385 1089 3508 1156 quia

1943 1159 2190 1235 Christus
2221 1163 2314 1220 Dei
2351 1168 2544 1232 virtus,
2583 1179 2638 1224 et
2673 1171 2763 1226 Dei
2802 1175 3062 1242 sapientia
3093 1177 3160 1241 “,
3194 1177 3339 1232 solus
3371 1179 3510 1232 dici-

1945 1257 2034 1302 tur
2083 1253 2327 1310 habitare
2372 1257 2543 1313 lueem
2590 1261 3015 1320 inaccessibilem
3048 1267 3126 1333 ";
3170 1268 3333 1324 habet
3364 1271 3507 1324 enim

1943 1341 1996 1393 itt
2035 1357 2094 1396 se
2141 1346 2260 1414 ipso
2307 1347 2498 1403 Filium
2537 1350 2808 1408 dicentem
2845 1372 2859 1409 :
2897 1355 3006 1426 Ego
3039 1375 3156 1411 sum
3193 1359 3286 1412 tua:
3311 1359 3378 1424 “,
3417 1376 3509 1415 so-

1945 1431 2026 1488 lus
2055 1435 2172 1490 lons
2193 1453 2347 1507 aquae
2371 1441 2507 1496 vivae
2533 1442 2610 1506 “;
2640 1445 2906 1513 siquidem
2935 1448 3081 1502 solus
3110 1450 3269 1504 habet
3311 1449 3503 1504 Filium

1943 1523 2035 1590 qui
2067 1525 2196 1580 dicit
2231 1545 2244 1582 :
2299 1528 2406 1599 Ego
2455 1547 2571 1586 sum
2610 1535 2739 1588 vita.
2776 1535 2830 1588 Si
2865 1550 2994 1604 ergo
3024 1553 3183 1592 omne
3233 1541 3504 1609 proprium

1947 1610 2121 1667 Patris
2154 1624 2233 1669 est
2281 1615 2468 1686 Filius,
2502 1637 2623 1676 cum
2677 1623 2836 1678 Pater
2867 1627 3065 1680 dicitur
3110 1628 3310 1684 habere
3342 1631 3506 1684 vitam

1944 1701 1997 1754 in
2036 1718 2095 1756 se
2127 1704 2243 1773 ipso
2271 1707 2565 1772 ",.Filium
2621 1712 2910 1782 signiﬁcat,
2938 1725 2992 1769 et
3024 1732 3130 1771 non
3169 1718 3312 1772 aliud
3342 1721 3504 1787 quid-

1943 1805 2100 1857 quam
2132 1806 2325 1863 pratter
2363 1799 2576 1867 ipsum;
2612 1817 2730 1855 cum
2761 1813 2936 1858 autem
2976 1809 3407 1878 exsisteret.ipse
3448 1813 3502 1864 in

1935 1879 2076 1935 Filio
2114 1887 2406 1941 secundum
2460 1891 2818 1947 substantiam
2859 1896 2978 1949 sine
3011 1897 3118 1950 ulla
3177 1900 3502 1966 variatione,

1933 1981 1988 2027 et
2015 1989 2141 2028 cum
2174 1987 2319 2031 esset
2348 1979 2452 2032 vita
2490 1984 2786 2039 secundum
2831 1996 3078 2042 naturam
3108 2031 3123 2055 ,
3157 1989 3299 2044 dedit
3331 1993 3500 2061 ipsam

1932 2065 2033 2118 sibi
2070 2066 2193 2132 ipsi.
2231 2069 2582 2135 Athanasius,
2605 2074 2963 2146 libroquarto
2995 2079 3192 2133 Contra
3225 2082 3456 2136 Arianos
3483 2101 3502 2137 .-

1930 2155 2379 2225 Quandoquidem
2421 2169 2530 2217 tota
2566 2167 2802 2221 essentia
2856 2169 2976 2223 Filii
3013 2173 3229 2240 propria
3265 2184 3348 2229 est
3375 2176 3501 2229 sub-

1927 2247 2146 2300 stantiae
2177 2247 2376 2317 Patris,
2410 2261 2466 2305 ut
2513 2255 2772 2323 splendor
2813 2273 2877 2313 ex
2916 2261 3144 2327 lumine,
3172 2272 3225 2316 et
3253 2279 3314 2319 ex
3355 2267 3501 2320 fonte

1928 2335 2154 2403 ﬂuvius;
2206 2348 2264 2393 ut
2299 2343 2516 2397 tandem
2571 2347 2660 2412 qni
2714 2349 2861 2403 videt
2897 2351 3114 2417 Filium,
3144 2354 3323 2408 videat
3357 2359 3496 2424 quod

1923 2427 2199 2491 proprium
2233 2427 2414 2485 Patris
2460 2441 2546 2486 est
2591 2453 2605 2489 :
2655 2445 2710 2490 et
2768 2439 3030 2505 intelligat
3074 2444 3217 2510 quod
3265 2447 3495 2499 essentia

1925 2514 2064 2581 Filii,
2096 2532 2216 2586 quae
2249 2533 2312 2574 ex
2356 2521 2519 2577 Patre
2562 2535 2668 2593 est,
2701 2527 2778 2582 sic
2815 2529 2866 2582 in
2900 2528 3058 2585 Patre
3095 2543 3200 2586 est.
3258 2534 3353 2589 Est
3401 2552 3497 2590 au-

1923 2616 2028 2661 tem
2064 2618 2118 2662 et
2150 2609 2311 2664 Pater
2341 2613 2393 2665 in
2435 2614 2595 2683 Filio,
2631 2619 2760 2686 quia
2790 2622 2933 2688 quod
2978 2635 3062 2678 est
3091 2640 3156 2677 ex
3189 2624 3343 2680 Patre
3373 2643 3498 2696 pro-

1921 2698 2119 2766 prium,
2151 2699 2256 2753 hoc
2299 2700 2466 2756 Filius
2506 2715 2607 2770 est,
2639 2707 2781 2760 sicut
2821 2708 2874 2762 in
2905 2711 3189 2778 splendore
3222 2715 3324 2777 sol,
3359 2727 3410 2771 et
3442 2718 3492 2768 in

1921 2790 2130 2844 ratione
2161 2808 2336 2858 mens,
2363 2805 2419 2850 et
2457 2796 2509 2850 in
2554 2796 2716 2851 ﬂuvio
2755 2799 2911 2853 fons:
2944 2802 3021 2855 sic
3051 2805 3194 2858 enim
3231 2808 3318 2874 qui
3357 2821 3491 2860 con-

1917 2879 2207 2946 templatur
2241 2882 2437 2938 Filium
2477 2889 2878 2956 contemplatur
2907 2895 3182 2959 proprium
3237 2896 3493 2951 substan-

1917 2969 2003 3020 tias
2056 2969 2269 3038 Patris;
2307 2983 2361 3026 et
2401 2976 2653 3044 intelligit
2695 2981 2839 3046 quod
2893 2979 3057 3035 Pater
3110 2986 3162 3038 in
3215 2984 3350 3039 Filio
3382 2997 3484 3042 est.

1911 3057 2045 3113 Cum
2077 3063 2220 3116 enim
2251 3059 2551 3134 Species'et
2587 3069 2846 3124 divinitas
2875 3073 2952 3140 (l)
2997 3072 3170 3129 Patris
3201 3078 3271 3131 sit
3299 3092 3487 3132 essen-

1842 3154 1886 3217 ς,
1923 3151 1991 3202 tia
2043 3151 2183 3218 Filii,
2215 3170 2554 3226 consequens
2594 3169 2676 3214 est
2724 3161 2936 3218 Patrem
2974 3181 3099 3220 esse
3144 3168 3195 3221 in
3237 3168 3413 3236 Filio,
3432 3180 3487 3225 et

1920 3239 2111 3295 Filium
2147 3245 2198 3297 in
2233 3245 2410 3302 Patre.
2458 3247 2688 3305 Sanctus
2719 3250 2976 3322 Cyrillus,
3013 3257 3065 3309 in
3106 3259 3373 3324 capitibus
3411 3260 3484 3313 De

1917 3327 2122 3398 Spiritu
2170 3343 2352 3387 sancto
2395 3348 2413 3386 :
2467 3333 2759 3404 lleperitur
2791 3342 2987 3397 alicubi
3042 3347 3321 3413 scriptum,
3375 3348 3483 3402 imo

1915 3413 2048 3469 dicit
2081 3418 2266 3472 beatus
2297 3419 2532 3476 Joannes
2574 3426 2899 3493 evangelista
2930 3446 2943 3482 :
2982 3429 3045 3482 In
3079 3432 3176 3484 hoc
3211 3437 3480 3502 cognosci-

1915 3523 2032 3559 mus
2069 3510 2207 3576 quod
2234 3512 2289 3564 in
2334 3513 2482 3566 nobis
2517 3523 2594 3566 est
2639 3516 2798 3581 Dens,
2827 3534 2891 3570 ea:
2933 3517 3134 3585 Spiritu
3162 3540 3313 3592 quem
3340 3525 3481 3578 dedit

1914 3599 2061 3651 nobis
2088 3599 2168 3662 “;
2207 3612 2260 3653 et
2311 3617 2498 3658 rursus
2544 3624 2556 3659 :
2595 3603 2661 3659 In
2703 3608 2801 3660 hoc
2837 3613 3193 3677 cognoscimus
3243 3615 3382 3682 quod
3426 3616 3479 3667 in

1911 3689 2022 3756 ipso
2061 3706 2352 3755 manemus,
2387 3705 2434 3746 et
2464 3697 2573 3762 ipse
2606 3699 2658 3750 in
2692 3700 2860 3761 nobis.
2892 3704 3029 3770 quod
3055 3720 3118 3756 ex
3146 3704 3348 3769 Spiritu
3384 3723 3480 3760 suo

1909 3777 2054 3832 dedit
2085 3783 2232 3834 nobis
2261 3782 2328 3837 ".
2365 3783 2423 3838 Si
2476 3787 2641 3855 igitur
2681 3789 2958 3846 habitante
3004 3794 3054 3844 in
3084 3795 3243 3849 nobis
3273 3793 3475 3864 Spiritu

1909 3882 2006 3936 per
2045 3871 2535 3941 participationem,
2584 3877 2724 3933 Deus
2769 3891 2851 3954 est
2891 3883 2980 3946 qui
3030 3884 3256 3950 habitat,
3292 3897 3346 3940 et
3380 3904 3478 3941 nos

1908 3973 2097 4015 sumus
2130 3963 2181 4015 in
2215 3963 2355 4028 ipso,
2385 3977 2437 4018 et
2476 3967 2588 4035 ipse
2616 3984 2806 4024 rursus
2837 3972 2888 4024 in
2922 3975 3098 4038 nobis,
3131 3978 3252 4042 quia
3301 3979 3473 4046 Spiri—

1909 4058 2018 4102 tum
2054 4050 2276 4105 ferimus
2296 4094 2311 4120 ,
2340 4059 2611 4124 quomodo
2638 4059 2869 4128 Spiritus
2898 4081 3003 4118 non
3035 4066 3138 4120 erit
3163 4067 3322 4133 Deus,
3348 4086 3470 4124 Cllllt

1907 4136 2101 4192 habeat
2133 4141 2186 4194 in
2219 4157 2278 4198 se
2303 4146 2602 4200 secundum
2636 4151 2996 4207 substantiam
3031 4165 3196 4210 totam
3228 4162 3471 4228 proprie-

1907 4237 2070 4284 tatem
2123 4233 2218 4288 Del
2262 4234 2462 4301 Patris,
2495 4239 2652 4308 cujus
2693 4243 2926 4311 Spiritus
2969 4263 3062 4316 per
3089 4248 3282 4304 Filium
3317 4267 3472 4305 crea-

1909 4331 2038 4376 turae
2057 4325 2352 4381 tribuitur?
2383 4329 2606 4400 Magnus
2640 4332 2948 4414 Dionysius,
2972 4354 3094 4409 cap.
3126 4341 3158 4396 5
3182 4342 3257 4397 De
3282 4336 3469 4397 divinis

1905 4416 2245 4471 nominibus:
2277 4418 2612 4490 Exemplaria
2647 4439 2774 4478 vero
2819 4428 3046 4484 dicimus
3079 4446 3199 4487 esse
3231 4435 3470 4487 rationes

2231 4470 2235 4471 ,
2444 4470 2470 4490 ,.
2499 4470 2612 4476 __-_
2657 4470 2771 4478 --.ν
2820 4470 3046 4484 -..........,
3079 4470 3199 4487 νην

226 4470 534 4525 substantia
594 4475 987 4544 substantialis,
1040 4485 1509 4560 substantiamque
1556 4496 1798 4565 habens;
1829 4482 1880 4542 Ῑ)
1909 4518 2087 4558 rerum
2138 4506 2190 4558 in
2225 4508 2353 4572 Deo,
2402 4510 2706 4568 eliectrices
2736 4518 3185 4581 substantiarum.
3233 4534 3286 4576 et
3318 4525 3468 4576 unite

225 4566 279 4610 et
321 4575 388 4613 ex
421 4564 726 4618 exsistente
773 4570 1062 4628 exsistens.
1118 4576 1177 4630 S.
1223 4578 1457 4649 Cyrillus
1514 4586 1649 4642 libro
1710 4564 1799 4644 xlv

229 4646 624 4706 Thesaurorum
658 4670 676 4706 :
723 4654 943 4726 Paulus,
995 4664 1191 4734 inquit,
1231 4646 1354 4725 cum
1381 4676 1511 4730 dicit

227 4841 376 4896 sunt,
408 4834 488 4886 sic
515 4835 590 4887 ait
618 4852 631 4887 :
675 4835 779 4902 Qui
810 4842 953 4894 solus
982 4843 1132 4898 habet
1171 4849 1619 4911 immortalitatem
1643 4862 1708 4914 ³⁷.
1737 4864 1793 4918 Si

229 4937 360 4987 ergo
395 4925 528 4977 nihil
562 4925 703 4978 aliud
747 4931 1013 4998 quiSpiatn
1065 4938 1281 4992 deiiuiet
1312 4959 1434 4997 eSse
1470 4949 1789 5008 immortali-

233 5019 414 5072 tatem,
451 5014 552 5067 nisi
590 5014 794 5084 vitam;
827 5020 934 5074 vita
965 5036 1141 5078 autem
1176 5038 1258 5081 est
1290 5028 1480 5098 Filius,
1505 5040 1590 5103 qui
1623 5041 1784 5098 dicit:

296 5147 338 5226 ξτ
369 5146 384 5198 1
412 5148 552 5204 Tim.
572 5151 798 5226 vt.‘16.'_7
839 5153 886 5226 ξ’
909 5155 1062 5214 Joan.
1107 5174 1217 5226 XIV,
1259 5159 1311 5216 6.
1410 5165 1455 5196 ³⁸
1512 5167 1640 5225 ibid.

225 5214 687 5288 “Joa,n.vut,12.
765 5224 810 5256 “
839 5221 1122 5293 Jerem.tt,
1163 5214 1245 5286 13.

1898 4597 2349 4662 praeexsistentes,
2380 4616 2513 4670 quas
2562 4604 2993 4660 divinus'sermo
3031 4624 3187 4665 vocat
3219 4617 3466 4682 prtedcii-

1558 4684 1802 4749 proprie-
1896 4687 2151 4748 nitiones.
2173 4701 2226 4744 et
2260 4692 2473 4748 divinas
2496 4705 2658 4764 atque
2691 4699 2856 4754 bonas
2887 4703 3206 4769 voluntates,
3243 4720 3364 4772 quae
3397 4709 3464 4759 a.l

229 4749 368 4793 tates
405 4743 682 4799 naturales
716 4757 770 4800 et
805 4752 1207 4823 substantiales,
1241 4776 1358 4828 quae
1413 4765 1462 4816 in
1504 4743 1607 4820 Deo
1637 4743 1797 4830 Patre
1893 4781 2054 4832 distin

2062 4783 2327 4848 guendnm
2362 4795 2416 4837 et
2451 4786 2788 4842 eliiciendum
2816 4807 2877 4843 ea
2907 4807 3026 4860 qua:
3067 4804 3214 4859 sunt,
3250 4796 3462 4859 valent;

1892 4872 2187 4923 secandum
2224 4888 2358 4934 quas
2390 4877 2480 4942 qui
2512 4886 2595 4930 est
2635 4894 2796 4946 supra
2845 4882 3234 4944 substantiam,
3274 4889 3457 4937 omnia

1893 4972 2012 5024 quae
2041 4969 2188 5024 sunt,
2221 4964 2597 5030 praedeliuivit,
2647 4978 2702 5022 et
2737 4971 3010 5037 produxit.
3067 4973 3183 5038 Quo
3238 4974 3290 5027 in
3340 4977 3459 5029 loco

1890 5048 2103 5102 divinus
2146 5049 2448 5109 Maximus:
2480 5056 2848 5127 Exemplaria,
2882 5061 3076 5130 inquit,
3118 5078 3238 5133 qua:
3265 5075 3463 5120 vocant

1741 5176 1786 5205 ⁵ο
1818 5175 1975 5260 item:
2031 5197 2142 5244 xvr,
2373 5186 2466 5260 't‘rl
2499 5189 2625 5260 Cor.
2677 5209 2719 5254 I.
2777 5195 2866 5248 24.
2944 5195 2990 5227 δ’
3024 5197 3040 5250 l
3070 5195 3209 5254 Tim.
3256 5214 3330 5260 vt.
3367 5201 3454 5256 16·

1341 5233 1385 5264 ”
1411 5233 1568 5290 Joan.
1591 5254 1644 5301 v,
1673 5241 1764 5296 26.
1838 5246 1920 5301 “l
1947 5233 2336 5319 ,Ιοεωξῖιιῖέλ⁶
2391 5233 2466 5291 ’δῖ
2677 5233 2880 5329 his.

713 5392 742 5427 ,
1722 5358 1989 5427 Schoha.

301 5451 373 5535 (1)
415 5454 623 5535 Species
671 5475 718 5519 et
770 5467 1017 5522 divinitas
1063 5466 1264 5523 Patris.
1310 5469 1427 5526 Non
1486 5486 1639 5531 vocat
1695 5481 1782 5535 hic

230 5529 478 5606 ξβυυιίειη,
511 5533 818 5606 universale
848 5539 989 5604 quod
1031 5541 1094 5590 de
1126 5539 1368 5606 pluribus
1415 5544 1782 5604 dili'erentibus

491 5602 812 5681 [traulieatur
833 5595 1198 5681 ;'hujnsmédi
1229 5612 1371 5662 enim
1408 5615 1614 5681 species
1645 5619 1780 5672 divi-

494 5649 507 5658 _
592 5649 599 5650 κ
628 5649 801 5659 γ--..--..
896 5649 962 5660 ..υ-
995 5649 1198 5661 -ιυηιυιη
1230 5649 1371 5662 υιιιιιι
1408 5649 1433 5664 υ
1457 5649 1614 5669 ιυιιιῑδ
1645 5649 1773 5672 UIVI'

233 5649 614 5752 gill|:.nl|‘ct|tte_
639 5649 856 5736 liguran’t
889 5649 1078 5752 v‘odat;
1112 5677 1252 5752 Deus
1290 5649 1610 5738 euitttlcnret
1641 5687 1773 5752 ligu-

240 5730 334 5785 ra;
363 5724 452 5778 sed
477 5724 704 5797 speciem
727 5724 880 5798 vocat
900 5724 1152 5813 turmam,
1191 5749 1242 5802 id
1284 5759 1384 5817 est,
1416 5727 1770 5810 substantﬁm

1892 5505 2019 5576 vere
2059 5503 2112 5547 et
2151 5499 2386 5576 proprie,
2427 5516 2546 5569 quae
2586 5519 2614 5576 a
2650 5506 2797 5576 nullo
2830 5508 3033 5561 scilicet
3064 5511 3278 5576 pendet,
3310 5513 3455 5567 sicut

1891 5558 2275 5644 Pattlus‘vbcal:
2317 5558 2544 5644 formam
2584 5573 2673 5644 Det
2753 5558 2994 5639 Qui—cunt
3037 5558 3089 5630 iirt
3128 5558 3320 5644 Imma,
3369 5583 3454 5633 in-

1887 5631 2022 5706 quit,
2057 5632 2150 5720 Dei
2182 5647 2329 5716 esset.
2370 5639 2424 5692 In
2457 5639 2556 5696 hac
2580 5631 2978 5713 signiﬁcatione
3011 5631 3190 5716 posuit
3213 5631 3452 5720 hic'spe-

1886 5697 2020 5754 cient
2054 5705 2402 5766 Athanasius.
