4064 6266
294 5820 324 5848 ο

441 353 550 414 osa

1329 359 1567 420 DECAS
1608 362 1711 421 IX.
1741 363 1930 423 -ΒΕ
1976 366 2429 448 ιΝιηΝκιτΑτΕ
2471 368 2552 428 lN
2599 370 2767 428 DEO.
2842 335 2846 338 ’

3560 367 3666 430 θἰί

421 465 657 517 Perfecto
691 461 836 517 inter
868 477 928 520 se
959 472 1150 520 mutuo
1173 465 1480 537 singulatim
1522 469 1796 533 diStincta,
1845 487 1978 524 cou-
2012 482 2051 535 Α
2085 487 2217 539 stra,
2256 495 2346 544 per
2385 478 2641 545 Spiritum
2694 481 2808 547 ejus
2860 477 3239 532 inhabitants":
3293 478 3342 528 iu
3401 479 3546 530 nobis
3587 480 3656 534 δ’,

413 553 607 623 juncta
657 555 710 608 in
753 571 917 608 unum
953 558 1207 622 discrete,
1245 569 1297 612 et
1343 560 1579 614 discreta
1631 563 1989 630 coniunctim.

421 645 550 699 Haec
607 656 832 700 sanctus
892 648 1158 701 Maximus
1203 663 1326 703 cum
1382 653 1652 704 adnotat:
1689 652 1994 706 Advertcn-

423 737 576 797 dum.
631 737 824 804 inquit,
860 751 941 792 est
991 741 1122 794 illud
1161 760 1174 796 :
1210 740 1263 794 In
1302 757 1361 795 se
1407 729 1538 808 ipsis
1569 744 1835 809 vicissim,
1875 761 1995 799 esse

429 829 727 883 secundum
762 830 1096 885 mansionem
1130 843 1181 886 et
1224 833 1633 886 collocationem
1690 837 1994 888 divinarum

429 927 811 986 personarmn,
849 932 904 972 ut
936 938 1056 974 cum
1090 923 1168 976 ait
1198 924 1478 991 Scriptura
1509 945 1521 978 :
1566 925 1674 994 Ego
1709 927 1759 977 iu
1807 927 1994 989 Porro,

425 1021 473 1064 et
519 1010 681 1064 Pater
718 1012 770 1064 in
800 1028 878 1065 me
900 1013 966 1076 ⁵ο,
998 1015 1075 1067 sic
1108 1023 1161 1067 et
1218 1016 1282 1068 de
1321 1014 1522 1084 Spiritu
1555 1027 1743 1068 saneto
1772 1019 2000 1084 Aposto-

429 1101 514 1153 lus
552 1102 627 1152 ait
649 1101 715 1152 ⁸η.
774 1099 1008 1154 Sanctus
1051 1102 1290 1157 Joannes
1322 1104 1775 1160 Damascenus'in
1825 1109 2000 1176 e-=pile

431 1193 508 1248 De
558 1194 857 1248 Triuitate:
890 1197 1097 1249 Etenim
1131 1211 1395 1252 creaturae
1446 1209 1497 1251 ct
1534 1201 1652 1252 loco
1689 1203 1913 1262 dis-tant,
1947 1211 2002 1254 et.

432 1294 675 1354 tempore
707 1289 985 1352 dill‘erunt,
1014 1299 1065 1341 et
1099 1291 1377 1344 voluntate
1409 1293 1744 1356 dividuntur,
1779 1303 1832 1345 et
1870 1295 2001 1345 viri-

433 1377 557 1443 bus,
585 1389 637 1431 et
675 1378 864 1443 forata,
893 1381 944 1432 id
981 1389 1061 1434 est
1095 1382 1284 1449 ﬁgura,
1321 1394 1370 1435 et
1405 1383 1611 1447 habitu,
1640 1401 1693 1436 et
1723 1385 1999 1448 mistione,

429 1478 484 1521 et
515 1470 796 1537 dignitate,
850 1480 904 1522 et
934 1472 1136 1536 studio,
1178 1483 1233 1525 et
1283 1474 1538 1527 omnibus
1585 1476 2004 1542 proprietatibus

435 1561 813 1627 signantibus;
852 1579 912 1615 ae
964 1565 1306 1631 potissimum
1355 1564 1406 1617 in
1442 1581 1505 1618 eo
1548 1566 1820 1633 ditiorum,
1861 1568 2004 1636 quod

432 1665 540 1703 non
577 1662 701 1704 sunt
729 1653 784 1704 in
818 1668 874 1706 se
911 1653 1040 1720 ipsis
1068 1656 1332 1720 vicissim,
1364 1657 1458 1708 sed
1487 1658 1779 1723 separatim
1815 1674 1828 1710 :
1861 1661 2005 1712 unde

335 1781 344 1788 .
430 1753 486 1797 et
530 1743 656 1810 duo,
697 1753 751 1797 et
804 1755 935 1810 tres,
979 1757 1031 1798 et
1063 1747 1214 1800 multi
1246 1747 1498 1800 dicuntur
1526 1765 1540 1811 ;
1571 1758 1759 1801 contra
1795 1763 1922 1802 vero
1951 1751 2002 1802 in

2101 568 2264 622 Nobis
2306 579 2485 623 autem
2521 573 2571 622 in
2615 572 2816 638 Spiritu
2853 570 3154 630 vivificatis,
3193 569 3306 636 ipse
3336 569 3584 623 Christus
3610 573 3668 623 in

2099 661 2254 712 nobis
2291 662 2487 713 dicitur
2527 661 2725 713 vivere.
2761 661 2970 713 Christo
3000 661 3167 722 enim,
3200 661 3389 727 inqut,
3419 661 3660 724 conﬁxus

2097 767 2258 803 smn:
2299 751 2422 804 Vivo
2464 762 2635 804 autent
2684 769 2784 802 non
2824 751 2936 818 jam
2967 765 3078 819 ego.
3133 737 3254 804 vit-it
3285 760 3457 802 autem
3493 751 3546 801 in
3587 767 3669 802 me

2100 842 2340 896 Christus
2371 844 2436 896 ".
2468 844 2532 896 Et
2562 833 2749 896 rursus
2781 861 2796 896 :
2833 843 2990 896 Sicut
3032 857 3196 910 opera
3229 857 3360 908 qum,
3386 842 3557 894 Filius
3584 842 3668 891 τει-

2100 937 2294 993 ciebat,
2321 936 2527 986 diccbat
2566 936 2773 987 Patrem
2821 938 2996 989 facere
3029 953 3043 990 :
3085 935 3244 988 Pater
3272 936 3436 1000 enim,
3485 936 3576 991 ait.
3613 937 3667 985 iu

2106 1038 2187 1072 me
2217 1039 2450 1085 manem,
2482 1025 2585 1084 ipse
2611 1025 2736 1088 furit
2763 1040 2913 1087 opera
2937 1039 2956 1076 :
2988 1041 3089 1076 non
3118 1025 3329 1076 creditis
3361 1024 3505 1079 mihi.
3542 1027 3666 1090 quia

2101 1124 2193 1175 ego
2226 1111 2280 1160 in
2323 1109 2500 1172 Patre,
2534 1121 2582 1164 et
2629 1111 2788 1164 Pater
2821 1113 2871 1164 in
2926 1129 3006 1164 me
3051 1116 3161 1167 est?
3211 1112 3418 1175 Alioqui
3462 1124 3670 1177 prnp'rr

2059 1217 2256 1260 .opera
2319 1203 2433 1266 ipsa
2487 1203 2788 1266 credite";
2846 1203 2924 1255 sic
2961 1218 3078 1264 qua?
3133 1203 3184 1255 in
3243 1203 3442 1256 virtute
3495 1203 3670 1253 Patris

2103 1290 2431 1350 ouerabatur
2471 1289 2687 1355 Paulus,
2718 1291 2896 1343 aiebat
2924 1291 3124 1344 Christi
3161 1307 3278 1344 esse
3305 1308 3510 1357 opera:
3548 1291 3672 1344 Non

2103 1381 2272 1439 enim,
2302 1382 2491 1448 inquit,
2525 1383 2723 1436 audebo
2759 1383 2958 1449 aliquid
2998 1385 3170 1437 dicere
3199 1402 3377 1447 eorum
3409 1401 3522 1443 ante
3569 1400 3670 1436 non

2105 1482 2348 1536 oneratus
2377 1484 2448 1526 est
2481 1473 2719 1528 Christus
2749 1492 2838 1541 per
2871 1491 2950 1528 mc
2984 1477 3034 1528 in
3069 1477 3412 1529 obedientiam
3443 1477 3674 1542 gentium

2104 1566 2157 1617 in
2191 1565 2340 1617 verba
2373 1574 2422 1616 et
2457 1567 2774 1633 operatione.
2814 1568 2869 1619 in
2917 1570 3106 1621 uirtute
3146 1569 3422 1634 signorum
3462 1577 3508 1617 ct
3551 1579 3673 1632 pro.

2107 1654 2388 1721 di'qiorum,
2428 1655 2482 1708 in
2510 1657 2699 1711 virtute
2741 1657 2974 1722 Spiritus
3017 1659 3186 1711 sancti
3205 1659 3272 1708 °°.
3306 1658 3453 1709 Talis
3483 1658 3673 1724 conju-

2108 1745 2253 1810 gatio
2283 1753 2337 1798 et
2359 1745 2544 1816 unitas
2571 1761 2693 1800 cum
2726 1749 2794 1800 sit
2835 1750 2886 1801 in
2915 1730 3199 1811 Trinitate,
3229 1749 3474 1816 quisnam
3515 1748 3674 1801 dein-

430 1843 616 1888 saucta
667 1833 952 1910 Trinitate,
992 1853 1112 1904 quae
1163 1849 1322 1904 supra
1366 1838 1720 1892 substantiam
1775 1849 1881 1897 est,
1936 1850 1991 1895 et
2036 1811 2076 1866 Β
2106 1847 2236 1901 ceps
2259 1811 2454 1886 Filium
2487 1851 2516 1887 a
2552 1835 2736 1898 Patre,
2770 1850 2860 1891 aut
2891 1836 3147 1904 Spiritum
3185 1811 3433 1892 sanctum
3459 1854 3486 1890 a
3515 1838 3672 1898 Filio,

433 1928 569 1978 ultra
617 1925 821 1987 omnia,
869 1927 1309 1993 incomprehensa
1342 1944 1356 1993 ;
1391 1943 1526 1980 unus
1559 1932 1700 1983 enim
1753 1940 2002 1996 conatus,

433 2016 550 2069 sive
595 2016 828 2084 itrpetus
860 2017 1130 2080 motionis,
1163 2026 1218 2068 et
1265 2033 1366 2069 una
1409 2019 1726 2080 substantia,
1766 2037 1868 2072 una
1904 2021 2002 2075 bo-

434 2109 599 2166 nitas.
631 2123 735 2160 una
767 2111 956 2172 virtus,
1004 2125 1103 2162 una
1147 2111 1418 2173 voluntas,
1459 2127 1565 2166 una
1605 2113 1868 2180 operatio,
1898 2127 2003 2165 una

433 2207 699 2266 potestas,
735 2215 861 2260 una,
912 2200 1154 2268 inquam,
1186 2209 1240 2254 et
1286 2202 1509 2266 eadem;
1544 2212 1597 2256 et
1645 2218 1746 2255 non
1783 2213 1894 2257 tres
1935 2203 2009 2256 si-

438 2291 592 2344 miles
621 2290 761 2343 inter
788 2306 885 2353 se;
935 2293 1026 2346 sed
1061 2307 1162 2344 una
1211 2302 1373 2359 atque
1402 2295 1590 2347 eadem
1640 2298 1806 2347 motio
1840 2295 2000 2347 trium

437 2392 814 2446 personarum,
850 2395 1011 2432 unum
1044 2382 1184 2434 enim
1231 2382 1394 2436 habet
1445 2397 1777 2452 unaquaeque
1821 2401 2005 2438 earum

341 2537 356 2548 κ
437 2485 558 2521 cum
589 2470 776 2533 altera,
812 2487 915 2524 non
959 2474 1135 2526 minus
1167 2488 1324 2542 (luam
1357 2489 1538 2526 secum
1586 2488 1871 2527 commune
1905 2491 1919 2528 :
1954 2475 2006 2526 id

437 2571 545 2622 est,
571 2577 732 2614 unum
763 2575 886 2617 sunt
915 2564 1207 2618 secumlum
1250 2567 1428 2617 omnia
1461 2565 1641 2624 Pater.
1675 2575 1728 2618 et
1756 2564 1924 2620 Filius
1955 2576 2008 2617 et

440 2651 675 2720 Spiritus
723 2665 963 2708 sanctus.
1015 2654 1238 2725 Magnus
1282 2657 1634 2719 Athanasius,
1681 2657 1737 2710 in
1781 2657 2007 2724 epistola

439 2747 504 2798 ad
537 2744 884 2815 Serapionem
919 2763 931 2796 :
970 2745 1190 2808 Deinde,
1220 2761 1340 2801 cum
1388 2745 1547 2801 Pater
1588 2749 1678 2811 sit,
1722 2757 1778 2802 ut
1812 2747 2009 2802 Paulus

441 2838 601 2900 dixit,
634 2838 784 2892 solus
828 2838 1065 2904 sapiens,
1096 2839 1185 2907 qui
1238 2847 1323 2893 est
1381 2839 1542 2902 Deus,
1577 2837 1750 2893 Filius
1782 2849 1866 2894 est
1920 2856 2012 2892 sa-

443 2927 644 2992 pientia
678 2927 839 2996 ejus;
893 2929 1144 2984 Christus
1169 2930 1315 2983 enim
1358 2928 1456 2983 Dei
1491 2930 1666 2984 virtus
1707 2940 1761 2984 et
1790 2930 1882 2984 Dei
1917 2945 2011 2985 sa-

440 3009 640 3088 pientia
680 3037 696 3075 :
735 3029 787 3073 et
828 3035 950 3072 cum
991 3020 1160 3077 Filius
1189 3021 1254 3076 sit
1291 3022 1579 3090 sapientia,
1613 3037 1714 3076 nos
1749 3021 2010 3090 Spiritum

2108 1932 2200 1977 aut
2239 1924 2308 1977 ab
2335 1924 2452 1993 ipso
2487 1925 2643 1980 Patre
2673 1929 2987 1992 separabit?
3024 1929 3130 1982 Aut
3159 1931 3282 1997 quis
3314 1928 3420 1982 erit
3462 1927 3538 1980 ita
3579 1943 3676 1980 au-

2108 2018 2232 2078 dax,
2265 2025 2317 2068 ut
2356 2019 2498 2070 dicat
2540 2021 2886 2090 dissimilem,
2930 2029 2984 2074 et
3029 2021 3252 2074 alterius
3303 2029 3510 2073 natura:
3553 2031 3677 2071 esse

2110 2108 2249 2168 apud
2282 2121 2340 2161 se
2390 2105 2708 2161 Trinitatem
2744 2110 2768 2162 ?
2803 2111 2885 2163 vel
2937 2111 3130 2165 Filium
3179 2125 3301 2165 esse
3357 2109 3677 2162 substantiae

2109 2198 2296 2251 alienae
2339 2212 2368 2250 a
2416 2197 2606 2254 Patre?
2643 2201 2724 2253 vel
2773 2201 3031 2269 Spiritum
3066 2211 3312 2258 sanctum
3361 2203 3595 2256 alienum
3645 2213 3676 2252 a

2109 2287 2286 2344 Filio?
2337 2290 2391 2344 Si
2453 2293 2576 2360 quis
2629 2306 2829 2347 rursus
2869 2294 3186 2364 interroget,
3235 2294 3504 2360 quomodo
3560 2293 3677 2347 haec

2110 2383 2276 2436 eunt?
2315 2391 2628 2450 quaeratque
2671 2385 2978 2451 quomodo.
3015 2399 3136 2438 cum
3186 2383 3418 2450 Spiritus
3459 2393 3679 2436 sanctus

2109 2479 2195 2525 est
2229 2473 2280 2525 in
2315 2473 2491 2537 nobis,
2546 2472 2706 2526 Pater
2737 2474 2935 2528 dicitur
2982 2489 3103 2529 esse
3151 2475 3204 2527 in
3247 2474 3421 2535 nobis,
3458 2481 3512 2526 et
3554 2487 3678 2526 cum

2111 2561 2284 2616 Filius
2308 2563 2472 2616 estin
2506 2552 2690 2625 nobis,
2712 2563 2870 2619 Pater
2906 2565 3105 2618 dicitur
3128 2579 3250 2620 esse
3280 2566 3337 2617 in
3365 2564 3555 2626 nobis;
3588 2568 3682 2617 aut

2112 2653 2385 2724 quomodo
2413 2668 2535 2706 cum
2563 2653 2803 2710 Trinitas
2834 2662 2940 2720 est,
2970 2655 3022 2708 in
3057 2670 3162 2708 uno
3195 2655 3533 2723 signiﬁcatur
3559 2651 3681 2706 Tri-

2116 2748 2290 2806 nitas;
2324 2753 2416 2799 aut
2459 2748 2730 2816 quomodo
2767 2763 2890 2802 cum
2923 2763 3084 2801 unum
3137 2755 3221 2802 est
3269 2747 3321 2800 in
3356 2747 3534 2810 nobis,
3565 2747 3682 2798 Tri-

2115 2838 2255 2893 nitas
2284 2838 2489 2892 dicitur
2515 2856 2532 2892 :
2556 2839 2638 2892 vel
2673 2847 2927 2907 separent
2957 2838 3192 2907 primum
3219 2853 3247 2890 a
3273 2836 3475 2890 lumine
3507 2836 3684 2904 Splen-

2113 2927 2323 2988 dorem,
2355 2935 2452 2980 aut
2479 2927 2804 2994 sapientiam
2829 2941 2858 2978 a
2891 2927 3152 2990 sapiente.
3179 2927 3266 2980 vel
3305 2920 3512 2987 dicunt,
3542 2939 3682 2991 quo-

2113 3017 2274 3070 modo
2314 3016 2427 3070 haec
2459 3025 2652 3080 erunt;
2683 3015 2824 3084 quod
2859 3015 2906 3069 si
2951 3017 3054 3070 hoc
3090 3031 3192 3068 non
3234 3023 3485 3085 possunt,
3517 3014 3685 3067 multo

439 3111 789 3180 accipientes,
820 3112 1014 3166 Filium
1048 3113 1350 3178 habemus;
1381 3124 1437 3167 et
1479 3115 1530 3166 in
1567 3115 1684 3182 ipso
1713 3129 1904 3169 sumus
1927 3130 2012 3168 sa-
2035 3127 2082 3191 ο
2117 3111 2288 3181 magis
2331 3124 2574 3177 quaerere
2608 3110 2722 3163 haec
2748 3111 2814 3164 de
2846 3110 2977 3174 Deo,
3029 3109 3410 3165 insanientium
3457 3108 3682 3162 audacia

440 3207 666 3272 pientes,
707 3205 787 3258 sic
826 3205 975 3259 enim
1026 3205 1286 3271 scriptum
1322 3215 1444 3260 est:
1471 3205 1729 3259 Dominus
1763 3207 1917 3260 solvit
1941 3207 2008 3259 li-

441 3305 596 3363 gatos.
621 3293 714 3366 [aL
745 3295 1112 3367 compeditos],
1160 3297 1414 3350 Dominus
1445 3299 1616 3352 erudit
1660 3296 1758 3368 [:tl.
1801 3298 2010 3352 illumi-

443 3386 560 3458 nat]
611 3403 774 3440 cwcos
806 3388 871 3449 ",
931 3397 984 3441 et
1023 3403 1152 3442 cum
1183 3391 1346 3452 datm
1368 3391 1521 3444 nobis
1551 3390 1785 3456 Spiritus
1814 3407 1830 3444 :
1885 3391 2010 3460 (Ac-

443 3479 596 3545 cipite
645 3481 782 3531 enim
823 3477 1079 3547 Spiritum
1125 3491 1364 3534 sanctum
1391 3482 1457 3544 ⁵⁸,
1507 3483 1686 3534 aiebat
1742 3479 2010 3548 Salvator)

441 3567 585 3624 Deus
631 3581 712 3624 est
751 3571 805 3624 in
854 3572 1007 3626 nobis
1037 3590 1051 3638 ;
1079 3573 1156 3626 sic
1186 3573 1329 3626 enim
1363 3571 1600 3626 Joannes
1649 3573 1865 3639 scripsit
1898 3589 1912 3626 :
1953 3571 2011 3624 Si

442 3662 708 3731 diligimus
737 3665 978 3726 invicem,
1031 3663 1171 3716 Deus
1206 3665 1261 3716 in
1313 3665 1459 3717 nobis
1513 3672 1636 3717 est:
1667 3664 1914 3730 quoniam
1955 3664 2010 3716 in

441 3751 554 3818 ipso
579 3769 870 3814 manemus,
894 3763 942 3806 et
974 3754 1088 3818 ipse.
1113 3753 1168 3806 in
1193 3754 1378 3815 nobis;
1406 3755 1656 3821 quoniam
1697 3769 1761 3806 est
1805 3752 2012 3820 Spiritu

439 3860 538 3899 suo
574 3843 720 3898 dedit
751 3845 899 3897 nobis
929 3844 995 3898 “".
1029 3845 1162 3898 Cum
1200 3854 1396 3898 autem
1426 3845 1566 3900 Deus
1608 3856 1691 3900 est
1729 3847 1788 3898 in.-
1831 3847 2009 3909 nobis,

441 3947 522 3989 est
557 3939 717 3989 etiam
756 3935 927 3990 Filius
978 3937 1031 3989 in
1075 3938 1266 4003 nobis;
1299 3937 1431 3991 dicit
1459 3937 1601 3991 enim
1643 3937 1762 4004 ipse
1803 3938 2010 3992 Filius':

444 4027 582 4096 Ego,
633 4037 684 4078 et
730 4025 890 4078 Pater
927 4027 1210 4087 veniemus.
1243 4038 1290 4081 et
1333 4029 1656 4079 nionsioncm
1703 4027 1845 4095 apud
1897 4043 2013 4079 eum

445 4121 697 4188 [acienms
723 4118 790 4170 ⁵³.
840 4118 1062 4178 Deinde,
1111 4133 1237 4170 cum
1287 4119 1392 4171 vita
1443 4118 1640 4186 alioqui
1690 4120 1768 4171 sit.
1801 4117 2011 4171 Filius:

444 4211 580 4280 Ego,
617 4209 810 4276 inquit,
839 4225 960 4262 sum
989 4211 1096 4263 vita
1126 4211 1207 4275 ⁵⁶;
1250 4210 1507 4263 viviﬁcari
1561 4219 1740 4262 tamen
1785 4209 2019 4263 dicinmr

445 4304 502 4357 in
564 4301 768 4372 Spiritu
821 4311 1054 4356 sancto:
1095 4302 1206 4366 Qui
1230 4305 1368 4354 enim
1413 4302 1688 4355 suscitauit
1743 4301 2014 4355 Christum

445 4394 626 4448 losum
659 4412 690 4446 a
720 4395 962 4455 mortuis,
1007 4394 1277 4447 suscitabit
1323 4405 1367 4448 et
1400 4394 1646 4447 mortalia
1675 4409 1895 4461 corpora
1925 4410 2017 4446 no-

515 4509 564 4541 ³⁰
591 4507 747 4560 Joan.
789 4505 1008 4570 xiv,10.
1085 4507 1128 4540 ⁵¹
1162 4506 1177 4557 1
1209 4506 1334 4559 Cor.
1364 4521 1444 4570 ιιι,
1474 4505 1496 4555 1
1528 4522 1681 4575 seqq.

445 4579 666 4635 nmis.
762 4577 808 4608 "
839 4577 968 4629 ibid.
999 4575 1054 4628 6.
1148 4577 1194 4608 ⁸⁷
1229 4576 1383 4629 Rom.
1411 4593 1531 4642 vm,
1557 4581 1637 4631 lt.

448 4651 491 4681 “
514 4648 746 4715 Philipp.
775 4663 834 4709 ιι,
863 4645 917 4699 6.
994 4645 1039 4676 ⁸³
1062 4645 1190 4700 ibid.

1759 4507 1803 4538 "
1837 4505 1978 4560 Psai.
2008 4519 2126 4561 ch,
2170 4502 2222 4554 6.

1745 4573 1792 4607 ⁸⁸
1822 4577 1997 4630 Galat.
2022 4591 2080 4637 ιι,
2113 4573 2202 4636 19,
2235 4569 2325 4624 20.

2112 3211 2214 3257 est.
2265 3201 2526 3255 Diviuitas
2565 3202 2709 3255 enim
2757 3217 2861 3254 non
2897 3202 2950 3254 in
2984 3200 3452 3255 deatonstratione'
3491 3199 3685 3253 verbo-

2113 3307 2230 3344 rum
2265 3291 2467 3344 tradita
2503 3299 2610 3353 est,
2654 3298 2712 3343 ut
2739 3291 2998 3354 diximus,
3041 3291 3136 3344 sed
3167 3291 3219 3343 in
3256 3291 3379 3354 ﬁde,
3407 3298 3460 3342 et
3488 3288 3574 3355 pia
3600 3303 3687 3339 ra-

2113 3382 2467 3435 tiocinatione
2496 3395 2619 3433 eum
2663 3381 2984 3435 reverentia.
3035 3379 3100 3434 Et
3133 3381 3326 3433 iterum
3361 3379 3500 3431 idem
3548 3376 3688 3430 libro

2115 3487 2168 3526 tv
2211 3473 2408 3526 Contra
2455 3472 2735 3536 Aricinos:
2777 3470 2914 3536 Quia
2959 3470 3124 3536 igitur
3172 3469 3344 3522 Filius
3375 3475 3458 3522 est
3507 3467 3686 3534 imago

2113 3565 2316 3626 Patris,
2367 3577 2592 3617 necesse
2644 3571 2729 3615 est
2772 3562 3100 3630 intelligere,
3141 3563 3282 3629 quod
3331 3560 3584 3613 divinitas
3632 3568 3689 3613 et

2114 3656 2420 3723 proprietas
2445 3652 2623 3707 Patris
2650 3652 2886 3705 essentia
2917 3651 3036 3705 Filii
3063 3660 3176 3715 est,
3192 3659 3245 3705 et
3279 3651 3379 3702 boc
3401 3657 3484 3702 est
3515 3648 3642 3700 illud
3668 3667 3684 3702 :

2118 3746 2220 3809 Qui
2267 3762 2382 3798 cum
2418 3745 2471 3796 in
2519 3745 2690 3814 forma
2730 3742 2825 3797 Dei
2861 3750 2998 3796 esset
3023 3741 3104 3808 ⁶¹;
3146 3749 3200 3794 et
3233 3738 3447 3793 rPatcr
3489 3738 3543 3791 in
3583 3753 3686 3790 me.

2115 3837 2229 3891 Non
2288 3846 2465 3891 autem
2522 3851 2583 3890 ex
2627 3843 2781 3903 parte
2833 3843 2916 3886 est
2973 3831 3145 3885 forma
3203 3828 3544 3885 divinitatis.
3593 3827 3688 3882 sed

2117 3927 2394 3994 plenitudo
2441 3935 2681 3994 paternae
2715 3903 3016 3977 divinitatis
3055 3919 3292 3974 essentia
3323 3929 3406 3971 est
3448 3915 3592 3979 Filii,
3636 3924 3692 3968 et

2116 4018 2360 4073 Verbum.
2385 4018 2524 4072 Deus
2553 4025 2640 4071 est
2670 4014 2862 4076 Filius,
2909 4012 3109 4066 idcirco
3137 4009 3365 4077 mqualis
3407 4008 3545 4059 Deus
3587 4021 3691 4059 non

2116 4112 2361 4180 rapinam
2405 4109 2697 4160 arbitratus
2747 4114 2823 4158 est
2854 4120 2908 4157 se
2949 4120 3060 4156 esse
3102 4101 3361 4168 aqualem
3393 4100 3497 4151 Deo
3523 4097 3590 4148 θ’.
3627 4095 3692 4150 Et

2121 4218 2328 4272 rursus,
2361 4202 2482 4270 quia
2525 4200 2644 4252 Filii
2675 4198 2930 4272 divinitas
2959 4205 3012 4249 et
3049 4197 3261 4263 species
3291 4207 3396 4246 non
3428 4200 3516 4242 est
3555 4189 3689 4242 alte-

2121 4270 2234 4347 rius
2269 4308 2438 4362 quam.
2466 4291 2681 4350 Patris;
2724 4270 2828 4342 hoc
2875 4297 2956 4342 est
2989 4288 3130 4355 quod
3183 4284 3416 4338 diximus
3444 4298 3458 4334 :
3492 4280 3602 4349 Ego
3635 4279 3691 4332 in

2121 4387 2318 4445 Patre;
2353 4384 2431 4437 sic
2474 4382 2614 4436 Deus
2653 4389 2772 4433 erat
2816 4378 2871 4432 in
2913 4377 3131 4432 Christo
3161 4373 3420 4428 mundum
3467 4371 3572 4425 sibi
3607 4387 3696 4423 re-

2297 4501 2346 4531 ⁸³
2375 4498 2652 4555 lnam-xx,
2685 4493 2773 4545 92.
2837 4493 2881 4524 "
2909 4484 3101 4543 I'Joan.
3136 4503 3207 4549 tv,
3245 4486 3428 4545 12,13.
3465 4483 3694 4555 “'doau.

2403 4570 2448 4600 '9
2478 4553 2766 4629 luam-xw,
2794 4561 2874 4625 lt,
2897 4561 2983 4613 12.
3074 4559 3120 4590 ⁸ο
3173 4559 3326 4612 Korn.
3365 4571 3453 4622 xv,
3488 4554 3576 4618 18,
3609 4553 3695 4604 19.

1952 4756 2223 4819 Schoha.
3129 4773 3163 4820 ε

451 4865 666 4918 nionem
714 4877 900 4916 eorum
939 4859 1029 4928 qui
1073 4859 1353 4913 tradebant
1394 4856 1576 4910 lumen
1608 4871 1731 4910 esse
1758 4857 2006 4910 substan.
2044 4863 2089 4916 ι)
2121 4857 2257 4908 rium
2291 4846 2675 4906 incarnationis
2710 4842 2924 4928 retulit,
2962 4847 3030 4928 ξι.
3070 4836 3697 4928 Ρειρλιχιιιοιςξὲηοξιγξιέ

433 4937 580 4988 'tiam
633 4947 969 4994 corpoream,
1012 4939 1065 4982 et
1115 4944 1219 4981 non
1273 4928 1624 4995 qualitatem;
1674 4928 1815 4994 quod
1867 4928 2013 4980 enim

453 5004 632 5071 posuit
657 5002 942 5070 Dionysius
970 5001 1170 5071 lumina
1202 4997 1567 5071 lampadaruin
1594 5011 1686 5071 per
1709 5014 1771 5050 se
1796 4996 2021 5050 exsiste-

455 5067 552 5138 re;
582 5089 688 5126 non
715 5073 781 5124 ad
797 5067 1008 5124 'lumina
1033 5069 1236 5129 retulit,
1265 5067 1356 5120 Sed
1387 5070 1449 5117 a'l
1477 5067 1894 5138 la_mpadas_qu:e
1927 5079 2021 5131 per

453 5159 514 5196 se
537 5135 832 5200 exsistunt,
862 5141 1003 5194 sicut
1042 5141 1260 5191 recesset
1302 5138 1471 5190 laedat.
1520 5135 1704 5198 Itaque
1748 5135 1891 5186 faces
1930 5150 2020 5186 ar-

455 5218 662 5274 dentes,
693 5213 807 5266 sive
847 5208 1123 5276 lampadas
1148 5222 1400 5259 accensas
1435 5207 1730 5276 luminibus
1769 5209 1820 5256 in
1859 5219 2020 5255 unmn

452 5281 767 5346 cottjunctis,
788 5295 878 5347 per
908 5275 969 5333 se
995 5278 1314 5347 exsisto-ntes
1345 5290 1464 5327 cum
1496 5275 1906 5347 proprietatibus
1933 5276 2025 5347 by-

458 5343 735 5418 posiativis
767 5343 861 5416 per.
886 5363 944 5402 se
970 5346 1466 5418 subsistentibusin
1502 5343 2021 5418 lutiiiue_supr_asub-

455 5411 693 5474 itantiali
732 5411 1017 5472 Trinitatis
1055 5417 1288 5468 discrete
1322 5413 1504 5472 unitis,
1545 5423 1596 5462 et
1632 5411 1778 5463 unite
1812 5412 2017 5462 discre-

458 5493 524 5541 tis
548 5499 864 5555 cmnparat;
904 5498 954 5539 et
990 5485 1132 5552 quod
1164 5482 1416 5555 sequitur
1451 5485 1503 5532 in
1532 5480 1830 5555 ‘Diouysio:
1878 5482 1940 5533 Et
1974 5481 2016 5534 si

456 5561 578 5624 quis
613 5549 772 5609 imum
806 5549 1090 5616 luminare,
1124 5554 1174 5606 id
1203 5561 1305 5624 est,
1336 5567 1494 5603 unam
1525 5549 1700 5624 iacent
1737 5565 2018 5624 accensam

456 5620 649 5679 educat
671 5643 700 5679 c
723 5627 905 5688 duino,
931 5625 1088 5678 simul
1118 5623 1284 5676 exibet
1311 5629 1479 5673 totmn
1505 5620 1783 5686 proprium
1820 5620 2020 5678 lumen.

457 5698 589 5748 nihil
630 5697 918 5763 quidquam
963 5695 1187 5745 aliorum
1223 5691 1496 5763 fluminum
1533 5690 1585 5741 iu
1621 5703 1679 5742 sc
1715 5689 1829 5763 ipsa
1862 5689 2019 5741 simul

461 5758 698 5827 trahens,
731 5758 826 5818 nec
851 5764 1051 5832 aliquid
1087 5763 1169 5817 sui
1220 5760 1326 5814 illis
1357 5760 1698 5828 relinquens;
1733 5758 1798 5812 ad
1839 5767 2034 5825 myste‘

2121 4906 2616 4988 interpretatusque
2643 4926 2726 4970 est
2756 4913 2883 4988 illud
2909 4929 2921 4963 :
2957 4910 3074 4988 {Ego-
3093 4928 3124 4963 α
3158 4906 3314 4988 Patre
3343 4909 3496 4988 exivi.
3530 4906 3699 4988 [filius

2121 4979 2466 5049 turim‘l'actus
2496 4979 2673 5045 homo,
2700 4985 2787 5050 qui
2817 4991 2939 5035 erat.
2963 4979 3310 5050 faxqttaedam
3347 4979 3699 5050 Iumninilatés

2123 5044 2348 5118 accensa
2365 5044 2574 5112 lumine
2595 5044 2910 5116 divinitatis,
2950 5067 3053 5103 non
3079 5044 3240 5103 traxit
3261 5062 3440 5102 secum
3463 5044 3696 5102 Patrem.

2122 5150 2298 5194 neque
2323 5130 2584 5196 Spiritum
2609 5133 2876 5196 sanctum,
2907 5119 3390 5196 nequequidqnam
3427 5118 3699 5196 proprium

2123 5189 2545 5257 divinitatisillis
2564 5193 2817 5263 reliquit;
2839 5191 2964 5258 quin
2987 5191 3164 5263 potius
3180 5189 3420 5263 eamdem
3441 5195 3603 5263 totam
3625 5189 3701 5263 di:

2126 5253 2406 5326 vinitatem
2443 5284 2564 5335 quae
2594 5267 2646 5319 in
2680 5253 2918 5335 illis’cst,
2956 5253 3074 5335 tulit
3108 5274 3331 5335 manens
3367 5257 3415 5308 in
3455 5253 3698 5335 illis.‘Ad

2122 5322 3032 5410 idem-mysteriom_incarnationis
3061 5329 3240 5410 retulit
3267 5328 3368 5404 bon
3395 5322 3697 5410 exemptum

2121 5392 2738 5466 Leontiusmonachus,
2777 5411 2967 5454 auctor
3010 5392 3518 5471 erutlitissimus..in
3537 5392 3701 5471 λιι)το

2521 5459 2827 5546 Nestorium
2858 5479 2911 5546 et
2937 5470 3226 5546 Eutychen:
3267 5461 3505 5546 scripsit.
3533 5459 3701 5546 rD‘oput

2119 5531 2364 5604 enini—sit:
2387 5545 2712 5601 substantias
2741 5540 2878 5594 uniri
2910 5531 3065 5607 posse
3090 5535 3206 5608 sine
3231 5533 3502 5608 uiistione,
3530 5540 3588 5608 ut
3613 5531 3700 5582 hic

2121 5620 2239 5673 sine
2264 5619 2515 5672 mistione
2539 5615 2794 5668 uniuntur
2817 5604 3097 5676 qualitates
3122 5604 3403 5676 luminum,
3426 5610 3477 5652 et
3503 5604 3702 5676 union:

2131 5700 2218 5741 tur
2263 5688 2575 5756 splendores
2616 5673 2913 5756 stellarum.
2958 5676 3104 5756 sitit]?
3147 5673 3474 5756 proprielﬂle
3513 5673 3699 5739 quau-li

2127 5759 2180 5812 in
2225 5743 2366 5823 quali
2405 5757 2456 5810 in
2487 5771 2551 5810 eo
2589 5751 2729 5822 quod
2769 5759 2948 5802 manet
2983 5743 3151 5799 Filius
3191 5752 3420 5797 tauttun.
