4028 6270
450 317 558 382 955

1576 316 1903 380 JOANNIS
1935 312 2517 375 CYPARISSIOT/E

3617 312 3747 378 956

448 433 751 490 concilians
780 434 847 488 “.
896 433 1179 503 Proprium
1235 435 1448 505 quidem
1483 434 1800 490 substantia;
1834 432 2011 487 Patris
2044 440 2086 495 Α
2119 429 2226 481 nml
2255 440 2554 482 cernuntur
2574 441 2694 482 esse
2729 442 2846 495 qute
2880 426 3026 481 illam
3064 425 3350 483 deﬁniunt.
3384 425 3529 482 Cum
3566 428 3742 481 enim

447 534 531 577 est
558 524 745 588 Filius,
784 525 835 578 in
867 542 972 595 quo
1013 536 1258 580 creatura
1294 526 1401 581 Deo
1434 526 1774 581 recenciliata
1801 536 1905 588 est,
1936 526 2015 580 sic

448 630 571 683 quae
618 617 942 683 aperabatur
994 615 1183 683 Filius,
1232 632 1395 685 opera
1432 616 1607 671 Patris
1641 626 1791 680 sunt,
1842 616 2013 668 forma

448 708 592 760 enim
633 707 930 761 divinitatis
956 707 1133 760 Patris
1162 718 1242 762 est
1266 708 1433 762 Filius
1460 727 1473 772 ;
1506 719 1560 763 et
1589 718 1809 775 paterna
1841 708 2012 759 forma

448 794 502 846 in
534 795 674 864 ipso,
707 795 1040 873 demonstrat
1080 797 1131 848 in
1169 798 1285 866 ipso
1316 798 1528 850 Patrem
1565 814 1579 850 :
1627 807 1792 865 atque
1824 798 1895 849 ita
1930 805 2012 851 est

448 882 610 939 Pater
648 886 703 939 in
743 885 898 947 Filio.
925 900 978 940 et
1007 889 1312 956 proprietas
1347 897 1507 959 atque
1539 890 1792 943 divinitas
1822 904 1885 942 ex
1914 887 2015 940 Pa-

450 989 531 1031 tre
563 978 613 1031 in
644 977 804 1041 Filio,
838 981 1171 1033 demonstrat
1216 980 1407 1033 Filium
1461 981 1511 1033 in
1544 981 1702 1035 Patre
1733 982 2010 1048 insepara-

447 1064 608 1117 bilem
649 1065 714 1119 ab
747 1079 832 1119 eo.
865 1063 937 1118 Ex
968 1066 1052 1120 his
1087 1068 1289 1134 pateﬁt,
1313 1068 1455 1134 quod
1497 1069 1548 1121 in
1575 1066 1863 1131 Trinitate,
1893 1082 2013 1137 qua:

442 1169 603 1221 supra
662 1155 1022 1209 substantiam
1067 1165 1171 1221 est,
1230 1157 1472 1226 exceptis
1525 1158 1697 1212 tribus
1761 1157 2011 1225 personis

444 1245 673 1308 deiﬁcis.
706 1263 828 1317 qua:
859 1262 966 1308 non
997 1249 1424 1317 reciprocantur,
1471 1249 1592 1303 aliis
1621 1250 2007 1313 remeantibus,

447 1341 590 1405 quod
635 1347 722 1392 est
762 1354 866 1392 una
900 1354 1150 1405 persona,
1185 1341 1290 1393 hoc
1336 1339 1511 1408 ipsum
1566 1347 1650 1393 est
1702 1339 1850 1404 alia;
1884 1341 2008 1407 quia

444 1435 573 1480 sunt
616 1442 719 1481 una
771 1438 827 1483 et
877 1428 987 1482 sola
1020 1430 1182 1481 trium
1235 1442 1590 1497 personarum
1633 1428 1911 1482 essentia:
1956 1439 2010 1483 et

439 1516 585 1583 quod
630 1528 715 1571 est
748 1518 927 1582 unius,
965 1519 1067 1572 hoc
1111 1518 1251 1572 idem
1282 1527 1365 1572 est
1396 1519 1719 1587 reliquarum
1751 1532 2007 1587 persona-

440 1621 558 1660 rum
593 1608 709 1661 sine
744 1608 851 1662 ulla
895 1609 1181 1673 varietate,
1238 1608 1379 1663 sicut
1418 1611 1848 1662 demonstratum
1900 1616 2005 1662 est.

437 1698 617 1765 Quare
651 1698 696 1752 si
726 1700 963 1754 essentia
999 1700 1118 1754 Filii
1169 1708 1250 1753 est
1298 1702 1429 1763 vita,
1478 1701 1785 1754 necessario
1826 1701 2001 1754 Patris

435 1801 491 1842 et
518 1789 758 1860 Spiritus
785 1793 956 1846 sancti
984 1801 1069 1847 est
1104 1791 1293 1847 eadem
1322 1793 1455 1857 vita,
1480 1807 1600 1862 quae
1629 1804 1746 1848 erat
1767 1794 2003 1848 essentia

390 1915 407 1921 η
438 1880 580 1934 Filii.
613 1880 716 1944 Qui
765 1883 996 1949 amplius
1028 1883 1245 1950 quierit,
1296 1883 1341 1936 si
1390 1882 1557 1936 Filius
1600 1882 1760 1937 habet
1788 1883 2005 1950 sapien-

436 1971 566 2023 tiam
595 1968 834 2035 Patrem,
862 1974 953 2026 ubi
984 1984 1068 2027 est
1100 1974 1258 2043 hujus
1318 1973 1435 2041 Filii
1470 1975 1775 2041 sapientiai?
1818 1973 2005 2029 fatuus

437 2062 596 2131 plane
624 2072 678 2117 et
704 2063 963 2132 insipiens
990 2074 1093 2129 est,
1126 2080 1250 2118 cum
1286 2065 1491 2128 audiat,
1518 2048 1680 2119 vitam
1713 2080 1872 2132 quam
1909 2067 2003 2119 ha-

432 2152 524 2206 bet
550 2151 731 2216 Pater,
764 2169 871 2207 non
908 2169 1027 2207 esse
1063 2155 1221 2207 aliam
1255 2154 1415 2208 ullam
1448 2165 1643 2223 praeter
1684 2155 1903 2216 Filium,
1948 2165 2003 2211 et

431 2243 597 2299 vitam
640 2245 693 2299 in
729 2244 865 2301 Filio
906 2262 1011 2301 non
1072 2261 1195 2301 esse
1234 2247 1399 2300 ullam
1464 2247 1623 2301 aliam
1665 2259 1862 2317 praeter
1898 2249 1996 2304 Pa-

432 2344 590 2398 trem,
624 2345 678 2390 et
717 2352 903 2391 verum
938 2338 1118 2392 dicere
1149 2340 1239 2407 qui
1272 2338 1405 2392 dicit
1433 2357 1446 2393 :
1486 2340 1594 2408 Ego
1624 2341 1677 2393 in
1732 2339 1913 2405 Patre,
1948 2353 1998 2396 et

390 2414 395 2417 ’
430 2426 593 2480 Pater
625 2427 679 2479 in
714 2422 885 2481 me'“.
920 2428 1034 2483 Una
1074 2430 1240 2493 enim,
1271 2439 1328 2482 ut
1360 2430 1619 2497 diximus,
1649 2441 1731 2487 est
1760 2435 2003 2488 essentia

430 2517 739 2582 Trinitatis,
767 2529 823 2573 et
853 2536 957 2573 una
987 2520 1159 2574 solum
1190 2535 1424 2588 semper.
1470 2521 1596 2578 Hice
1619 2524 1784 2592 igitur
1810 2540 1997 2579 essen-

431 2610 505 2663 tia
534 2612 742 2679 singula
756 2612 967 2665 rissima
1000 2616 1179 2674 trium,
1212 2627 1493 2668 assumens
1517 2614 1868 2689 ineﬂ‘abiliter
1896 2632 1995 2669 no-

431 2717 552 2755 men
610 2702 805 2769 Patris,
860 2705 999 2773 qnod
1050 2716 1132 2759 est
1177 2719 1338 2772 supra
1382 2707 1771 2773 substantiam,
1816 2708 1992 2762 solum

426 2793 645 2850 Patrem
681 2810 1026 2865 generautem
1069 2797 1262 2852 Filium
1295 2801 1628 2865 manifestat,
1681 2817 1875 2856 rursus
1907 2818 1997 2857 as-

431 2900 653 2941 sumens
699 2879 1028 2957 supraquam
1086 2890 1309 2959 intelligi
1356 2900 1551 2958 potest,
1603 2908 1797 2947 nomen
1848 2893 1991 2959 Filii,

426 2979 571 3044 quod
600 2986 683 3032 est
718 2993 880 3046 supra
921 2958 1306 3039 substantiam,
1338 2981 1512 3034 solmn
1538 2982 1733 3036 Filium
1766 2958 1991 3039 demon?
2022 2958 2063 3008 (⁸⁸

422 3074 561 3119 strat
593 3077 904 3134 generatum
944 3084 972 3121 a
1005 3069 1201 3134 Patre;
1242 3085 1430 3125 rursus
1458 3075 1571 3127 htec
1610 3074 1725 3143 ipsa
1753 3079 1991 3133 essentia

328 3212 331 3215 η
422 3169 709 3211 assumens
748 3173 941 3211 nomen
980 3159 1235 3228 Spiritus,
1260 3163 1404 3229 quod
1443 3173 1527 3217 est
1551 3179 1711 3234 supra
1742 3167 1993 3221 substan-

420 3244 575 3308 tiam,
596 3244 867 3313 Spiritum
900 3257 1107 3301 tantum
1153 3250 1393 3304 declarat
1427 3266 1457 3304 a
1486 3250 1646 3307 Patre
1693 3257 1992 3319 proceden-

419 3339 529 3384 tem
570 3346 665 3399 per
690 3331 904 3396 Filium,
935 3345 991 3387 ut
1015 3342 1059 3389 sl
1094 3339 1323 3406 exempli
1350 3342 1521 3408 gratia
1563 3356 1616 3395 et
1647 3344 1863 3411 quidem
1906 3355 1987 3398 te-

419 3424 544 3477 nuis
572 3425 835 3492 dicamus,
870 3438 1076 3482 natura
1119 3430 1421 3495 hominum,
1469 3450 1590 3500 qua;
1632 3450 1737 3487 una
1777 3447 1880 3500 cst,
1933 3438 1985 3490 in

414 3517 613 3584 quibus
661 3518 835 3571 solum
886 3523 1113 3574 assumit
1161 3522 1414 3576 virtutem
1466 3526 1755 3593 gignendi,
1806 3539 1987 3595 patres

415 3618 627 3662 tantum
656 3611 884 3665 declarat
916 3630 931 3678 ;
965 3614 1017 3667 in
1042 3614 1240 3683 quibus
1267 3628 1443 3670 autem
1472 3620 1699 3672 assumit
1718 3621 1979 3689 genitum,

415 3700 555 3756 ﬁlios
587 3702 783 3769 solum,
808 3713 893 3760 est
938 3706 1314 3771 nihilominus,
1364 3724 1465 3761 una
1506 3720 1701 3764 natura
1750 3714 1982 3766 lnnuana

420 3805 632 3860 patrum
663 3806 714 3849 et
749 3798 1006 3850 ﬁliorum.
1028 3798 1159 3852 Cum
1186 3801 1346 3869 igitur
1367 3800 1594 3856 dicimus
1617 3819 1737 3858 esse
1762 3803 1979 3871 Filium,

413 3886 467 3938 in
506 3901 570 3939 eo
600 3889 742 3955 quod
778 3899 959 3942 manet
1008 3889 1174 3943 Filius
1219 3901 1450 3953 tantum,
1496 3893 1657 3947 simul
1706 3895 1984 3949 inducitur

410 3991 532 4030 esse
563 3976 778 4031 Patrem
810 3978 910 4047 (l),
937 3988 993 4031 et
1027 3976 1286 4046 Spiritum
1319 3991 1598 4046 sanctmn;
1636 3981 1764 4049 quia
1794 4000 1981 4038 esseu-

411 4068 482 4120 tia
505 4082 690 4121 eorum
731 4078 814 4122 est
845 4084 945 4122 una
973 4084 988 4133 ;
1020 4069 1272 4123 similiter
1297 4072 1499 4125 utravis
1532 4072 1759 4126 aliarum
1793 4089 1981 4141 perso-

411 4174 603 4212 narum
629 4170 894 4228 ponatur,
934 4161 1241 4215 necessario
1275 4162 1524 4230 sequitur
1574 4165 1809 4232 reliquas
1840 4166 1977 4222 duas

2128 521 2364 574 essentia
2390 519 2617 588 alicujus
2644 518 3070 583 demonstratur,
3098 520 3456 588 praprietates
3486 534 3639 589 qua
3664 523 3743 573 ait

2117 610 2263 663 illam
2308 610 2600 677 pertinent,
2657 609 2818 663 simul
2865 610 3128 679 pateﬁunt
3168 628 3183 664 :
3226 620 3285 664 ut
3332 611 3476 678 quod
3545 612 3740 664 habet

2118 710 2228 755 tres
2268 702 2509 775 angulos
2568 702 2803 770 aequales
2858 702 3067 757 duobus
3123 703 3310 767 rectis,
3379 704 3740 757 necessarie

2115 793 2294 847 omnis
2340 792 2596 862 trianguli
2661 802 2910 846 naturam
2963 795 3221 849 ostendit.
3260 794 3376 847 Nisi
3412 793 3549 863 quis
3619 794 3739 846 hoc

2115 883 2459 963 recte‘dicat,
2491 884 2711 938 omnino
2758 883 2860 938 hoc
2888 884 3181 939 dissentire
3234 885 3301 938 ab
3352 884 3621 952 imagine
3680 894 3743 934 et

2114 974 2472 1029 similitudine
2521 975 2682 1029 unius
2730 985 2785 1029 et
2836 974 3082 1042 ejusdem
3130 983 3335 1028 natura:
3383 974 3743 1038 Trinitatis,

2113 1078 2233 1131 quae
2256 1076 2421 1132 supra
2448 1071 2726 1130 naturam,
2748 1058 2994 1134 ct‘supra
3026 1065 3208 1118 omnia
3238 1065 3430 1117 eadem
3455 1074 3574 1117 est.
3620 1063 3740 1115 Per

2112 1169 2173 1208 se
2204 1155 2349 1221 ipsas
2386 1156 2549 1224 igitur
2580 1167 2635 1211 et
2676 1157 2730 1209 in
2761 1170 2821 1209 se
2851 1156 2981 1224 ipsis
3012 1156 3249 1210 vicissim
3283 1156 3478 1209 divinae
3514 1170 3739 1223 perso-

2113 1261 2196 1300 nae
2237 1256 2441 1312 meant,
2478 1255 2532 1301 et
2563 1263 2668 1301 una
2718 1249 2915 1317 posita,
2966 1249 3278 1303 necessario
3306 1256 3418 1302 tota
3451 1246 3737 1317 Trinitas

2111 1338 2443 1402 declaratur,
2477 1338 2619 1394 sicut
2652 1350 2875 1395 ostenso
2906 1340 3079 1394 solum
3112 1337 3294 1405 radio,
3328 1341 3491 1393 tacite
3533 1339 3637 1393 sol
3671 1350 3735 1392 et

2111 1426 2201 1481 lux
2243 1428 2403 1481 simul
2428 1430 2790 1483 ostenduntur
2823 1445 2841 1487 :
2883 1430 2964 1483 vel
2994 1431 3135 1484 sicut
3163 1429 3539 1484 demonstrata
3570 1430 3729 1483 cha-

2113 1518 2293 1582 ritate,
2340 1516 2449 1586 qui
2477 1520 2657 1586 diligit
2687 1530 2741 1575 et
2783 1522 2925 1590 quod
2960 1521 3222 1589 diligitur,
3259 1520 3420 1575 simul
3465 1520 3729 1574 demon—

2112 1618 2396 1665 strantur:
2448 1613 2527 1664 vel
2566 1613 2711 1666 sicut
2757 1613 2936 1682 posito
2971 1612 3142 1677 fonte,
3194 1613 3386 1668 ﬂuvius
3421 1622 3473 1665 et
3526 1627 3721 1679 aqua,

2110 1711 2163 1755 et
2202 1716 2537 1771 quascunque
2567 1704 2686 1757 alia:
2715 1704 2977 1774 imagines
3015 1720 3185 1759 sacrae
3219 1714 3273 1759 et.
3306 1704 3722 1758 similitudines
3795 1755 3807 1767 ,

2114 1793 2276 1860 hujus
2332 1797 2410 1849 rei
2461 1811 2527 1851 ex
2574 1796 2747 1851 sacris
2799 1798 3097 1865 Scripturis
3150 1796 3447 1865 symbolice
3494 1796 3709 1865 expri-

2120 1895 2364 1940 ntttnlur.

2747 1974 2977 2030 CAPUT
3017 1973 3087 2030 Χ.

2106 2065 2259 2132 Quod
2300 2084 2461 2137 supra
2505 2084 2707 2121 omnem
2748 2068 3006 2121 rationem
3052 2075 3103 2120 et
3148 2079 3366 2133 mentem
3409 2076 3491 2121 est
3535 2085 3709 2122 omne

2174 2139 2312 2207 quod
2363 2141 2415 2191 in
2467 2138 2747 2196 Trinitate,
2797 2154 2916 2207 quw
2965 2153 3125 2196 supra
3176 2137 3531 2190 substantiam
3579 2150 3707 2201 est,

2176 2207 2590 2274 contemplamur
2617 2248 2628 2267 ,
2672 2216 2722 2260 et
2764 2208 2968 2269 penitus
3017 2207 3359 2271 incognitum,
3406 2218 3453 2260 et
3498 2209 3708 2258 intelli-

2169 2277 2340 2345 gentia
2360 2276 3114 2345 incomprehensum,quomodo
3133 2292 3236 2329 una
3257 2286 3304 2329 et
3324 2277 3501 2329 eadem
3518 2292 3708 2329 essen-

2176 2347 2252 2399 tia
2284 2356 2334 2398 et
2360 2349 2414 2401 in
2442 2362 2754 2415 unaquaque
2783 2356 3004 2409 persona
3038 2361 3102 2399 ea:
3136 2348 3302 2397 tribus
3343 2357 3449 2397 tota
3482 2356 3527 2397 et
3574 2347 3702 2398 sola

2169 2426 2340 2481 est;et
2369 2417 2421 2467 in
2443 2416 2605 2468 tritius
2635 2414 2792 2468 simul
2812 2418 2992 2468 eadem
3024 2424 3135 2468 tota
3152 2425 3199 2468 et
3218 2416 3364 2478 sola;
3392 2427 3436 2468 et
3466 2416 3519 2467 in
3545 2414 3701 2467 nulla

2164 2502 2386 2553 persona
2428 2486 2537 2537 ulla
2571 2487 2621 2536 in
2653 2501 2705 2537 re
2739 2503 2768 2536 tt
2809 2486 2922 2537 sola
2959 2493 3006 2537 et
3038 2494 3148 2538 tota
3186 2487 3512 2546 dimovetur,
3550 2487 3695 2536 trinc

2168 2555 2326 2607 simul
2371 2562 2421 2608 et
2457 2553 2802 2623 singulariter
2846 2556 3013 2608 culta.

2759 2683 2865 2722 AUT
2899 2682 2978 2723 SIC
3002 2684 3017 2722 2

2100 2755 2253 2822 Quod
2282 2758 2333 2809 in
2366 2756 2643 2827 Trinitate,
2682 2775 2799 2823 quae
2839 2777 3002 2826 supra
3044 2760 3396 2815 substantiam
3435 2768 3525 2824 est,
3574 2774 3683 2811 non

2168 2828 2450 2880 secundum
2484 2830 2695 2897 deiﬁcas
2726 2845 2975 2895 personas
3004 2831 3079 2899 (5)
3110 2832 3333 2883 essentia
3362 2831 3470 2898 ejus
3494 2831 3642 2881 (enni
3652 2857 3674 2867 -

2170 2909 2361 2962 natur;
2390 2903 2480 2950 sed
2509 2911 2583 2952 est
2609 2900 2934 2969 supraquam
2960 2902 3164 2954 ratione
3194 2900 3551 2969 comprehendi
3574 2914 3669 2966 ρο-

2169 2978 2291 3033 test,
2341 2984 2447 3021 una
2499 2972 2658 3021 trium
2694 2971 2937 3023 essentia.

2168 3084 2399 3140 Sanctus
2455 3083 2720 3138 Maximus
2782 3087 2834 3137 in
2879 3084 3121 3139 centuria
3167 3083 3260 3149 Ν,
3306 3099 3425 3153 cap.
3472 3086 3520 3149 l,
3559 3086 3680 3139 ait:

2095 3174 2273 3230 Unum
2290 3184 2377 3229 est
2399 3175 2599 3230 bonum
2634 3191 2963 3244 supraquam
3002 3175 3119 3229 sine
3134 3177 3416 3245 principio,
3437 3187 3491 3231 et
3511 3192 3682 3244 supra

2092 3268 2471 3329 substantiam,
2490 3274 2675 3333 satmta
2695 3266 2901 3321 scilicet
2924 3268 3087 3320 trium
3111 3281 3453 3332 personarum
3475 3269 3683 3332 unitas,

2091 3356 2272 3424 Pater,
2288 3357 2475 3423 Filius,
2502 3369 2558 3413 et
2577 3358 2815 3427 Spiritus
2841 3367 3085 3424 sanctus,
3119 3362 3277 3412 trium
3308 3358 3401 3430 qui
3432 3359 3684 3412 inmensi

2090 3459 2236 3511 sunt,
2285 3449 2545 3502 immensa
2593 3458 2800 3502 naturae
2842 3449 3199 3513 consociatio,
3238 3465 3358 3516 qum
3412 3450 3677 3501 rationem

2088 3540 2341 3593 essentia:
2392 3556 2522 3603 suae,
2557 3551 2610 3595 et
2659 3541 2949 3609 quomodo,
2994 3556 3060 3595 ac
3097 3541 3248 3609 quid,
3295 3548 3350 3594 et
3384 3541 3563 3607 qualis
3609 3544 3682 3593 stt

2088 3632 2249 3683 nullis
2287 3632 2497 3700 penitus
2540 3633 2775 3701 perviam
2818 3632 2964 3697 facit,
3007 3632 3273 3699 siquidem
3332 3648 3550 3686 onmnm
3584 3646 3681 3685 no-

2088 3723 2287 3774 tionem
2339 3722 2750 3801 intelligendum
2797 3721 2949 3791 fugit,
3005 3738 3343 3791 nequaquam
3378 3737 3446 3776 ex
3496 3724 3676 3777 abdito

2084 3824 2137 3866 et
2168 3814 2425 3879 penetrali
2455 3824 2658 3867 naturae
2690 3830 2801 3871 suae
2822 3816 3134 3885 egrediens,
3164 3823 3218 3869 et
3242 3832 3459 3871 omnem
3486 3818 3670 3881 coani-

2088 3902 2289 3956 tionem
2335 3918 2603 3957 summam
2647 3914 2701 3958 et
2736 3904 3253 3960 excellentissimam
3304 3906 3359 3960 in
3407 3906 3665 3959 inﬁnitum

2084 4002 2324 4059 superat.
2370 3993 2513 4047 Idem
2559 3995 2610 4047 iu
2670 3994 2861 4049 eadem
2917 3997 3162 4052 centuria
3222 4012 3346 4065 cap.
3395 3997 3466 4050 4:
3524 3997 3667 4051 Unus

2086 4082 2231 4138 Deus
2284 4085 2446 4140 unius
2486 4085 2608 4139 Filii
2655 4088 2869 4157 genitor
2911 4087 3094 4150 Pater,
3136 4095 3191 4140 et
3231 4090 3393 4142 unius
3435 4089 3660 4154 Spiritus

2086 4175 2257 4229 sancti
2292 4174 2435 4239 fons,
2468 4176 2647 4232 unitas
2679 4179 2796 4233 sine
2822 4177 3163 4242 confusione,
3197 4188 3250 4232 et
3279 4178 3514 4232 Trinitas
3541 4176 3660 4229 sine

405 4266 569 4317 esse;
599 4253 744 4321 quod
776 4252 920 4305 enim
965 4261 1051 4307 est
1081 4251 1311 4319 alicujus
1356 4255 1590 4308 essentia
1625 4255 1727 4325 (2),
1764 4258 1865 4312 hoc
1904 4260 1978 4314 si-
2010 4272 2052 4325 ι)
2081 4264 2370 4333 divisione,
2404 4283 2561 4324 meus
2596 4271 2713 4325 sine
2761 4271 3050 4341 principio,
3093 4273 3244 4325 solus
3292 4270 3460 4324 solius
3508 4267 3663 4321 Verbi

474 4437 519 4470 "
569 4438 610 4492 li
648 4438 774 4492 Cor.
801 4454 854 4502 v,
895 4439 981 4493 l9.
1061 4439 1108 4471 “
1134 4437 1292 4495 Joan.
1340 4457 1450 4507 xiv,
1482 4443 1568 4498 ll.

2126 4517 2145 4543 \

1907 4565 2184 4628 Scholia.

470 4682 546 4751 (l)
572 4679 745 4752 Simul
769 4681 1040 4735 inducitur
1058 4698 1168 4736 esse
1197 4681 1430 4748 Patrem,
1458 4694 1512 4740 et
1536 4685 1801 4752 Spiritum
1854 4702 1977 4741 san-

395 4749 692 4807 ctnm.Nnn
726 4751 827 4806 hoc
857 4752 1228 4818 accipiendum
1261 4764 1342 4809 est
1371 4756 1478 4809 dici
1511 4749 1809 4809 secundum
1840 4757 1978 4809 rela-

398 4823 639 4887 tionem;
671 4824 747 4875 sic
782 4822 964 4894 cnim_
982 4821 1151 4876 Filius
1189 4841 1291 4877 non
1332 4826 1570 4879 refertur
1599 4828 1661 4879 ad
1713 4827 1973 4894 Spiritum

394 4900 669 4963 sanctum,
700 4893 792 4944 sed
840 4893 903 4963 atl
938 4890 1149 4963 Patrem
1187 4905 1416 4962 tantum,
1461 4898 1557 4950 sed
1600 4890 1972 4963 accipiendum

394 4972 478 5032 est
520 4960 627 5013 dici
680 4962 979 5032 secundum
1025 4960 1624 5032 circuminccssionem,
1653 4960 1772 5032 qua:
1812 4978 1972 5030 περι-

393 5030 637 5103 χώρηεις
682 5045 709 5082 a
759 5029 964 5103 Graecis
1020 5031 1266 5088 Patribus
1301 5035 1518 5093 dicitur,
1570 5029 1694 5103 quia
1738 5036 1789 5088 in
1839 5029 1975 5088 Filio

393 5098 520 5153 sunt
556 5098 736 5159 Pater.
764 5110 819 5155 et
858 5100 1069 5170 Spritus
1100 5115 1357 5169 sanctus;
1390 5115 1443 5160 et
1486 5098 1658 5159 Filius
1702 5107 1753 5157 in
1782 5106 1964 5166 Patre,

390 5182 444 5224 et
482 5170 686 5233 Spiritu
724 5180 955 5238 sancto;
989 5183 1041 5227 et
1078 5171 1308 5242 Spiritus
1344 5178 1394 5229 in
1433 5176 1607 5235 Patre,
1641 5185 1695 5228 et
1724 5176 1773 5227 in
1807 5174 1965 5238 Filio,

388 5249 444 5294 et
474 5242 730 5313 denique
779 5256 1113 5311 unaqumque
1162 5260 1389 5313 persona
1437 5246 1486 5298 in
1531 5246 1650 5298 aliis
1704 5244 1968 5297 vicissim.

461 5312 539 5383 (2)
576 5312 729 5378 Quod
760 5313 896 5365 enim
921 5323 999 5367 est
1029 5312 1257 5382 alicujus
1287 5316 1534 5368 essentia.
1569 5315 1723 5368 Sicut
1751 5315 1840 5381 qui
1879 5314 1974 5366 ho-

388 5382 591 5435 minem
638 5385 996 5447 dcmonsn'at,
1055 5384 1252 5437 animal
1302 5384 1562 5436 rationale
1607 5387 1972 5443 demonstrat,

390 5455 514 5518 quia
548 5454 782 5507 essentia
826 5453 1060 5508 hominis
1091 5463 1173 5505 est
1207 5455 1406 5505 animal
1446 5454 1747 5519 rationale;
1780 5455 1858 5507 sic
1885 5456 1974 5519 qui

390 5538 550 5574 nnam
585 5538 868 5589 personam
908 5522 1142 5576 divinam
1184 5521 1542 5585 demonstrat,
1581 5523 1815 5589 reliquas
1846 5526 1977 5577 duas

388 5594 625 5661 ostendit
648 5610 663 5646 :
686 5593 809 5659 quia
837 5593 1026 5661 ﬁgura,
1057 5608 1176 5659 qua:
1207 5593 1359 5645 habet
1392 5604 1502 5647 tres
1523 5596 1768 5661 angulos,
1794 5608 1977 5659 :cqua-

390 5659 467 5711 ius
506 5660 714 5713 duobus
747 5659 931 5725 rectis,
974 5664 1151 5716 munis
1193 5664 1440 5731 trianguli
1471 5659 1716 5716 naturam
1760 5666 1983 5715 domou-

387 5741 552 5793 suat,
579 5732 703 5797 quia
732 5746 834 5783 una
862 5740 915 5785 ct
944 5735 1128 5786 eadem
1161 5741 1355 5789 natura
1377 5734 1626 5804 trianguli
1656 5744 1737 5789 est
1770 5734 1824 5787 in
1858 5747 1979 5788 om-

2078 4690 2237 4742 nibus
2268 4690 2589 4759 triangulis;
2626 4690 2707 4745 sic
2747 4706 2853 4745 una
2897 4705 3125 4760 persona
3159 4691 3398 4757 reliquas
3442 4691 3670 4746 demon-

2076 4769 2235 4822 strat,
2275 4761 2398 4827 quia
2438 4765 2541 4812 una
2575 4765 2845 4814 eteadem
2889 4773 3079 4814 natura
3117 4775 3199 4814 ρει
3241 4764 3290 4813 in
3330 4761 3539 4825 tribus;
3583 4775 3668 4814 ta-

2076 4832 2231 4883 metsi
2262 4830 2473 4882 inﬁnito
2508 4831 2790 4884 intervallo
2820 4832 3016 4885 absunt
3051 4833 3165 4884 hate
3195 4832 3438 4900 exempla
3466 4848 3496 4884 a
3529 4833 3667 4884 divi-

2076 4900 2157 4970 nis
2202 4900 2472 4965 personis,
2514 4916 2634 4968 quae
2675 4916 2781 4954 non
2823 4912 3052 4969 possunt
3087 4901 3322 4963 deﬁniri,
3369 4902 3492 4970 quia
3538 4911 3667 4955 sunt

2075 4969 2330 5021 inﬁnitae:
2368 4978 2423 5022 et
2458 4982 2648 5023 natura
2682 4972 2734 5022 in
2767 4972 2847 5026 eis
2880 4986 2985 5024 non
3016 4971 3280 5025 dividitur
3318 4969 3661 5037 preprietati-

2076 5038 2175 5090 bus
2210 5039 2583 5108 bypostaticis,
2614 5040 2759 5094 sicut
2799 5042 2851 5093 in
2889 5042 3180 5102 creaturis,
3235 5041 3328 5095 sed
3360 5050 3447 5094 est
3480 5040 3659 5093 ἁπάν-

2070 5124 2181 5158 των
2211 5109 2467 5162 ἐπέκεινα
2496 5111 2781 5179 ταυτότης,
2810 5110 2861 5165 id
2887 5119 2992 5176 est,
3015 5121 3099 5167 est
3124 5111 3261 5165 idem
3287 5124 3453 5179 supra
3477 5112 3656 5164 omnia

2074 5179 2291 5231 eadem.
3307 5212 3313 5217 .

2150 5249 2225 5316 (5)
2254 5246 2371 5301 Non
2406 5250 2700 5304 secundum
2731 5267 2988 5319 personas
3020 5253 3239 5307 deiﬁcas
3267 5248 3532 5303 deﬁnitur
3558 5262 3649 5301 cs-

2082 5320 2259 5371 sentia
2306 5320 2632 5388 Trinitatis;
2670 5321 2993 5376 deﬁniretnr
3034 5335 3237 5384 autem,
3292 5320 3334 5372 si
3383 5321 3507 5386 quia
3562 5328 3647 5373 est

2083 5404 2190 5462 una
2220 5399 2271 5440 et
2300 5390 2513 5462 eadern.
2546 5401 2599 5462 et
2639 5401 2746 5445 tota
2776 5393 2826 5445 in
2867 5406 3195 5462 unaquaque
3216 5429 3231 5453 ,
3256 5403 3360 5462 non
3397 5398 3538 5443 esset
3563 5404 3657 5441 ea-

2083 5458 2205 5510 dem
2257 5465 2366 5509 tota
2415 5461 2465 5511 in
2506 5461 2678 5515 tribus
2723 5461 2926 5525 simul;
2961 5458 3069 5515 'aut
3108 5458 3186 5525 ’si,
3236 5459 3362 5527 quia
3402 5467 3481 5510 εει
3522 5473 3651 5521 ulla.

2082 5529 2271 5582 eadem
2309 5539 2361 5581 et
2395 5538 2499 5582 tota
2539 5531 2589 5582 in
2615 5532 2807 5589 tribus.
2849 5547 2955 5584 non
2987 5542 3133 5585 esset
3167 5533 3356 5593 eadem
3382 5536 3493 5579 tota
3532 5530 3653 5581 sine

2090 5598 2196 5669 ulla
2240 5598 2542 5652 variatione
2571 5612 2622 5653 et
2654 5600 2955 5655 diﬁ‘ercntia
3000 5601 3051 5653 in
3089 5599 3336 5669 singulis.
3378 5596 3654 5652 Personas

2090 5668 2311 5739 deilicas
2352 5677 2528 5734 vocat,
2562 5671 2612 5721 id
2660 5681 2763 5736 est,
2807 5671 3037 5735 divinas,
3084 5668 3208 5739 quia
3248 5681 3478 5735 persona
3532 5684 3655 5736 qua:

2091 5739 2220 5792 deus
2250 5737 2404 5803 facit,
2434 5754 2537 5793 non
2570 5751 2747 5809 potet-3t
2772 5756 2894 5798 esse
2922 5743 3026 5799 nisi
3062 5737 3223 5797 Deus.
