4028 6270
350 327 454 389 957

1232 336 1469 397 DECAS
1515 337 1615 397 IX.
1656 358 1725 375 ’-
1766 339 1865 399 DE
1910 337 2367 401 INFINITATE
2410 343 2489 402 IN
2538 342 2707 404 DEO.

3488 337 3605 404 958

351 444 468 498 sine.
487 442 1055 512 principinsecundum
1070 445 1422 501 substantiam
1442 449 1672 519 genitor,
1687 457 1739 503 et
1759 451 1921 505 solius
1955 452 1994 505 Δ
2023 449 2246 517 Caipha,
2277 461 2330 507 et
2359 451 2579 516 Judais,
2620 462 2778 519 atque
2809 449 3044 506 Sabellio
3073 449 3329 512 sentiunt,
3364 452 3601 507 incidat;

355 543 570 588 aeterna:
602 536 726 588 vita:
762 545 1017 605 tanquam
1055 536 1288 605 Spiritus
1327 541 1497 593 sancti
1537 539 1674 592 fons.
1714 538 1842 593 Item
1876 541 1927 593 in

356 630 591 681 secunda
625 632 868 684 centuria
897 646 1018 700 cap.
1058 632 1120 685 i:
1155 633 1308 688 Unus
1341 634 1504 696 Deus,
1537 635 1791 699 quoniam
1826 651 1928 688 una

356 721 611 774 divinitas
636 739 650 785 ;
677 723 855 775 unitas
881 726 997 777 sine
1022 726 1311 793 principio,
1344 737 1395 779 et
1420 728 1669 795 simplex,
1694 739 1745 782 et
1768 742 1930 794 supra

355 811 735 874 anhelantium,
767 823 821 867 et
851 829 1043 881 expers
1090 818 1276 882 partis,
1306 825 1359 870 et
1400 818 1696 883 individua,
1740 818 1930 873 eadem

360 903 557 963 unitas,
583 913 634 956 et
658 903 916 969 Trinitas,
942 914 1052 960 tota
1076 909 1261 962 eadem
1290 911 1492 969 unitas,
1522 892 1577 964 et
1610 917 1719 965 tota
1744 911 1931 965 eadem

358 993 643 1059 Trinitas;
700 998 877 1052 unitas
944 1008 1052 1052 tota
1080 1000 1269 1052 eadem
1325 1002 1620 1055 secundum
1672 1002 1930 1057 substan-

356 1085 515 1145 tiam.
565 1096 617 1141 et
649 1095 757 1142 tota
790 1090 980 1144 eadem
1006 1090 1248 1147 Trinitas
1276 1092 1572 1146 secundum
1630 1108 1929 1159 personas;

359 1174 520 1231 Pater
552 1179 691 1230 enim
732 1176 790 1231 et
823 1178 1017 1241 Filius,
1061 1192 1113 1234 et
1155 1182 1393 1251 Spiritus
1438 1183 1728 1239 divinitas:
1781 1194 1834 1237 et
1877 1183 1929 1237 in

358 1264 535 1331 Patre,
576 1276 627 1320 et
673 1268 829 1333 Filio,
875 1279 930 1323 et
982 1270 1182 1339 Spiritu
1231 1283 1422 1326 sancto
1472 1274 1767 1335 divinitas;
1824 1282 1933 1328 tnta

322 1357 541 1409 ?eadem
579 1357 632 1411 in
666 1367 776 1411 toto
815 1359 994 1421 Patre,
1026 1368 1079 1412 et
1112 1361 1165 1413 in
1200 1361 1387 1414 eadem
1421 1371 1530 1415 tota
1563 1372 1708 1416 totus
1735 1362 1933 1427 Pater;

315 1428 410 1601 Est
448 1456 553 1500 tota
584 1449 771 1502 eadem
804 1450 854 1502 in
888 1450 1202 1513 toto-Filio,
1237 1466 1290 1504 et
1320 1452 1373 1504 in
1407 1454 1590 1507 eadem
1641 1463 1746 1507 tota
1789 1463 1935 1508 totus

359 1537 549 1601 Filius;
594 1549 648 1593 et
691 1550 798 1595 tota
830 1542 1016 1595 eadem
1050 1543 1101 1595 in
1135 1551 1248 1597 toto
1298 1543 1499 1601 Spiritu
1548 1557 1757 1601 sancto.
1782 1557 1834 1599 et
1881 1546 1934 1599 in

312 1537 549 1620 §Filius;
594 1549 648 1593 et
691 1550 798 1595 tota
830 1542 1016 1595 eadem
1050 1543 1101 1595 in
1135 1551 1248 1597 toto
1298 1543 1499 1611 Spiritu
1548 1557 1757 1604 sancto,
1782 1557 1834 1599 et
1881 1546 1934 1599 in

315 1659 332 1687 ι
360 1636 468 1683 tota
516 1630 703 1683 eadem
754 1640 898 1686 totus
950 1630 1182 1699 Spiritus
1228 1646 1480 1696 sanctus,
1514 1644 1624 1689 tota
1660 1636 1839 1699 Pater,
1883 1644 1937 1691 ct

358 1720 411 1773 in
443 1729 556 1773 toto
599 1721 795 1787 Patre;
837 1733 885 1777 et
921 1734 1063 1776 totus
1092 1725 1144 1777 in
1175 1736 1280 1777 tota
1329 1725 1507 1789 Pater,~
1542 1737 1594 1780 et
1635 1736 1741 1780 tota
1790 1736 1936 1780 totus

355 1809 551 1875 Pater;
583 1821 635 1864 et
670 1821 778 1866 tota
814 1815 998 1867 eadem
1042 1823 1185 1868 totus
1232 1816 1391 1879 filius,
1427 1826 1481 1870 et
1513 1827 1625 1870 tota
1662 1818 1846 1872 eadem
1880 1818 1933 1871 in

361 1906 473 1951 toto
511 1896 667 1961 Filio,
705 1910 757 1951 et
785 1908 928 1954 tnttts
975 1908 1106 1966 tota,
1153 1913 1205 1956 et
1235 1905 1285 1957 in
1330 1913 1437 1959 tota
1485 1904 1670 1958 eadem
1724 1904 1888 1959 Filius
1917 1946 1931 1967 ,

356 1999 412 2043 et
440 1997 549 2042 tota
581 1990 767 2041 eadem
815 1990 1048 2056 S'piritus
1095 2003 1337 2059 sanctus,
1388 1995 1519 2047 etin
1570 2003 1680 2048 toto
1728 1993 1932 2065 Spiritu

358 2089 571 2142 sancto,
599 2088 653 2132 et
676 2088 818 2133 lotus
844 2080 1075 2148 Spiritus
1104 2092 1322 2138 sanctus
1347 2094 1476 2151 tota,
1506 2098 1558 2141 et
1582 2095 1722 2141 totus
1746 2088 1798 2139 in
1824 2096 1931 2141 tota

357 2171 555 2239 eadem!
580 2170 807 2238 Spiritus
835 2181 1074 2225 sanctus.
1100 2172 1219 2225 Non
1243 2174 1385 2227 enim
1413 2190 1476 2227 ex
1505 2186 1657 2242 parte
1685 2174 1936 2228 divinitas

359 2258 411 2311 in
447 2260 624 2321 Patre,
651 2270 741 2312 aut
770 2274 833 2313 ex
877 2273 1031 2329 parte
1080 2262 1220 2317 Deus
1250 2265 1410 2319 Pater
1438 2281 1536 2319 nec
1590 2281 1654 2320 ex
1706 2276 1857 2333 parte
1881 2266 1933 2318 in

364 2348 785 2429 Spiritu/tinctu
815 2352 1084 2411 divinitas.
1114 2366 1202 2408 aut
1235 2371 1299 2408 ex
1342 2367 1492 2424 parte
1536 2358 1673 2411 Deus
1704 2357 1935 2425 Spiritus

356 2447 615 2492 sanctus:
657 2454 751 2491 nec
779 2440 921 2492 enim
965 2443 1231 2508 partibilis
1259 2456 1337 2496 est
1370 2445 1644 2507 divinitas,
1690 2462 1785 2500 nec
1827 2448 1932 2499 im-

358 2530 629 2597 perfectus
653 2531 792 2584 Deus
813 2531 986 2595 Pater,
1015 2534 1095 2585 vel
1117 2533 1394 2589 Filiusvel
1420 2535 1650 2605 Spiritus
1675 2549 1930 2601 sanctus;

360 2620 451 2672 sed
483 2620 664 2685 potius
699 2632 804 2673 tota
842 2631 922 2674 est
948 2625 1157 2684 eadem,
1192 2625 1429 2693 perfecta
1464 2626 1698 2694 perfecte
1730 2630 1780 2681 in
1813 2645 1934 2696 per—

363 2710 501 2763 facto
520 2708 712 2781 Patre;
745 2719 797 2764 et
827 2721 931 2764 tota
974 2712 1209 2780 perfecta
1242 2715 1474 2780 perfeme
1513 2718 1699 2770 eadem
1732 2719 1784 2770 in
1811 2735 1932 2787 per-

364 2802 503 2855 fecm
525 2802 692 2866 Filio;
726 2813 776 2854 et
811 2809 917 2854 tota
966 2806 1200 2870 perfecta
1239 2806 1423 2858 eadem
1459 2807 1507 2858 in
1538 2807 1777 2875 perferto
1811 2808 1936 2869 Spi-

362 2897 470 2949 ritu
514 2905 721 2956 sanvto,
778 2903 919 2948 totus
959 2896 1101 2947 enim
1151 2897 1199 2947 in
1245 2904 1356 2949 toto
1400 2896 1580 2960 Patre,
1630 2908 1683 2952 et
1732 2900 1933 2967 Spiritu

362 2996 547 3040 sancto
582 2986 816 3053 perfecte
847 2996 928 3039 est
963 2984 1168 3050 Filius;
1219 2998 1271 3039 et
1311 2995 1454 3041 totus
1487 2989 1538 3041 in
1591 2998 1704 3042 toto
1748 2990 1931 3057 Patre,

2034 538 2204 611 neque
2224 546 2340 610 plus
2364 545 2447 599 bis
2464 544 2750 612 excogitat.
2777 560 2843 597 ne
2868 544 2931 595 ad
2955 543 3349 599 multitudinem
3374 545 3600 597 deorum

2033 648 2155 687 cum
2200 634 2491 703 gentilibus
2517 634 2783 688 volvatur.
2813 633 2877 687 Et
2925 636 3061 701 quod
3096 636 3207 689 haec
3240 636 3311 688 sit
3349 633 3605 688 Ecclesia;

2036 725 2188 787 fides,
2230 724 2533 792 intelligant
2566 725 2842 793 quomodo
2883 724 3161 790 Dominus,
3203 742 3327 779 cum
3367 727 3605 779 mitteret

2042 822 2335 887 apostolos,
2388 823 2639 890 praecepit
2692 823 2770 875 eis
2804 819 2985 889 jacere
3040 824 3141 877 hoc
3196 823 3603 878 fundamentum

2035 912 2324 965 Ecclesiae:
2364 908 2581 973 Euntes,
2610 912 2803 979 inquit,
2832 913 3009 966 docete
3042 930 3217 967 omnes
3252 925 3445 983 gentes,
3482 914 3607 979 bap-

2036 1004 2259 1055 tizantes
2288 1018 2374 1054 eos
2422 1002 2478 1053 in
2510 1003 2720 1056 nomine
2765 1000 2945 1056 Patris
2994 1012 3043 1055 et
3093 1001 3244 1065 Filii,
3276 1012 3325 1055 et
3373 1002 3607 1069 Spiritus

2035 1096 2205 1151 sancti
2243 1095 2312 1147 ⁸⁸.
2367 1094 2607 1160 Apostoll
2658 1104 2834 1148 autem
2878 1094 3100 1163 profecti
3145 1095 3225 1149 sic
3270 1095 3595 1148 docuerunt.

2036 1188 2100 1238 Et
2142 1186 2255 1238 haec
2278 1193 2361 1238 est
2395 1186 2445 1237 in
2479 1185 2728 1239 universa
2761 1183 3004 1239 Ecclesia
3035 1200 3154 1255 quae
3188 1185 3293 1239 sub
3321 1184 3461 1238 calo
3500 1193 3604 1244 est,

2037 1275 2380 1344 przedicatio:
2410 1282 2462 1328 et
2496 1274 2597 1328 hoc
2619 1283 2703 1330 est
2730 1275 3134 1330 fundamentum
3168 1275 3288 1330 fidei
3331 1274 3606 1330 Ecelesiat.

2038 1366 2115 1419 Ex
2148 1366 2231 1420 his
2262 1365 2476 1433 planum
2518 1364 2597 1428 fit,
2639 1365 2779 1434 quod
2817 1366 2995 1420 omnis
3025 1366 3298 1433 plenitudo
3336 1364 3596 1419 divinita-

2042 1458 2108 1512 tis
2138 1467 2219 1513 est
2250 1455 2433 1522 Pater,
2464 1454 2655 1520 Filius,
2687 1467 2740 1511 et
2767 1457 3003 1526 Spiritus
3044 1466 3285 1522 sanctus;
3322 1466 3430 1510 tota
3462 1456 3605 1511 enim

2038 1560 2094 1605 et
2114 1552 2227 1603 sola
2276 1549 2527 1604 divinitas
2566 1552 2630 1603 de
2678 1563 3003 1618 unaquaque
3052 1550 3210 1603 trittm
3258 1562 3607 1617 personarum

2047 1640 2165 1694 sine
2201 1637 2507 1693 differentia
2542 1638 2669 1699 nlla,
2694 1649 2745 1691 et
2778 1653 2840 1691 ex
2882 1638 3025 1691 omni
3077 1647 3228 1705 parte
3262 1638 3607 1705 praedicatur,

2042 1736 2095 1781 et
2118 1728 2491 1796 reciprocatur
2534 1726 2843 1793 praedicatio
2889 1725 2956 1779 de
2986 1726 3208 1789 eodem;
3244 1740 3344 1778 nec
3373 1723 3610 1777 variatur

2039 1816 2221 1869 inulla
2258 1830 2336 1880 re,
2380 1815 2482 1868 nisi
2518 1816 2568 1866 in
2619 1813 3005 1883 hypostaticis:
3044 1824 3204 1881 atque
3239 1813 3339 1865 hoc
3368 1822 3448 1865 est
3480 1812 3606 1865 illud

2035 1906 2232 1961 mirum
2256 1908 2306 1959 in
2332 1905 2547 1959 modum
2570 1905 2755 1973 ingens
2783 1911 2836 1956 et
2858 1918 3136 1965 arcanum,
3156 1911 3315 1971 atque
3338 1901 3600 1959 abditum.

2035 2006 2088 2050 et
2116 1996 2258 2065 quod
2292 1994 2421 2049 nulli
2467 2006 2673 2049 natura:
2714 1995 2765 2046 in
2798 1992 2903 2047 ulla
2942 2008 2998 2046 re
3026 1992 3310 2061 contingit,
3341 1990 3611 2059 quomodo

2036 2087 2195 2141 trium
2229 2100 2602 2155 personarum,
2624 2096 2676 2139 et
2710 2085 2776 2153 (si
2811 2084 2890 2139 fas
2927 2091 3009 2137 cst
3040 2084 3239 2151 dicere)
3278 2083 3436 2136 trium
3474 2082 3602 2135 sub-

2028 2175 2299 2242 iectorum
2332 2188 2438 2227 una
2461 2183 2541 2228 est
2569 2171 2802 2226 essentia
2833 2179 2981 2233 actu,
3016 2170 3130 2224 sola
3166 2178 3221 2223 et
3249 2172 3361 2222 tota
3394 2167 3446 2219 in
3474 2180 3608 2220 una-

2035 2280 2246 2335 quaque
2263 2262 2636 2333 persona,utsi
2658 2277 2761 2314 una
2782 2274 3009 2328 persona
3030 2258 3277 2312 absolute
3292 2256 3609 2310 exsisteret:

2037 2372 2199 2410 unam
2248 2355 2539 2409 essentiam
2574 2362 2694 2406 actu
2731 2352 2848 2405 dico
2880 2351 3049 2419 magis
3078 2364 3266 2411 unam,
3300 2363 3459 2416 quam
3495 2360 3612 2413 qua:

2034 2456 2117 2501 est
2139 2446 2372 2499 maxime
2409 2444 2648 2498 omnium
2680 2441 2990 2512 singularis.
3022 2438 3289 2493 Utautem
3322 2442 3613 2505 repetendo

2037 2539 2353 2595 summatim
2386 2536 2673 2592 manifesta
2708 2536 2798 2589 fiat
2830 2534 3095 2603 expositio
3135 2532 3466 2595 materiaria,
3491 2545 3612 2599 quae

2036 2633 2138 2685 hac
2164 2628 2367 2682 dedade
2388 2628 2715 2687 continetur,
2737 2626 3162 2678 demonstratum
3190 2634 3268 2675 cst
3297 2638 3390 2691 per
3413 2638 3611 2689 propn-

2036 2720 2260 2775 sitiones
2286 2715 2637 2773 aﬂirmantes.
2661 2714 2798 2781 quod
2821 2728 2925 2766 non
2952 2723 3032 2767 est
3058 2712 3180 2777 alia,
3204 2723 3255 2766 et
3281 2713 3392 2765 sola
3423 2720 3613 2763 natura

2037 2826 2141 2865 non
2174 2816 2377 2869 creata,
2409 2806 2510 2860 nisi
2559 2806 2704 2858 solus
2753 2802 2935 2865 Pater,
2972 2813 3023 2855 et
3062 2801 3256 2862 Filius,
3284 2810 3335 2855 et
3379 2799 3614 2869 Spiritus

2039 2911 2297 2963 sanctus;
2332 2911 2431 2952 nec
2476 2895 2581 2949 alia
2626 2894 2900 2955 divinitas,
2936 2900 2990 2945 et
3018 2893 3214 2954 virtus,
3247 2900 3295 2944 et
3340 2890 3610 2957 Operatio,

2040 2996 2142 3050 nisi
2170 2994 2317 3048 solus
2346 2992 2485 3045 idem
2520 2991 2765 3050 Pater,et
2796 2986 2980 3047 Filius,
3007 2996 3061 3039 et
3090 2984 3323 3053 Spiritus
3351 2991 3575 3037 sanctus
3594 3023 3609 3047 ,

361 3085 412 3129 et
442 3074 578 3128 Filio
609 3075 846 3141 perfecte
868 3086 951 3129 est
997 3076 1230 3145 Spiritus
1279 3088 1539 3143 sanctus;
1586 3082 1935 3148 quamobrem
1968 3095 2008 3151 (ζ
2044 3100 2142 3138 nec
2173 3092 2256 3137 est
2302 3081 2408 3135 alia
2457 3082 2640 3135 unitas
2685 3093 3009 3149 supraqnam
3044 3079 3241 3135 divina.
3279 3078 3377 3131 nisi
3430 3074 3609 3139 Pater,

359 3173 411 3219 et
444 3180 581 3218 unus
617 3164 753 3217 Dens
797 3163 977 3228 Pater,
1008 3176 1061 3219 et
1100 3164 1288 3232 Filius,
1331 3178 1381 3223 et
1412 3168 1645 3238 Spiritus
1683 3182 1925 3238 sanctus,

360 3271 461 3307 una
494 3257 635 3308 enim
664 3265 714 3305 et
749 3256 937 3310 cadem
973 3258 1294 3321 substantia,
1321 3270 1371 3314 et
1401 3262 1590 3326 virtus,
1619 3273 1664 3316 et
1692 3267 1932 3333 operatio

360 3348 559 3419 Patris,
587 3362 637 3398 et
669 3348 806 3412 Filii,
840 3334 893 3401 et
936 3347 1175 3419 Spiritus
1206 3352 1396 3417 sancti,
1426 3368 1546 3407 cum
1581 3356 1757 3407 nullus
1810 3358 1929 3410 sine

360 3439 531 3490 altern
566 3438 659 3499 sit,
691 3447 781 3489 ant
823 3437 1175 3507 intelligatur.
1209 3439 1431 3509 Magnus
1480 3443 1831 3507 Athanasius,
1879 3446 1931 3499 in

360 3526 582 3593 epistola
614 3527 679 3579 ad
712 3523 1096 3595 Serapionem:
1153 3528 1438 3585 Videamus
1478 3549 1616 3599 ivero
1673 3545 1929 3603 praeterea

362 3616 534 3687 ipsam
558 3619 717 3671 etiam
746 3634 774 3671 a
800 3610 1066 3687 principio
1088 3621 1323 3674 relictam
1353 3624 1714 3688 traditionem,
1758 3638 1807 3679 et
1843 3628 1937 3679 do-

362 3714 588 3779 ctrinam
614 3722 772 3780 atque
804 3713 960 3766 fidem
990 3712 1246 3769 Ecclesiae
1278 3716 1559 3770 catholica:
1588 3735 1601 3780 ;
1632 3734 1789 3784 quam
1835 3720 1936 3773 Do-

364 3806 544 3856 minus
590 3804 801 3871 quidem
848 3803 1017 3867 dedit,
1057 3802 1287 3872 apostoli
1322 3821 1449 3859 vero
1486 3808 1933 3875 prazdicaverunt,

361 3904 407 3947 et
443 3894 626 3948 Patres
648 3902 953 3945 servarunt.
979 3892 1035 3944 In
1057 3894 1157 3946 bac
1180 3894 1321 3946 enim
1350 3894 1453 3947 fide
1480 3895 1717 3950 Ecclesia
1746 3898 1938 3953 funda-

362 3995 412 4037 ta
444 3994 544 4048 est,
576 3984 643 4035 ab
672 3985 770 4037 bac
811 3984 902 4052 qui
935 3985 1220 4043 exciderit,
1256 4000 1354 4039 nec
1388 3987 1491 4038 crit
1524 4002 1695 4053 neque
1730 3989 1937 4043 dicetur

360 4075 711 4129 Christianus.
743 4074 979 4129 Trinitas
1002 4076 1162 4143 igitur
1191 4090 1374 4129 sancta
1404 4086 1455 4130 et
1491 4078 1730 4145 perfecta
1762 4093 1843 4134 eSt
1878 4080 1931 4135 in

360 4163 539 4223 Patre,
570 4172 624 4215 et
644 4162 800 4239 Filio,
829 4173 882 4216 et
913 4164 1118 4233 Spiritui
1150 4177 1360 4233 sancto,
1396 4167 1528 4220 nihil
1555 4169 1811 4229 alienum,
1839 4185 1936 4221 nec

359 4254 697 4308 extrinsecits
727 4254 1008 4309 Collectum
1047 4257 1272 4318 babcns,
1306 4272 1403 4311 nec
1434 4274 1497 4311 ex
1535 4269 1778 4312 creatore.
1805 4274 1933 4313 con-

361 4356 533 4405 stans,
568 4346 658 4398 sed
697 4354 811 4398 tota
842 4347 1099 4408 creatrix,
1132 4359 1185 4400 et
1217 4347 1499 4412 effectrix;
1528 4351 1608 4401 sui
1642 4349 1852 4412 similis,
1881 4358 1935 4403 et

2034 3176 2223 3236 Filius,
2257 3185 2310 3229 et
2340 3174 2573 3242 Spiritus
2608 3180 2865 3226 sant-tus:
2898 3186 2996 3225 nec
3023 3179 3106 3224 est
3133 3169 3231 3222 alia
3262 3170 3313 3223 in
3344 3167 3611 3222 Trinitate

2034 3266 2306 3327 discretio,
2329 3264 2428 3318 nisi
2456 3265 2506 3316 in
2538 3279 2602 3315 eo
2629 3263 2769 3330 quod
2798 3272 2877 3314 cst
2902 3276 3019 3315 esse
3046 3262 3282 3323 Patrem,
3309 3269 3363 3314 et
3390 3258 3610 3330 Filium,

2035 3367 2090 3410 et
2119 3356 2381 3424 Spiritum
2411 3361 2698 3414 sanctum;
2731 3366 2827 3403 nec
2846 3361 2925 3403 est
2952 3350 3003 3403 in
3027 3348 3295 3403 Trinitale
3323 3349 3465 3403 alius
3488 3348 3608 3403 fons

2034 3458 2088 3502 et
2133 3440 2450 3516 pri'ncipium
2499 3443 2663 3495 totius
2714 3441 3029 3500 divinitatis,
3066 3441 3167 3493 nisi
3216 3441 3361 3494 solus
3409 3440 3608 3503 Pater;

2035 3550 2090 3593 et
2124 3538 2264 3607 quod
2316 3537 2592 3589 naturales
2640 3541 2693 3585 et
2726 3532 3106 3585 substantiales
3154 3532 3497 3598 operationes
3543 3545 3608 3584 ex

2038 3631 2153 3698 ipso
2179 3627 2504 3697 prodeuntes
2531 3634 2655 3678 sunt
2678 3624 2865 3682 Filius,
2888 3633 2939 3675 et
2966 3623 3079 3691 ejus
3098 3621 3339 3689 Spiritus
3363 3631 3612 3686 sanctus;

2038 3735 2136 3775 nec
2173 3720 2273 3772 alia
2304 3728 2386 3772 est
2413 3716 2681 3785 operatio,
2710 3726 2760 3768 et
2792 3729 3003 3777 manus,
3038 3723 3089 3765 et
3123 3713 3321 3781 digitus
3352 3712 3490 3781 ejus,
3519 3714 3611 3780 qui

2037 3821 2119 3865 est
2144 3824 2301 3875 supra
2328 3810 2527 3861 bonum
2550 3822 2645 3874 per
2661 3821 2816 3872 quem
2845 3804 3021 3857 omnia
3052 3803 3191 3857 Deus
3213 3812 3491 3871 operatur,
3507 3802 3609 3857 nisi

2037 3900 2152 3969 ejus
2197 3898 2385 3960 Filius,
2421 3896 2741 3966 principium
2784 3893 3064 3946 deiiicandi
3110 3907 3228 3958 nos,
3275 3900 3329 3946 et
3378 3891 3610 3964 Spiritus

2036 3998 2292 4044 sanctus:
2328 4001 2501 4055 neque
2538 3998 2870 4052 quacunque
2906 3984 3217 4050 singulatim
3252 3984 3528 4037 naturales
3555 3993 3612 4035 et

2036 4078 2417 4133 substantiales
2441 4076 2693 4146 energies,
2718 4076 2827 4129 sive
2853 4076 3195 4143 operationes
3216 4074 3306 4129 Dei
3338 4074 3608 4139 dicuntur,

2036 4170 2156 4224 alia:
2186 4179 2311 4223 sunt
2338 4178 2527 4236 praeter
2561 4167 2775 4227 Filium,
2814 4176 2867 4219 et
2893 4174 3133 4218 sanctum
3166 4166 3282 4231 ejus
3314 4152 3610 4232 Spiritum;

2037 4275 2211 4328 neque
2231 4273 2567 4327 quaecunque
2597 4272 2703 4309 uno
2732 4256 2895 4308 verbo
2922 4254 3183 4307 naturalia
3209 4264 3263 4307 et
3290 4255 3615 4309 substantia-

2040 4350 2109 4403 lia
2148 4350 2236 4403 Dei
2268 4350 2539 4413 dicuntur,
2570 4347 2674 4400 alia
2706 4356 2829 4401 sunt
2871 4354 3066 4415 prater
3100 4346 3321 4409 Filium,
3350 4354 3405 4401 et
3439 4344 3613 4413 Spiri-

360 4436 651 4488 secundum
681 4443 924 4489 naturam
952 4437 1249 4505 individua,
1280 4448 1331 4491 et
1364 4455 1465 4491 una
1497 4441 1656 4508 hujus
1683 4440 1942 4512 operatio.
1980 4421 2020 4475 Ι)
2052 4450 2161 4492 tum
2194 4448 2483 4502 sanctum;
2515 4451 2687 4504 neque
2718 4451 3052 4504 quaacunque
3090 4436 3141 4489 in
3174 4436 3439 4490 Trinitate
3473 4438 3613 4491 reci-

360 4526 521 4579 I’ater
549 4527 688 4579 enim
709 4542 804 4593 per
824 4528 1054 4580 Verbum
1079 4530 1131 4580 in
1157 4529 1360 4599 Spiritu
1385 4542 1575 4585 sancto
1594 4533 1771 4584 omnia
1794 4531 1941 4593 facit,

359 4625 413 4669 et
442 4618 519 4669 sic
540 4628 783 4669 servatur
813 4616 991 4669 unitas
1015 4616 1332 4683 Trinitatis;
1368 4633 1421 4671 et
1446 4622 1523 4674 sic
1555 4602 1693 4674 u’nus
1722 4624 1862 4676 Deus
1890 4624 1938 4674 in

365 4706 602 4759 Ecclesia
645 4707 994 4773 praedicatur.
1047 4709 1137 4775 qui
1179 4720 1260 4763 est
1315 4726 1477 4779 super
1518 4713 1721 4773 omnia,
1757 4723 1811 4765 et
1846 4729 1941 4782 per

362 4796 561 4855 omnia,
586 4804 639 4846 ct
664 4796 715 4847 in
738 4797 1019 4860 nantibus;
1044 4814 1206 4867 sttpcr
1225 4801 1403 4853 omnia
1427 4800 1664 4869 quidem,
1686 4814 1740 4854 ut
1759 4802 1935 4866 Pater,

364 4893 422 4937 ut
451 4886 794 4953 principium,
818 4895 876 4938 ut
903 4886 1042 4951 fons;
1066 4903 1160 4956 per
1184 4890 1363 4942 omnia
1391 4906 1519 4943 vero
1547 4906 1642 4958 per
1669 4890 1935 4958 Verbum;

365 4976 415 5027 in
451 4975 701 5029 omnibus
744 4988 922 5030 autem
960 4978 1011 5030 in
1054 4978 1256 5046 Spiritu
1291 4989 1501 5035 sancto.
1536 4982 1776 5037 Trinitas
1810 5000 1937 5037 vero

364 5075 439 5116 cst
485 5080 588 5117 non
621 5065 734 5117 solo
766 5067 1057 5129 nomine,et
1092 5070 1305 5123 fictione
1335 5069 1609 5133 Verbi,scd
1644 5073 1867 5127 veritate
1883 5083 1937 5127 et

364 5157 678 5211 exsistentia
702 5155 959 5211 Trinitas.
985 5159 1131 5212 Sicut
1158 5162 1301 5214 enim
1327 5162 1415 5228 qui
1445 5162 1803 5221 est,cstPater
1823 5181 1837 5227 ;
1860 5166 1941 5219 sic

363 5250 450 5315 qui
476 5256 575 5305 est.
598 5259 680 5300 est
703 5264 864 5316 super
882 5248 1060 5301 omnia
1087 5248 1243 5303 Deus.
1271 5253 1359 5318 qui
1388 5260 1468 5303 est
1505 5251 1660 5318 bujus
1677 5251 1940 5317 Verbum;

366 5347 418 5389 et
446 5337 681 5405 Spiritus
709 5347 930 5391 Sanctus
958 5351 1061 5389 non
1090 5349 1173 5391 est
1201 5356 1304 5392 non
1333 5341 1624 5400 essistcns,
1645 5340 1737 5392 scd
1764 5344 1943 5409 potius

368 5429 572 5481 exsistit
616 5438 669 5481 et
712 5427 963 5481 subsistit
998 5444 1142 5482 vere.
1193 5428 1373 5499 Neque
1425 5430 1603 5483 minus
1649 5430 1730 5484 bis
1778 5433 1940 5487 sentit

371 5514 605 5571 Ecclesia
638 5519 926 5583 catholica,
963 5533 1028 5571 ne
1069 5520 1122 5573 in
1156 5535 1394 5576 errorem
1414 5538 1639 5589 eorum,
1672 5522 1761 5593 qui
1811 5538 1930 5576 cum

444 5690 488 5718 “
517 5689 701 5743 Matlb.
745 5708 933 5755 XXVIII,
978 5692 1065 5749 18.

2046 4541 2353 4607 precantur,
2381 4531 2529 4599 pium
2564 4539 2648 4584 est
2678 4531 2858 4583 dicere
2886 4531 3176 4598 quidquam
3208 4530 3259 4583 in
3295 4533 3375 4583 eis
3410 4546 3527 4583 esse
3557 4541 3612 4583 ct

2041 4624 2147 4676 dici
2182 4623 2340 4676 unius
2370 4636 2633 4689 personm,
2660 4620 2801 4689 quod
2830 4624 2931 4673 n‘on
2960 4621 3028 4672 sit
3054 4626 3107 4672 et
3133 4621 3343 4673 dicatur
3372 4620 3607 4672 essentia

2040 4713 2293 4765 alterius:
2328 4725 2501 4779 neque
2523 4724 2641 4777 quae
2674 4717 2799 4762 sunt
2828 4722 3073 4775 personae
3098 4707 3324 4771 dedicat,
3348 4717 3398 4759 et
3428 4722 3609 4761 essen-

2038 4804 2110 4855 tia
2158 4802 2463 4865 Trinitatis,
2506 4801 2651 4869 pium
2705 4809 2788 4853 est
2830 4798 3010 4851 dicere
3064 4799 3292 4851 alterum
3336 4813 3441 4851 non
3484 4813 3608 4852 esse

2035 4894 2330 4947 essentiam
2360 4890 2628 4955 alterius;
2661 4904 2824 4957 supra
2864 4903 3079 4941 onmem
3123 4903 3252 4940 vero
3288 4896 3519 4941 mentem
3552 4894 3607 4939 et

2038 4984 2300 5036 rationem
2346 4982 2397 5033 in
2440 4981 2613 5033 tribus
2656 4979 2921 5047 personis,
2950 4980 3064 5032 sive
3093 4978 3354 5045 subjectis
3385 4992 3490 5030 una
3522 4985 3605 5029 est

2037 5082 2091 5127 et
2139 5082 2268 5136 tota,
2314 5080 2368 5125 et
2396 5074 2509 5125 sola
2566 5071 2717 5123 trime
2763 5084 2924 5139 supra
2972 5066 3244 5134 'naturam,
3280 5078 3331 5121 et
3383 5068 3606 5122 infinita:

2043 5163 2265 5215 unitatis
2289 5160 2521 5213 eSsenlia
2547 5173 2875 5227 supraquam
2909 5144 3110 5213 divina.
3141 5158 3386 5213 Perfecta
3422 5158 3602 5222 itaque

2042 5264 2166 5307 sunt
2191 5270 2309 5313 utne
2337 5252 2390 5305 in
2420 5252 2521 5304 bac
2567 5251 2766 5304 decade
2809 5259 3058 5304 contexta
3101 5262 3224 5303 sunt
3254 5260 3307 5301 et
3334 5247 3601 5315 exposita,

2040 5344 2111 5394 ita
2144 5354 2199 5395 ut
2232 5342 2362 5395 uibil
2393 5342 2552 5395 desit.
2584 5340 2674 5396 Est
2706 5353 2883 5396 autem
2914 5343 3173 5409 inscripta
3209 5342 3387 5402 decus,
3421 5336 3494 5388 De
3517 5338 3601 5387 in-

2036 5435 2238 5498 ﬁnitate
2264 5435 2315 5484 in
2341 5430 2469 5490 Deo,
2499 5431 2621 5497 quia
2654 5432 2830 5485 omnis
2862 5431 3098 5483 inﬁnitas
3131 5430 3182 5479 in
3217 5428 3319 5479 Deo
3349 5434 3431 5479 est
3468 5421 3593 5475 Tri-

2033 5524 2196 5588 nitas,
2223 5536 2341 5590 qtta:
2374 5535 2534 5591 supra
2567 5530 2840 5585 naturam,
2870 5530 2925 5574 et
2962 5532 3286 5587 supraquam
3324 5514 3599 5582 incognita
