4064 6266
494 245 599 306 (ιδ’)

1622 250 1709 311 JO
1722 252 1865 312 ANN
1876 252 1951 311 IS
1987 252 2551 318 CYPARISSIOT/E
3649 251 3767 310 suo,

488 372 608 427 est;
635 371 688 417 et
717 363 831 430 ipsa
858 361 970 417 sola
995 371 1076 417 est
1104 362 1148 418 is
1172 362 1258 432 qui
1284 378 1444 433 super
1464 364 2059 435 omnia,etpcromnia,
2093 373 2135 427 Α
2167 369 2457 437 quidquam
2484 383 2590 423 non
2643 368 2967 424 subsistens:
3010 350 3111 423 nec
3156 376 3241 423 est
3282 368 3333 422 in
3372 382 3444 422 eo
3490 366 3631 436 plus
3672 377 3764 422 aut

486 459 541 504 et
566 451 617 504 in
640 451 1067 506 omnibusiaude
1083 462 1134 504 et
1153 452 1315 519 gloria
1333 452 1637 507 celebratur
1656 469 1792 507 unus
1813 464 1866 508 et
1888 456 2058 510 trinus

488 541 672 596 Deus:
715 550 768 595 et
816 555 939 597 esse
989 544 1107 611 ejus
1155 539 1235 598 est
1282 546 1608 609 substantia,
1649 558 1703 600 et
1751 548 2055 602 substantia

489 631 765 700 omnium;
803 642 859 689 et
896 647 1002 689 non
1051 643 1129 689 est
1168 634 1220 690 in
1275 636 1394 705 ipso
1442 637 1549 691 ulla
1597 637 1850 706 privatio,
1887 653 2061 708 neque

2058 801 2132 815 μ

2166 461 2343 513 minus
2381 460 2482 514 nisi
2517 474 2639 530 quae
2676 460 2745 514 ab
2786 462 2902 528 ipso
2952 470 3103 513 extra
3143 474 3202 514 se
3237 460 3406 526 ipsum
3466 457 3765 512 voluntate

2168 557 2390 616 propter
2459 547 2864 619 exuperantiam
2942 547 3205 603 bonitatis
3283 560 3396 601 sum
3480 545 3769 615 producta

2168 649 2320 694 sunt;

1156 876 1408 941 necas
1457 882 1765 945 DECIMA.
1808 918 1882 930 --
1913 882 2030 945 DE
2058 838 2371 948 nmini
2415 842 3053 947 SIMPLICITATE.

1121 1002 1351 1061 CAPUT
1393 1007 1431 1061 ι.

495 1148 649 1215 Quod
676 1162 782 1199 non
826 1152 1022 1210 Oportet
1055 1160 1289 1216 querere
1318 1162 1369 1199 tu
1422 1144 1714 1216 Trinitate,
1741 1159 1856 1214 qua:
1895 1164 2061 1216 supra

562 1217 910 1270 substantiam
956 1224 1056 1277 est,
1083 1215 1289 1267 habitus
1339 1227 1385 1268 et
1440 1215 1851 1284 dispositioncs,
1900 1215 2063 1285 neque

565 1295 688 1339 sunt
714 1287 918 1405 (aliqua
969 1285 1111 1338 circa
1156 1285 1329 1353 ipsam
1395 1301 1513 1355 qua:
1551 1285 1901 1339 substantiam
1945 1289 2063 1357 ejus

562 1370 708 1408 conm
731 1364 874 1408 eant.

676 1370 874 1423 pteant.

567 1466 802 1525 Sanctus
833 1469 1118 1534 Maximus,
1152 1469 1202 1523 in
1227 1471 1473 1525 centuria
1506 1481 1723 1539 quarta,
1757 1473 1940 1538 capite
1969 1487 2064 1528 oc-

495 1570 663 1612 tavo:
700 1558 795 1621 Ne,
826 1559 1021 1627 inquit,
1056 1574 1265 1628 qumras
1313 1559 1529 1615 habitus
1558 1570 1611 1615 et
1653 1561 1964 1616 babilitates
2010 1562 2061 1615 in

494 1646 724 1717 simplici
753 1658 808 1703 et
844 1646 1051 1703 inﬁnita
1085 1648 1386 1704 substantia
1419 1661 1620 1704 sancta:
1648 1651 1953 1712 Trinitatis,
1989 1665 2059 1704 ne

496 1753 618 1792 eam
651 1737 820 1793 facias
846 1740 1226 1807 compositam,
1254 1742 1394 1794 sicut
1423 1749 1703 1795 creaturas
1733 1758 1748 1807 ;
1778 1743 1922 1811 quod
1950 1744 2070 1811 qui-

2161 1011 2253 1065 sed
2282 1011 2463 1078 potius
2491 1008 2695 1078 aliquid
2728 1009 2873 1063 circa
2911 1010 3110 1076 ipsum,
3157 1016 3417 1064 accusent
3439 1010 3769 1081 synodum,

2160 1117 2281 1169 quae
2328 1100 2570 1169 seripsit,
2626 1115 2691 1154 ex
2747 1100 3050 1154 substantia
3106 1101 3288 1154 Patris
3339 1115 3463 1155 esse
3528 1099 3765 1156 Filium.

2146 1190 2537 1256 -Considercnt,
2562 1190 2703 1257 quod
2731 1191 2835 1243 duo
2869 1190 3205 1256 blaspheme,
3234 1201 3288 1245 et
3316 1191 3369 1245 in
3407 1192 3597 1245 Deum
3633 1207 3772 1246 con-

2164 1281 2443 1336 tumeliose
2470 1280 2772 1348 proferunt,
2798 1297 2919 1334 cum
2949 1282 3027 1334 sic
3048 1280 3323 1351 cogitant:
3351 1283 3532 1337 Deum
3563 1299 3773 1350 quem-

2166 1376 2288 1431 dam
2324 1388 2647 1443 corporeum
2683 1373 3054 1438 introducunt,
3078 1383 3142 1435 et
3181 1375 3469 1428 Dominum
3535 1391 3655 1428 non
3698 1392 3767 1431 ex

2166 1466 2285 1534 ipso
2316 1463 2500 1525 Patre,
2547 1466 2639 1518 sed
2672 1479 2736 1517 ex
2771 1465 2838 1519 iis
2867 1479 2987 1531 qua:
3016 1475 3141 1517 sunt
3174 1465 3318 1518 circa
3348 1465 3564 1533 ipsum,
3603 1481 3769 1519 men-

2168 1557 2376 1611 tiuntur
2430 1571 2572 1610 esse.
2605 1555 2697 1610 Sin
2746 1564 2927 1610 autem
2980 1555 3209 1624 simplex
3270 1557 3562 1625 quidpiam
3616 1555 3769 1610 Dens

2169 1657 2275 1708 est.
2312 1654 2371 1700 ut
2400 1646 2613 1715 quidem
2647 1653 2755 1709 est,
2784 1644 3131 1698 manifestum
3183 1646 3239 1698 lit
3270 1646 3411 1712 quod
3442 1661 3582 1699 cum
3620 1647 3769 1699 diei-

2170 1752 2291 1790 mus
2333 1736 2520 1800 Deum,
2565 1743 2618 1790 et
2652 1736 2998 1790 nominamus
3031 1735 3266 1800 Patrem,
3301 1737 3433 1790 nihil
3480 1746 3758 1802 tanquam

497 1829 618 1883 dem
651 1830 703 1884 in
735 1829 842 1884 Deo
882 1831 1121 1901 cogitare
1169 1831 1464 1885 absurdum
1524 1841 1578 1887 et
1644 1808 1908 1887 nefarium
1962 1808 2069 1892 est.
2101 1808 2142 1862 Β
2170 1827 2321 1881 circa
2359 1829 2555 1894 ipsum,
2588 1827 2682 1879 sed
2742 1826 2910 1889 ipsum
2967 1827 3085 1894 ejus
3137 1827 3506 1882 substantiam
3544 1827 3773 1893 signiti-

468 1916 725 1972 'Divinns
778 1919 1184 1975 Damaseenus:
1238 1918 1520 1984 Voluntas,
1568 1931 1624 1973 et
1676 1922 1967 1990 sapientia.
2016 1932 2075 1978 et

498 2009 674 2064 virtus
699 2011 876 2065 Patris
898 2019 980 2065 est
1008 2010 1173 2065 Filius
1201 2026 1217 2074 ;
1257 2026 1363 2065 non
1392 2012 1535 2065 enim
1560 2020 1775 2080 oportet
1798 2013 1978 2067 dicere
2017 2014 2075 2069 in

498 2099 615 2155 Deo
643 2101 984 2170 qualitatem,
1025 2117 1095 2155 ne
1138 2102 1384 2156 dicamus
1414 2116 1539 2155 eum
1581 2116 1647 2156 ex
1684 2102 1991 2157 substantia
2016 2115 2073 2159 et

497 2192 761 2261 qualitate
784 2194 1143 2260 compositum
1183 2207 1327 2247 esse.
1358 2192 1582 2260 Magnus
1626 2195 1962 2251 Athanasius
2012 2196 2067 2248 in

499 2281 835 2350 apologetico
913 2297 1010 2350 pro
1082 2281 1288 2352 synodo
1333 2280 1595 2348 Nicaeae,
1658 2284 1810 2351 cujus
1872 2287 2076 2355 princi-

497 2373 644 2442 pium
680 2374 944 2438 est,Bene
993 2374 1187 2443 fecisti,
1218 2383 1276 2427 ut
1329 2374 1633 2431 declarans
1672 2378 1911 2433 milti.-Si
1960 2382 2078 2447 quis

502 2463 686 2531 igitur,
741 2464 936 2532 inquit,
992 2464 1269 2518 existimat
1310 2461 1478 2517 Deum
1528 2480 1648 2519 esse
1693 2470 2077 2537 compositum,

503 2561 557 2600 ut
590 2551 729 2618 quod
754 2568 818 2606 ex
852 2552 1153 2606 substantia
1176 2561 1233 2607 et
1261 2553 1541 2609 accidente
1569 2558 1933 2625 compositum
1955 2572 2036 2614 est
2060 2576 2077 2626 ;

503 2649 600 2695 aut
640 2643 838 2699 habere
882 2643 1221 2699 extrinsecus
1272 2645 1490 2713 aliquod
1542 2649 1965 2717 operimentum,
2018 2661 2073 2707 et

506 2738 655 2802 tegi;
693 2740 786 2787 aut
824 2748 945 2797 esse
974 2734 1216 2803 quaedam
1254 2735 1397 2791 circa
1434 2735 1634 2805 ipsum,
1667 2753 1787 2806 quae
1819 2742 2074 2797 substan—

501 2825 632 2877 tiam
662 2823 779 2892 ejus
799 2823 1106 2893 compleaut
1130 2864 1146 2890 ,
1169 2823 1240 2877 ita
1268 2832 1466 2879 uicum
1494 2840 1592 2882 nos
1619 2827 1849 2883 dicimus
1871 2828 2069 2897 Deum,

501 2914 587 2969 vel
619 2916 966 2971 nominamus
1001 2919 1243 2984 Patrem,
1275 2933 1379 2973 non
1407 2919 1583 2987 ipsam
1608 2918 2070 2990 inaspectabilem,

502 3014 559 3060 et
591 3006 1094 3076 incomprehensam
1126 3009 1484 3065 substantiam
1528 3010 1647 3078 eius
1678 3012 2071 3082 signiﬁcemus,

2175 1934 2363 1972 eamus
2425 1917 2526 1989 (1).
2580 1916 2647 1971 Et
2698 1933 2885 1972 rursus
2930 1918 3069 1972 idem
3145 1919 3197 1971 in
3243 1919 3493 1974 oratione
3530 1958 3548 1981 ,
3600 1917 3767 1986 cujus

2169 2008 2492 2077 principium
2527 2018 2632 2070 est,
2670 2007 2925 2062 Omnibus
2955 2010 3099 2064 vobis
3134 2011 3225 2081 qui
3254 2011 3310 2063 in
3356 2027 3526 2064 unum
3560 2027 3764 2063 conve-

2172 2100 2350 2162 nistis,
2405 2101 2472 2151 de
2500 2112 2564 2151 eo
2595 2097 2740 2165 quod
2778 2097 2967 2152 Patres
2994 2101 3184 2169 synodi
3213 2099 3442 2154 Nicaeum
3478 2111 3641 2155 recte
3682 2102 3763 2153 usi

2169 2197 2294 2242 sunt
2325 2189 2488 2242 verbo
2517 2189 2811 2242 homousii:
2842 2178 2979 2255 Quia
3005 2192 3191 2260 igitur,
3228 2192 3427 2261 inquit,
3462 2193 3763 2247 excusatio

2177 2280 2243 2334 de
2266 2280 2333 2331 iis
2359 2280 2450 2346 qui
2480 2280 2946 2345 scandalizantur,
2973 2284 3345 2349 improbabilis
3370 2284 3765 2338 demonstrata

2178 2381 2284 2435 est,
2315 2373 2479 2424 dicite
2511 2373 2762 2443 deinceps
2808 2389 2926 2438 vos,
2954 2377 3225 2443 quomodo
3250 2392 3356 2429 non
3388 2376 3574 2444 placet
3608 2376 3764 2429 vobis

2177 2478 2377 2517 nomen
2403 2464 2767 2535 substantiae?
2810 2467 2911 2521 hoc
2945 2467 3088 2519 enim
3127 2482 3348 2521 necesse
3389 2478 3475 2521 est
3521 2468 3769 2534 primum

2181 2567 2437 2611 excutere
2465 2576 2478 2611 :
2514 2557 2663 2625 atqui
2695 2565 2751 2612 et
2783 2573 2879 2613 vos
2898 2559 3193 2627 scripsistis
3225 2573 3291 2613 ex
3312 2557 3477 2611 Patre
3505 2559 3761 2627 genitum

2179 2662 2297 2700 esse
2329 2646 2547 2702 Filium.
2587 2646 2643 2701 Si
2678 2648 2844 2717 igitur
2867 2663 2989 2702 cum
3020 2648 3232 2728 Patrem
3257 2648 3619 2715 Inominans,
3681 2647 3765 2701 vel

2181 2738 2275 2794 Dei
2332 2755 2527 2793 nomen
2577 2740 2777 2803 dicitis,
2839 2754 2943 2795 non
2993 2740 3348 2795 substantiam
3408 2730 3761 2811 signiﬁcatis,

2178 2846 2278 2885 nec
2304 2847 2425 2885 emn
2460 2831 2779 2901 intelligitis,
2812 2832 2905 2902 qui
2949 2839 3032 2887 est
3054 2832 3106 2885 id
3128 2832 3268 2901 quod
3294 2834 3607 2888 secundum
3634 2833 3765 2887 sub-

2179 2922 2438 2978 stantiam
2471 2932 2598 2988 est;
2653 2923 2747 2978 sed
2788 2923 2933 2977 aliud
2972 2923 3102 2994 quid
3142 2924 3289 2977 circa
3323 2925 3499 2992 ipsum
3537 2923 3645 2995 (2),
3678 2923 3760 2976 vel

2177 3015 2380 3085 aliquid
2417 3015 2658 3070 deterius
2687 3014 2767 3086 ('5)
2800 3013 2911 3086 (ne
2938 3030 2973 3070 ιι
3000 3028 3086 3069 me
3110 3016 3504 3085 expromatur)
3538 3016 3630 3071 his
3660 3028 3763 3070 no-

1998 3132 2277 3196 Scholia.

580 3264 657 3327 (i)
692 3260 827 3317 Cum
874 3260 1096 3314 dicimus
1145 3258 1306 3315 Deum
1336 3271 1386 3317 et
1441 3263 1773 3320 nominamus
1836 3262 2071 3327 Patrem,
2108 3271 2151 3329 ο
2188 3270 2275 3320 εἴτε
2308 3276 2509 3320 nostra:
2544 3282 2607 3320 ex
2649 3265 2917 3321 creaturis
2962 3273 3223 3327 sumptae;
3258 3262 3381 3330 quia
3415 3268 3520 3319 hoc
3564 3277 3758 3316 nomen

510 3332 664 3390 Nihil
720 3343 989 3403 tanquam,
1031 3333 1171 3385 circa
1203 3335 1396 3403 ipsum,
1442 3335 1535 3386 sed
1586 3334 1754 3400 ipsum
1799 3334 1914 3403 ejus
1956 3334 2080 3389 sub--

510 3404 773 3461 stantiam
819 3397 1231 3470 signiﬁcamus.’
1271 3397 1386 3457 Non
1454 3397 1781 3457 contradicit
1820 3397 2081 3460 'Jtiannes

513 3475 897 3545 Dam_asrenus,
927 3486 1051 3545 cum
1099 3472 1172 3523 ait
1202 3471 1337 3535 libro
1389 3472 1562 3539 primo
1595 3473 1912 3545 Tlteologiae,
1954 3489 2077 3542 cap.

509 3545 586 3599 9:
634 3542 859 3603 Bonum,
904 3552 959 3592 et
998 3542 1221 3607 iustum.
1256 3549 1307 3593 et
1353 3552 1624 3607 sanctum,
1664 3553 1718 3596 et
1751 3542 1852 3596 alia
1888 3546 2076 3608 hujus-

510 3613 654 3667 modi
687 3613 1095 3673 ronsequnnlur
1121 3619 1393 3673 naturam,
1420 3626 1523 3662 non
1550 3622 1726 3680 autem
1758 3613 1924 3680 ipsam
1951 3614 2078 3665 sub-

511 3682 764 3742 stantiam
794 3680 1090 3735 declarant.
1122 3680 1184 3732 Et
1227 3681 1405 3745 capite
1436 3681 1538 3734 ill:
1589 3679 1785 3741 Pater,
1819 3681 1985 3734 Filius
2027 3691 2082 3733 et

515 3753 756 3816 Spiritus
808 3760 1034 3804 sanctus
1067 3765 1176 3803 non
1226 3749 1510 3803 det-larunt
1562 3750 1947 3813 substantiam,
1985 3752 2080 3804 sed

515 3822 860 3875 relationem.
910 3820 977 3873 Et
1018 3820 1176 3885 paulo
1231 3830 1393 3886 post:
1446 3820 1519 3872 Ex
1585 3820 1666 3873 bis
1715 3820 1780 3872 ad
1841 3820 2075 3872 divinam

514 3890 875 3943 substantiam
932 3890 1279 3952 tnanndncti,
1335 3904 1440 3942 non
1497 3888 1666 3955 ipsam
1717 3889 2073 3941 substantiam

514 3958 1045 4027 comprehendimus,
1084 3959 1176 4011 sed
1214 3973 1334 4026 qua:
1359 3961 1505 4012 circa
1534 3958 1935 4020 substantiam;
1976 3959 2084 4012 boc‘

515 4026 658 4082 enim
713 4026 850 4097 dixit
902 4027 1303 4097 Damascenns,
1362 4028 1572 4081 scilicet
1619 4026 2085 4097 nonisignilicare

516 4099 733 4152 nomina
776 4096 864 4148 Dei
907 4096 1264 4157 substmttiam
1300 4097 1437 4159 eius,
1480 4097 1605 4163 quia
1649 4096 1849 4149 nullum
1880 4112 2073 4148 nomen

517 4168 775 4230 exprimit
806 4166 934 4234 quid
969 4175 1052 4218 est
1085 4165 1127 4218 D
1148 4180 1226 4217 ‘us
1256 4164 1530 4231 perfecte;
1558 4164 1667 4218 sed
1700 4182 1819 4219 eunt
1870 4166 2080 4234 signiti-

517 4246 644 4288 cant
676 4236 1011 4299 imperfecte.
1062 4235 1202 4286 sicut
1231 4244 1497 4287 creaturae
1528 4234 1846 4299 imperfecte
1878 4249 2082 4302 reprae-

516 4314 739 4358 sentant
767 4322 779 4364 ;
806 4304 894 4372 sic
940 4304 1105 4372 enim.
1133 4302 1521 4357 Damascenntn
1579 4304 1972 4371 interpretatus
1997 4313 2081 4358 est

520 4384 744 4427 sanctus
786 4370 979 4424 Thom.
1024 4370 1077 4439 p;
1114 4388 1153 4433 ι,
1185 4373 1351 4439 q.15,
1389 4382 1492 4425 art.
1524 4372 1578 4435 2,
1617 4373 1667 4425 in
1712 4388 1856 4440 resp.
1889 4377 1976 4427 ad.
2009 4389 2023 4425 ι
2060 4390 2073 4428 :

520 4442 789 4502 Praeterea
820 4441 1209 4495 consuetudine
1237 4442 1607 4502 intelligentiae
1639 4454 1833 4497 nostra:
1866 4444 2079 4498 locutus

522 4521 605 4591 est
641 4513 726 4564 hic
754 4499 1158 4591 Dama-strenuis:
1192 4514 1319 4578 quia
1350 4499 1494 4564 enim
1538 4512 1790 4591 imposita
1822 4522 1950 4565 sunt
1982 4527 2081 4591 no.

524 4581 668 4652 mina
701 4580 1185 4652 atlsignillcandas
1216 4595 1329 4639 res,
1352 4590 1620 4646 quatenus
1647 4581 1699 4633 in
1735 4594 1973 4635 nostra-tn
2006 4584 2086 4634 in-
2116 4594 2165 4652 D

523 4649 874 4712 teliigentiam
912 4651 1148 4715 cadunt;
1197 4662 1421 4720 superat
1451 4662 1628 4703 autent
1674 4652 2084 4718 intelligentiam

524 4730 788 4782 nostram,
828 4727 886 4772 ut
920 4734 1039 4787 quze
1083 4721 1294 4789 propria
1346 4729 1473 4774 sunt
1510 4720 1739 4784 alienjns
1771 4730 1997 4780 naturas,
2024 4736 2085 4772 ea

524 4789 895 4857 intelligamus
923 4803 1045 4843 esse
1092 4789 1261 4856 ipsam
1292 4800 1538 4845 naturam
1574 4804 1669 4856 per
1693 4804 1752 4843 se
1790 4790 2091 4844 subsisten-

526 4869 675 4923 tem;
724 4860 866 4926 quod
917 4859 971 4912 in
1024 4858 1129 4913 Deo
1167 4869 1372 4913 tantum
1406 4861 1629 4923 evenit;
1673 4859 1875 4913 ideirco
1923 4862 1990 4912 de
2024 4861 2089 4912 iis

523 4943 644 4994 qua:
677 4929 889 5007 propria
923 4937 1049 4982 sunt
1098 4930 1415 4985 substantias
1466 4931 1972 5007 divinm._tanquam
2021 4929 2089 5007 de

525 4999 762 5065 propriis
780 4997 1000 5051 'iiatnrae
1041 5009 1257 5063 creatw,
1296 5014 1417 5068 quae
1455 5013 1562 5052 non
1614 4999 1940 5058 substantia,
1994 4997 2088 5051 sed

523 5068 671 5121 circa
723 5068 1082 5122 substantiam
1126 5081 1277 5133 Sttiil,
1328 5081 1381 5121 ct
1418 5069 1562 5121 illam
1602 5075 2006 5135 consequuntur
2041 5076 2095 5118 et

521 5137 796 5204 cunnplent
826 5138 1113 5205 loquimur,
1134 5139 1234 5203 sic,
1263 5143 1505 5206 inquam,
1538 5137 1776 5205 loquitur
1808 5136 2093 5206 Daintasre-

526 5221 628 5260 nos
658 5209 724 5260 de
765 5206 1185 5275 perfectionibus
1233 5205 1427 5261 divinat
1467 5206 1803 5269 substantiae,
1855 5216 1915 5258 ut
1945 5205 2087 5273 loqui

524 5278 761 5330 solemus
807 5278 872 5331 de
920 5277 1154 5344 propriis
1199 5276 1587 5335 accidentibus,
1622 5290 1741 5344 quae
1788 5276 1931 5327 circa
1967 5280 2093 5327 sub-

524 5348 783 5400 atantiant
808 5348 1261 5414 contemplamur.
1302 5360 1423 5413 quae
1454 5356 1706 5397 naturam
1751 5359 2091 5412 consequun-

524 5424 612 5467 tnr
641 5433 656 5477 ;
683 5416 932 5469 similiter
972 5431 1166 5469 nomen
1219 5414 1415 5474 Patris,
1446 5414 1592 5481 quod
1636 5414 1792 5481 prius
1837 5414 2091 5466 conVenit

523 5483 658 5549 Deo,
684 5503 842 5550 qitam
866 5496 1161 5546 creaturas,
1187 5495 1240 5539 et
1272 5498 1466 5536 nomen
1498 5483 1645 5545 Filii,
1668 5493 1722 5535 ot
1743 5498 1939 5536 nomen
1966 5483 2091 5549 Spi-

524 5555 660 5605 ritus
693 5556 887 5614 sancti,
930 5555 1269 5613 relationem,
1307 5563 1360 5605 et.
1395 5568 1499 5604 non
1548 5553 1907 5605 substantiam
1961 5552 2095 5604 dicit

521 5623 858 5691 signiﬁcare;
880 5625 981 5678 hoc
1012 5624 1175 5677 etiam
1208 5623 1341 5678 dicit
1366 5622 1760 5678 consuetudine
1788 5620 2094 5691 intelligen-

2184 3336 2363 3391 Patris
2392 3335 2690 3391 secundum
2721 3337 2937 3389 modum
2967 3331 3304 3404 signiﬁcandi
3331 3345 3383 3386 et
3416 3331 3755 3404 intelligendi

2185 3407 2340 3460 nobis
2371 3406 2625 3461 usitatum
2668 3419 2773 3459 non
2822 3401 3132 3473 personam,
3166 3403 3258 3455 sed
3315 3401 3639 3456 relationem
3686 3401 3756 3452 si-

2184 3475 2426 3543 gniﬁcat,
2458 3489 2577 3542 quae
2617 3489 2712 3541 per
2734 3489 2793 3527 se
2842 3489 2946 3525 non
2983 3473 3250 3534 subsistit,
3283 3473 3600 3543 utquidem
3630 3473 3749 3523 sub-

2188 3542 2330 3598 sistit
2367 3545 2417 3597 in
2452 3544 2686 3605 divinis;
2722 3552 2774 3598 et
2819 3544 2937 3595 ideo
2966 3558 3070 3594 non
3108 3552 3281 3604 potest
3320 3542 3632 3606 significare
3665 3552 3750 3590 re-
3789 3577 3798 3589 .

2182 3614 2460 3673 lationem,
2492 3613 2618 3680 ‘quin
2648 3613 2913 3682 signiﬁcet
2943 3612 3297 3682 substantiam
3314 3626 3600 3682 personae,
3628 3610 3747 3678 quia

2187 3685 2303 3745 ipsa
2336 3683 2529 3737 relatio
2563 3696 2659 3750 per
2699 3680 2758 3735 se
2787 3682 3031 3735 subsistit
3059 3699 3072 3733 :
3111 3680 3205 3733 sed
3237 3681 3363 3747 quia
3403 3682 3505 3734 hoc
3533 3686 3750 3746 superat

2186 3752 2597 3818 intelligentiam
2652 3762 2920 3814 nostram,
2950 3752 3153 3803 ideirco
3187 3750 3482 3802 secundum
3517 3763 3747 3805 consue—

2188 3823 2428 3875 tudinem
2463 3820 2818 3884 intelligendi.
2855 3831 2903 3871 et
2933 3820 3228 3872 seeundum
3257 3829 3503 3872 nostrum
3540 3818 3747 3872 modum

2187 3889 2531 3960 significandi
2579 3890 2715 3943 dixit
2751 3889 3117 3942 Damascenus
3166 3902 3274 3960 non
3299 3887 3612 3960 signiﬁcare
3655 3900 3745 3960 no-

2189 3955 2310 4013 men
2350 3959 2528 4013 Patris
2569 3961 2927 4012 substantiam
2972 3971 3214 4026 personm
3246 3957 3441 4016 Patris,
3492 3959 3595 4011 sed
3620 3955 3748 4026 rela—

2188 4031 2407 4090 tionem,
2458 4027 2782 4093 Gregorium
2820 4025 3221 4081 Nazianzennm
3247 4035 3488 4089 secutus,
3527 4027 3617 4093 qui
3652 4025 3746 4076 hoc

2185 4101 2347 4151 etiam
2377 4099 2506 4152 dixit
2537 4099 2588 4151 itt
2615 4098 2861 4150 oratione
2899 4098 3069 4161 prima
3099 4097 3164 4147 de
3198 4095 3334 4148 Filio
3356 4133 3369 4156 ,
3399 4095 3523 4149 licet
3558 4095 3744 4148 ibidem

2185 4169 2448 4220 concedat
2479 4169 2548 4227 ei,
2576 4179 2761 4220 eontra
2789 4181 2947 4234 quem
2974 4166 3229 4231 disputat,
3264 4164 3571 4230 signiﬁcare
3594 4162 3746 4217 etiam

2189 4238 2568 4290 substantiam.
2624 4236 2678 4289 Si
2755 4236 2895 4287 cutim
2948 4234 3317 4287 existimasset
3365 4234 3743 4290 Damascenus,

2187 4308 2312 4360 ideo
2344 4324 2448 4359 non
2501 4306 2808 4368 signiﬁcare
2840 4304 3195 4357 substantiam
3231 4304 3282 4355 in
3321 4302 3541 4363 divinis.
3582 4298 3736 4370 (Ιιιθδί

2188 4376 2377 4428 relatio
2404 4390 2507 4427 non
2555 4391 2653 4433 per
2697 4390 2756 4427 se
2797 4376 3108 4432 exsisteret,
3158 4387 3311 4425 error
3355 4373 3511 4439 plane
3546 4372 3743 4428 fuisset.

2189 4456 2247 4497 ιιι
2286 4455 2506 4498 sanctus
2531 4443 2787 4505 Thomas,
2821 4459 2833 4495 l
2867 4452 2923 4511 p.
2948 4458 3005 4508 (ι.
3036 4444 3124 4506 55,
3157 4453 3260 4494 art.
3289 4441 3342 4505 2,
3380 4442 3429 4493 in
3461 4456 3606 4509 resp.
3643 4440 3738 4491 adt

2190 4514 2434 4566 notavit:
2496 4510 3033 4565 liaotascenus’enim
3083 4523 3297 4563 notasse
3342 4511 3576 4571 videtur,
3631 4510 3742 4559 livet

2196 4600 2298 4635 non
2338 4584 2676 4642 nominatim,
2710 4596 2805 4648 pro
2831 4596 2894 4634 ea
2925 4597 3028 4648 qua
3056 4579 3156 4632 fuit
3181 4581 3466 4641 modestia,
3498 4595 3618 4633 cum
3640 4578 3739 4628 ait:

2194 4651 2501 4718 thnidatn
2532 4651 2664 4703 falso
2695 4650 2896 4717 opinati
2937 4661 3078 4702 sunt.
3116 4650 3247 4701 Item
3292 4652 3611 4702 Anastasius
3645 4651 3743 4699 Au-

2192 4722 2474 4775 tiocbenus
2532 4723 2581 4772 lu
2618 4720 2863 4772 oratione
2893 4722 3062 4786 prima
3094 4720 3160 4771 de
3225 4719 3387 4770 rectis
3418 4720 3740 4784 dogmatibus

2194 4791 2440 4843 veritatis
2469 4788 2753 4852 :Nomina,
2782 4790 2975 4856 inquit,
3010 4786 3317 4845 Trinitatis,
3351 4787 3529 4850 Pater,
3570 4787 3738 4844 Filius,

2191 4872 2243 4914 et
2275 4860 2508 4927 Spiritus
2550 4868 2770 4912 sanctus
2806 4873 2913 4910 non
2962 4859 3269 4927 significant
3320 4871 3471 4927 esse,
3502 4859 3595 4909 sed
3625 4864 3739 4924 quo-

2197 4925 2526 4994 tnodoessc;
2561 4944 2660 4981 nec
2689 4928 2831 4981 enim
2859 4929 2950 4995 qui
2981 4925 3192 4981 Patrem
3219 4930 3372 4989 dixit,
3398 4926 3738 4981 substantiam

2193 4998 2678 5080 signiﬁcent-inferi
2718 4999 2941 5080 numine
2973 4995 3372 5080 ιιξιιὶιιιόίιιςιιιτ

2264 5063 2341 5139 r(2)
2377 5066 2478 5139 Sed
2511 5067 2659 5119 aliud
2682 5066 2806 5139 quid
2844 5070 2991 5118 circa
3020 5066 3211 5139 ipsum.
3250 5064 3473 5139 Scilicet
3504 5063 3734 5139 accidens

2200 5135 2564 5199 individuum,
2612 5137 2756 5204 quod
2789 5138 3142 5203 consequitur
3172 5135 3453 5200 materiam
3488 5135 3735 5188 ultimam.

2197 5208 2348 5272 Quod
2375 5209 2518 5260 enim
2552 5207 2697 5277 circa
2730 5206 3087 5259 substantiam
3139 5213 3243 5265 est,
3272 5204 3526 5277 accidens
3567 5218 3654 5272 per
3685 5212 3737 5277 se

2198 5286 2302 5339 est,
2338 5276 2393 5329 et
2420 5275 2804 5339 substantiale,
2838 5277 2980 5341 quod
3005 5284 3171 5327 totam
3204 5272 3437 5339 speciem
3470 5272 3736 5338 consequt-

2200 5356 2305 5407 tur,
2338 5348 2481 5411 quod
2521 5360 2583 5396 ex
2621 5346 2898 5412 principiis
2931 5343 3152 5408 subjecti
3195 5343 3463 5408 ellicitnr;
3505 5342 3643 5409 quod
3690 5341 3733 5388 ill

2200 5414 2312 5468 Deo
2337 5432 2457 5468 esse
2503 5429 2604 5466 ιιοιι
2658 5418 2853 5478 potest,
2905 5415 2957 5465 in
2992 5429 3098 5480 quo
3134 5413 3264 5465 nihil
3308 5422 3389 5465 est
3426 5414 3621 5466 factum
3648 5429 3661 5475 ;
3691 5416 3737 5458 et

2197 5487 2367 5538 multo
2392 5485 2568 5537 minus
2593 5484 2843 5536 act-idem
2877 5483 3176 5535 nmteriale.
3337 5490 3343 5497 ‘

2283 5554 2361 5620 (ὅ)
2396 5555 2503 5605 Aut
2550 5553 2753 5618 aliquid
2801 5556 2963 5607 etiam
3017 5551 3267 5613 deterius,
3321 5549 3373 5603 id
3403 5559 3506 5616 est,
3555 5544 3736 5616 aliquid

2200 5639 2304 5680 non
2342 5627 2391 5677 in
2425 5623 2542 5693 ipso
2592 5634 2845 5691 tanquam
2877 5620 3151 5687 accidens,
3193 5637 3365 5690 neque
3410 5622 3553 5676 circa
3585 5623 3734 5685 ipsum
