4028 6270
303 368 402 436 961

1198 366 1436 429 DECAS
1476 366 1549 428 Χ.
1586 365 1762 427 -ΌΕ
1802 359 2072 427 DIVINA
2111 360 2671 435 SIMPLIC‘i‘TATE.

3453 357 3563 421 932

307 488 552 543 minibus
599 487 944 558 signiﬁcatis,
997 488 1283 558 oportebat
1315 498 1373 544 ιιι
1397 504 1504 542 non
1556 487 1875 543 scriberetis
1910 483 1959 544 Λ
1985 482 2202 546 tiones;
2241 486 2339 537 nec
2386 499 2453 537 an
2495 484 2601 537 sint
2637 481 2783 535 circa
2822 480 2991 549 ipsam
3034 478 3212 548 aliqua
3255 481 3553 544 naturalia,

303 596 428 644 vos,
453 594 521 634 ex
555 580 720 635 Patre
744 580 943 636 Filium
982 582 1224 651 genitum
1256 595 1399 644 esse,
1434 580 1527 635 sed
1554 595 1618 634 ex
1654 579 1736 632 his
1761 577 1885 646 quae

300 674 454 727 circa
480 674 679 741 ipsum,
706 672 788 726 vel
821 674 876 727 in
910 673 1029 743 ipso
1073 682 1232 737 sunt;
1280 682 1338 726 ut
1369 688 1493 727 cum
1549 670 1797 740 reiugitis
1849 684 1879 723 a

307 764 537 818 dicendo
572 778 699 819 vere
752 763 968 819 Patrem
1008 763 1201 828 Deum,
1245 771 1301 818 et
1348 778 1474 818 eum
1513 763 1606 832 qui
1654 762 1883 831 simplex

307 868 411 917 est,
449 855 807 926 compositum
853 864 909 909 et
945 870 1265 925 corporeum
1313 854 1587 923 cogitatis.
1621 866 1881 905 novarum

310 948 766 1016 blasphemiarum
798 950 1113 1003 inventores
1138 946 1507 1016 reperiamini.
1539 944 1676 999 Cum
1702 954 1884 998 autem

311 1040 392 1094 sic
422 1039 695 1109 cogitatis,
721 1040 1026 1094 necessario
1046 1039 1209 1093 etiam
1237 1039 1462 1090 verbum
1489 1022 1599 1089 non
1631 1036 1887 1090 substan-

314 1134 466 1195 tiam,
498 1132 593 1186 sed
629 1147 825 1186 nomen
857 1131 1031 1186 solum
1059 1128 1408 1191 existimatis,
1437 1130 1678 1196 denique
1713 1141 1886 1196 usque

313 1223 379 1277 ad
422 1225 634 1279 nomina
684 1223 992 1292 Opinionem
1030 1229 1267 1276 vestram
1295 1219 1500 1274 effertis
1524 1239 1537 1283 ;
1566 1230 1623 1274 et
1651 1234 1772 1288 qum
1800 1219 1885 1272 di-

313 1315 457 1377 citis,
480 1330 585 1368 non
617 1296 849 1368 creditis.
872 1328 1013 1378 esse,
1046 1312 1138 1371 sed
1167 1315 1345 1379 potius
1369 1327 1477 1366 non
1502 1326 1623 1365 esse
1646 1312 1883 1366 sentitis.

315 1403 439 1457 Haec
465 1414 646 1457 autem
666 1404 890 1458 audacia
918 1402 1339 1477 Saddticmortim
1367 1401 1547 1469 potius
1577 1402 1674 1470 (l),
1712 1408 1763 1452 ct
1797 1416 1890 1453 eo-

316 1511 434 1549 rum
462 1494 553 1564 qui
580 1496 720 1564 apud
756 1495 989 1561 gentiles
1013 1496 1132 1548 sine
1154 1494 1264 1546 Deo
1286 1502 1432 1558 sunt,
1466 1493 1703 1548 exsi~tit.
1736 1493 1886 1560 Quo-

314 1590 457 1639 circa
493 1602 666 1655 neque
709 1589 879 1654 ipsam
921 1595 1230 1642 creaturam
1264 1586 1433 1652 ipsius
1463 1585 1555 1651 qui
1607 1584 1747 1638 Deus
1781 1595 1885 1648 est,

318 1674 737 1767 fabric‘am'csse
771 1675 986 1740 dicetis,
1017 1676 1062 1731 si
1095 1676 1199 1730 hoc
1241 1689 1436 1729 nomen
1475 1675 1633 1728 Pater
1664 1684 1716 1728 et
1747 1674 1888 1730 Dens

316 1782 423 1824 non
466 1764 637 1836 ipsum
668 1781 893 1822 causam
941 1780 1128 1821 eorum
1185 1777 1305 1833 quae
1352 1773 1502 1830 sunt,
1553 1764 1882 1834 signiﬁcant,

1986 570 2040 633 ει
2072 580 2390 633 substantia:
2429 579 2651 648 propria
2687 577 2753 631 ad
2778 574 3158 638 complendam
3189 572 3555 627 substantiam

1989 671 2157 737 ipsam
2184 686 2200 722 :
2234 670 2336 723 nisi
2369 668 2508 723 forte
2533 685 2562 722 a
2588 668 2749 723 nobis
2772 669 2852 721 sic
2880 665 3137 720 dicuntur
3163 660 3564 718 consuetudine

1986 760 2359 830 intelligentia:
2385 770 2627 824 nostra;
2660 767 2716 811 et
2755 757 2885 826 quia
2923 767 3030 809 nou
3061 766 3348 822 possumus
3397 750 3565 803 aliter

1986 851 2311 921 intelligere,
2339 852 2428 918 qui
2453 867 2593 906 nunc
2606 850 2776 906 vitam
2802 863 2899 919 per
2920 846 3223 916 speculum,
3243 843 3372 899 etin
3394 842 3567 915 aenig-

1986 953 2133 997 mate
2165 941 2545 1013 transigimus.

2607 1029 2837 1088 CAPUT
2876 1029 2942 1086 ll.

1988 1146 2144 1213 Quod
2192 1163 2295 1199 non
2326 1155 2524 1211 oportet
2580 1160 2814 1214 qua'rere
2860 1143 2916 1197 in
2964 1140 3225 1214 Trinitate
3271 1142 3564 1196 accidentia

2060 1218 2339 1283 quirpiam,
2378 1233 2496 1286 qua;
2541 1213 2600 1268 iu
2640 1215 2944 1286 substantia
2986 1213 3100 1281 ejus
3140 1216 3395 1286 exsistant
3476 1228 3568 1286 nec

2061 1283 2398 1353 (ii/Terentius
2416 1284 2797 1340 substantiales
2837 1285 2891 1336 in
2924 1284 3039 1346 ipsa
3059 1283 3370 1350 intelligere,
3407 1283 3569 1347 siqui-

2060 1356 2176 1407 dem
2202 1367 2248 1408 et
2288 1357 2339 1408 in
2372 1357 2714 1422 incorporeis,
2743 1370 2858 1422 qua:
2892 1354 2955 1405 ab
2992 1355 3105 1421 ipsa
3137 1352 3393 1417 producta
3419 1362 3565 1415 sunt,

2062 1441 2162 1476 non
2205 1439 2401 1492 oportet
2447 1442 2683 1493 qutt'rere
2732 1423 3090 1493 ili/furentium
3138 1423 3471 1480 substantiw,
3500 1432 3567 1493 _et

2060 1490 2302 1563 eaet-gite,
2336 1490 2496 1561 neque
2519 1504 2771 1564 tanquam
2792 1490 2953 1546 aliud
2986 1493 3040 1545 in
3059 1493 3163 1545 alio
3190 1493 3294 1544 ista
3319 1501 3376 1543 ut
3401 1490 3568 1544 exsis-

2063 1574 2199 1629 tant,
2232 1566 2489 1618 accidere.
2810 1598 2813 1601 -

2061 1677 2295 1733 Sanctus
2346 1677 2581 1749 Cyrillus
2612 1676 2706 1731 lib.
2742 1691 2868 1731 xui
2903 1673 3337 1727 Tliesaurorum:
3371 1671 3428 1727 Si
3459 1672 3569 1741 igi-

1989 1774 2077 1823 tur
2107 1785 2211 1822 non
2249 1783 2605 1837 quaecumque
2662 1768 2922 1822 dicuntur
2953 1766 3127 1820 inesse
3157 1766 3208 1817 in
3239 1765 3346 1819 Deo
3367 1778 3564 1817 secuit-

316 1861 410 1915 sed
440 1859 587 1913 aliud
631 1858 910 1928 quidpiam
959 1857 1105 1926 quod
1134 1871 1231 1911 vos
1275 1855 1520 1926 ﬁngitis:
1566 1871 1749 1910 verum
1789 1857 1889 1911 hoc
1922 1840 1966 1899 Β
1993 1863 2122 1914 dum
2162 1872 2436 1927 naturam,
2481 1861 2597 1915 haec
2624 1861 2847 1915 omnino
2876 1869 3033 1912 erunt
3065 1858 3372 1912 substantia
3422 1856 3566 1925 ejus,

319 1952 657 2015 indecorum,
690 1962 744 2005 et
768 1951 924 2006 valde
944 1942 1165 2020 impium
1190 1960 1274 2004 est
1296 1951 1379 2005 vel
1419 1949 1592 2004 solum
1629 1950 1889 2017 cogitare.

321 2041 415 2095 Sin
449 2050 629 2095 autem
660 2057 782 2095 cum
816 2025 1066 2099 audimus
1097 2059 1112 2094 :
1150 2038 1263 2109 Ego
1292 2054 1411 2093 sum
1441 2040 1532 2108 qui
1552 2054 1669 2092 sum
1694 2041 1776 2072 ⁶⁵⁶
1801 2056 1814 2102 ;
1837 2047 1894 2093 ει

318 2133 471 2193 illud,
512 2132 577 2186 In
600 2134 859 2200 principio
884 2133 1005 2199 fecit
1037 2131 1173 2203 Deus
1201 2131 1382 2184 cwlum
1406 2142 1453 2185 el
1487 2141 1681 2187 terram
1703 2132 1769 2196 “,
1793 2143 1848 2189 et
1874 2148 1891 2189 :

323 2222 687 2289 AudiJsraeI,
701 2224 962 2277 Dominus
984 2223 1122 2279 Deus
1144 2235 1284 2287 tuus,
1306 2223 1562 2277 Dominus
1586 2239 1721 2277 unus
1742 2208 1892 2289 est",

320 2326 375 2368 'ct
404 2315 556 2379 illud,
594 2314 722 2369 IIarc
748 2310 1170 2369 dicit‘Daminus
1209 2317 1534 2386 omnipotens
1558 2356 1574 2381 ,
1610 2330 1717 2369 non
1746 2316 1893 2369 aliud

322 2414 687 2473 praeterquam
728 2405 1062 2475 simplicem,
1097 2415 1151 2466 et
1188 2407 1425 2468 beatam,
1474 2416 1530 2461 et
1588 2405 1897 2475 incompre-

323 2498 547 2550 benst
585 2498 706 2565 ejus
743 2497 835 2566 qui
868 2500 1088 2567 proprie
1121 2506 1228 2563 est,
1277 2499 1639 2551 substantiam
1686 2496 1892 2550 intelli-

318 2586 491 2651 gimus
542 2586 685 2655 (etsi
734 2588 877 2641 enim
927 2603 1035 2643 non
1084 2601 1373 2657 possumus
1438 2587 1898 2657 comprehendere

324 2678 451 2744 quid
483 2681 695 2732 tandem
717 2689 823 2743 est,
861 2689 1038 2734 tamen
1064 2695 1189 2735 cum
1219 2680 1528 2734 audivimus
1551 2679 1655 2734 dici
1677 2678 1894 2733 Patrem

324 2776 379 2822 et
409 2766 629 2829 Filium,
666 2777 721 2823 et
751 2770 1202 2839 omnipotentem,
1236 2771 1371 2824 nihil
1399 2770 1544 2824 aliud
1571 2785 1739 2840 quam
1766 2770 1901 2825 sub-

327 2862 582 2915 stantiam
633 2863 810 2932 ipsam
849 2862 969 2932 ejus
1017 2863 1107 2932 qui
1144 2871 1249 2929 est,
1297 2863 1592 2937 signiﬁcari
1644 2863 1899 2937 intelligi-

330 2967 485 3017 mus;
512 2963 566 3007 et
595 2970 687 3008 vos
711 2954 930 3010 dixistis
955 2970 1021 3009 ex
1048 2955 1157 3010 Deo
1189 2955 1405 3021 Filium,
1436 2955 1649 3011 scilicet
1674 2970 1738 3013 ex
1772 2961 1901 3012 sub-

329 3046 530 3099 stantia
552 3047 732 3100 Patris
766 3061 890 3101 eum
916 3047 1149 3113 dixistis,
1176 3047 1305 3118 quia
1331 3056 1385 3102 et
1413 3057 1545 3101 ante
1577 3062 1676 3104 nos
1708 3048 1899 3103 dicunt

2002 1954 2325 2024 relinquitur
2356 1965 2413 2007 ιιι
2445 1954 2692 2008 dicamus
2719 1966 2837 2005 esse
2880 1965 2943 2004 ea
2990 1948 3289 2003 accidentia
3323 1952 3573 2003 substan-

1996 2049 2084 2101 liae
2125 2049 2204 2100 sic
2243 2062 2376 2100 voce.
2410 2058 2565 2100 tenus
2614 2043 2884 2098 intellecta
2914 2040 3014 2110 (a).
3047 2038 3164 2093 Non
3193 2042 3338 2093 enim
3393 2048 3573 2109 potest

1996 2147 2187 2191 natura
2241 2138 2473 2191 humana
2528 2134 2731 2203 aliquid
2781 2134 2956 2202 majus
2991 2132 3067 2201 (b)
3118 2132 3171 2185 in
3209 2133 3315 2186 Deo
3352 2132 3570 2211 dicere,

1998 2244 2160 2297 quam
2194 2230 2490 2283 secundum
2524 2242 2583 2281 se
2614 2225 2738 2295 (‘2);
2777 2224 2983 2278 idcirCo
3019 2222 3415 2276 consuetudine
3446 2236 3571 2289 pro-

2000 2321 2115 2391 pria
2158 2320 2383 2384 utimur,
2434 2334 2554 2373 cum
2598 2333 2661 2372 ea
2694 2330 2815 2385 quat
2864 2326 3075 2369 natura:
3128 2325 3327 2368 nostra:
3372 2329 3577 2368 cunve-

1999 2414 2179 2474 niunt,
2212 2412 2480 2480 majorum
2513 2426 2695 2464 rerum
2724 2407 2974 2477 exempla
3006 2407 3264 2469 iacimus,
3306 2416 3366 2461 ut
3394 2407 3484 2476 qui
3518 2408 3576 2463 in

1998 2520 2163 2575 parva
2207 2505 2384 2559 tabula
2415 2505 2609 2558 orbein
2647 2502 2771 2557 cwli
2821 2500 3158 2555 describunt.
3200 2500 3344 2553 idem
3399 2501 3451 2553 in
3484 2515 3577 2565 eo-

1995 2597 2116 2652 dem
2144 2596 2319 2650 libro:
2350 2594 2629 2663 Sapientis
2656 2602 2741 2648 est
2774 2592 2980 2654 dicere,
3005 2591 3140 2646 nihil
3171 2591 3418 2646 accidere
3448 2592 3576 2646 sub-

1998 2688 2215 2743 stantiae
2264 2686 2383 2747 Dei,
2434 2685 2558 2753 quia
2608 2684 2772 2738 habet
2805 2699 2872 2738 ex
2908 2699 2969 2738 se
2994 2685 3111 2752 ipsa
3149 2682 3568 2752 perfectionem,

1998 2780 2094 2833 sed
2142 2778 2394 2832 videmus
2427 2775 2571 2846 quod
2610 2774 2778 2829 multa
2817 2776 2957 2829 ratio
2987 2784 3147 2844 coget
3178 2789 3276 2829 nos
3313 2776 3380 2828 ad
3419 2777 3576 2829 iutel-
3614 2800 3619 2803 -
3662 2827 3674 2837 ,

2000 2868 2275 2943 ligendqu
2312 2867 2365 2923 in
2394 2866 2501 2921 Deo
2523 2873 2780 2945 tanquam
2807 2865 3111 2921 accidentia
3139 2880 3202 2921 ea
3238 2881 3356 2936 quae,
3384 2865 3573 2935 lllljln-

2000 2960 2144 3015 modi
2178 2969 2324 3025 sunt,
2379 2959 2482 3016 etsi
2528 2962 2749 3029 penitus
2793 2972 2901 3012 non
2949 2958 3288 3015 acciderunt.
3318 2959 3385 3014 Et
3430 2956 3571 3015 idem

2000 3050 2214 3104 adhuc:
2273 3048 2329 3103 Si
2380 3063 2512 3119 ergo
2531 3050 2777 3117 quaedam
2830 3062 2920 3101 res
2968 3056 3225 3116 tanquam
3272 3051 3573 3105 accidentia

329 3135 626 3234 berijiturm
659 3136 942 3190 Dominum
989 3136 1192 3192 Filium
1243 3138 1447 3202 Patris,
1486 3148 1540 3193 et
1575 3146 1701 3193 ante
1750 3140 1896 3209 ipsas
1925 3179 1966 3234 c
2006 3142 2134 3205 Deo,
2193 3140 2589 3207 intelliguntur,
2642 3139 2772 3207 quid
2827 3136 3030 3192 frustra
3081 3140 3416 3195 contenditis
3465 3158 3572 3196 non

324 3226 462 3281 idem
492 3228 649 3282 Pater
665 3229 804 3282 dixit
825 3244 840 3282 :
865 3228 964 3285 Hic
993 3240 1070 3284 est
1098 3228 1271 3285 Filius
1297 3247 1440 3291 meus
1465 3230 1685 3287 dilectus
1704 3232 1748 3263 ⁸⁸
1772 3249 1791 3297 ;
1833 3232 1895 3286 li-

322 3319 433 3375 lius
458 3330 637 3374 autem
668 3321 805 3377 nihil
831 3320 973 3376 aliud
998 3334 1100 3385 est,
1137 3323 1236 3377 nisi
1262 3324 1404 3376 ictus
1433 3337 1499 3376 ex
1538 3326 1736 3392 patre),
1759 3339 1898 3392 quo-

328 3411 493 3464 modo
519 3426 627 3465 non
646 3412 902 3466 videntur
922 3411 1110 3467 Patres
1129 3414 1262 3468 bene
1288 3412 1491 3471 dixisse
1507 3428 1570 3466 ex
1593 3416 1898 3469 substantia

324 3492 505 3554 Patris
524 3518 644 3557 esse
675 3502 890 3568 Filium,
923 3515 1074 3559 recte
1110 3504 1356 3560 arbitrati
1394 3504 1535 3558 idem
1567 3519 1688 3560 esse
1716 3505 1899 3559 dicere

323 3607 388 3645 ex
415 3591 546 3656 Deo,
577 3604 631 3646 et
664 3595 846 3649 dicere
875 3610 940 3649 ex
978 3595 1286 3649 substantia
1323 3594 1464 3648 Dei?
1500 3593 1576 3648 Ex
1609 3594 1806 3665 quibus
1835 3596 1894 3647 lit

326 3684 677 3737 manifestum
727 3686 870 3753 quod
922 3686 974 3738 in
1008 3685 1238 3749 unitate,
1275 3699 1394 3753 qua:
1427 3698 1591 3752 supra
1640 3685 1895 3738 substan-

325 3759 454 3826 tiam
495 3781 599 3837 cst,
633 3786 737 3827 non
773 3783 992 3843 oportet
1031 3786 1275 3843 quaerere
1308 3772 1525 3827 habitus
1568 3781 1622 3827 et
1658 3756 1893 3843 disposi-

398 3926 480 3957 "‘
512 3921 684 3981 Exod.
740 3934 822 3988 ιιι,
872 3921 961 3974 id.
1039 3919 1085 3952 “
1134 3918 1274 3979 Gen.
1312 3935 1352 3984 ι,
1409 3917 1459 3972 l.

1535 3916 1578 3950 "
1621 3916 1777 3975 Deut.
1811 3936 1889 3984 Vl,
1924 3920 1978 3975 4.

2000 3246 2120 3286 esse
2151 3231 2436 3286 dicendum
2473 3229 2743 3284 accidisse
2775 3228 2883 3282 Deo
2918 3227 3218 3296 ingenitum
3272 3245 3413 3293 esse,
3448 3246 3575 3285 cum

1998 3323 2243 3392 quaedam
2271 3322 2578 3390 hujusmodi
2613 3330 2928 3390 appareant,
2964 3335 3084 3389 quae
3114 3329 3241 3374 sunt
3273 3323 3572 3376 secundum

2000 3415 2360 3467 substantiam
2391 3412 2508 3481 ejus
2528 3410 2646 3464 ‘l’Et
2678 3425 2870 3466 rursus
2916 3411 3056 3463 idem
3090 3426 3106 3465 :
3141 3411 3255 3464 Non
3303 3413 3446 3466 enim
3487 3423 3571 3466 est

1999 3504 2303 3557 substantia
2350 3500 2442 3555 Dei
2478 3503 2800 3570 ingenitum,
2828 3510 2947 3563 _aut
2997 3501 3432 3569 incorruptibile,
3482 3512 3578 3558 aut

2002 3593 2330 3654 immortale,
2364 3593 2448 3645 vel
2496 3591 2910 3660 inaspectabile,
2947 3606 3071 3645 nam
3115 3593 3160 3647 si
3218 3597 3571 3661 unumquod-

2001 3701 2107 3755 que
2139 3684 2328 3737 horum
2374 3682 2737 3738 substantiam
2767 3682 2845 3752 (5)
2891 3683 3181 3753 signiﬁcat,
3216 3700 3280 3739 ex
3329 3695 3408 3738 tot
3440 3688 3573 3741 sub-

2001 3775 2220 3831 stautiis
2252 3772 2590 3844 compositus
2637 3773 2743 3827 erit
2777 3771 2940 3841 Deus,
2972 3785 3107 3844 quot
3147 3782 3278 3831 sunt
3322 3777 3422 3832 ista
3454 3793 3578 3848 quae

2059 3920 2106 3952 “
2149 3918 2343 3975 Matth.
2373 3934 2505 3983 xvii,
2539 3918 2594 3974 5.

1824 4055 2105 4118 SchoHa.

326 4198 575 4256 tanquam
619 4185 897 4255 complens
937 4180 1302 4256 substantiam
1349 4178 1505 4248 ejus,
1540 4179 1635 4234 sed
1680 4179 1882 4256 aliquid

322 4253 465 4313 circa
497 4258 670 4324 ipsum
717 4253 1081 4315 extrinsecus,
1130 4262 1189 4324 ut
1217 4253 1613 4316 indumentum,
1639 4261 1698 4303 ut
1725 4254 1887 4318 paulo

322 4341 484 4394 supra
518 4323 726 4394 dixerat
758 4324 899 4379 idem
929 4323 1281 4394 Athanasius.

396 4388 920 4467 '(iiSadducworum
951 4395 1144 4467 potius.
1182 4389 1406 4460 Antiqui
1441 4390 1748 4467 ignorantes
1776 4388 1884 4467 vim

325 4460 678 4535 intelligendi,
721 4476 773 4518 et
810 4479 917 4517 non
945 4463 1344 4535 distinguentes
1386 4475 1600 4535 sensum
1631 4460 1702 4535 ab
1731 4461 1890 4535 intelf

326 4529 910 4597 lectufexistimarunt
938 4534 1071 4586 nihil
1101 4529 1219 4585 esse
1252 4532 1304 4583 in
1337 4532 1558 4594 mundo,
1591 4530 1698 4583 nisi
1746 4529 1887 4597 quod

1984 4188 2106 4249 quot
2149 4189 2269 4232 sunt
2316 4179 2420 4232 ista
2471 4196 2585 4249 quae
2644 4180 2974 4248 reperiuntur
3023 4181 3294 4236 convenire
3338 4183 3422 4237 illi
3479 4201 3577 4239 na-

1986 4251 2247 4323 turaliter.
2278 4251 2476 4323 Contra
2540 4249 2893 4323 Ettiinuiiunr
2930 4251 3208 4323 disputans
3251 4253 3351 4307 hoc
3402 4258 3573 4323 dicit;

1952 4320 2078 4373 .ille
2101 4321 2269 4384 enim,
2299 4320 2421 4388 quia
2456 4318 2749 4389 ingenitum
2792 4320 2987 4375 dicitur
3048 4320 3114 4375 de
3148 4321 3257 4376 Deo
3306 4324 3468 4379 Patre
3519 4318 3575 4381 et

1984 4391 2278 4461 ingenitum
2310 4389 2454 4442 aliud
2487 4405 2681 4443 nomen
2708 4400 2790 4445 cst
2848 4405 2875 4461 a
2904 4390 3085 4459 genito
3106 4431 3122 4455 ,
3154 4398 3576 4461 argumentabe-

1999 4458 2090 4513 tur
2130 4458 2288 4512 aliain
2328 4461 2683 4514 Stlelallllalll
2731 4458 3043 4528 signiﬁcare
3089 4458 3407 4529 ingenitum,
3437 4474 3488 4519 et
3512 4484 3574 4520 a-

2000 4530 2126 4582 liam
2170 4532 2410 4598 genitum
2437 4570 2453 4594 ,
2485 4530 2638 4600 quasi
2672 4546 2773 4600 una
2810 4531 3111 4600 substantia
3141 4547 3245 4584 non
3284 4546 3460 4600 posset
3490 4540 3575 4588 di-

325 4579 490 4660 settsti
525 4613 577 4659 et
608 4604 890 4671 phantasia
923 4601 1305 4672 comprehendi
1338 4610 1515 4669 posset
1544 4579 1803 4672 gclqtti'a
1835 4602 1887 4653 iit
1919 4579 1970 4638 D
2002 4579 2516 4672 versisuiintniiib'tig

326 4668 670 4743 phantasiam
713 4690 814 4726 non
860 4674 1004 4725 cadit
1049 4668 1152 4725 nisi
1203 4684 1397 4737 corpus
1433 4710 1446 4729 ,
1509 4668 1897 4743 exiSlitttartint

329 4740 527 4797 nullam
566 4758 677 4795 rem
719 4758 837 4797 esse
864 4744 915 4794 in
961 4745 1161 4793 mundo
1193 4742 1292 4792 nisi
1325 4753 1547 4807 corpus,
1618 4749 1678 4790 ut
1725 4740 1892 4791 Arist.

312 4829 380 4873 ,ιν
423 4814 633 4882 Plzysic.
668 4815 830 4882 tradit
859 4827 873 4875 ;
906 4813 972 4865 ab
1001 4811 1118 4865 istis
1152 4808 1429 4879 prolectus
1458 4820 1543 4882 est
1573 4822 1730 4882 error
1759 4808 1897 4882 Sad-

332 4877 668 4945 duca-oruiu,
720 4881 811 4950 qui
865 4883 1101 4944 aiebant,
1145 4877 1249 4933 non
1303 4891 1424 4932 esse
1455 4877 1740 4944 Spiritum,
1778 4879 1897 4950 lle

332 4955 393 5006 b‘.
415 4952 606 5005 ἰἸιιυιιι.
640 4967 653 5004 ι
681 4949 922 5019 ρ.⁷(ι.5Ο,
959 4963 1059 5005 ait.
1091 4951 1114 5002 1
1144 4966 1159 5001 :
1190 4950 1333 5003 Idem
1367 4955 1548 4999 evenit
1579 4949 1894 5019 gentilibus,

328 5026 418 5091 qui
446 5026 560 5075 sine
585 5022 691 5082 Deo
712 5017 868 5073 erant
900 5024 1140 5074 colentes
1161 5033 1323 5091 opera
1345 5017 1895 5091 nlallllllllt_lltt_llllllttill

405 5094 480 5164 t2)
524 5092 637 5144 Hoc
674 5102 755 5144 est
788 5092 928 5158 quod
963 5092 1089 5164 dicit
1126 5091 1183 5164 S_.
1226 5088 1414 5164 Thom.
1458 5089 1468 5139 i
1503 5101 1552 5152 p.
1592 5103 1644 5149 ιι.
1680 5087 1771 5152 59,
1804 5096 1907 5164 art.

328 5169 385 5234 2,
413 5158 563 5234 quod
590 5178 730 5230 εέειιε
761 5163 891 5214 alias
926 5162 1134 5234 repetit,
1161 5159 1464 5234 intellectus
1499 5166 1681 5208 noster
1713 5171 1798 5211 res
1830 5158 1910 5208 di-

329 5230 478 5293 vinas
505 5233 767 5296 neminat,
794 5246 897 5284 non
933 5230 1231 5284 secundum
1275 5230 1487 5279 lliOillllll
1519 5240 1705 5278 earnm
1734 5263 1749 5289 ,
1781 5240 1907 5293 quia

335 5312 413 5363 sic
452 5321 543 5360 eas
584 5317 917 5372 cognoscere
958 5316 1062 5357 non
1102 5308 1298 5372 potest,
1333 5298 1426 5351 sed
1459 5299 1753 5349 secundum
1794 5310 1908 5348 mo-

333 5380 456 5431 dunt
494 5392 544 5427 ιιι
588 5370 751 5427 rebus
781 5373 979 5427 creatis
1028 5370 1324 5425 inretitum.

403 5447 478 5516 (3)
527 5443 582 5497 Si
637 5441 1279 5516 uuuuiquothuenliaruin
1345 5439 1697 5516 substantiam
1738 5436 1908 5516 signi-

333 5505 499 5585 ﬁcal',
551 5528 615 5567 ex
660 5525 732 5567 tot
799 5505 1114 5566 substantiis
1175 5512 1498 5576 compositus
1557 5512 1655 5562 erit
1725 5505 1904 5566 Deus,

409 5716 561 5785 (a)ld
591 5723 669 5767 est
721 5711 1013 5768 secundum
1055 5710 1281 5785 modum»
1332 5709 1671 5780 signiﬁcandi
1698 5719 1751 5765 et
1807 5710 1914 5767 in-.

335 5783 600 5855 tell:gendi
646 5786 797 5838 nobis
825 5791 1138 5837 consuetum
1170 5783 1332 5850 capit.

2007 4669 2058 4741 in
2082 4685 2177 4741 ,ιλιι
2206 4669 2637 4741 lucubrationis
2675 4670 2861 4741 prima:
2918 4668 3166 4741 Gregorji
3219 4668 3574 4741 Nazianzeui,

1997 4739 2063 4791 de
2081 4736 2239 4801 Filio,
2264 4739 2350 4791 ubi
2374 4739 2568 4809 quaerit
2601 4738 2894 4809 Eunoniius
2917 4781 2930 4801 ,
2948 4736 3091 4809 quid
3113 4737 3270 4794 Pater
3286 4736 3574 4809 signiticet,

1996 4809 2274 4875 explicans
2304 4825 2450 4861 cuni:
2486 4808 2915 4875 lnterrogabanl,
2944 4806 3140 4875 inquit,
3179 4806 3440 4875 inut-utili,
3482 4806 3576 4867 list

2000 4893 2065 4930 ne
2099 4879 2256 4929 Pater
2289 4893 2482 4930 nomen
2502 4877 2836 4947 substantiis,
2864 4892 2931 4930 au
2962 4879 3224 4947 energies?
3251 4891 3306 4932 ut
3338 4881 3380 4935 si
3418 4884 3574 4936 dite-

2003 4947 2169 5018 l'lllllls
2200 4962 2322 5000 esse
2374 4963 2567 4999 bonum
2623 4945 2958 5018 ειιὶιειίιιιιιίιι,
2993 4945 3119 5003 hinc
3170 4950 3443 5018 colligant,
3483 4950 3575 5005 Fi-

1998 5016 2122 5067 lium
2154 5032 2273 5069 esse
2304 5019 2569 5069 dirersaui
2602 5016 2956 5075 substantiam
2987 5032 3012 5065 a
3043 5016 3344 5072 substantia
3381 5016 3573 5077 l’atris:

2006 5087 2080 5147 ὡς
2106 5086 2203 5155 τῆς
2236 5086 2406 5159 aii-cii;
2435 5086 2618 5159 nenia;
2649 5086 2742 5159 δ’ξο
2780 5090 2853 5155 μὴ
2882 5085 3271 5159 ἐπιᾷεχομὲνης
3313 5093 3405 5144 καὶ
3457 5094 3576 5145 διά-

2006 5171 2147 5224 φορα
2167 5159 2365 5226 κυρίως
2385 5155 2706 5223 ὀνόματαήά
2728 5168 2811 5209 est
2840 5156 2994 5223 qmisi
3027 5155 3133 5211 una
3154 5155 3447 5214 substantia
3471 5178 3575 5215 nun

2006 5229 2272 5293 reciperet
2322 5229 2429 5279 duo
2470 5236 2520 5276 et
2568 5228 2781 5280 diversa
2825 5228 3039 5295 proprie
3074 5231 3313 5295 nomina,
3355 5233 3399 5283 si
3432 5247 3576 5295 enim

2007 5306 2157 5361 pater
2181 5308 2261 5348 est
2288 5311 2479 5349 nomen
2502 5294 2841 5367 substantiis,
2872 5313 3141 5367 nunquam
3167 5294 3409 5367 ejusdem
3445 5294 3574 5353 sub-

2005 5373 2218 5417 stantiie
2255 5381 2449 5417 nomen
2488 5370 2591 5417 erit
2629 5365 2820 5418 Filius.
2854 5364 3126 5419 Hactenus
3154 5364 3371 5421 sant-tus
3402 5367 3573 5420 Maxi-

2007 5451 2142 5498 mus,
2187 5446 2239 5486 ιιι
2274 5438 2461 5488 beatus
2495 5435 2724 5491 Basilius
2755 5437 2890 5490 libro
2923 5451 2955 5489 ιι
2978 5433 3173 5489 Contra
3200 5440 3515 5489 Eunomium
3553 5454 3572 5492 :

2005 5505 2282 5569 Quomodo
2321 5506 2506 5573 igitur,
2552 5506 2744 5575 inquit,
2787 5522 2819 5559 υ
2853 5508 3272 5574 sapientissime,
3311 5509 3359 5562 si
3389 5509 3572 5562 diver-

2081 5708 2156 5777 (ὺ)
2189 5709 2245 5761 id
2262 5719 2372 5775 εει,
2413 5709 2614 5776 aliquid
2645 5709 2838 5779 majus,
2867 5725 3029 5777 quam
3063 5717 3118 5761 ut
3141 5723 3206 5762 ex
3234 5707 3572 5762 rebuscrem

2010 5780 2079 5835 tis
2105 5782 2308 5846 didicit,
2334 5797 2399 5834 ex
2422 5780 2427 5783 ’
2452 5781 2645 5849 quibus
2675 5786 2958 5836 scientiam
2992 5779 3158 5840 capit.
