4028 6270
349 367 456 429 ξιΐῧ
1238 368 1475 428 DECAS
1519 371 1586 430 Χ.
1618 395 1685 406 --
1729 373 1824 430 DE
1861 372 1902 432 D

2009 373 2132 434 .NA‘
2163 372 2713 432 SIMPLICITATE.
3483 367 3578 431 96f

350 484 504 547 sitio,
545 492 602 536 et
651 483 780 538 illud
814 483 1044 538 informe
1077 485 1318 540 materia:
1353 485 1503 539 illine
1549 485 1779 553 ejectum
1812 496 1914 540 cst.
1949 495 1990 549 Α
2021 488 2166 554 cliia,
2216 503 2335 556 cap.
2377 488 2434 552 4,
2463 485 2850 543 substantiales
2899 493 3056 539 vocat
3109 482 3340 547 habitus,
3388 482 3480 551 qui
3533 483 3588 537 in

355 575 412 629 Si
443 575 586 628 enim
628 583 774 627 esset
799 572 943 626 aliud
976 583 1030 626 et
1077 573 1185 628 alio
1213 575 1378 628 veluti
1409 577 1665 630 accidens
1704 580 1754 630 in
1791 578 1922 630 sub-
2021 579 2153 646 ipsis
2179 589 2326 633 sunt.
2368 581 2554 632 Adhuc
2593 579 2732 632 idem
2777 576 3062 640 Maximus,
3119 560 3171 630 iii
3213 574 3589 628 Adnotatioui-

351 665 519 731 jecto,
573 677 681 716 non
731 663 936 714 viveret
983 679 1077 730 per
1126 680 1184 718 se
1214 664 1518 718 substantia
1566 666 1697 730 illa;
1749 682 1924 736 neque
2022 669 2143 732 bus,
2186 685 2306 736 cap.
2336 669 2370 722 4
2405 668 2476 720 De
2510 669 2706 722 divinis
2729 667 3032 722 numinibus
3058 682 3077 720 :
3106 664 3330 735 Propter
3360 665 3462 720 hos
3484 666 3590 719 sei-

348 761 530 821 posset
561 768 655 822 per
687 768 745 809 se
769 753 1032 820 deiﬁcari,
1061 766 1322 823 quantum
1348 759 1488 810 vires
1521 760 1629 826 pati
1663 770 1920 824 possunt,
2020 760 2151 814 licet
2212 761 2395 813 radios
2446 758 2708 812 bonitatis
2757 758 2952 810 divinae
3021 757 3345 810 exstiterunt
3401 771 3589 812 omnes

352 857 570 913 propter
599 845 776 899 solum
807 847 1053 900 ordinem
1087 848 1180 916 qui
1210 857 1460 902 servatur
1495 851 1748 916 ponendo
1772 851 1916 905 aliud
2021 862 2232 906 mentes
2264 849 2630 912 intellectiles,
2663 861 2717 904 et
2745 849 3131 916 intelligentes.
3164 858 3217 902 ct
3246 849 3583 913 substantiae,

349 939 402 992 in
431 938 557 992 alio.
597 935 822 991 Habitus
853 937 1017 1006 igitur
1045 955 1181 1007 quos
1219 943 1272 996 iii
1315 943 1448 1010 ipsis
1484 941 1750 1003 diximus,
1786 952 1919 997 stitit

352 1029 453 1092 ipsi
492 1042 676 1080 earnm
726 1028 1048 1082 substaiitlaa
1079 1030 1260 1097 inditi,
1301 1047 1407 1086 non
1454 1044 1633 1087 autem
1681 1043 1742 1088 ut
1772 1033 1916 1088 acci-

353 1121 487 1174 dens
513 1120 568 1173 iii
597 1133 868 1194 sunjecto,
897 1120 1020 1188 quia
1053 1133 1180 1175 sunt
1202 1131 1452 1190 expertes
1476 1123 1714 1177 materiae
1734 1124 1915 1178 :‘tinde

354 1219 584 1284 magnus
622 1215 907 1285 Dionysius
940 1214 992 1266 iii
1035 1213 1175 1268 libro
1203 1211 1279 1267 De
1332 1214 1687 1268 ecclesiastico
1713 1214 1918 1268 Iit'erar—

2017 953 2073 1000 et
2103 945 2351 1009 virtutes,
2384 953 2441 997 et
2472 946 2746 1012 energiae:
2783 942 3092 1011 intelligunt
3135 942 3281 996 enim
3324 955 3378 996 et
3413 944 3585 1012 ipsae;

2015 1033 2140 1103 quia
2191 1047 2379 1088 omnes
2410 1012 2823 1097 suut'mentes,
2871 1042 2927 1086 et
2972 1033 3285 1086 substantiis
3335 1034 3497 1096 vit'e,
3554 1051 3582 1085 a

2024 1133 2203 1178 mente
2233 1137 2488 1190 suprema
2523 1132 2740 1187 creata,
2771 1123 2880 1177 imo
2911 1132 2966 1176 et
2989 1124 3220 1192 energize
3257 1124 3366 1178 illic
3404 1139 3499 1193 per
3527 1140 3588 1179 se

2022 1214 2384 1270 subsistentes
2413 1223 2563 1278 sunt,
2609 1223 2662 1268 et
2698 1213 3016 1269 substantia:
3051 1213 3164 1284 (l);
3213 1214 3392 1268 omnis
3435 1216 3579 1269 enim

1823 1304 2103 1370 Schohe.

350 1384 600 1454 accidens
630 1387 683 1439 in
735 1386 994 1454 subjecto,
1024 1397 1081 1440 tit
1131 1385 1188 1439 S'
1222 1385 1488 1440 Maximus
1539 1396 1685 1439 recte
1740 1387 1898 1440 dixit.

355 1453 577 1508 Habitus
609 1453 846 1510 scientiae
879 1457 929 1508 in
963 1457 1117 1511 nobis
1164 1458 1462 1525 acquiritur
1498 1457 1760 1524 principio
1803 1471 1902 1524 per

353 1528 756 1579 conversionem
787 1527 852 1578 ad
883 1527 1273 1591 phantasmata,
1313 1541 1431 1594 qua:
1459 1535 1582 1578 stmt
1625 1527 1677 1579 in
1713 1537 1903 1592 poteno

2007 1393 2201 1455 prazter
2247 1381 2479 1451 subjecti
2530 1384 2978 1455 corrtiptinnem,_
3011 1383 3227 1450 pr0prie
3279 1385 3583 1441 accidentia

2008 1451 2263 1509 dicuntur
2293 1464 2345 1506 et
2384 1465 2530 1514 sunt,
2562 1467 2678 1518 quae
2713 1463 2921 1506 veteres
2956 1451 3131 1506 Latini
3166 1455 3584 1508 vocabantron-

2003 1521 2191 1589 juncta
2233 1533 2487 1590 tanquam
2525 1523 2840 1586 adVeutitia;
2877 1522 2955 1577 sic
3005 1523 3146 1575 t-iiiin
3180 1537 3336 1577 vocat
3382 1524 3582 1578 Lucte-

354 1594 839 1664 tiismaterialibtis
877 1596 1312 1664 sensutiin,iinde
1335 1591 1774 1664 inaterialiteriet
1797 1597 1906 1649 αις·
1936 1598 1980 1654 Β
2010 1597 2115 1664 titis
2144 1609 2162 1664 5
2197 1593 2416 1645 verbum
2450 1591 2718 1664 Graecum,
2754 1602 2829 1664 uti
2856 1591 2984 1645 mihi
3016 1592 3243 1655 videtur,
3309 1592 3582 1664 συμϐεϐη-

354 1663 600 1728 positive,
657 1672 714 1715 ut
743 1665 817 1717 ait
849 1663 906 1717 S.
944 1662 1201 1726 Thomas,
1235 1674 1410 1727 artus,
1451 1679 1513 1716 ex
1548 1679 1654 1732 quo
1693 1663 1909 1720 habitus

353 1741 664 1798 generatur,
699 1734 750 1783 in
798 1734 1052 1799 potentiis
1089 1735 1360 1787 sensitivis
1401 1744 1501 1794 est,
1559 1733 1758 1788 idcirco
1786 1749 1909 1787 cor-

355 1802 526 1881 rumpi
554 1811 733 1870 potest
754 1802 804 1854 iti
833 1802 1102 1855 intellectu
1121 1802 1612 1881 habitusscieiitiae
1645 1818 1738 1870 per
1767 1803 1909 1858 obli-

353 1873 560 1923 vionem
630 1885 696 1924 ex
765 1882 916 1939 parte
983 1873 1292 1936 memoriae,
1347 1874 1398 1925 iii
1463 1888 1568 1939 qua
1621 1885 1909 1927 servantur

352 1944 721 2005 phantasmata
753 1939 1056 2003 setisiliuin,
1093 1956 1122 1993 a
1157 1941 1356 2007 quibus
1385 1943 1594 2009 species
1629 1942 1908 1995 intellecti-

353 2009 428 2062 les
455 2010 864 2074 abstrahuntur;
898 2020 954 2064 et
989 2025 1084 2078 per
1127 2012 1497 2079 deceptioneni
1549 2009 1700 2065 falsae
1747 2026 1907 2079 argn-

348 2080 727 2150 meotaiionis,
789 2094 892 2146 qna
953 2081 1208 2133 suadetur
1241 2082 1570 2135 contrarium
1616 2081 1730 2150 ejus
1764 2082 1906 2148 quod

349 2150 494 2210 prius
521 2149 808 2202 sciebatur:
840 2159 1089 2202 iieutruiii
1115 2157 1292 2203 autem
1331 2153 1522 2204 horum
1552 2149 1743 2218 angelo
1771 2165 1901 2204 eve-

347 2220 460 2268 nire
486 2228 680 2288 potest,
710 2219 799 2286 qui
842 2233 942 2271 nec
984 2217 1232 2272 oblivisci
1270 2228 1469 2288 potest,
1503 2217 1675 2288 neque
1703 2217 1900 2286 decipi,

344 2288 466 2357 quia
510 2287 653 2357 liber
695 2291 760 2340 ab
808 2289 953 2340 omni
990 2291 1214 2341 materia
1261 2287 1359 2357 per
1409 2290 1618 2356 species
1647 2301 1825 2340 rerum
1871 2307 1900 2344 a

348 2354 454 2406 Deo
505 2356 704 2425 inditas
748 2363 803 2410 et
852 2359 1203 2421 congenitas,
1262 2354 1470 2425 quibus
1533 2357 1898 2424 liabitualiter,

343 2435 400 2476 tit
431 2426 505 2478 ait
537 2427 594 2477 ὃ.
637 2424 856 2488 Thom,
892 2426 1190 2492 perﬁcitur,
1249 2424 1436 2480 omnes
1472 2436 1690 2480 naturas
1720 2441 1898 2484 rerum

329 2493 481 2548 scire
537 2504 730 2561 potest.
799 2493 977 2558 Quae
1035 2497 1339 2562 hujusmodi
1395 2494 1612 2550 habitus
1666 2510 1773 2549 non
1818 2507 1902 2551 est

344 2563 394 2632 iu
457 2578 524 2617 eo
575 2562 682 2617 tale
710 2564 984 2626 accidens,
1037 2565 1196 2632 quale
1232 2565 1284 2618 in
1321 2565 1500 2630 nobis,
1547 2575 1607 2618 ut
1647 2565 1785 2619 dixit
1837 2569 1897 2621 S.

341 2631 623 2695 Maximus;
660 2648 758 2685 nec
791 2633 903 2698 ipse
938 2631 1157 2702 angelus
1187 2634 1493 2702 huiusmodi
1530 2633 1745 2687 habitus
1778 2647 1899 2688 tan-

339 2715 498 2765 quam
534 2703 828 2754 accidentis
868 2702 1166 2768 subjectum
1200 2715 1305 2767 εει,
1335 2705 1428 2756 sed
1461 2706 1642 2769 potius
1685 2704 1766 2756 sic
1799 2705 1901 2757 liu-

334 2770 570 2832 jiismodi
617 2769 830 2823 habitus
871 2772 1017 2822 ineo
1069 2781 1170 2835 est,
1222 2781 1281 2823 ut
1331 2772 1500 2824 virtus
1549 2771 1894 2826 calefaciendi

340 2838 392 2890 in
431 2839 573 2906 igne,
613 2849 669 2908 tit
698 2839 771 2891 ait
806 2839 862 2890 S.
899 2837 1178 2902 Mittimus,
1209 2851 1261 2892 et
1303 2839 1662 2908 Pacliytneres
1700 2841 1896 2908 Diony-

339 2909 405 2958 sii
449 2907 851 2987 paraphrastcs;
903 2908 1168 2988 similiter.
1202 2910 1413 2998 liéibit‘iis
1437 2907 1727 2998 Ιἣρνὶι·.ιιιιιιιιι,
1761 2907 1897 2998 quas
1930 2941 1972 2998 ο

341 2989 438 3041 per
471 2991 684 3029 sensum
725 2978 989 3045 capimus,
1026 2989 1078 3030 ut
1123 2978 1198 3030 ait
1227 2977 1284 3032 S.
1319 2977 1626 3032 Diuum-bus
1669 2978 1721 3032 in
1753 2980 1904 3036 libro

340 3047 428 3103 De
465 3047 776 3114 perfectione
816 3047 1108 3114 spiriymli,
1144 3047 1195 3100 id
1235 3057 1334 3113 est,
1373 3062 1468 3115 per
1500 3047 1701 3116 justum
1747 3064 1902 3103 usum

337 3132 624 3187 setisuuaii,
657 3126 707 3168 et
733 3130 920 3187 earum
957 3131 1134 3187 rerum
1166 3131 1286 3186 qua:
1314 3120 1416 3170 sub
1450 3131 1642 3172 sensus
1681 3120 1904 3187 cadunt,

333 3191 492 3242 Isaac
527 3183 698 3254 Syrus
728 3184 996 3253 ὲξωτὲρας
1018 3183 1244 3250 τάξεώς,
1278 3187 1328 3239 id
1361 3196 1464 3250 est,
1496 3189 1782 3242 exterioris
1812 3183 1905 3243 or;

334 3259 482 3312 tlinis
515 3266 700 3319 vocat;
734 3256 786 3307 iii
819 3255 970 3328 nobis
1001 3257 1584 3328 1ιιηιιιιειιιρεεριι-ιειιιίιι
1627 3260 1813 3311 adesse
1854 3267 1908 3313 et

333 3329 527 3382 abesse
562 3334 804 3392 possunt,
838 3324 960 3390 quia
992 3334 1121 3394 sunt
1166 3324 1517 3394 materialiter
1554 3326 1606 3378 iii
1655 3329 1906 3394 potetitiis

336 3393 636 3456 sensitivis,
687 3405 752 3464 et
801 3402 1057 3462 tanquam
1110 3393 1165 3447 in
1221 3394 1460 3461 subjecto
1505 3393 1560 3447 in
1634 3393 1907 3464 appetitis,

338 3467 537 3532 quibus
584 3462 785 3516 accidit
832 3464 1074 3526 obedire,
1108 3472 1203 3516 aut
1251 3478 1360 3518 non
1413 3465 1634 3517 obedire
1688 3462 1904 3529 r‘ati0ni,

341 3534 636 3599 undejusti
668 3533 876 3595 auditu,
908 3540 962 3584 et
1007 3543 1249 3600 aspectu,
1275 3547 1330 3585 et
1380 3533 1630 3587 similiter
1675 3533 1728 3586 in
1785 3538 1910 3588 reli-

337 3603 458 3670 quis
511 3601 763 3670 dicimur;
808 3605 947 3653 sicut
992 3600 1180 3654 beatus
1231 3603 1420 3655 Petrus
1470 3607 1534 3654 de
1575 3612 1762 3656 sancto
1810 3603 1909 3656 Lot

337 3669 522 3728 dixit:
560 3669 688 3722 Erat
719 3671 856 3722 enim
895 3681 1126 3736 aspectu,
1148 3680 1197 3723 et
1238 3673 1422 3722 auditu
1449 3670 1727 3738 justusUI
1762 3670 1908 3729 Petr.

336 3741 482 3808 11,8);
530 3749 583 3792 et
643 3739 964 3806 compositio
993 3755 1058 3792 ex
1099 3740 1342 3808 subjecto
1398 3739 1584 3792 harum
1626 3742 1908 3806 virtutum,

337 3822 395 3864 et
447 3825 510 3864 ex
548 3810 682 3877 ipsis
748 3809 1069 3870 Virtutibus,
1119 3810 1413 3862 materialis
1459 3811 1776 3874 compositio
1828 3823 1912 3864 est

338 3889 557 3948 propter
586 3893 784 3947 organa
830 3891 1109 3948 corporea;
1159 3881 1382 3932 virtutes
1426 3879 1730 3948 etiaiuiillte
1757 3880 1910 3932 ordi-

338 3946 750 4009 iiis'interioris,
778 3960 896 4014 qua:
927 3946 1241 4013 theologica:
1267 3948 1519 4000 dicuntur
1539 3984 1553 4008 ,
1584 3947 1735 4012 lides,
1762 3963 1906 4012 spes,

333 4019 596 4081 charitas,
626 4016 923 4071 accidentia
945 4030 1158 4083 quoque
1175 4027 1297 4068 sunt
1317 4015 1370 4068 iii
1389 4015 1564 4080 nobis,
1581 4017 1704 4084 quia
1725 4017 1912 4072 adesse

333 4089 596 4144 etabesse
614 4101 810 4155 possuii
853 4095 1070 4156 propter
1101 4101 1340 4147 carnem,
1377 4101 1496 4154 quae
1519 4095 1690 4153 potest
1716 4086 1908 4156 subjici

329 4169 386 4214 et
411 4173 517 4210 non
546 4155 738 4225 subjici
767 4156 866 4224 legi
900 4155 1141 4221 Spiritus;
1169 4155 1464 4208 aliudeiiini
1490 4164 1573 4208 est
1594 4169 1742 4225 caro,
1761 4155 1906 4212 aliud

338 4230 624 4296 prudentia
650 4224 1050 4296 cartiis,_quaiii
1083 4225 1370 4296 Apostolus
1402 4225 1479 4277 ait
1510 4225 1618 4296 legi
1655 4224 1748 4279 Dei
1803 4241 1907 4280 noti

2019 1663 2113 1724 κὸς
2143 1661 2544 1729 interpretatur.
2581 1659 2890 1715 lllud'enim
2921 1675 3027 1714 non
3063 1665 3285 1727 pmiiitet
3315 1659 3581 1716 observa-

2016 1747 2076 1786 re
2138 1733 2244 1800 hic,
2303 1730 2447 1796 quod
2508 1731 2638 1783 istos
2690 1729 2909 1800 habitus
2957 1729 3212 1784 virtutum
3266 1733 3318 1782 in
3373 1734 3581 1800 angelis

2015 1801 2155 1872 idem
2189 1798 2246 1853 S.
2273 1800 2539 1853 Maximus
2569 1813 2690 1872 cap.
2722 1799 2882 1872 _8,‘De
2929 1800 3094 1872 divin.
3149 1801 3366 1872 nomina
3390 1798 3584 1872 ὲτέιτη-

2012 1870 2292 1936 δειότητας
2321 1878 2495 1932 vocat,
2525 1883 2622 1936 nos
2653 1868 2968 1928 habilitates,
2999 1870 3113 1922 sive
3140 1870 3462 1934 aptitudi’iiea
3493 1868 3576 1923 iti-

2015 1935 2395 2006 terpretamur,
2425 1938 2484 1988 ὃ.
2520 1935 2756 1990 Thomas
2787 1938 3220 2006 participationes
3247 1939 3447 1993 divina:
3490 1953 3582 1991 sa-

2013 2008 2226 2078 pientiae
2258 2018 2311 2078 ei
2343 2006 2596 2078 bonitatis
2630 2020 2751 2078 esse
2787 2008 3099 2078 dicit,cuin
3138 2009 3211 2061 ait
3245 2023 3277 2060 i.
3313 2023 3389 2074 p.,
3414 2024 3479 2078 pq.
3517 2008 3576 2071 5,

2011 2075 2113 2131 art.
2161 2078 2214 2138 6,
2263 2077 2314 2128 in
2348 2089 2487 2141 resp.
2525 2075 2590 2130 ad
2623 2075 2678 2138 2,
2732 2076 2857 2143 quia
2907 2077 2972 2130 ad
2998 2077 3366 2145 attingendum
3413 2077 3576 2131 Deum

2016 2161 2111 2216 per
2139 2146 2468 2200 intellectutn
2505 2155 2558 2216 et
2584 2145 2918 2216 voluntatem
2963 2145 3202 2216 indigent
3249 2148 3578 2212 participare

2010 2213 2207 2283 aliquid
2241 2218 2308 2267 ab
2351 2214 2628 2276 exteriori,
2675 2213 2883 2269 scilicet
2929 2213 3246 2281 sapientiam
3278 2227 3332 2270 et
3363 2217 3575 2269 bonita-

2010 2296 2115 2338 tem
2146 2284 2403 2344 divinam,
2435 2292 2490 2337 ut
2529 2283 2725 2337 ibltletn
2780 2287 2874 2338 ait:
2917 2285 3055 2347 ltleo,
3112 2285 3304 2350 inquit,
3360 2299 3580 2339 necesse

2007 2363 2086 2408 est
2116 2369 2315 2422 ponere
2355 2351 2518 2422 iii_eis
2553 2351 2790 2422 habitus;
2824 2353 3036 2407 habitus
3065 2355 3198 2406 istos
3228 2355 3356 2408 dicit
3385 2353 3600 2422 Μουγ-

2007 2419 2142 2486 sius,
2175 2439 2292 2489 cap.
2325 2423 2360 2475 4
2393 2419 2475 2476 De
2504 2421 2691 2475 divinis
2726 2423 2975 2476 nominib.
3012 2423 3320 2489 corrupisse
3356 2419 3578 2489 angelos

2006 2495 2095 2560 qni
2139 2494 2479 2556 ceciderunt,
2521 2500 2790 2560 quatenus
2825 2493 3147 2560 aberrarunt
3174 2492 3580 2558 abuperattone

2009 2559 2278 2615 lialiitibiis
2309 2565 2424 2619 istis
2459 2559 2809 2629 congruente,
2861 2575 2994 2628 quos
3018 2559 3180 2613 Judas
3208 2562 3575 2626 apostolus'iti

2006 2631 2233 2697 epistola
2283 2647 2376 2684 sua
2435 2632 2564 2686 dit-it
2595 2643 2992 2698 nonservasse
3041 2629 3385 2698 principium,
3438 2630 3574 2692 sive,

2009 2696 2067 2753 ut
2115 2701 2560 2769 vetusiiiterpres
2590 2696 2896 2769 vertit_sjl)_v
2933 2699 3128 2769 ἀρχὴν,
3183 2696 3574 2766 principatum;

2005 2769 2174 2822 ei-eati
2197 2768 2339 2821 enim
2369 2763 2545 2828 erant,
2565 2776 2622 2818 ut
2647 2768 2721 2817 ait
2747 2763 2804 2822 S.
2830 2763 3112 2836 Maximus,
3132 2763 3196 2820 ad
3215 2763 3375 2836 opera
3405 2773 3576 2832 bona;

2006 2839 2331 2891 creationem
2361 2840 2504 2892 enim
2539 2850 2726 2889 eorum
2773 2836 2988 2891 vocavit
3015 2833 3184 2888 ludas
3213 2833 3533 2904 principium
3560 2854 3576 2904 ;

2005 2908 2084 2960 sic
2113 2906 2402 2974 Dionysius
2449 2909 2623 2960 locum
2668 2904 2819 2963 Judaa
2855 2908 3237 2974 interpretatus
3274 2916 3378 2971 est,
3404 2917 3461 2958 iit
3515 2905 3576 2960 S.

2010 2973 2272 3030 Maximus
2296 2974 2628 3031 observavit.
2660 2974 2926 3032 Praeterea
2958 2978 3102 3044 quod
3151 2973 3442 3044 Dionysius
3491 2976 3577 3027 di-

2010 3047 2088 3098 xit
2129 3047 2438 3111 corrupisse
2464 3044 2685 3113 angelos
2736 3061 2892 3101 suum
2926 3043 3576 3112 principiuiu,sumptutn

2007 3123 2176 3168 estex
2203 3115 2396 3169 Ezech.
2423 3131 2544 3182 cap.
2572 3129 2762 3178 muti,
2791 3129 2911 3169 cum
2936 3113 3018 3182 Vde
3049 3113 3262 3182 diabolo
3294 3114 3402 3166 ait:
3445 3116 3578 3167 (Jor-

2014 3193 2166 3252 rupta
2197 3195 2280 3237 est
2326 3181 2552 3238 scientia
2585 3194 2672 3236 tua
2706 3201 2828 3238 cuin
2859 3181 3258 3250 pulchritudine
3291 3193 3403 3236 tua.
3439 3182 3578 3235 liac-

2009 3264 2167 3323 tenus
2202 3253 2270 3306 de
2308 3255 2582 3307 habilibus
2633 3255 2686 3306 iii
2721 3254 2950 3323 angelis,
2985 3253 3075 3319 qui
3109 3265 3381 3304 cuiuintini
3413 3267 3573 3323 voca-

2007 3321 2137 3376 bulo
2192 3323 2449 3391 δυνάμεις
2504 3337 2739 3391 quoque,
2800 3321 2848 3375 id
2881 3333 2986 3384 est,
3042 3322 3311 3391 potentiae,
3371 3335 3398 3372 a
3455 3322 3578 3391 Dio-

2010 3395 2162 3462 nysio
2211 3389 2391 3449 vocari
2443 3389 2644 3462 solent,
2675 3403 2730 3444 ut
2787 3400 3006 3444 sanctus
3067 3389 3337 3462 Maximus
3364 3405 3485 3458 cap.
3519 3390 3572 3449 5,

2011 3459 2086 3513 lie
2129 3464 2317 3514 divinis
2379 3461 2635 3515 nominib.
2670 3462 2896 3520 notavit,
2950 3459 3090 3526 quod
3141 3473 3233 3526 per
3253 3474 3346 3511 eos
3392 3474 3578 3526 pussu-

2009 3545 2128 3584 mus
2157 3539 2399 3599 prompte
2430 3532 2660 3597 operari.
2677 3528 2972 3599 Dicendum
2986 3539 3066 3580 est
3083 3543 3223 3580 nunc
3240 3529 3303 3580 de
3327 3529 3578 3595 poteiitiis

2008 3598 2194 3651 eorum
2251 3615 2373 3668 qua:
2420 3601 2498 3652 sic
2540 3601 2757 3668 proprie
2801 3598 3059 3665 anticipet;
3085 3600 3386 3668 “dicuntur,
3438 3611 3575 3664 quas

2010 3670 2172 3721 etiam
2201 3683 2229 3720 a
2261 3666 2470 3721 ratione
2500 3666 2857 3721 accidentium
2905 3668 3046 3720 idem
3079 3666 3138 3720 S.
3183 3666 3446 3718 Maximus
3473 3682 3574 3719 eit-

2011 3737 2198 3790 ctudit.
2254 3737 2309 3790 Si
2365 3737 2535 3800 enim,
2591 3737 2786 3806 inquit,
2820 3736 2948 3789 illud
2999 3750 3118 3806 esse
3153 3738 3293 3788 aliud
3355 3735 3409 3788 iii
3465 3735 3573 3787 alio

2015 3816 2268 3873 tanquam
2325 3809 2579 3860 accidens
2632 3805 2686 3859 in
2735 3807 2997 3872 subjecto,
3047 3805 3223 3857 locum
3267 3805 3486 3858 haberet
3519 3808 3570 3856 iii

2011 3877 2265 3944 potentiis
2323 3877 2522 3943 angeli,
2563 3885 2997 3944 sequereturhut
3048 3889 3154 3928 non
3213 3890 3306 3941 per
3351 3887 3422 3944 se
3489 3873 3575 3944 vi-

2011 3941 2164 4017 veret
2219 3941 2466 4014 angelus,
2511 3945 2604 4017 sed
2641 3941 2740 4013 per
2784 3942 3056 4008 accidens;
3115 3954 3171 4017 et
3216 3943 3289 4017 fro
3343 3941 3575 4017 ζῳτικὸν

2013 4016 2063 4068 id
2091 4025 2192 4078 est,
2243 4025 2476 4081 potestas
2521 4015 2722 4078 vitalis,
2785 4029 2881 4081 per
2922 4028 3081 4081 quam
3125 4015 3276 4075 vivit,
3325 4015 3428 4064 non
3484 4028 3574 4066 εει

2011 4095 2093 4138 set
2131 4083 2500 4154 substantialis
2542 4085 2593 4137 iii
2624 4082 2834 4154 angelo,
2863 4088 2957 4154 sed
2978 4082 3345 4154 accidetitalis;
3401 4094 3574 4149 neque

2012 4169 2108 4222 per
2131 4157 2202 4221 ise
2243 4153 2584 4208 tleilicaretur
2624 4152 2800 4222 quead
2848 4152 2960 4207 tleri
2993 4161 3189 4219 putest,
3236 4153 3280 4204 si
3333 4153 3573 4219 potentia

2014 4223 2140 4276 item
2179 4222 2500 4277 intellectiva
2543 4225 2714 4288 angeli
2748 4223 2997 4275 accidens
3024 4230 3184 4282 esset,
3213 4224 3349 4274 sicut
3383 4224 3434 4274 iii
3476 4237 3575 4274 Io-

325 4283 454 4352 esse
497 4297 787 4366 subjectain
834 4283 1012 4364 (Itoni.
1034 4283 1148 4366 viii',
1184 4295 1267 4361 8),
1302 4307 1401 4347 nec
1437 4283 1598 4346 enim"
1624 4309 1822 4363 po5se:
1857 4305 1912 4349 at
1946 4283 1988 4338 υ
2017 4294 2117 4355 bis,
2152 4303 2202 4344 et
2231 4306 2338 4346 non
2367 4292 2546 4361 potius
2563 4283 2641 4345 ad
2655 4293 3015 4366 substantiam
3040 4291 3215 4366 angeli
3246 4292 3570 4366 pertineret:

329 4374 386 4420 lii
439 4364 648 4433 augetis
687 4379 792 4416 non
843 4375 969 4415 sunt
1021 4364 1248 4416 virtutes
1309 4376 1563 4433 tanquam
1615 4366 1899 4431 qualitates

328 4432 642 4499 mutabiles,
672 4448 788 4500 qua:
816 4433 1066 4486 dicuntur
1097 4445 1150 4486 et
1178 4445 1303 4487 sunt
1330 4432 1653 4496 accidentla,
1686 4445 1742 4486 ut
1770 4436 1895 4502 qni-

324 4512 458 4560 deiii
505 4513 708 4566 essent,
742 4503 787 4555 si
818 4503 871 4554 in
912 4503 1117 4569 angelis
1149 4503 1370 4555 materia
1397 4510 1560 4567 esset,
1595 4510 1649 4555 et
1684 4516 1902 4571 compo-

323 4578 463 4629 sitio
516 4590 583 4626 ex
626 4571 850 4625 materia
882 4572 1025 4624 sicut
1054 4573 1105 4625 in
1154 4574 1330 4637 nobis,
1373 4571 1470 4626 sed
1517 4573 1694 4640 potius
1739 4573 1894 4640 quasi

321 4659 545 4698 natura:
612 4645 748 4695 tiuiit
783 4656 797 4693 :
855 4642 932 4693 sic
975 4641 1140 4710 enim,
1172 4641 1245 4694 ait
1279 4646 1516 4710 ssancttis
1566 4642 1892 4710 Diadoclius,

318 4726 620 4781 episcopus
648 4711 904 4781 l’hotices
935 4710 1014 4781 iii_
1040 4708 1222 4776 Epiro,
1255 4708 1432 4781 quem
1464 4718 1684 4765 sanctus
1729 4709 1896 4764 Maxi-

315 4779 372 4837 ιιι
398 4798 457 4835 iis
485 4795 654 4833 citare
680 4791 733 4833 et
760 4779 908 4847 sequi
939 4779 1094 4841 solet,
1130 4782 1183 4832 iii
1232 4780 1370 4834 libro
1416 4784 1592 4832 Aureo
1636 4795 1896 4847 quat-uin-

321 4860 461 4906 dam
514 4851 880 4915 Quaestionum
932 4849 1000 4901 de
1049 4849 1224 4900 anima
1273 4860 1517 4916 separata
1571 4857 1625 4900 et
1669 4852 1893 4916 angelis,

324 4936 499 4992 quam
532 4920 806 4992 inscripsit
827 4919 1221 4992 Apocalypsim.
1257 4918 1380 4992 Ἐπὶ
1397 4920 1511 4992 γὰρ.
1541 4919 1648 4968 τῶν
1671 4919 1894 4986 ἀσωμά-

326 4989 444 5045 ’ἑων
512 4989 727 5056 φύσεων
761 4989 898 5056 ὅπερ
919 4989 986 5038 ἂν
1037 4991 1300 5055 κτήσηται
1339 4989 1370 5056 ἡ
1430 4989 1699 5056 ἐνέργεια,
1735 5004 1892 5039 τουτο

323 5068 522 5128 ὡσπερ
553 5061 647 5128 τῆς
668 5056 882 5128 φύσεως
905 5058 992 5108 διὰ
1023 5056 1224 5126 πολλὴν
1277 5057 1349 5118 ὡς
1409 5058 1545 5125 ἔφην
1592 5060 1890 5126 λεπτότητα

323 5127 561 5200 γίνεται,
591 5127 642 5181 id
665 5138 766 5200 est;
797 5127 852 5178 lii
883 5129 1090 5200 naturis
1120 5130 1470 5195 incorporeis,
1525 5128 1889 5200 quodcunque

329 5195 585 5268 operatio
614 5195 865 5266 acquirit,
915 5199 1032 5268 hoc
1088 5205 1362 5268 tanqu-atii
1393 5204 1600 5249 natura:
1665 5195 1895 5248 eﬂiciiur

319 5267 546 5338 propter
603 5279 848 5328 uiuitani,
905 5277 964 5317 ut
1003 5267 1137 5329 dixi,
1184 5267 1746 5338 subtilitateinﬁrocat
1789 5268 1890 5330 τὴν

323 5331 541 5403 iit-Misit),
583 5342 764 5401 idest,
801 5338 1125 5388 \‘tiCatiouctn
1173 5350 1201 5386 a
1256 5340 1501 5389 litaterta.
1547 5331 1889 5402 Proposttiiiii

327 5413 514 5476 itaque
570 5408 668 5460 fuit
700 5407 759 5461 S.
795 5406 1028 5459 Maximo
1058 5406 1447 5476 interpretari,
1492 5403 1760 5472 quomodo
1815 5407 1893 5454 iii-

330 5473 679 5545 tcliigetidutti
733 5489 877 5530 esset
926 5475 1069 5543 quod
1124 5473 1414 5544 Dionysius
1463 5476 1617 5537 dixit,
1675 5487 1796 5526 esse
1837 5475 1888 5524 iii

327 5551 542 5612 angelis
586 5549 798 5600 habitus
829 5547 1138 5609 deiturmes,
1213 5561 1277 5597 ne
1310 5546 1428 5611 quis
1457 5553 1686 5607 erraret,
1713 5545 1757 5596 si
1793 5556 1888 5594 su-

326 5618 634 5683 Spicai'etur
672 5630 790 5669 esse
821 5619 1040 5669 virtutes
1074 5615 1385 5681 angelorum
1435 5623 1686 5681 tanquam
1721 5613 1894 5680 quali-

331 5695 471 5738 tates
510 5687 768 5752 quasdain
801 5688 1104 5749 mutabiles,
1142 5693 1284 5738 sicut
1316 5684 1372 5736 iii
1426 5684 1579 5736 nobis
1611 5696 1761 5736 more
1802 5697 1895 5733 ac-

327 5756 648 5816 cidentiuin;
685 5754 796 5807 haec
828 5759 969 5809 enim
989 5759 1111 5821 quia
1140 5762 1367 5822 possunt
1400 5755 1590 5807 adesse
1621 5764 1674 5806 et
1701 5755 1896 5806 abesse

2009 4376 2152 4416 nunc
2177 4373 2356 4415 autem
2394 4376 2513 4416 cuin
2557 4365 2791 4430 potentia
2820 4361 2995 4426 angeli
3024 4363 3089 4412 ad
3143 4362 3452 4424 vivendum,
3480 4367 3574 4416 aut

2013 4432 2416 4500 intelligendum
2467 4446 2568 4482 non
2600 4435 2670 4483 sit
2697 4433 2968 4492 accidens,
3014 4430 3153 4483 sicut
3193 4431 3244 4481 in
3289 4431 3443 4482 nobis
3490 4445 3574 4486 est

2011 4501 2263 4554 accndeiis
2323 4500 2630 4561 individui,
2677 4501 2820 4568 quod
2870 4500 3218 4566 consequitur
3265 4501 3572 4564 materiam,

2008 4584 2126 4638 qua:
2154 4581 2234 4622 est
2256 4570 2577 4637 principium
2612 4569 3069 4633 iiidividuatiouis,
3094 4569 3188 4622 sed
3215 4569 3391 4638 poti_tis
3425 4574 3572 4623 acci-

2009 4635 2142 4692 dens
2168 4635 2272 4705 per
2289 4655 2367 4702 se,
2400 4635 2456 4691 et
2484 4640 2755 4705 proprium
2793 4638 3012 4705 speciei,
3040 4643 3182 4704 quod
3220 4635 3280 4691 ὃ.
3310 4635 3571 4704 Thomas,

2008 4723 2023 4760 i
2049 4723 2102 4776 p.
2135 4724 2188 4774 q.
2217 4707 2249 4760 5
2271 4710 2324 4768 4,
2353 4720 2459 4771 art,
2484 4709 2536 4770 ὅ,
2571 4710 2621 4759 in
2648 4723 2790 4776 resp.
2818 4708 2885 4760 ad
2908 4708 2961 4768 2,
2991 4710 3056 4758 ad
3087 4710 3315 4759 turmam
3339 4719 3572 4774 pertine-

2009 4791 2067 4830 re
2091 4778 2244 4840 dicit,
2271 4783 2334 4832 de
2360 4778 2595 4846 potentia
2622 4778 2794 4845 angeli
2821 4777 3072 4844 loquens,
3098 4791 3207 4830 non
3238 4779 3484 4844 sequitur
3515 4787 3572 4832 iit

2007 4860 2102 4912 per
2130 4853 2377 4901 accidens
2407 4849 2568 4906 vivat,
2593 4855 2685 4897 aut
2710 4862 2804 4914 per
2829 4846 3085 4901 accidens
3109 4847 3444 4900 beatiticetur
3475 4862 3571 4900 an-
3609 4856 3611 4858 ‘

2011 4918 2162 4984 gelus
2184 4934 2197 4969 :
2220 4918 2340 4992 quia
2369 4915 2581 4984 cperari
2610 4930 2705 4992 per
2732 4919 3024 4992 potentiam
3045 4917 3338 4992 propriam,
3363 4931 3480 4984 qua:
3501 4925 3570 4971 ad

2008 4987 2243 5039 tormaiii'
2287 5003 2452 5054 ipsam
2499 4996 2549 5038 ct
2603 4987 2676 5038 rei
2725 4990 3080 5038 substantiam
3133 4987 3385 5052 pertinet,
3427 4999 3568 5040 unde

1998 5055 2284 5124 οὺσιώδης,
2311 5059 2361 5110 id
2389 5067 2493 5120 est,
2522 5057 2894 5108 subsmntialis
2922 5071 2948 5106 a
3000 5055 3354 5124 philoisophia
3384 5071 3566 5109 vocari

2005 5130 2161 5187 solet,
2191 5142 2292 5177 non
2324 5136 2408 5180 est
2437 5125 2645 5193 Operari
2670 5139 2766 5191 per
2788 5125 3058 5178 accidens:
3094 5127 3218 5193 quia
3249 5136 3305 5176 ut
3340 5126 3478 5178 idem
3503 5127 3564 5178 ὃ.

2006 5194 2274 5247 Maximus
2320 5212 2438 5261 cap.
2476 5191 2532 5254 5.
2580 5191 2664 5250 De
2694 5194 2879 5247 divitiis
2911 5191 3163 5247 nominib.
3216 5198 3456 5258 notavit,
3511 5208 3568 5246 ut

2004 5264 2316 5317 aiiteatlixi:
2370 5265 2705 5336 Philosophi,
2735 5266 2930 5331 inquit,
2982 5273 3335 5334 proiirietates
3385 5266 3566 5336 cujus-

2004 5350 2110 5402 que
2144 5339 2457 5387 SUbSlaltlliB
2491 5333 2603 5391 Sive
2635 5338 2886 5399 viventis,
2917 5333 3030 5388 sive
3073 5337 3177 5386 vita
3210 5333 3467 5396 carentis,
3496 5338 3564 5386 ad

2005 5403 2478 5471 piiedicaiiientum
2519 5407 2828 5459 substantia:
2879 5411 3215 5465 ievocartint,
3257 5412 3310 5454 et
3348 5403 3448 5454 huc
3477 5417 3567 5454 vo-

2003 5476 2195 5525 cabulo
2237 5472 2552 5528 substantiae
2595 5490 2687 5529 eas
2713 5477 3192 5541 cmupreheiidunt,
3226 5472 3564 5538 alioqtiLiion

2002 5543 2242 5594 confusis
2269 5551 2567 5598 rationibus
2611 5547 2839 5614 propriis
2865 5545 3288 5598 substantiat'uiti
3333 5554 3386 5593 et
3436 5557 3564 5608 pro-

2046 5624 2318 5665 ιΊειιιιιιιιι.

2005 5627 2374 5750 Ριὶῖῗπιῗῖει
2426 5683 2648 5752 energia:
2678 5681 2786 5734 illic
2821 5681 3006 5733 saltem
3027 5694 3117 5746 per
3142 5695 3196 5731 se
3227 5676 3560 5732 subsistentes

2005 5763 2148 5805 sum.
2186 5752 2324 5815 Quia
2357 5762 2546 5806 natura
2573 5754 2811 5818 angelica
2851 5765 2945 5816 per
2975 5765 3034 5804 se
3063 5759 3329 5813 subsistit,
3360 5760 3559 5804 idcticu
