4064 6266
352 319 480 388 969'

1213 319 1452 382 DECAS
1494 320 1568 384 x.
1613 342 1679 356 —
1745 319 1842 378 DE
1882 318 2154 380 DiVlNA
2199 288 2758 384 SIMPLICITATE.

3505 327 3613 391 970

347 441 505 494 diens
543 439 596 492 in
627 435 792 501 bono,
834 442 889 492 et
909 450 970 490 ex
1002 434 1146 492 bono
1175 437 1228 491 in
1255 444 1537 492 creaturas
1584 447 1834 499 manans,
1868 443 1922 488 et
1948 435 1996 494 A
2027 447 2108 491 est
2137 437 2352 506 prodire
2377 451 2440 492 ex
2473 453 2534 494 se
2561 455 2675 508 Ipsa
2704 439 2819 494 sine
2852 438 3132 506 distantia,
3155 447 3211 495 et
3259 442 3375 497 sine
3424 459 3609 513 causa,

330 521 540 586 'rnrsus
565 531 620 584 in
651 530 850 583 bonum
893 543 1162 594 remeans,
1197 528 1249 583 in
1284 544 1394 598 quo
1419 539 1473 584 et
1499 530 1607 586 line
1638 541 1692 584 et
1718 527 1924 599 princi-

348 625 436 694 pio
465 637 654 678 carere
683 621 903 676 divinus
938 635 1091 674 amor
1124 620 1342 691 egregie
1379 621 1740 688 demonstrat,
1783 621 1924 677 sicut

346 714 569 783 quidam
596 721 888 780 perpetuus
914 719 968 766 et
993 710 1363 780 sempiternus
1393 711 1544 768 orbis
1563 721 1784 782 propter
1823 713 1922 766 bo-

347 821 476 860 num
506 801 867 858 conversione
899 802 1176 857 inerrautc
1210 816 1272 858 se
1307 802 1768 871 circumvolvens,
1788 811 1842 858 et
1872 803 1924 857 in

346 897 537 953 eodem
563 895 862 952 secundum
883 893 1023 950 idem
1053 903 1105 948 et
1136 896 1436 965 procedens
1469 909 1701 965 semper,
1731 906 1786 950 et
1807 909 1926 952 ma-

349 1002 506 1055 nens,
537 995 912 1044 etrerertens.
957 985 1192 1042 Sanetus
1215 985 1487 1043 Maximus
1537 989 1595 1043 in
1619 986 1846 1043 scholiis
1874 988 1925 1040 in

351 1079 668 1150 Dionysium
705 1079 828 1143 c.l,
867 1077 940 1133 De
969 1077 1158 1132 divinis
1191 1079 1443 1134 itontinib.
1469 1095 1482 1132 :
1508 1078 1564 1134 ln
1612 1079 1927 1134 universum

351 1174 514 1245 igitur
541 1187 650 1227 non
699 1182 784 1227 est
812 1173 1124 1226 audendum
1163 1171 1312 1241 loqui
1360 1185 1534 1240 neque
1590 1171 1832 1241 cogitare
1864 1169 1929 1224 de

349 1265 635 1319 divinitate
679 1277 845 1334 supra
876 1263 1264 1329 substantiam,
1303 1275 1356 1321 et
1413 1265 1617 1319 abdita.
1664 1263 1930 1318 Divi-nitas

352 1359 497 1414 enim
527 1357 696 1413 solius
726 1355 820 1411 Dei
860 1356 1118 1412 omnibus
1148 1356 1364 1412 occulta
1412 1356 1586 1410 virtus
1623 1365 1708 1411 est
1762 1355 1930 1425 Θεαρ-

355 1450 486 1522 χικὴ
539 1463 729 1504 eorum
769 1449 864 1518 qui
929 1449 1006 1504 dii
1049 1447 1336 1514 dicuntur,
1401 1457 1514 1502 tum
1554 1447 1760 1518 angeli,
1815 1458 1926 1501 tum

353 1540 626 1606 homines,
711 1543 981 1606 quatenus
1051 1535 1301 1592 eli‘ectrix
1394 1543 1478 1590 est
1585 1547 1771 1589 eorum
1839 1534 1927 1601 qui

351 1629 771 1701 participatione
853 1627 1161 1692 eiiiciuntur
1231 1627 1360 1692 dii;
1429 1627 1568 1696 ipsa,
1628 1641 1748 1694 qua:
1803 1642 1932 1681 vere

349 1739 416 1780 ex
446 1737 506 1778 se
531 1731 588 1777 et
613 1723 733 1778 sine
761 1735 930 1777 causa
960 1730 1045 1776 est
1069 1735 1166 1791 per
1189 1735 1253 1776 se
1281 1717 1566 1774 divinitas.
1633 1717 1927 1789 Gregorius

2032 539 2084 585 et
2114 531 2232 588 sine
2253 531 2564 598 divisione;
2601 541 2659 586 ut
2677 534 2722 587 si
2745 539 2888 587 esset
2915 533 3088 588 virtus
3123 529 3366 602 quaedam
3398 536 3616 591 absolu-

2037 634 2107 690 ta,
2131 631 2185 679 et
2201 634 2377 681 motus
2406 625 2654 694 simplex:
2681 640 2777 696 per
2791 625 2867 680 sei
2887 639 3036 694 psam
3060 625 3287 690 mobilis,
3304 625 3399 696 per
3414 643 3473 684 se
3491 646 3570 698 ep.
3589 655 3616 673 ε

2036 732 2182 783 rans,
2216 734 2282 774 ex
2305 733 2362 774 se
2386 720 2520 789 ipsa,
2547 735 2643 789 per
2665 733 2722 774 se
2755 718 2944 790 ipsam,
2966 719 3030 773 ad
3055 734 3113 774 se
3141 721 3311 789 ipsam
3334 732 3614 780 revertens

2035 821 2089 865 et
2109 810 2175 866 ad
2206 812 2377 881 ipsam
2403 825 2616 881 semper
2655 813 2846 865 eodem
2882 812 3040 866 modo
3089 826 3148 867 se
3177 812 3458 868 revolvens
3485 855 3500 878 ,
3558 826 3613 870 et

2038 906 2397 960 conversione
2437 905 2714 958 inerrante
2775 904 3124 960 circumiens.
3193 900 3366 960 Simul
3430 917 3635 964 tamen.

2038 1000 2472 1053 demonstratum
2508 1009 2717 1052 estnon
2740 1007 2991 1070 oportere
3045 999 3358 1070 ubicunque
3408 1001 3611 1071 aliquid

2037 1105 2102 1144 ex
2133 1091 2316 1157 aliquo
2349 1090 2568 1151 dicitur,
2589 1103 2837 1159 quaerere
2884 1087 3244 1144 diil‘erentiam
3301 1105 3501 1153 causae,
3561 1103 3617 1146 et

2038 1192 2104 1230 ex
2135 1192 2294 1231 causa
2321 1178 2750 1246 proliciscentis;
2779 1177 3239 1243 demonstratum,
3267 1179 3506 1248 inquam,
3534 1189 3618 1233 est

2039 1283 2144 1322 non
2172 1268 2344 1323 solum
2381 1283 2446 1322 ex
2485 1269 2550 1323 iis
2575 1283 2693 1338 quae
2717 1268 2869 1338 prius
2901 1269 3158 1336 diximus,
3186 1271 3278 1325 sed
3312 1271 3476 1325 etiam
3543 1287 3610 1325 ex

2039 1363 2107 1416 iis
2135 1375 2253 1429 qum
2284 1363 2443 1416 modo
2478 1361 2722 1429 subjecta
2765 1368 2914 1426 sunt,
2940 1360 3137 1430 quibus
3162 1363 3616 1418 ostenditurcon-

2039 1452 2300 1508 mendum
2333 1465 2454 1508 esse
2488 1461 2601 1507 tres
2660 1466 2924 1522 personas
2985 1467 3048 1508 cx
3145 1468 3250 1506 una
3327 1453 3616 1508 divinitate

2037 1546 2278 1614 prodire.
2317 1545 2374 1598 Si
2399 1559 2529 1615 ergo
2559 1545 2665 1600 dici
2699 1559 2764 1600 ex
2787 1545 2990 1615 aliquo,
3023 1546 3226 1614 ubique
3249 1545 3612 1600 diﬂ‘erentiam

2038 1651 2236 1701 causae,
2262 1644 2318 1691 et
2371 1651 2592 1692 causam
2631 1636 2916 1701 habentis,
2981 1636 3372 1703 introduceret,
3422 1653 3616 1694 neces-

2038 1729 2184 1784 sario
2215 1738 2324 1783 tota
2351 1727 2592 1783 Trinitas
2617 1742 2838 1802 causam
2872 1728 3097 1782 haberet
3129 1746 3141 1793 ;
3170 1744 3234 1784 ex
3281 1745 3388 1800 quo
3437 1730 3614 1795 ﬁeret,

351 1815 663 1886 Theologus
689 1832 705 1870 :
736 1813 803 1870 Et
829 1813 896 1868 ad
918 1827 1113 1878 unum,
1143 1825 1337 1868 eorum
1369 1811 1462 1881 qui
1489 1828 1558 1868 ex
1598 1812 1738 1882 ipso,
1797 1826 1928 1866 con-

2041 1831 2095 1875 ut
2123 1821 2357 1876 Paterin
2394 1821 2661 1876 Trinitate
2686 1835 2750 1875 ex
2783 1835 2945 1876 causa
3005 1820 3285 1891 proiectus
3325 1834 3468 1878 esset
3496 1842 3509 1888 ;
3563 1837 3611 1877 at

346 1924 564 1965 sensus.
594 1907 766 1974 Quem
799 1907 981 1962 locum
1015 1919 1138 1961 cum
1194 1905 1450 1961 edisserit
1490 1915 1712 1960 sanctus
1761 1901 1930 1958 Maxi-

349 2018 474 2058 mus
503 2021 517 2057 :
549 2000 662 2056 Nisi
691 1998 874 2065 fallor,
898 1997 1100 2067 inquit,
1139 2012 1302 2053 unam
1364 1997 1497 2053 dicit
1549 1996 1927 2061 divinitatem;

346 2109 412 2146 cx
449 2093 568 2161 ipso
592 2097 772 2145 autem
795 2103 900 2144 uno
925 2099 1036 2144 tres
1077 2101 1364 2158 personas.
1425 2085 1652 2142 Divinus
1738 2086 1932 2141 Dama-

350 2196 600 2239 scentis:
654 2180 1002 2237 Divinitatem
1030 2181 1086 2236 in
1141 2180 1316 2237 tribus
1371 2179 1768 2252 splendentem,
1825 2195 1933 2234 uno

347 2274 645 2345 splendore
666 2287 732 2328 ex
774 2287 881 2326 una
909 2271 1205 2327 Divinitate
1246 2271 1408 2326 trium
1447 2285 1803 2340 personarum
1832 2271 1933 2326 ful-

347 2378 544 2438 gente.
566 2363 786 2419 Patrem
809 2364 929 2418 sine
951 2364 1240 2434 principio,
1265 2363 1509 2434 ejusdem
1543 2375 1754 2419 naturae
1799 2361 1932 2418 Ver-

350 2461 475 2515 bum
506 2457 707 2522 Patris,
740 2465 795 2512 et
825 2466 1254 2526 conregnantem
1313 2456 1558 2526 ejusdem
1611 2457 1932 2512 substantiae

351 2551 636 2622 Spiritum.
666 2549 906 2606 Sanctus
925 2546 1334 2619 Theophanes:
1363 2546 1542 2603 Unum
1570 2549 1728 2606 trium
1759 2548 1932 2616 iulgo-

349 2658 466 2701 rem
490 2628 871 2698 subsistentem
887 2655 950 2696 ex
966 2654 1068 2694 una
1093 2641 1446 2708 prodeuntem
1466 2639 1766 2704 divinitate,
1789 2639 1928 2695 idem

289 2733 300 2738 ’
350 2737 529 2794 tribus
565 2736 865 2809 fulgoribus
897 2734 1189 2803 splendens
1217 2748 1283 2789 ex
1313 2749 1419 2789 uua
1463 2733 1747 2790 divinitate
1800 2750 1928 2802 prn-

348 2831 659 2887 deuntibus.
684 2828 750 2884 Et
781 2829 1022 2885 iterum:
1061 2825 1346 2897 Tanquam
1387 2826 1537 2882 enim
1579 2842 1643 2882 ex
1664 2841 1772 2882 uno
1815 2827 1931 2884 sole

352 2923 593 2979 Trinitas
629 2922 940 2992 splendens.
1009 2920 1067 2976 In
1099 2921 1240 2980 actis
1287 2927 1462 2976 sexta:
1515 2921 1706 2991 synodi
1774 2934 1928 2975 oecu-

352 3019 601 3082 mctticm,
634 3015 932 3085 Utriusque
961 3024 1192 3082 naturae,
1254 3013 1450 3084 inquit,
1486 3006 1776 3084 utramque
1802 3029 1927 3084 ope.

2037 1914 2141 1969 hoc
2169 1914 2466 1969 absurdum
2506 1922 2609 1968 est.
2654 1912 2770 1968 Non
2828 1913 2992 1983 igitur
3033 1913 3143 1983 jam
3196 1913 3513 1985 ubicunque
3547 1931 3612 1970 ex

2036 2003 2241 2074 aliquo,
2268 2002 2324 2056 in
2359 2003 2556 2058 divinis
2583 2003 2804 2069 dicitur,
2843 2004 2919 2059 ibi
2963 2003 3272 2061 diﬂ‘ereutia
3337 2019 3535 2072 causae,
3565 2016 3618 2060 et

2036 2111 2100 2149 ex
2165 2109 2330 2150 causa
2394 2083 2802 2163 proﬁciscentis
2864 2097 3204 2165 Ostenditur;
3248 2113 3312 2154 ac
3350 2107 3611 2168 praeterea

2037 2189 2255 2256 prodire
2278 2187 2332 2242 in
2383 2188 2581 2243 divinis
2627 2189 2746 2242 sine
2798 2189 3069 2244 divisione
3123 2192 3462 2245 tantumdem
3510 2201 3616 2256 cst,

2032 2289 2297 2351 quantum
2347 2281 2467 2334 sine
2517 2281 2800 2346 distantia,
2844 2283 2962 2336 sive
3018 2281 3346 2349 differentia,
3396 2295 3450 2338 et
3503 2283 3621 2338 sine

2035 2387 2200 2427 causa
2223 2386 2366 2437 esse,
2400 2371 2667 2440 siquidem
2692 2371 2869 2440 quoad
2895 2369 3247 2438 Trinitatem,
3293 2388 3414 2440 quae
3450 2389 3614 2444 supra

2035 2463 2394 2524 substantiam
2445 2473 2547 2529 est,
2602 2472 2872 2531 quatenus
2939 2461 3182 2520 Trinitas
3231 2465 3452 2533 colitur,
3510 2483 3616 2520 mm

2039 2556 2196 2610 habet
2223 2557 2354 2610 inca
2376 2541 2554 2610 locum
2608 2555 2669 2607 τὸ
2723 2555 3054 2624 ἀδιαίρετον,
3081 2556 3144 2610 id
3173 2568 3280 2624 eet,
3332 2558 3462 2612 illud
3504 2558 3620 2613 sine

2034 2647 2320 2711 divisione,
2359 2648 2488 2715 quin
2552 2647 2734 2714 potius
2781 2646 3042 2700 dividitur
3080 2648 3281 2703 divinis
3301 2656 3355 2704 et
3411 2650 3620 2704 deilieis

2035 2739 2325 2810 personis:
2360 2739 2594 2807 eritque,
2623 2746 2899 2804 quatenus
2936 2735 3182 2792 Trinitas
3207 2751 3312 2806 est,
3343 2755 3471 2796 vere
3507 2743 3619 2798 dis-

2033 2844 2178 2889 creta
2214 2830 2474 2894 Trinitas,
2533 2829 2707 2884 sicubi
2762 2842 2888 2884 vero
2951 2829 3165 2885 dicatur
3213 2831 3456 2888 Trinitas
3505 2848 3617 2888 non

2034 2915 2236 2991 divisa,
2290 2939 2394 2977 non
2432 2933 2700 2993 quatenus
2724 2921 2965 2978 Trinitas
2991 2923 3212 2989 dicitur,
3233 2925 3327 2980 sed
3352 2935 3618 2995 quatenus

2037 3020 2150 3089 ipsa
2179 3015 2420 3071 Trinitas
2445 3017 2628 3071 unitas
2653 3027 2742 3070 est
2767 3032 2782 3080 ;
2815 3015 2983 3086 igitur
3007 3027 3114 3070 non
3143 3030 3266 3073 esse
3295 3019 3618 3075 divisionem

348 3111 619 3166 talionem
641 3109 868 3174 Scimus.
901 3106 1204 3162 naturalem
1239 3107 1383 3172 dico:
1403 3115 1456 3163 θι
1478 3106 1920 3167 ευὺειὸιιιίειειης
1955 3140 1995 3194 c
2036 3115 2087 3167 in
2104 3111 2287 3165 divina
2317 3110 2547 3169 unitate,
2566 3119 2648 3162 est
2673 3123 2777 3162 nun
2797 3120 2916 3162 esse
2937 3105 3301 3164 diﬂ‘erentiam
3326 3111 3378 3164 in
3403 3124 3490 3176 ea,
3516 3125 3617 3167 nec

345 3216 401 3260 et
437 3217 732 3272 congruam
769 3201 892 3256 sine
917 3200 1184 3256 divisione
1207 3199 1284 3273 (1)
1306 3216 1372 3255 ex
1403 3209 1633 3271 utraque
1667 3200 1924 3256 substan-

348 3299 495 3350 tiaet
524 3303 717 3348 natura
772 3292 1130 3362 prodeuntem
1185 3292 1484 3347 secundum
1552 3292 1926 3361 operationem

349 3385 754 3458 ethualitatem
781 3384 1106 3440 naturaliter
1139 3383 1355 3447 insitam
1396 3383 1471 3454 (a)
1505 3401 1520 3450 ;
1553 3393 1611 3438 et
1642 3383 1803 3438 simul
1832 3398 1930 3438 ne-

348 3497 457 3551 que
485 3479 816 3548 partihilcm,
857 3492 1032 3548 neque
1079 3477 1365 3534 confusam
1430 3477 1743 3552 alterutrius
1800 3479 1930 3532 suh—

353 3571 571 3627 stantia
605 3569 985 3639 Operationem
1023 3569 1320 3639 conjuncte
1349 3568 1429 3639 ('2)
1467 3571 1770 3635 inductam,
1833 3570 1937 3624 hoc
1967 3642 1969 3645 ι

354 3664 486 3735 facit
520 3659 886 3716 dill'erentiam
910 3661 1290 3728 operationem
1335 3658 1664 3726 in.Christo,
1731 3660 1939 3715 sicutct

355 3753 719 3808 dili'erentiam
760 3751 1202 3808 naturarum.Ex
1235 3753 1434 3820 quibus
1479 3750 1710 3806 cilicitnr
1771 3754 1941 3806 maui-

358 3848 578 3912 iestnm,
628 3849 683 3900 in
743 3845 971 3910 unitate,
1031 3861 1151 3913 quae
1197 3859 1359 3914 supra
1419 3847 1782 3900 substantiam
1838 3853 1940 3912 est,

355 3957 460 3996 non
514 3949 767 4009 oportere
825 3938 1171 3993 considerare
1233 3939 1377 4006 quod
1439 3954 1505 3994 ex
1563 3954 1622 3994 se
1685 3939 1798 4006 ipsa
1852 3955 1945 3993 ca-

355 4037 548 4092 sistere
594 4036 836 4098 dicitur,
892 4033 977 4088 vel
1036 4048 1099 4087 ex
1153 4047 1213 4089 se
1263 4033 1380 4101 ipsa
1443 4035 1622 4102 prodit
1666 4041 1943 4104 operatio;

357 4129 439 4181 vel
495 4142 560 4183 ex
629 4141 689 4180 se
743 4128 878 4194 ipsa,
936 4141 1031 4195 per
1077 4139 1135 4180 se
1184 4125 1380 4195 ipsam,
1417 4127 1467 4181 in
1511 4142 1570 4181 se
1619 4127 1792 4197 ipsam
1860 4144 1945 4180 re-

358 4221 595 4275 volvitur
630 4259 644 4282 ,
685 4227 738 4274 et
797 4218 1001 4272 idcirco
1063 4217 1422 4273 dili'crentiam
1486 4234 1664 4275 causa:
1707 4232 1760 4276 et
1810 4239 1943 4276 can-

357 4329 472 4368 sam
553 4305 801 4366 ltabcntis
865 4311 1078 4382 sequi:
1133 4311 1266 4381 quin
1345 4312 1523 4381 potius
1591 4316 1941 4369 manifestum

2029 3217 2150 3260 esse
2178 3217 2395 3258 causam
2419 3201 2556 3269 ejus.

2632 3312 2864 3368 CAPUT
2902 3310 2990 3369 ιν.

2041 3454 2193 3519 Quod
2216 3454 2268 3505 in
2297 3453 2498 3504 unitate
2535 3449 2813 3504 Trinitatis
2850 3467 2949 3502 nou
2976 3459 3176 3509 Oportet
3207 3467 3439 3518 quo'rere
3463 3453 3615 3508 aliud

2107 3525 2480 3585 substantiam,
2520 3532 2564 3573 et
2597 3522 2742 3573 aliud
2772 3520 3039 3582 enerqiom
3063 3523 3168 3572 sive
3218 3523 3568 3588 operationem
3597 3539 3618 3580 :

2110 3609 2270 3659 neque
2297 3592 2400 3658 tegi
2441 3591 2777 3658 Itonionymia
2814 3588 2952 3642 verbi
2983 3592 3249 3656 enen-gite,
3284 3607 3376 3643 nec
3435 3594 3621 3646 existi-

2113 3677 2384 3743 utareuon
2448 3662 2583 3714 idem
2635 3661 2819 3713 essein
2851 3676 2912 3712 ea
2977 3660 3326 3713 substantiam
3374 3670 3422 3713 et
3473 3679 3619 3716 ener-

2111 3747 2252 3801 ytam
2270 3770 2284 3786 .

2117 3852 2350 3908 Sanctus
2427 3849 2720 3919 Gregorius
2775 3849 3076 3919 Nyssenus,
3142 3848 3278 3904 libro
3310 3864 3362 3902 ιχ
3399 3847 3618 3904 Contra

2048 3945 2400 3998 Eunomium:
2433 3941 2567 4006 Quis
2601 3948 2700 4004 est,
2733 3941 2926 4008 inquit,
2952 3941 3034 3994 dic
3067 3940 3220 4004 mihi,
3258 3940 3436 3994 Deus?
3496 3944 3618 4009 qui-

2044 4038 2142 4092 bus
2176 4036 2508 4097 dominatur,
2537 4017 2630 4101 qui
2697 4042 2781 4086 est
2835 4031 2978 4085 aliud
3010 4032 3136 4100 quid
3190 4043 3384 4100 praster
3435 4045 3623 4103 poten-

2042 4131 2169 4184 tiam
2198 4128 2222 4179 ?
2256 4126 2313 4181 Si
2339 4125 2690 4187 dominatnr,.
2722 4133 2778 4178 et
2833 4123 2973 4175 aliud
2991 4131 3083 4177 'est
3134 4125 3395 4191 potentia,
3457 4125 3622 4192 igitur

2041 4224 2280 4276 vincitur
2305 4219 2544 4287 potentia
2584 4231 2612 4269 a
2641 4232 2746 4269 non
2817 4217 3056 4284 potentia
3091 4235 3104 4280 ;
3137 4217 3280 4284 quod
3333 4217 3477 4271 enim
3537 4231 3620 4270 est.

2042 4317 2188 4372 aliud
2221 4329 2379 4384 quam
2403 4310 2642 4382 potentia
2678 4309 2778 4378 (3),
2804 4309 3052 4378 potentia
3073 4324 3303 4378 p'orsus
3351 4325 3460 4364 non
3485 4319 3566 4364 est
3604 4329 3616 4363 :

1867 4430 2135 4492 Scholia.

434 4531 666 4604 (l)Sine
690 4530 976 4604 divisione.
1041 4528 1592 4604 scilicetpersonm;
1641 4543 1745 4583 non
1801 4531 1946 4604 cnim

364 4598 986 4676 propterudiilercntianr
1014 4598 1448 4676 substantiarum
1476 4599 1781 4676 divinaret
1839 4601 1941 4652 Ιιιι-

362 4670 534 4730 inatin:
566 4673 775 4726 divisus
804 4680 885 4724 est
931 4671 1200 4738 Christus,
1231 4670 1360 4737 quin
1418 4671 1593 4738 potius
1659 4671 1797 4722 idem
1860 4680 1942 4722 est

362 4744 638 4816 perfectus
692 4741 942 4816 De_us,et
995 4737 1268 4816 perfectus
1321 4737 1517 4802 homo;
1570 4754 1756 4793 rursus
1823 4741 1940 4816 sine

364 4809 651 4877 divisione,
680 4811 807 4882 quia
838 4809 1080 4879 Operatio
1122 4809 1550 4882 divinasgnatura:
1571 4818 1652 4882 est
1691 4811 1935 4877 operatio

365 4887 528 4939 trium
560 4878 936 4952 personarum,
972 4894 1200 4952 quarum
1224 4878 1426 4952 unitas
1450 4880 1718 4944 essentim,
1749 4888 1807 4932 ut
1850 4889 1938 4952 est

366 4957 421 5010 in
458 4949 666 5023 synodo
699 4962 876 5016 sexta,
931 4950 1144 5023 actione
1215 4949 1303 5014 11,
1336 4964 1440 5023 non
1489 4958 1692 5023 potest_
1726 4949 1939 5023 partiri,

366 5041 467 5080 nec
490 5019 640 5077 alteri
671 5025 862 5077 unitati
896 5020 1156 5090 copulari,
1188 5024 1282 5074 sed
1314 5019 1489 5089 p0tius
1520 5020 1810 5090 singularis
1835 5030 1937 5083 est,

365 5107 519 5150 extra
550 5109 763 5148 onmem
795 5105 1100 5144 numerum.
1901 5107 1904 5110 '

438 5166 513 5235 t2)
537 5163 918 5235 Operationem
935 5160 1248 5235 alterutrius
1286 5161 1615 5235 substantia:
1644 5160 1940 5228 conjuncta:

366 5230 634 5292 inductam
671 5233 822 5294 dicit,
859 5230 982 5298 quia
1013 5233 1092 5285 sic
1116 5231 1442 5300 operabatur
1467 5244 1698 5301 utraque
1743 5243 1938 5284 natura

363 5311 508 5378 quod
541 5306 994 5378 propriuurerat,
1062 5311 1118 5356 ut
1176 5301 1346 5378 altera
1399 5301 1561 5378 simul
1622 5311 1941 5378 operaretur

363 5371 750 5434 conVeiiienter
776 5373 902 5433 sibi,
936 5383 990 5425 et
1021 5381 1076 5423 nt
1103 5388 1162 5426 se
1202 5371 1454 5437 decebat;
1485 5372 1599 5425 sive
1632 5373 1774 5424 enim
1812 5385 1936 5440 ope-

367 5451 610 5504 rationes
645 5455 828 5498 essent
868 5442 978 5496 Deo
1027 5442 1434 5504 convenientes,
1486 5452 1543 5495 ut
1593 5442 1933 5505 miraculum,

367 5533 497 5573 caro
517 5517 845 5584 operabatur
869 5550 882 5575 ,
920 5522 979 5565 ut
1034 5527 1153 5584 cum
1213 5519 1478 5584 potestate
1509 5512 1689 5564 divina
1728 5511 1934 5584 rt'emit-

373 5590 516 5644 lebat
553 5579 792 5655 peccata,
825 5595 876 5638 et
901 5597 995 5637 ore
1016 5579 1252 5647 dicebat,
1303 5581 1655 5638 licinitluutur
1696 5579 1791 5636 tibi
1816 5596 1934 5649 pec-

2061 4541 2180 4584 cata
2218 4537 2330 4592 tua,
2365 4537 2418 4580 et
2453 4533 2722 4595 potestate
2748 4523 2928 4576 divina
2968 4523 3294 4579 restituebat.
3342 4523 3539 4580 visum,
3570 4538 3622 4574 ρι

2058 4617 2220 4654 manu
2249 4612 2301 4650 et
2331 4612 2490 4665 sputo
2523 4596 2718 4647 linihat
2753 4596 2940 4646 oculos
2965 4610 2978 4657 ;
3008 4597 3120 4646 sive
3142 4595 3482 4665 opet'ationes
3519 4595 3619 4645 Ιιιι-

2056 4685 2226 4724 manu!
2267 4663 2471 4721 natura:
2504 4666 2878 4726 convenirent,
2915 4675 2970 4716 ut
3031 4665 3201 4724 sitire,
3264 4663 3488 4722 esurire,
3543 4665 3620 4716 la-

2049 4741 2228 4810 tigari,
2261 4738 2492 4791 Verbum
2523 4735 2851 4810 Operabatur
2892 4733 3271 4810 permittendo,
3300 4743 3361 4810 et
3390 4733 3620 4810 valendo

2048 4803 2161 4864 si've
2184 4810 2525 4877 Operationes
2559 4814 2745 4877 essent
2776 4803 3056 4877 ιιιίει;ιξ,λί‹1
3088 4811 3190 4865 est,
3227 4803 3422 4877 partim
3487 4805 3621 4856 divi-

2051 4898 2151 4942 nae,
2189 4873 2382 4948 partim
2421 4877 2690 4948 humanae,
2713 4873 2812 4925 hoc
2859 4884 2945 4926 est
2976 4873 3084 4926 Deo
3113 4875 3518 4948 convenientes,
3549 4888 3622 4948 rt

2053 4942 2260 5004 homini
2290 4965 2304 5013 ;
2347 4959 2402 5001 ut
2436 4945 2711 4998 ambulare
2743 4958 2908 5010 super
2941 4959 3088 4996 mare
3115 4958 3129 5005 ;
3166 4942 3442 4994 ambulare
3472 4945 3617 4996 enim

2059 5019 2264 5074 homini
2287 5015 2665 5076 conveniebat,
2727 5027 2832 5064 non
2889 5013 3116 5078 deprimi
3152 5013 3479 5066 ambulando
3531 5030 3622 5066 su-

2053 5106 2148 5157 per
2189 5102 2357 5149 tuare,
2407 5086 2570 5138 Deum
2616 5084 2873 5157 decebat,
2904 5098 3027 5157 qua:
3055 5082 3406 5157 operationcs
3435 5085 3619 5157 item.

2049 5152 2232 5232 δρικαί
2259 5175 2285 5210 a
2311 5157 2563 5226 Dionysio
2597 5152 2871 5217 dicmuur,
2903 5155 2953 5207 id
3007 5167 3111 5218 est,
3145 5153 3303 5208 simul
3337 5153 3534 5206 duritia:
3565 5163 3620 5204 t-t

2049 5233 2322 5285 humanm.

2121 5302 2198 5372 (ὅ)
2240 5301 2379 5352 Deus
2410 5309 2492 5352 est
2520 5310 2675 5372 suum
2710 5310 2894 5372 posse,
2921 5303 2975 5372 et
3011 5311 3168 5348 suum
3203 5308 3343 5372 esse,
3379 5304 3433 5372 et
3463 5309 3618 5346 suum

2047 5363 2280 5437 operari,
2308 5378 2362 5422 et
2401 5384 2504 5423 non
2540 5378 2618 5420 est
2652 5367 2701 5418 in
2726 5381 2790 5419 et)
2821 5368 2966 5420 aliud
3025 5381 3206 5437 posse,
3266 5363 3410 5437 aliud
3477 5379 3619 5424 esse,

2045 5435 2194 5495 aliud
2231 5439 2465 5510 operari,
2491 5440 2595 5510 sed
2613 5437 2789 5505 potius
2816 5452 2956 5490 unus
2976 5435 3420 5510 simplicissimus
3442 5442 3618 5510 actin,

2042 5521 2095 5563 ct
2131 5526 2236 5564 una
2267 5501 2690 5579 'simplicissima
2723 5507 3028 5564 substantia
3055 5520 3118 5560 ac
3179 5503 3443 5573 potentia,
3502 5501 3620 5557 sive

2039 5593 2233 5636 νιτιιιε.

442 5751 519 5819 (a)
560 5748 880 5813 Qualitatem
939 5747 1239 5803 naturalem
1290 5754 1445 5798 vocat
1481 5748 1862 5816 proprietatem
1899 5741 2179 5813 utriusque
2207 5756 2428 5800 natura).

689 5846 961 5904 ΡΑτιιοι..
1007 5846 1052 5903 ti
1067 5863 1125 5903 tt.
1172 5839 1352 5902 CLII.

3116 5830 3191 5890 31
