4064 6266
517 374 623 440 975

1670 364 1991 428 JOANNIS
2031 364 2606 426 CYPARISSIOT/‘E

3652 363 3744 425 976

515 501 639 543 esse
668 484 808 554 quod
846 499 909 538 ex
945 498 1011 539 eo
1039 483 1181 554 quod
1211 496 1313 535 non
1341 491 1442 548 est,
1480 483 1743 541 nascitur.
1773 482 1909 537 Cum
1939 483 2080 535 cnim
2109 480 2161 540 Α
2187 487 2342 533 vetur
2373 494 2386 529 :
2422 486 2476 532 et
2507 479 2598 549 qui
2632 474 2876 559 meminit
2902 474 3201 545 operantis,
3259 474 3563 543 energiam,
3599 475 3647 530 id
3675 487 3745 531 est

513 582 695 647 ipsum
751 592 857 630 non
908 585 1011 640 est,
1064 574 1330 643 quomodo
1356 573 1500 626 aliud
1535 587 1600 626 ex
1634 573 1748 641 ipso
1783 587 1879 641 per
1907 585 1966 626 se
1994 586 2088 624 ex-

517 670 707 724 sistet?
740 669 794 722 Si
827 668 965 721 enim
1006 681 1108 718 non
1144 675 1225 717 est
1254 665 1305 718 in
1334 664 1635 718 substantia
1675 664 1893 732 propria
1935 677 2089 717 ener-

518 762 626 830 gia,
659 774 779 825 qnte
831 758 994 810 Deum
1030 755 1247 824 quidem
1279 756 1633 822 consequitur
1660 792 1673 817 ,
1710 745 1919 805 Filium'
1960 768 2088 807 vero

517 850 697 915 efﬁcit,
731 850 848 917 quis
880 859 983 899 tam
1015 863 1189 901 ca'cus
1219 858 1320 907 est,
1354 857 1410 898 ut
1440 861 1545 899 non
1575 845 1769 909 videat,
1791 860 1911 913 qua:
1948 844 2091 898 blas-

520 943 734 1011 phemia
786 940 1105 993 conliciatur
1136 938 1288 1010 (α).
1314 937 1504 990 Adhuc
1541 938 1679 990 idem
1738 936 1792 989 in
1839 936 2039 989 eisdem
2072 955 2087 988 :

521 1031 577 1084 Si
614 1032 755 1087 enim
799 1028 889 1098 qui
940 1032 1052 1082 haec
1088 1028 1319 1081 absurda
1359 1028 1581 1089 devitat,
1633 1026 1905 1095 energiam
1960 1025 2091 1079 dicit

518 1137 638 1176 esse
673 1137 784 1175 rem
815 1121 1104 1189 quamdam
1142 1134 1248 1172 non
1280 1134 1373 1185 pcr
1404 1132 1461 1171 se
1496 1116 1844 1171 exsistentem
1872 1154 1888 1180 ,
1936 1114 2093 1183 cujus

517 1216 769 1271 elicetnm
802 1229 916 1267 esse
935 1211 1125 1266 Filium
1155 1211 1422 1272 decernit,
1448 1209 1591 1261 dicat
1612 1222 1800 1262 rursus
1825 1208 2093 1275 quomodo

520 1311 762 1377 sequitur
792 1322 856 1359 ex
891 1320 956 1358 eo
986 1304 1127 1373 quod
1159 1318 1262 1357 non
1291 1311 1397 1367 est,
1426 1301 1477 1353 id
1502 1300 1643 1368 quod
1674 1298 1795 1353 est?
1822 1298 2093 1367 quomodo

518 1400 661 1470 quod
698 1414 801 1452 non
838 1398 1053 1451 exsistit
1086 1410 1183 1465 per
1214 1409 1292 1458 se,
1338 1400 1595 1462 operatur
1643 1405 1706 1445 ea
1742 1406 1860 1459 quae
1909 1404 2005 1459 per
2034 1402 2095 1444 se

519 1492 689 1546 sunt?
744 1492 1106 1557 Reperientnr
1154 1492 1298 1542 enim
1352 1491 1403 1541 in
1448 1487 1530 1540 his
1568 1486 1827 1554 consequi
1877 1483 2094 1553 quidem

520 1583 688 1637 Deum
721 1598 840 1652 quae
874 1598 980 1635 non
1019 1591 1142 1636 sunt
1169 1623 1181 1645 ,
1213 1595 1276 1633 ea
1321 1595 1449 1633 vero
1477 1593 1599 1649 qua:
1630 1593 1733 1631 non
1765 1588 1891 1631 sunt
1913 1614 1929 1641 ,
1963 1590 2095 1653 eauf

519 1690 633 1729 sam
687 1689 807 1729 €388
847 1688 1035 1729 eorum
1073 1687 1191 1741 qua:
1226 1682 1385 1735 sunt;
1439 1678 1493 1724 et
1528 1684 1645 1738 qua:
1688 1684 1791 1722 non
1826 1667 2097 1722 GXSiSlllﬂl

2189 570 2557 640 operationem
2599 569 2761 626 simul
2802 584 2925 624 cum
2964 582 3031 625 eo
3063 569 3224 623 tacite
3253 567 3619 637 significavit;
3666 568 3747 622 sed

2190 660 2555 727 manifestius,
2583 662 2725 732 quod
2755 662 2986 717 dicimus
3013 700 3028 725 ,
3074 658 3337 729 exemplis
3369 659 3485 713 liet.
3535 659 3747 713 Dicimus

2191 754 2481 823 quemdam
2516 750 2882 817 fabrefacere,
2918 760 3011 806 aut
3040 752 3311 818 aediﬁcare
3335 789 3351 815 ,
3409 750 3623 805 aliudve
3663 750 3749 803 ali-

2192 846 2319 913 quid
2350 860 2537 899 eorum
2562 860 2682 915 qua:
2713 844 2837 899 talia
2862 856 3011 910 sunt,
3043 844 3256 913 operari
3279 859 3295 900 ς
3322 858 3430 896 una
3456 843 3615 912 igitur
3638 856 3753 896 voce

2193 947 2245 990 et
2267 928 2581 1007 energiam,
2621 935 2672 990 id
2704 945 2789 990 est
2822 936 3217 1006 operationem,
3242 946 3294 988 et
3322 947 3449 989 eum
3481 934 3573 1002 qui
3600 945 3750 987 artem

2193 1028 2463 1091 exercuit,
2502 1042 2597 1095 per
2622 1042 2684 1082 se
2712 1026 2888 1083 oratio
2920 1025 3325 1093 reprazsentavit
3370 1041 3385 1077 :
3423 1025 3494 1078 ita
3528 1032 3584 1077 ut
3617 1026 3659 1079 si
3688 1027 3753 1079 al-

2197 1128 2374 1174 terum
2401 1128 2706 1187 separetur,
2740 1134 2845 1172 non
2892 1118 3161 1173 subsistat
3209 1116 3505 1185 reliquum.
3539 1115 3754 1172 Sanctus

2194 1210 2428 1282 Cyrillus
2457 1248 2471 1273 ,
2511 1211 2649 1265 libro
2695 1225 2768 1265 vtr
2802 1210 2885 1263 Ad
2927 1209 3201 1264 Hcmiam
3230 1225 3249 1263 :
3282 1209 3547 1276 Simplex,
3580 1219 3633 1262 et
3660 1225 3752 1262 non

2197 1304 2530 1371 compositus
2568 1303 2787 1373 proprie
2817 1312 2874 1357 et
2903 1302 3136 1372 primum
3173 1301 3332 1365 Deus,
3364 1316 3397 1356 ο
3429 1301 3631 1355 amice!
3665 1317 3758 1357 una

2198 1408 2266 1451 ex
2294 1402 2488 1450 natura
2529 1402 2583 1448 et
2609 1394 2852 1464 energia,
2882 1405 3141 1463 tanquam
3187 1394 3292 1447 alia
3319 1402 3521 1461 prater
3562 1394 3755 1461 ipsum,

2199 1486 2531 1555 compositus
2572 1502 2693 1541 esse
2720 1482 3059 1555 intelligitur,
3098 1487 3192 1540 sed
3234 1488 3417 1555 potius
3452 1501 3614 1538 unum
3647 1485 3759 1553 quid

2199 1592 2322 1634 esse
2358 1594 2541 1634 omne.
2591 1578 2657 1632 Et
2697 1587 2926 1633 sanctus
2974 1575 3242 1631 Maximus
3289 1576 3603 1630 edisserens
3638 1575 3755 1628 haut

2204 1670 2465 1724 rationem
2503 1684 2518 1720 :
2549 1668 2743 1733 Omne,
2777 1669 2974 1738 inquit,
3008 1667 3154 1738 quod
3189 1668 3356 1720 habet
3390 1667 3591 1735 aliquid
3617 1667 3757 1720 simul

519 1784 619 1836 per
642 1783 699 1821 se
730 1778 919 1821 natura
951 1781 1072 1830 sua,
1108 1764 1335 1818 delinire
1364 1773 1419 1817 et
1452 1761 1904 1817 circumscribere
1936 1769 2093 1813 natu-
2126 1778 2174 1838 Β
2204 1761 2502 1832 cogitatum
2540 1761 2605 1815 ad
2638 1760 3057 1815 declarationem
3087 1772 3199 1813 suae
3240 1757 3477 1827 propria:
3506 1756 3751 1809 exsisteu-

524 1877 638 1915 ram
676 1876 864 1916 eorum
893 1874 1013 1928 quae
1045 1867 1166 1912 sunt
1199 1875 1213 1910 :
1248 1867 1302 1912 et
1332 1860 1520 1917 virtus,
1550 1871 1671 1925 qua:
1695 1868 1912 1907 omnem
1945 1868 2098 1907 crea.

523 1958 699 2003 turam
734 1948 894 2003 ellicit
931 1958 985 2001 et
1021 1956 1190 2011 creat,
1221 1946 1610 2015 comprehensa
1638 1946 1740 1999 erit
1769 1945 1821 1997 in
1853 1956 1920 2001 eo
1948 1942 2094 2013 quod

521 2042 821 2096 secundum
863 2039 1137 2109 propriam
1187 2039 1451 2092 rationein
1502 2052 1608 2091 non
1660 2037 1892 2091 exsistit.
1951 2035 2096 2089 Idem

524 2135 698 2189 adhuc
727 2136 775 2185 in
804 2133 1004 2187 eisdem
1044 2148 1057 2184 :
1094 2132 1372 2185 Hactenus
1400 2137 1580 2183 autem
1613 2128 1832 2197 dignum
1866 2134 1946 2182 est
1977 2141 2105 2182 con-

526 2224 854 2279 sideratione
879 2263 892 2287 ,
925 2222 1196 2292 quomodo
1230 2220 1465 2287 energiac
1514 2225 1922 2286 consequantur
1976 2218 2104 2273 sub-

526 2316 788 2379 stantias;
821 2323 874 2365 ct
905 2311 1031 2381 quid
1061 2311 1170 2363 sint
1201 2311 1499 2400 secundqm
1533 2310 1804 2379 propriam
1829 2318 2101 2375 naturam,

528 2407 743 2460 aliudue
772 2417 967 2473 praeter
1010 2402 1364 2464 substantias,
1416 2414 1549 2471 quas
1582 2409 2009 2468 consequuntur,
2038 2413 2104 2452 an

529 2514 653 2563 pars
678 2497 911 2560 illarum,
941 2503 992 2547 et
1016 2493 1253 2561 ejusdem
1280 2492 1522 2547 naturae?
1543 2491 1686 2561 quod
1709 2492 1753 2545 si
1782 2491 1928 2546 aliud
1957 2500 2107 2555 sunt;

529 2588 822 2657 quomodo,
854 2596 904 2638 et
932 2600 961 2638 a
1003 2584 1201 2654 quibus
1249 2584 1565 2653 productze?
1611 2583 1693 2636 sin
1748 2592 1927 2638 autem
1965 2583 2107 2639 idem

531 2685 701 2733 iasnm
729 2716 744 2737 ,
796 2678 1065 2745 quomodo
1097 2674 1320 2729 abscisae
1349 2714 1364 2741 ,
1396 2688 1492 2743 pro
1522 2689 1587 2729 eo
1626 2676 1768 2743 quod
1795 2675 1957 2730 simul
1986 2690 2111 2730 cum

532 2770 610 2821 eis
638 2766 903 2822 exsistere
933 2765 1203 2819 debebant
1231 2806 1246 2830 ,
1282 2781 1371 2819 eas
1400 2766 1738 2820 extrinsecus
1768 2781 2100 2833 consequun-

535 2862 872 2915 tur‘t'utrurn
905 2858 1209 2914 necessitas
1260 2859 1506 2926 quaedam
1558 2859 1821 2912 naturalis
1864 2860 2014 2927 cogit
2059 2869 2117 2911 ιιι

542 2948 900 3001 invuluutarie
921 2955 1180 3017 sequatur
1206 2947 1564 3000 substantiam
1594 2947 1837 3015 energia,
1862 2962 2116 3016 quacun-

536 3054 643 3107 que
674 3040 889 3095 tandem
921 3055 982 3094 ea
1021 3040 1125 3105 sit;
1169 3040 1315 3092 sicut
1350 3038 1490 3091 ustio
1540 3038 1717 3108 ignem
1767 3039 2031 3105 sequitur,
2064 3050 2118 3095 et

2204 1853 2309 1915 tim,
2333 1854 2697 1920 compositum
2721 1861 2823 1915 est,
2848 1860 2900 1905 et
2932 1866 3037 1905 non
3068 1849 3293 1918 simplex
3323 1848 3562 1919 proprie.
3593 1847 3662 1901 Ex
3686 1848 3757 1901 bis

2199 1942 2429 1999 edicitur
2460 1942 2846 2005 manifestum,
2878 1946 3021 2013 quod
3058 1944 3110 1996 in
3143 1944 3349 1997 unitate
3378 1980 3395 2006 ,
3444 1956 3569 2011 quae
3616 1955 3757 2007 supra

2203 2034 2562 2091 substantiam
2595 2042 2700 2100 est,
2726 2035 2946 2089 omnino
2992 2034 3284 2088 absurdum
3335 2042 3459 2097 est,
3508 2032 3755 2101 encrgiaru

2202 2127 2321 2196 ejus
2356 2140 2473 2194 qua:
2503 2125 2743 2180 ornuium
2779 2124 3151 2179 eﬂicacissima
3194 2133 3302 2189 est,
3353 2134 3410 2179 et
3454 2138 3758 2193 supraquam

2206 2218 2430 2273 inlinitai
2456 2218 2693 2281 virtutis,
2725 2232 2926 2287 ponere
2954 2232 3063 2272 non
3091 2231 3185 2286 per
3206 2233 3264 2272 se
3288 2219 3559 2271 exsistere
3587 2231 3759 2271 secun-

2207 2309 2331 2365 dum
2371 2311 2640 2381 propriam
2671 2325 2821 2363 suam
2855 2311 3145 2364 rationem.
3174 2308 3270 2364 Sin
3299 2324 3432 2365 vero
3462 2326 3555 2378 per
3576 2324 3633 2364 se
3652 2324 3760 2363 vere

2210 2404 2441 2469 exsistit,
2474 2403 2649 2470 majus
2677 2402 2850 2456 adhuc
2878 2401 3199 2465 absurdum,
3236 2411 3291 2456 et
3342 2404 3515 2473 magis
3563 2402 3759 2471 impium

2210 2503 2469 2564 appareat
2495 2532 2509 2559 ,
2532 2492 2713 2548 simul
2747 2508 2872 2547 cum
2904 2493 3019 2561 ipsa
3055 2493 3315 2547 unitatem
3348 2532 3364 2558 ,
3414 2508 3532 2561 qua:
3571 2506 3763 2546 omnem

2209 2588 2612 2657 simplicitatem
2650 2586 2837 2651 vincit,
2874 2586 3137 2655 cogitare,
3172 2586 3260 2640 vel
3293 2601 3519 2656 prorsus
3546 2587 3673 2639 hanc
3703 2584 3760 2635 ab

2214 2681 2315 2736 bac
2337 2680 2690 2749 distinguere,
2724 2679 3147 2749 existimareque
3165 2678 3310 2732 aliud
3337 2693 3462 2733 esse
3489 2691 3635 2731 suam
3655 2676 3763 2730 sub-

2216 2774 2499 2839 stantiam,
2537 2772 2682 2826 aliud
2718 2786 2845 2827 vero
2871 2787 3022 2826 suam
3057 2773 3364 2843 energiam,
3399 2772 3449 2825 id
3485 2781 3564 2825 est
3591 2810 3604 2835 ,
3633 2780 3762 2824 suam

2215 2867 2467 2920 virtutem
2499 2862 2773 2932 propriam
2803 2862 3085 2931 operandi.

2823 3000 3051 3058 CAPUT
3087 3000 3169 3056 Ἠ.

534 3146 763 3198 vapores
789 3139 948 3198 atque
982 3127 1184 3182 halitus
1218 3142 1446 3197 corpora
1489 3128 1577 3180 illa
1618 3138 1938 3197 sequuntur,
1975 3131 2105 3185 unde

2223 3118 2378 3198 Quod
2406 3118 2458 3171 in
2484 3119 2686 3198 unitate
2720 3116 2998 3198 Trinitatis
3026 3131 3128 3195 non
3157 3124 3360 3183 Oportet
3393 3112 3763 3198 qtttvr'ere'al’iud

538 3227 708 3279 ﬁunt?
736 3238 790 3281 at
834 3240 938 3277 non
969 3234 1100 3292 puto
1130 3221 1305 3290 ipsum
1340 3220 1520 3276 dicere
1566 3220 1692 3286 hoc,
1734 3232 1791 3275 ιιι
1836 3224 2114 3279 existimet

535 3319 740 3373 variam
775 3316 1065 3386 quamdam
1106 3331 1217 3369 rem
1242 3328 1297 3369 et
1334 3316 1687 3384 compositam
1721 3333 1841 3372 esse
1863 3318 2113 3373 substan-

535 3410 665 3465 tiam
710 3408 825 3473 Dei,
858 3424 973 3478 qum
1004 3408 1449 3477 inseparabilem,
1485 3419 1539 3462 et
1570 3422 1750 3463 secum
1777 3410 1936 3463 simul
1969 3413 2116 3481 cogi:

538 3514 698 3558 tatam
739 3504 1013 3573 energiam
1041 3500 1259 3565 habent,
1293 3509 1351 3554 ut
1384 3500 1639 3554 accidens
1664 3501 1717 3553 in
1749 3499 1990 3568 subjecto
2022 3503 2115 3557 de-

536 3606 885 3656 monstretur,
913 3598 1003 3646 sed
1043 3607 1159 3645 eam
1202 3593 1379 3661 potius
1405 3592 1702 3647 voluntarie
1731 3603 1785 3648 et
1814 3595 1983 3650 libere
2015 3611 2115 3650 ex-

540 3689 789 3750 citatam,
821 3688 1066 3755 ettet‘gias
1104 3695 1161 3739 nt
1200 3685 1434 3751 videtur,
1463 3684 1595 3739 dicit
1630 3699 1725 3754 per
1750 3700 1810 3740 se
1839 3702 1963 3741 esse
1998 3686 2115 3742 elli-

536 3798 679 3839 cere.
723 3782 924 3851 Ecquis
972 3780 1113 3849 quod
1162 3794 1225 3833 ex
1279 3779 1619 3847 providentia
1661 3779 1965 3835 voluntarie
2014 3782 2112 3850 lit,

548 3877 697 3945 sequi
735 3877 863 3929 dicit
898 3873 1037 3929 sicut
1075 3870 1283 3942 aliquid
1331 3886 1519 3925 eorum
1551 3886 1668 3939 qua:
1716 3872 1847 3926 foris
1873 3888 2115 3943 sequun-

538 3966 660 4021 tur?
685 3964 792 4020 Nec
822 3956 964 4018 enim
988 3964 1282 4018 secundum
1308 3974 1644 4016 communem
1671 3965 2115 4017 consuetudinem

542 4062 599 4115 in
634 4057 935 4125 bnjnsmodi
967 4056 1125 4108 rebus
1159 4053 1261 4107 hoc
1301 4053 1619 4106 vocabulum
1656 4054 1840 4107 tritum
1878 4068 1995 4109 esse
2024 4071 2115 4110 co-

538 4152 842 4221 gnovimus,
872 4156 927 4198 ut
958 4144 1196 4211 energia,
1228 4143 1278 4194 id
1304 4151 1411 4206 est,
1441 4142 1684 4209 operatio
1718 4142 2011 4199 laborantis
2039 4144 2117 4215 (1)

541 4246 593 4297 in
627 4244 825 4311 aliquo,
858 4241 1066 4291 dicatur
1100 4237 1249 4304 sequi
1298 4235 1630 4288 laborantem
1658 4252 1671 4300 ;
1708 4251 1805 4290 nec
1833 4238 1975 4290 enim
2005 4237 2117 4292 ﬁeri

538 4331 717 4403 potest
742 4341 797 4382 ut
825 4329 916 4397 qui
948 4327 1175 4379 alterum
1215 4326 1279 4378 ab
1318 4325 1489 4377 altero
1523 4323 1819 4393 disjunxit,
1856 4328 1997 4394 quod
2036 4344 2120 4382 rc—

538 4424 821 4490 linquitur,
854 4433 947 4486 per
976 4433 1032 4471 se
1061 4416 1322 4484 intelligat
1350 4432 1363 4468 :
1394 4418 1501 4469 imo
1524 4417 1612 4483 qui
1641 4417 1938 4486 energiam,
1966 4420 2015 4473 id
2039 4432 2118 4474 est

539 4509 911 4580 operationem
961 4508 1135 4572 dixit,
1191 4507 1351 4559 simul
1406 4509 1822 4575 comprehendit
1863 4513 2073 4566 ratione
2103 4555 2118 4580 ,

2295 3189 2660 3249 substantiam,
2695 3197 2742 3240 et
2783 3187 2928 3240 aliud
2972 3186 3305 3249 bonitatem;
3358 3201 3449 3237 nec
3493 3183 3631 3235 aliud
3669 3184 3763 3251 [ur-

2295 3275 2472 3320 mam,
2500 3269 2545 3309 et
2576 3257 2725 3309 aliud
2757 3257 3108 3308 substantiam
3135 3272 3154 3319 ;
3188 3270 3276 3307 nec
3307 3255 3457 3307 aliud
3488 3256 3668 3314 vitam,
3700 3267 3762 3303 tm

2291 3328 2629 3395 sapientiam,
2668 3326 2746 3380 vel
2777 3330 3018 3379 uirtutem
3042 3364 3058 3392 ,
3092 3326 3241 3378 aliud
3291 3340 3413 3379 vero
3441 3324 3763 3378 substantiam

2289 3399 2541 3462 ejusdem.

2296 3509 2554 3567 Dominus
2585 3509 2637 3562 in
2666 3507 2956 3575 Evangelia
2978 3507 3056 3562 ait
3085 3522 3101 3560 :
3130 3507 3292 3562 Nemo
3315 3508 3500 3572 bonus,
3525 3507 3622 3561 nisi
3649 3517 3761 3557 unus

2221 3601 2365 3656 Deus
2396 3602 2469 3655 “.
2503 3604 2563 3656 δ.
2591 3600 2843 3671 Cyrillus,
2894 3600 2947 3654 in
3002 3599 3286 3655 Thesauris
3335 3601 3474 3655 lrbro
3520 3615 3611 3662 ιιι,
3662 3609 3758 3661 cap.

2225 3697 2294 3749 M
2331 3711 2345 3745 :
2379 3693 2686 3760 Quomodo,
2722 3693 2915 3762 inquit,
2950 3701 3034 3747 est
3065 3707 3207 3747 unus
3236 3692 3434 3756 bonus,
3478 3699 3533 3745 ut
3578 3692 3679 3759 ipse
3701 3699 3763 3739 te-

2223 3787 2435 3842 statur?
2462 3801 2655 3854 nempe
2688 3786 2813 3855 quia
2843 3795 3027 3840 sancta
3053 3785 3297 3841 Trinitas
3320 3786 3377 3840 in
3413 3798 3569 3839 unam
3596 3778 3763 3836 divini-

2225 3887 2390 3933 tatem
2424 3879 2561 3933 redit
2590 3888 2810 3945 propter
2850 3890 3011 3931 unsm
3050 3884 3104 3931 et
3129 3876 3374 3931 eamdem
3412 3873 3758 3932 substantiam,

2224 3981 2286 4026 ut
2331 3979 2540 4023 tantum
2584 3969 2764 4023 divina
2826 3967 3129 4022 substantia
3179 3968 3250 4021 sit
3302 3967 3502 4023 bonum
3552 3960 3758 4032 proprie.

2225 4061 2451 4133 Magnus
2483 4061 2714 4115 Basilius
2745 4076 2759 4114 :
2790 4058 2993 4124 Bonus,
3027 4059 3220 4127 inquit,
3252 4056 3504 4128 Spiritus,
3532 4056 3661 4110 sicut
3685 4053 3760 4105 bo-

2228 4169 2327 4208 nus
2361 4153 2540 4215 Pater,
2580 4159 2636 4205 et
2685 4153 2825 4205 sicut
2864 4152 3038 4205 bonus
3084 4166 3149 4205 ex
3189 4150 3332 4205 bono
3374 4149 3603 4220 genitus,
3632 4143 3759 4211 cujus

2228 4245 2527 4299 substantia
2562 4254 2646 4297 est
2676 4245 2789 4312 ipsa
2820 4243 3055 4298 bonitas.
3085 4242 3318 4298 Sanctus
3346 4241 3631 4311 Gregorius
3648 4235 3758 4304 Nys-

2229 4353 2413 4402 senus,
2456 4339 2507 4390 in
2559 4336 2696 4390 libro
2731 4336 2805 4389 De
2850 4337 2954 4389 vita
3007 4336 3205 4405 Moysis
3230 4376 3246 4402 ,
3282 4338 3359 4391 ait
3394 4359 3408 4391 :
3439 4336 3680 4395 Primum,
3716 4334 3758 4379 et

2229 4426 2443 4497 proprie
2472 4427 2697 4490 bonum,
2725 4425 2879 4493 cujus
2902 4436 3094 4479 natura
3121 4436 3203 4480 est
3229 4427 3471 4491 bonitas,
3498 4427 3605 4494 ipse
3625 4421 3756 4483 Deus,

2232 4522 2593 4589 quodcunque
2650 4526 2839 4574 natura
2873 4518 3190 4587 intelligitur
3224 4518 3322 4590 (2),
3354 4520 3451 4573 hoc
3484 4530 3579 4580 est,
3608 4527 3651 4568 et
3682 4527 3757 4564 no-

540 4596 687 4667 quod
715 4596 1009 4652 secundum
1035 4598 1332 4665 energiam,
1372 4595 1424 4650 id
1452 4605 1555 4661 est,
1594 4598 1959 4666 operationem
1998 4618 2111 4656 mo-
2146 4623 2193 4683 ι)
2221 4612 2476 4667 minatur.
2522 4611 2586 4665 Et
2618 4626 2839 4682 magnus
2869 4611 3154 4681 Apostolus
3185 4628 3200 4665 :
3234 4612 3339 4676 Qui
3372 4628 3486 4668 cum
3515 4611 3565 4666 iu
3591 4608 3754 4677 forum,

612 4764 655 4795 τι
686 4762 819 4819 Luc.
856 4777 1010 4828 xvm,
1044 4760 1130 4815 l9.

2029 4838 2306 4902 Scholia.

541 4970 668 5025 tem,
698 4958 981 5026 justitiam,
1008 4967 1061 5013 et
1084 4956 1186 5012 alia
1223 4958 1549 5028 Irujusmodi,
1578 4974 1686 5014 non
1714 4960 1857 5027 quod
1892 4976 1986 5027 per
2020 4976 2105 5015 es-

540 5033 769 5083 sentiam
796 5029 937 5080 aliud
971 5030 1042 5083 sit
1074 5028 1125 5081 in
1154 5028 1279 5091 alio,
1318 5034 1444 5099 quin
1479 5033 1653 5096 potius
1684 5030 1822 5083 idem
1856 5033 2105 5098 estquod

540 5111 645 5162 e5I,
680 5111 733 5152 et
765 5099 817 5150 in
849 5113 954 5166 quo
995 5109 1097 5164 est,
1136 5100 1225 5152 sed
1263 5114 1361 5168 per
1412 5100 1847 5168 praedicationem
1902 5102 1981 5153 sic.
2032 5102 2105 5155 lo—

539 5169 759 5240 qnimur
788 5169 937 5221 nullo
964 5168 1327 5240 perictrloLUt
1353 5170 1601 5240 enimiait
1632 5169 1865 5240 Cyrillus
1890 5170 1940 5223 in
1974 5169 2105 5223 Tlte-

539 5236 705 5303 διαίτη,
738 5241 833 5292 lib.
870 5253 925 5302 rt,
958 5253 1078 5307 cap.
1106 5238 1129 5290 1
1164 5257 1176 5293 :
1208 5236 1373 5292 Multa
1398 5242 1461 5293 de
1495 5239 1649 5292 Patre
1675 5236 1726 5292 et
1756 5239 1888 5293 Filio
1911 5242 2104 5293 divinae

544 5313 838 5377 Scriptura:
884 5316 1195 5376 prtcdrcant,
1234 5324 1405 5376 neque
1449 5320 1626 5363 tamen
1682 5310 1967 5362 diversitas
2012 5327 2108 5361 no-

542 5382 744 5432 mittunt
781 5380 1148 5431 diversitatem
1196 5379 1510 5432 substantia:
1556 5379 1791 5431 ostendt
1819 5420 1833 5444 ,
1872 5395 1965 5432 nec
2004 5381 2107 5432 ulla

542 5451 920 5501 dissimilitudo
944 5448 1195 5501 essentia:
1228 5448 1367 5500 inter
1394 5446 1606 5500 Patrem
1638 5460 1690 5501 et
1724 5447 1915 5501 Filium
1952 5450 2110 5503 intelo

542 5522 742 5589 lrgitur,
762 5531 814 5571 at
844 5518 1137 5586 praedicare
1164 5515 1358 5570 Filium
1388 5532 1502 5571 esse
1528 5521 1763 5587 genitum
1790 5534 1854 5572 ex
1890 5536 1995 5572 non
2023 5534 2116 5573 cx-

2216 4966 2461 5045 sistente,
2504 4982 2688 5045 neque
2735 4968 2813 5025 sic
2852 4969 3067 5039 quidem
3115 4985 3146 5025 a
3197 4971 3440 5045 periculo
3477 4976 3638 5026 vacet,
3680 4959 3755 5027 (Ιιιί

2216 5038 2359 5112 “"i‘."
2405 5038 2482 5090 δίο
2526 5039 2806 5105 Ρναεάίοθι,
2845 5038 3243 5109 censequeuter
3278 5043 3624 5112 dicturusest
3670 5047 3753 5083 non

2215 5104 2481 5186 exsistere
2529 5103 2808 5177 genitum,
2842 5121 2934 5163 aut
2962 5103 3199 5178 genitum
3252 5125 3371 5166 esse
3420 5103 3752 5179 perfection-ru

2219 5187 2487 5243 genitore.
3606 5190 3612 5197 ’

2287 5246 2361 5314 (i)
2386 5246 2439 5298 In
2461 5247 2525 5300 iis
2542 5263 2661 5317 qua:
2694 5248 2760 5303 ad
2794 5247 3000 5318 aliquid
3022 5249 3296 5316 dicuntur,
3317 5263 3419 5302 non
3448 5242 3751 5300 habetlocntn

2217 5315 2768 5388 altermn‘conseqni,
2801 5315 2901 5373 sed
2931 5330 3226 5388 utrumque
3252 5315 3410 5374 simul
3440 5332 3584 5388 esse,
3610 5320 3662 5388 _el
3687 5321 3748 5388 ξι·

2220 5387 2327 5437 runl
2368 5376 2502 5449 tolli,
2530 5397 2583 5439 et
2610 5376 2812 5442 idcirco
2839 5391 2905 5443 de
2931 5376 3245 5458 operatione
3264 5405 3382 5459 quae
3402 5396 3482 5441 est
3508 5376 3750 5438 habitudo,

2223 5471 2341 5527 non,
2366 5462 2579 5527 proprie
2610 5460 2806 5512 ιιιοιιυι·
2832 5459 3074 5527 energia.

2295 5521 2378 5595 (2)
2425 5521 2783 5598 Quodcunque
2831 5521 3025 5583 natura
3078 5529 3412 5600 intelligitur,
3455 5527 3548 5580 hoc
3582 5524 3680 5579 est,
3706 5521 3750 5566 el

614 5683 691 5767 (ra)
722 5682 939 5767 scilicet
963 5682 1246 5767 coniicitur
1274 5666 1465 5739 Filium
1502 5683 1742 5751 genitum
1772 5698 1891 5742 esse
1925 5685 2300 5755 periectiorem
2329 5692 2595 5763 genitore,
2632 5695 2903 5767 siquidem
2929 5695 3102 5755 Filius
3165 5712 3261 5767 per
3315 5711 3371 5752 se
3433 5700 3544 5755 est,
3594 5692 3642 5743 ei
3693 5690 3746 5735 εκ

546 5765 651 5819 quo
675 5763 775 5817 est,
807 5768 912 5808 non
942 5764 1025 5809 est
1053 5769 1147 5823 per
1187 5770 1262 5808 se.

2972 5852 3047 5886 νδ-
