4064 6266
398 342 502 404 (ιΤῙ

1249 348 1484 409 DECAS
1522 349 1684 407 Χ.-
1726 345 1821 406 DE
1861 341 2124 403 DIVINA
2163 342 2725 408 SIMPLICITATE.

3537 334 3645 399 978

394 456 591 523 inquit,
618 450 709 508 Dei
744 465 894 521 esset,
926 471 1029 510 non
1059 461 1303 526 rapinam
1334 461 1625 514 arbitratus
1661 469 1735 514 est
1776 456 1968 525 sefesse
1995 452 2043 513 A
2070 448 2241 528 ipsius
2270 470 2492 529 “neque
2535 457 2707 512 forma
2743 453 2939 525 ipsius,
2971 464 3147 520 neque
3181 449 3286 503 vita
3324 448 3517 518 ipsius,
3550 464 3645 505 ne-

392 546 649 616 a'qualem
686 547 790 600 Deo
828 550 896 603 τ’.
932 548 1151 605 Divimts
1184 548 1600 621 Chrysostomus
1634 552 1687 604 in
1719 552 1964 605 oratione

395 646 571 699 senta,
608 638 673 691 de
708 636 1181 708 lncomprehenso,
1232 642 1312 695 sic
1357 642 1431 695 ait
1470 641 1650 697 :Cum
1679 683 1692 706 ,
1752 642 1964 710 inquit,

396 726 639 793 ejusdem
679 726 884 793 formae,
924 736 977 781 et
1015 727 1254 796 ejusdem
1292 729 1476 800 figurae
1504 745 1627 785 esse
1656 729 1808 795 dicit,
1838 729 1965 798 quid

393 814 852 879 atindzdcclarat,
896 830 1057 885 quam
1098 818 1455 872 substantiam
1499 831 1660 872 unam
1706 818 1823 871 sine
1862 817 1965 870 ulla

396 907 700 960 varietate?
726 905 840 960 Non
873 908 1017 961 enim
1048 918 1131 964 est
1160 910 1306 964 circa
1344 910 1509 963 Deum
1543 909 1735 974 forma,
1770 910 1853 964 vel
1884 910 1964 963 fa-

395 998 528 1053 cies.
563 998 797 1055 Sanctus
820 1000 1052 1070 Gyrillos
1087 1021 1101 1055 :
1139 1000 1353 1069 Forma,
1381 1001 1575 1069 inquit,
1606 1001 1660 1055 in
1696 1002 1803 1057 Deo
1843 1001 1968 1055 sub-

396 1091 598 1147 stantia
630 1093 894 1160 accipitur
921 1108 949 1147 a
974 1092 1241 1160 Patribus,
1263 1095 1405 1149 sicut
1426 1094 1495 1150 ab
1519 1093 1791 1163 Apostolo;
1818 1094 1969 1148 nefas

397 1179 542 1233 enim
585 1189 667 1236 est
706 1192 759 1236 et
790 1183 1039 1252 impium,
1074 1184 1130 1238 in
1160 1186 1289 1251 Deo,
1320 1185 1410 1255 qui
1453 1186 1507 1238 in
1537 1192 1813 1254 aspectum
1859 1199 1967 1239 non

395 1273 565 1337 cadit,
600 1273 824 1328 formam
854 1276 1036 1332 dicere
1063 1278 1320 1345 speciem.
1352 1276 1610 1331 Dominus
1639 1277 1692 1331 in
1725 1279 1969 1345 Evange-

395 1359 470 1411 lio
501 1376 515 1413 :
547 1360 678 1429 Ego,
712 1361 906 1430 inquit,
931 1382 1050 1419 sum
1079 1367 1389 1421 resurrectio
1436 1376 1487 1421 et
1512 1369 1617 1421 vita
1640 1367 1705 1421 ".
1737 1366 1971 1423 Sanctus

393 1449 625 1520 Cyrillus
660 1454 712 1506 in
758 1456 894 1510 actis
927 1466 1130 1512 sanctre
1174 1468 1227 1513 et
1275 1460 1628 1515 oecumenicte
1661 1468 1829 1515 sextae
1878 1476 1970 1532 sy-

393 1543 743 1600 nodi:Sicut
796 1548 998 1611 unitas,
1062 1549 1257 1617 inquit,
1318 1566 1423 1605 non
1477 1561 1653 1621 potest
1700 1553 1863 1607 dividi
1914 1554 1968 1607 in

393 1633 530 1690 duas
558 1638 791 1694 unitates
822 1640 1107 1710 (siquidem
1131 1642 1312 1697 unitas
1341 1643 1396 1697 in
1420 1645 1514 1697 bas
1534 1644 1707 1699 divisa
1738 1660 1846 1700 non
1871 1647 1972 1700 erit

393 1727 595 1794 unitas,
636 1733 730 1786 sed
779 1731 929 1803 duo),
962 1732 1040 1787 sic
1068 1735 1210 1804 quod
1246 1747 1329 1789 est
1361 1751 1524 1789 unum
1557 1750 1765 1792 summa
1799 1754 1969 1809 copu-

2072 571 2175 625 que
2202 555 2486 621 sapientia,
2522 568 2695 624 neque
2719 552 2890 605 virtus
2916 548 3085 620 ipsius
3109 547 3209 600 alia
3248 546 3488 615 quaedam
3520 555 3647 601 sunt

2074 660 2268 717 praeter
2304 648 2660 703 Substantiam
2692 644 2862 715 ipsius
2891 660 2907 695 :
2940 642 3068 711 quin
3107 641 3283 707 potius
3316 639 3431 693 haec
3463 638 3644 692 omnia

2075 739 2228 792 unica
2266 737 2380 807 ejus
2407 737 2702 791 substantia
2746 741 2889 788 sunt.

2663 819 2893 877 CAPUT
2948 819 3061 873 Vll.

2077 917 2231 984 Quod
2261 918 2319 971 in
2347 917 2569 975 unitate.
2607 930 2721 985 quer
2751 930 2912 983 supra
2945 910 3286 985 substantiam
3318 917 3413 971 est,
3437 926 3546 985 _no_n
3572 918 3648 985 est

2143 986 2477 1057 qttrcrendum
2510 979 2657 1058 aliud
2684 1001 2795 1058 esse
2818 979 3169 1058 cognitionem
3208 996 3342 1058 ejus,
3370 979 3447 1031 uel
3475 979 3651 1058 chariq

2147 1050 2304 1110 tatem
2321 1057 2454 1125 ejus.
2478 1056 2554 1109 vel
2570 1050 3004 1125 pulchritudinem
3028 1053 3163 1125 eius.
3188 1051 3261 1125 vel
3278 1050 3653 1125 immortalita-

2150 1137 2248 1180 tem
2270 1117 2405 1195 ejus,
2430 1135 2475 1179 et
2506 1117 2617 1178 alia
2638 1123 3041 1195 ejusdem;aliud
3060 1138 3177 1173 vero
3204 1118 3524 1195 singutarem
3542 1117 3652 1182 ejus

2144 1188 2522 1260 substantiam,
2543 1203 2588 1247 et
2618 1188 2971 1248 assistentium
3002 1205 3322 1259 supraquam
3345 1188 3600 1241 divinam.

2147 1285 2380 1341 Sanctus
2402 1284 2658 1355 Cyrillus,
2686 1284 2743 1339 in
2772 1282 3076 1347 Thesauris,
3102 1282 3242 1336 libro
3259 1296 3420 1333 xxxrv
3446 1279 3648 1332 :Deum

2077 1393 2202 1434 esse
2243 1376 2571 1446 simplicem,
2604 1388 2656 1430 et
2688 1376 3098 1446 compositionis
3118 1414 3130 1426 .
3152 1383 3426 1443 expertem
3461 1387 3651 1426 omnes

2080 1468 2423 1533 fatebuntur;
2455 1468 2750 1541 absurdum
2783 1467 2947 1535 igitur
2972 1475 3052 1521 est
3096 1464 3277 1520 dicere
3300 1463 3497 1517 habere
3522 1476 3646 1517 eum

2080 1558 2385 1627 hujusmodi
2420 1560 2784 1630 cognitionem
2815 1558 2939 1622 sui,
2971 1557 3184 1625 qualem
3221 1568 3337 1617 nos;
3374 1555 3572 1609 etenim
3604 1553 3649 1606 si

2064 1649 2222 1723 aliud
2257 1657 2339 1706 est
2383 1650 2519 1719 ipse,
2564 1659 2617 1704 et
2670 1648 2814 1703 aliud
2856 1656 3050 1717 praeter
3087 1647 3266 1717 ipsum
3305 1644 3545 1714 cognitio
3592 1643 3648 1699 in

2082 1742 2216 1810 ipso,
2244 1744 2576 1811 compositus
2605 1754 2709 1807 esi,
2741 1752 2795 1797 et
2830 1757 2936 1796 non
2969 1740 3192 1808 simplex
3222 1756 3236 1805 ;
3273 1748 3327 1791 at
3359 1739 3482 1808 quia
3516 1738 3654 1793 sim-

391 1816 619 1883 latione,
650 1836 757 1877 non
786 1833 965 1893 potest
993 1827 1157 1881 dividi
1196 1826 1249 1881 in
1283 1826 1426 1893 duo;
1462 1828 1662 1898 alioqui
1704 1844 1811 1884 non
1851 1807 1965 1884 am-
2007 1807 2051 1862 Β
2082 1807 2197 1903 plen
2233 1807 2573 1890 confessione
2604 1835 2842 1894 omnium
2877 1841 2988 1899 est,
3026 1807 3132 1887 non
3168 1842 3249 1886 est
3283 1807 3426 1884 aliud
3458 1840 3656 1899 praeter

396 1911 536 1979 plius
559 1913 659 1967 erit
703 1914 843 1971 Deus
877 1919 1113 1973 universi
1160 1920 1389 1987 simplex
1423 1929 1613 1975 natura
1638 1961 1653 1986 ,
1702 1921 1965 1989 siquidem

394 2009 480 2057 est
510 2004 613 2057 alia
650 2016 843 2074 printer
875 2008 1070 2077 ipsum,
1101 2024 1220 2078 quae
1246 2019 1329 2066 est
1360 2011 1413 2067 in
1447 2012 1563 2082 ipso
1587 2013 1716 2068 vita.
1748 2014 1813 2068 Et
1847 2029 1959 2069 rur-

393 2107 488 2149 sus
523 2097 664 2151 idem
698 2116 713 2153 :
740 2099 978 2155 Primum
1010 2101 1250 2170 quidem,
1275 2117 1380 2158 non
1407 2112 1490 2157 est
1514 2103 1739 2171 simplex
1772 2112 1967 2159 natura

396 2185 539 2240 Deus
585 2190 988 2254 universorum,
1040 2195 1133 2247 sed
1179 2194 1357 2261 potius
1401 2195 1755 2261 compositus,
1799 2204 1850 2250 et
1901 2210 1968 2251 ex

392 2272 604 2331 duobus
632 2288 924 2347 constans;
955 2282 1224 2350 siquidem
1282 2290 1366 2338 est
1420 2283 1526 2338 alia
1563 2294 1757 2351 praeter
1799 2299 1924 2340 eum
1953 2326 1969 2352 ,

395 2381 515 2433 quae
573 2369 627 2424 in
688 2386 750 2426 eo
802 2381 886 2428 est
933 2375 1063 2429 vita.
1098 2374 1390 2446 Gregorius
1436 2376 1713 2447 Nyssenus
1743 2379 1798 2432 in
1848 2378 1993 2435 Vita'

395 2458 591 2531 Moysis
626 2478 640 2515 :
676 2462 785 2521 Ens
826 2466 1034 2520 entium
1062 2474 1146 2522 est
1172 2483 1303 2523 vera
1331 2469 1482 2534 vita;
1516 2468 1619 2525 hoc
1651 2479 1834 2526 autem
1873 2486 1970 2527 co-

393 2553 581 2621 gnosci
630 2570 735 2609 non
785 2566 1004 2625 potest;
1048 2560 1175 2629 quia
1204 2559 1372 2630 igitur
1408 2561 1773 2632 cognitionem
1807 2564 1972 2619 vincit

398 2646 505 2699 vita
538 2646 770 2712 vivifica,
802 2664 962 2704 omne
997 2651 1138 2718 quod
1171 2653 1537 2720 cognoscitur,
1570 2667 1675 2708 non
1723 2662 1807 2709 est
1838 2655 1969 2710 vita.

386 2726 618 2803 Divinos
644 2740 969 2806 Apostolus:
1000 2740 1258 2806 Christus,
1307 2743 1526 2813 inquit,
1578 2743 1679 2799 Dei
1706 2747 1892 2811 virtus,
1925 2756 1973 2802 et

400 2826 498 2880 Dei
520 2831 778 2898 sapientia
809 2828 877 2883 ".
912 2829 1151 2887 Sanctus
1189 2832 1485 2903 Gregorius
1519 2834 1793 2905 Nyssettus
1834 2839 1974 2893 libro

392 2934 463 2972 vn
492 2920 547 2971 in
575 2917 797 2973 Cantica
822 2921 1146 2974 canticorum
1181 2938 1199 2975 :
1229 2920 1512 2990 Dominus,
1545 2925 1742 2993 inquit,
1778 2937 1972 2982 natura

390 3023 491 3063 sna
540 3010 592 3063 id
643 3009 814 3078 ipsum
865 3012 1005 3080 quod
1048 3020 1151 3077 est,
1202 3011 1466 3079 veritatis,
1511 3022 1566 3069 et
1591 3015 1893 3084 sapientiae,
1921 3026 1977 3071 et

390 3100 609 3154 virtutis
641 3102 937 3157 substantia
974 3111 1091 3168 est;
1136 3103 1341 3159 idcirco
1381 3108 1525 3176 quod
1568 3106 1736 3162 David
1770 3108 1909 3163 dixit
1952 3124 2043 3201 τα

394 3190 589 3245 Omnia
642 3193 697 3247 in
728 3194 987 3262 sapientia
1029 3196 1196 3264 fecisti
1226 3196 1289 3261 ⁷⁵,
1328 3196 1717 3266 interpretatus
1744 3202 1973 3270 Aposto-

394 3284 476 3336 lus
511 3283 856 3352 Prophetam,
894 3286 946 3338 in
988 3286 1106 3355 ipso
1157 3287 1235 3341 ait
1285 3292 1463 3343 omnia
1518 3300 1699 3345 creata
1756 3306 1877 3346 esse
1907 3293 1971 3356 ⁷⁸,

396 3385 649 3443 tzmqnam
682 3376 783 3432 hoc
834 3376 1104 3447 Propheta
1138 3379 1543 3449 fsignificaverit
1577 3382 1841 3437 vocabulo
1880 3401 1973 3437 sa-

392 3468 626 3538 pientia.
662 3468 806 3522 idem
858 3469 1151 3538 Gregorius
1197 3472 1249 3524 in
1300 3471 1550 3526 eisdem:
1583 3472 1682 3538 Qui
1730 3476 1973 3530 omnium

394 3561 758 3629 cognitionem
790 3561 843 3615 in
878 3576 936 3616 se
970 3564 1089 3629 ipso
1120 3564 1575 3633 comprehensam
1604 3566 1785 3632 habet,
1819 3566 1972 3635 cujus

395 3651 603 3707 Infinita
636 3653 922 3722 sapientia,
944 3654 1072 3722 quin
1106 3656 1284 3723 potius
1315 3656 1468 3724 cujus
1492 3657 1726 3712 essentia
1755 3659 1971 3728 sapien-

394 3744 464 3799 tia
496 3751 598 3798 est.
630 3743 859 3815 Cyrillus
892 3745 944 3798 in
980 3746 1256 3800 Thesauris
1307 3762 1323 3802 :
1362 3747 1478 3801 Non
1529 3749 1661 3817 quia
1703 3750 1969 3819 sapientia

394 3837 449 3890 in
485 3835 661 3900 nobis,
692 3845 745 3890 rt
776 3836 1001 3891 scientia
1036 3853 1140 3893 non
1172 3839 1384 3894 exsistit
1421 3854 1518 3910 per
1543 3854 1624 3907 se,
1652 3841 1854 3897 idcirco
1878 3858 1971 3898 sa-

395 3928 613 3996 pientia,
650 3942 770 3995 quae
799 3928 849 3982 in
877 3930 985 3983 Deo
1015 3940 1119 3993 est,
1155 3946 1257 3984 non
1292 3946 1385 4001 per
1414 3948 1475 3988 se
1507 3933 1753 4000 exsistet,
1792 3933 1890 3990 sed
1923 3935 1969 3991 si

389 4018 665 4072 confiteris
697 4032 800 4072 non
831 4034 952 4075 esse
979 4028 1184 4075 natura:
1210 4032 1405 4078 nostra:
1434 4022 1623 4085 Deum,
1650 4025 1808 4092 plane
1837 4040 1969 4080 con-

393 4109 583 4174 literis,
618 4110 799 4164 omnia
826 4125 946 4179 quat
974 4111 1096 4179 ejus
1139 4123 1285 4179 sunt,
1317 4128 1424 4168 non
1470 4128 1596 4171 esse
1630 4128 1697 4169 ex
1742 4110 1965 4183 nostris,

390 4202 486 4255 sed
517 4203 697 4269 potius
730 4211 916 4257 nostra
950 4216 1229 4273 superant,
1284 4220 1347 4260 ac
1398 4216 1607 4263 tantum
1659 4219 1966 4277 superant,

390 4305 651 4363 quantum
682 4305 940 4375 superant
985 4306 1043 4354 et
1072 4298 1329 4353 differunt
1361 4303 1660 4369 secundum
1697 4303 1964 4360 rationem

390 4387 727 4445 substantiae.
768 4389 843 4445 Ex
878 4391 1075 4461 quibus
1101 4391 1160 4446 fit
1190 4392 1560 4462 manifestum,
1583 4394 1725 4466 quod
1755 4397 1808 4449 in
1846 4397 1966 4471 uni-

2071 1927 2512 2003 ipsum‘cognitio
2534 1927 2586 1981 in
2624 1927 2763 1994 ipso.
2810 1924 2919 1980 Nos
2954 1933 3133 1979 autem
3166 1939 3271 1976 non
3307 1924 3654 1990 sic;,sumus

2070 2017 2214 2073 enim
2244 2017 2442 2085 aliquid
2472 2017 2689 2087 proprie
2717 2019 3011 2071 secundum
3033 2014 3411 2079 substantiam;
3447 2015 3499 2066 in
3527 2014 3656 2068 sub-

2070 2109 2268 2162 stantia
2308 2114 2488 2161 autem
2519 2108 2780 2162 habemus
2836 2108 3070 2175 positam
3128 2104 3518 2173 cognitionem,
3589 2102 3675 2156 ut‘

2071 2197 2305 2253 colorem
2336 2196 2389 2250 in
2419 2209 2663 2264 corpore.
2700 2197 2933 2251 Sanctus
2964 2195 3247 2258 Maximus,
3307 2196 3361 2247 in
3400 2194 3651 2249 centuria

2073 2286 2257 2351 tertia,
2295 2298 2415 2353 cap.
2449 2285 2482 2339 5
2519 2299 2533 2339 :
2578 2284 2791 2351 Omnis,
2820 2285 3017 2354 inquit,
3057 2286 3299 2355 cognitio
3332 2299 3518 2339 earum
3566 2299 3654 2338 re-

2074 2391 2190 2431 rum
2224 2390 2343 2443 quae
2368 2386 2518 2439 sunt,
2570 2376 2834 2431 habitudo
2868 2384 2951 2430 est
2984 2391 3102 2444 quae
3126 2386 3371 2429 extrema
3403 2378 3653 2445 quaedam

2073 2466 2320 2537 colligat;
2354 2481 2447 2522 eos
2475 2468 2596 2520 dico
2629 2467 2718 2535 qui
2746 2476 3108 2536 cognoscunt,
3132 2477 3186 2522 et
3206 2482 3271 2522 ea
3307 2482 3428 2537 quae
3456 2482 3658 2536 cogno-

2074 2569 2327 2621 scuntur;
2368 2562 2481 2615 haec
2507 2570 2689 2614 autem
2717 2575 2822 2614 non
2847 2560 2925 2631 (l)
2950 2562 3298 2631 cognoscitur
3323 2559 3392 2614 ab
3418 2559 3538 2614 istis
3561 2561 3652 2630 qui

2074 2660 2429 2720 cognoscunt,
2465 2665 2639 2720 neque
2668 2652 2831 2705 simul
2862 2653 3213 2720 cognoscitur
3248 2666 3369 2704 cmn
3394 2652 3654 2720 c0gnitis;

2075 2756 2181 2798 non
2210 2743 2351 2795 enim
2380 2741 2619 2809 cognitio
2648 2750 2769 2809 apta
2792 2750 2873 2795 est
2896 2752 3089 2796 natura
3121 2757 3215 2794 sua
3242 2742 3348 2794 ulla
3379 2757 3443 2794 ex
3476 2752 3652 2806 parte,

2077 2844 2135 2889 ut
2167 2844 2530 2905 cognoscatur
2568 2853 2583 2890 :
2616 2832 2758 2889 Deus
2792 2842 2977 2889 autem
3013 2834 3314 2888 secundum
3352 2834 3651 2887 essentiam

2077 2942 2249 2991 suam,
2284 2927 2651 2996 quodcunque
2680 2933 2765 2979 est
2790 2925 3088 2979 secundum
3119 2925 3480 2978 sobstantiatn
3504 2963 3519 2987 ,
3555 2940 3654 2977 co-

2078 3021 2245 3092 gnitio
2280 3028 2364 3075 est
2392 3017 2699 3081 ineﬂ'abilis,
2722 3033 2841 3087 qua:
2867 3017 2923 3070 in
2957 3012 3135 3070 Mente
3164 3024 3213 3070 et
3247 3015 3419 3071 Verbo
3446 3026 3498 3069 et
3528 3015 3654 3084 Spi-

2077 3113 2186 3167 ritu
2217 3126 2310 3181 per
2341 3126 2399 3167 se
2443 3110 2681 3166 exsistit.
2737 3110 2877 3161 Deus
2934 3108 3098 3177 igitur
3127 3107 3351 3161 omnino
3385 3117 3465 3161 est
3495 3121 3653 3160 crea-

2080 3207 2214 3259 turis
2246 3202 2484 3273 ignotus,
2517 3210 2702 3271 utpote
2736 3201 2847 3267 ipsa
2898 3214 2994 3268 per
3022 3214 3080 3254 se
3121 3198 3380 3267 cognitio,
3430 3197 3532 3253 nisi
3568 3198 3654 3253 cui

2052 3288 2283 3366 placeat
2335 3296 2516 3350 dicere
2570 3308 2690 3348 esse
2722 3293 2889 3347 etiam
2940 3292 3108 3347 Deum
3140 3307 3305 3361 supra
3359 3291 3504 3346 hanc
3555 3290 3656 3346 im-

2078 3403 2279 3443 mensc.
2326 3386 2395 3442 Et
2444 3401 2638 3441 rursus
2669 3383 2907 3454 Cyrillus
2945 3384 2995 3437 in
3030 3383 3301 3451 capitibus
3331 3384 3398 3439 de
3446 3380 3652 3451 Spiritu

2074 3488 2301 3535 sancto:
2330 3477 2494 3541 Deus,
2525 3475 2721 3546 inquit,
2749 3474 2987 3529 charitas
3011 3482 3114 3538 est,
3139 3483 3196 3526 ιιι
3219 3471 3457 3528 Joannes
3486 3474 3649 3537 ait";

2073 3582 2127 3626 et
2163 3584 2267 3623 non
2298 3577 2383 3623 est
2411 3567 2705 3637 quidquam
2736 3565 2880 3620 aliud
2906 3566 3045 3634 ipse:
3071 3573 3125 3618 ct
3156 3564 3302 3617 aliud
3328 3565 3478 3632 quid,
3506 3565 3652 3634 quod

2074 3662 2128 3715 in
2162 3661 2278 3727 ipso
2304 3668 2423 3719 est;
2454 3658 2682 3726 simplex
2716 3658 2857 3723 enim
2883 3665 2937 3711 et
2963 3657 3079 3710 sine
3106 3656 3505 3727 compositione
3536 3665 3640 3710 est.

2074 3752 2217 3807 Idem
2247 3749 2423 3804 adhuc
2445 3749 2587 3803 libro
2618 3764 2787 3802 χχχιιι
2831 3746 3223 3801 Tltesaurorum
3252 3762 3271 3801 :
3301 3746 3488 3802 Omnia
3520 3746 3653 3801 mihi

2071 3843 2271 3896 tradita
2296 3853 2413 3896 sunt
2442 3857 2474 3894 a
2507 3837 2671 3893 Patre
2703 3854 2835 3905 meo,
2862 3848 2908 3893 et
2943 3854 3092 3892 nemo
3124 3838 3389 3906 cognoscit
3425 3835 3654 3906 Filium,

2072 3935 2172 3988 nisi
2202 3931 2397 3998 Pater;
2432 3946 2593 4000 neque
2630 3928 2851 3984 Patrem
2881 3931 2997 3997 quis
3026 3928 3167 3980 novit
3218 3928 3319 3981 nisi
3355 3922 3533 3981 Filius
3569 3928 3652 3990 ⁷⁸;

2071 4026 2195 4094 quia
2227 4022 2436 4080 scilicet
2460 4022 2603 4077 nulla
2636 4034 2787 4075 mens
2812 4029 2991 4075 creata
3025 4027 3202 4089 potest
3235 4019 3345 4075 ullo
3383 4022 3539 4076 modo
3567 4024 3651 4079 di-

2071 4116 2249 4171 vinam
2281 4116 2643 4172 substantiam
2673 4104 2984 4184 complecti,
3011 4112 3137 4183 quia
3166 4126 3385 4167 omnem
3413 4123 3647 4175 mentem

2071 4208 2236 4263 vincit
2260 4225 2273 4262 :
2293 4217 2348 4263 et
2370 4223 2532 4278 supra
2553 4221 2769 4262 omnem
2799 4206 3072 4260 notionem
3103 4204 3276 4260 fertur
3304 4206 3652 4275 pulchritudo

2069 4301 2187 4370 ejus
2214 4315 2338 4369 quae
2367 4315 2528 4370 supra
2564 4308 2811 4353 naturam
2843 4306 2928 4354 est
2948 4337 2962 4363 ,
2996 4306 3050 4353 et
3084 4297 3251 4352 deleri
3286 4310 3393 4353 non
3425 4309 3604 4369 potest
3635 4318 3650 4355 :

2068 4402 2123 4447 et
2151 4407 2182 4448 a
2217 4407 2277 4447 se
2305 4391 2419 4447 sola
2452 4390 2581 4461 quid
2612 4389 2686 4446 sit
2713 4389 3013 4445 secundum
3043 4400 3329 4457 naturam,
3360 4393 3651 4461 cognosci-

393 4490 522 4547 tate,
557 4495 679 4550 quae
734 4494 896 4551 supra
946 4485 1311 4540 substantiam
1364 4495 1469 4552 est,
1522 4500 1699 4555 neque
1754 4486 1968 4544 bonitas
2001 4502 2045 4559 ι)
2075 4495 2183 4540 tur.
2214 4484 2448 4540 Sanctus
2480 4481 2776 4554 Gregorius
2801 4480 3104 4553 Nyssenus,
3143 4483 3199 4538 in
3234 4484 3655 4544 Commentariis

460 4660 513 4736 Ῐξ
554 4657 881 4736 Philipp._t_t,
910 4661 964 4717 6.
1040 4662 1087 4695 "
1143 4665 1303 4724 Joan.
1330 4685 1404 4735 ιιι,
1446 4669 1536 4725 25.
1614 4670 1658 4703 "
1685 4671 1705 4726 Ι
1733 4671 1860 4727 Cor.
1890 4670 2041 4736 1,24.
2121 4672 2167 4703 ⁷⁸
2192 4669 2574 4736 Ρεε1.ειιι,94.
2651 4670 2699 4705 ⁷⁸
2730 4669 2941 4725 Coloss.
2968 4666 3122 4729 ι,16.
3199 4666 3466 4724 "lJoan.
3501 4672 3644 4735 st,8.

390 4726 438 4759 τε
464 4727 655 4784 Matth.
683 4726 761 4800 ii,
780 4726 874 4792 e7;

391 4954 723 5027 nominatur.
750 4954 896 5027 Quid
926 4964 1116 5012 natura
1152 4957 1223 5011 sit
1254 4954 1418 5018 Deus,
1453 4956 1681 5027 intelligi
1716 4972 1820 5011 non
1858 4971 1960 5025 po-

390 5033 538 5097 test;
572 5039 673 5097 nec
708 5024 801 5097 hic,
822 5026 1115 5096 Gregorius
1143 5026 1491 5097 contradicit,
1526 5024 1723 5097 qui'iu
1770 5024 1961 5082 eodem

393 5093 535 5148 libro
565 5094 642 5148 ait
669 5113 681 5149 :
708 5094 844 5160 Quid
874 5093 1121 5164 oporteat
1173 5096 1345 5150 solum
1376 5099 1440 5150 de
1470 5093 1578 5151 Deo
1607 5110 1962 5163 cegnoscere,

395 5164 599 5218 scilicet
632 5165 762 5218 nihil
794 5180 981 5218 eorum
1014 5180 1138 5220 esse
1169 5180 1288 5234 quae
1321 5166 1554 5234 humana
1587 5181 1739 5220 mens
1762 5179 1963 5233 cogno-

395 5245 550 5287 scere
580 5244 777 5301 potest.
813 5234 1092 5305 Significat
1124 5233 1286 5305 igitur
1337 5236 1422 5305 hic
1467 5233 1761 5305 Gregorius
1792 5234 1961 5305 Deum

395 5316 458 5356 es
480 5305 783 5373 creaturis,
812 5302 949 5373 quas
982 5302 1353 5371 intelligimus,
1406 5302 1628 5373 intelligi
1661 5304 1802 5372 quod
1850 5305 1921 5357 sit
1947 5344 1961 5366 .

395 5380 450 5425 et
479 5370 563 5424 illa
597 5388 716 5427 esse
749 5370 1044 5429 secundum
1070 5370 1309 5436 causam,
1338 5382 1457 5427 esto
1487 5370 1845 5441 perfectiones
1881 5389 1973 5429 no-

397 5441 634 5496 minibus
666 5444 756 5498 Dei
785 5442 1113 5510 signifieatas
1158 5445 1266 5497 Deo
1312 5443 1552 5510 proprie,
1598 5450 1653 5496 et
1702 5444 1873 5511 prius,
1918 5452 1972 5499 et

396 5512 760 5567 essentialiter
798 5512 1124 5576 convenire,
1157 5523 1210 5565 et
1258 5528 1287 5563 a
1340 5512 1605 5565 creaturis
1650 5514 1965 5581 participari

399 5586 605 5635 certum
647 5592 751 5647 est,
798 5592 852 5637 et
885 5583 935 5636 in
967 5598 1029 5636 ea
1061 5582 1398 5643 excellentia,
1451 5583 1504 5635 in
1548 5597 1652 5650 qua
1702 5580 1810 5636 Deo
1843 5580 1969 5637 cou-

401 5650 645 5719 Veniunt,
677 5666 781 5705 non
815 5667 967 5719 posse
990 5667 1019 5706 a
1052 5653 1206 5707 nobis
1236 5650 1477 5719 intelligi.

478 5718 554 5786 (i)
583 5717 827 5791 Cognitis
857 5737 961 5777 non
996 5722 1344 5791 cognoscitur
1376 5717 1550 5791 primo
1586 5723 1650 5775 ab
1689 5722 1962 5781 intellectu

1873 4825 2156 4890 Scholia.-

2064 4956 2297 5009 humano
2327 4965 2715 5024 cognoscente,
2750 4954 2874 5024 quia
2899 4956 3135 5023 primum
3183 4954 3457 5024 obiectum
3496 4951 3654 5007 intel-

2064 5024 2234 5079 lectus
2261 5026 2427 5079 nostri
2465 5025 2520 5079 in
2547 5026 2799 5093 praesenti
2823 5035 2967 5080 statu
3002 5036 3085 5082 est
3106 5041 3207 5082 eus
3235 5037 3289 5081 et
3314 5038 3501 5078 verum
3524 5038 3657 5077 con.

2062 5094 2358 5167 sideratum
2422 5096 3126 5167 i_n_rebusmaterialibus;
3188 5096 3644 5167 cognitioatttem

2064 5173 2148 5219 est
2180 5163 2577 5236 intntaterialis,
2608 5174 2662 5217 et
2685 5166 2820 5236 ideo
2838 5168 3189 5235 cognoscitur
3217 5162 3638 5236 postobjectum

2067 5233 2346 5305 materiale
2370 5236 2521 5304 prius
2540 5234 2818 5304 cognitum
2844 5253 2857 5301 ;
2884 5231 3061 5305 neque
3106 5231 3455 5301 cognoscitur
3484 5231 3645 5285 simul

2068 5317 2189 5375 cum
2218 5304 2432 5372 objecta
2455 5306 2696 5375 cognito,
2735 5314 2791 5357 ιιι
2821 5304 3059 5375 cognitio
3090 5306 3288 5374 lapidis
3316 5314 3647 5375 non_cu_gno-

2072 5373 2241 5425 Scitur
2287 5368 2447 5445 simul
2494 5368 2616 5429 cum
2664 5368 3017 5445 lapide,quia
3047 5368 3375 5443 cognoscere
3420 5368 3649 5436 lapidem

2071 5456 2175 5495 non
2205 5453 2288 5496 est
2323 5443 2585 5512 perfectio
2636 5443 2834 5513 lapidis
2872 5443 3108 5515 cegniti;
3145 5445 3343 5512 alioqui
3375 5456 3483 5496 uno
3526 5449 3650 5492 actu

2069 5524 2506 5583 cognosceretur,
2543 5517 2687 5569 sicut
2743 5516 3089 5583 cognoscitur
3116 5527 3221 5567 uno
3254 5520 3495 5583 actores
3529 5524 3651 5583 eum

2067 5580 2397 5648 perfectione
2446 5599 2586 5649 sua;
2619 5586 2758 5639 sicut
2807 5579 3051 5653 angelos
3084 5597 3192 5636 uno
3224 5591 3351 5636 actu
3399 5579 3655 5646 intelligit

2065 5664 2218 5722 suam
2243 5654 2662 5722 essentiam,et
2687 5667 2843 5713 suum
2879 5650 3210 5722 intelligere,
3239 5652 3495 5722 quodest
3524 5666 3650 5722 per-

2064 5721 2223 5776 fectio
2253 5723 2503 5779 essentice
2549 5716 2687 5791 eius,
2708 5738 2773 5780 cx
2793 5721 2850 5774 S.
2875 5716 3109 5778 Thamft
3148 5716 3227 5791 p.',
3255 5716 3421 5792 q._37,
3455 5716 3558 5779 ari.
3590 5718 3645 5774 3.
