4064 6266
378 280 480 346 981

1219 291 1455 352 DECAS
1490 294 1539 354 Χ
1596 317 1660 329 ’-
1702 294 1803 356 DE
1847 295 2114 360 Dli'l-NA
2153 297 2716 361 SlMl’LlClTATE.

3522 305 3643 371 932.

377 413 498 450 nten
559 397 662 455 ltoc
701 401 967 458 nominari
1029 405 1284 471 dicimus,
1321 417 1612 477 postquam
1660 414 1835 465 l'actus
1866 425 1950 467 cst
1976 428 2016 482 Α
2053 425 2186 481 tate,
2209 433 2327 485 quae
2356 433 2514 485 supra
2547 417 2905 471 substantiam
2929 423 3104 480 cst,et
3131 417 3322 485 inipsa
3340 429 3419 470 est
3455 419 3628 486 ipsum

375 491 467 553 qui
510 491 833 548 nominavit.
867 494 929 548 Et
964 494 1180 550 divinus
1213 497 1501 560 Maximus.
1538 502 1589 554 itt
1620 503 1842 558 scltoliis
1892 505 1943 556 in

377 578 691 649 Dionysium
723 598 842 653 cap.
875 585 930 652 5,
970 584 1047 641 De
1068 588 1260 642 divinis
1299 584 1640 646 nominibus:
1669 591 1834 660 Quia,
1867 595 1948 650 itt-

373 671 510 734 qttil,
552 673 773 743 quidant
823 677 1074 733 dixerunt
1111 679 1256 734 ideas
1297 691 1350 736 et
1384 684 1711 754 exemplaria
1756 702 1848 754 per
1891 703 1948 743 se

373 759 506 814 foris
559 765 847 832 exsistere,
906 769 1004 824 ltos
1039 786 1178 826 nunc
1205 771 1330 834 l'erit
1363 775 1614 842 gentiles,
1649 785 1705 830 et
1735 779 1850 833 ait:
1891 779 1944 835 Si

375 854 508 908 idem
542 872 647 910 non
681 868 860 915 essent
886 863 1203 931 simpliciter
1228 876 1282 918 et
1315 849 1661 934 Singulariter
1695 873 1947 930 notiones

373 959 700 1024 supr-aquam
719 951 995 1021 simplices
1018 953 1110 1008 Dei
1137 971 1465 1028 supraquam
1489 961 1774 1032 simplicis,
1802 981 1951 1021 com-

375 1037 747 1130 positusesset
767 1040 999 1100 Deus‘éx
1030 1051 1348 1122 exemplari,
1371 1063 1424 1108 et
1450 1071 1512 1110 ex
1546 1073 1605 1111 se
1629 1059 1766 1130 ipso,
1788 1074 1948 1129 quem

376 1125 512 1180 dixit
571 1126 858 1202 Dionysius
913 1150 1128 1194 omnem
1188 1141 1612 1210 duplicationem
1646 1125 1946 1210 Yrceusare.

377 1217 522 1272 [lem
544 1219 807 1279 Maximus
834 1227 884 1278 itt
915 1227 1115 1284 eisdem
1149 1233 1389 1300 scltoliis,
1423 1252 1544 1307 cap.
1580 1239 1637 1303 7,
1670 1255 1948 1308 exponens

377 1309 521 1372 quod
570 1308 856 1382 Dionysius
907 1319 1009 1371 ait:
1050 1318 1316 1391 Imagines
1379 1328 1638 1396 quasdam
1701 1332 1953 1390 similitu-

377 1399 555 1493 dinem
583 1402 881 1460 divinorum
918 1412 1298 1479 exemplarium
1339 1433 1358 1470 :
1389 1419 1539 1486 Quae,
1575 1423 1771 1492 inquit,
1807 1425 1952 1493 Sunt,

380 1489 430 1538 id
470 1499 570 1554 est,
607 1496 838 1560 species,
871 1507 924 1551 et
960 1501 1182 1572 singulae
1213 1519 1498 1577 creaturae,
1549 1526 1604 1571 ut
1638 1489 1826 1573 omnes
1863 1489 1954 1575 or;

373 1579 891 1685 dinesangelontm,
923 1603 978 1648 et
998 1598 1178 1652 omnia
1201 1614 1321 1667 quae
1351 1605 1452 1656 sub
1485 1620 1703 1662 sensum
1729 1611 1951 1678 cadunt,

377 1684 642 1769 imagines
685 1689 810 1732 sunt
838 1691 889 1735 et
921 1684 1305 1746 similitudines
1338 1693 1646 1751 divinarum
1686 1699 1951 1769 idearum,

2051 523 2191 574 esse,
2228 517 2280 566 et
2311 525 2488 564 rerum
2519 509 2807 579 principia,
2828 519 2884 562 et
2914 511 3093 562 omnia
3127 523 3458 578 qumcunque
3480 520 3630 579 sunt,

2051 609 2104 654 et
2138 615 2257 670 qua:
2297 604 2784 669 quotttodocunque
2838 609 3007 657 sunt:
3064 601 3228 670 idque
3261 601 3380 654 sine
3417 601 3631 654 habitu-

2052 692 2194 757 dine,
2227 701 2282 748 et
2313 693 2559 756 collecte,
2590 704 2643 750 et
2675 694 2823 747 unite
2849 709 2864 756 ;
2899 693 3165 763 siquidem
3196 693 3248 746 in
3275 688 3479 748 unitate
3504 710 3620 746 0m-

2052 783 2138 838 nis
2173 799 2428 840 numerus
2454 768 2802 838 uniformiier
2833 785 3156 853 praeexstitit
3185 785 3634 852 ;ltabetqneuni-

2051 886 2133 932 tas
2166 878 2222 933 in
2253 892 2311 933 se
2342 879 2452 947 ipsa
2479 878 2824 948 singulariter
2851 871 3065 933 ontn'em
3091 893 3397 940 numerum,
3432 887 3486 931 et
3511 892 3631 930 0m-

2054 969 2140 1024 nis
2171 981 2432 1024 nUmerus
2487 970 2540 1022 in
2578 986 2742 1027 unum
2797 971 3084 1042 copulatus
3117 981 3225 1031 est,
3257 980 3309 1024 et
3335 970 3388 1022 itt
3424 969 3634 1023 unitate

2052 1069 2250 1125 est;et
2285 1069 2488 1127 quanto
2534 1061 2759 1155 longius
2795 1063 2864 1116 al)
2913 1062 3120 1116 unitate
3183 1061 3447 1130 procedit,
3487 1071 3634 1114 tanto

2054 1153 2229 1220 magis
2262 1152 2544 1218 dividitur,
2575 1162 2630 1209 et
2653 1152 3044 1221 multiplicatur
3067 1172 3080 1217 ;
3100 1162 3154 1206 et
3169 1153 3220 1204 itt
3244 1162 3430 1206 centro
3447 1168 3636 1206 omnes

2059 1244 2212 1298 lineae
2243 1245 2432 1300 circuli
2467 1262 2570 1300 una
2620 1246 2973 1313 copulatione
3017 1245 3177 1300 simul
3235 1245 3548 1307 exsistunt;
3583 1254 3635 1296 et

2057 1334 2222 1390 habet
2256 1347 2514 1400 punctum
2564 1351 2758 1392 omnes
2813 1346 2988 1392 rectas
3049 1335 3222 1390 lineas
3286 1333 3625 1388 unilonnitet

2056 1427 2336 1493 cepttlatts
2367 1427 2507 1480 inter
2531 1443 2610 1492 se,
2635 1437 2688 1481 et
2721 1443 2841 1480 cum
2877 1443 2984 1481 uno
3012 1425 3302 1496 principio,
3331 1441 3358 1479 a
3383 1441 3489 1496 quo
3523 1427 3636 1478 exi-

2056 1530 2244 1582 erunt;
2283 1530 2333 1571 et
2366 1519 2416 1572 itt
2443 1519 2561 1588 ipso
2602 1528 2801 1572 centro
2833 1518 3059 1571 omnino
3093 1516 3358 1582 cepulataa
3378 1526 3504 1569 sunt
3535 1531 3550 1576 ;
3583 1527 3636 1570 et

2057 1625 2247 1678 parum
2275 1612 2342 1666 ab
2392 1627 2455 1665 eo
2487 1612 2770 1676 distantes,
2811 1626 3002 1678 parum
3053 1609 3401 1673 dividuntur;
3467 1607 3636 1674 magis

2057 1714 2236 1756 autent
2271 1705 2558 1769 distantes,
2597 1705 2790 1774 magis,
2828 1711 2881 1756 ct
2912 1711 2967 1756 ttt
3001 1701 3168 1758 settth
3209 1701 3404 1766 dicam,
3435 1708 3637 1768 quanto

375 1759 428 1811 Μ
464 1771 548 1816 θεῖ
573 1769 993 1866 ’θῖξὲωβιπῖυηῃ
1027 1789 1145 1843 (tua!
1177 1777 1228 1831 in
1263 1777 1370 1834 Deo
1397 1792 1546 1846 sunt,
1583 1799 1704 1852 qua:
1732 1787 1948 1854 quidem
1987 1773 2026 1827 Β
2057 1804 2390 1851 suntcentro
2413 1759 2853 1866 propinquiores,
2881 1803 3030 1847 tanto
3051 1793 3226 1860 magis
3251 1806 3372 1844 cum
3392 1806 3456 1842 eo
3474 1797 3528 1843 et
3553 1789 3636 1843 in-

374 1856 703 1923 exemplaria
730 1871 859 1916 sunt
887 1873 1105 1922 aaternse
1139 1872 1388 1928 notiones
1432 1873 1546 1937 Dei,
1578 1890 1677 1945 per
1709 1892 1866 1944 quas,
1898 1889 1952 1933 et

375 1949 672 2001 secundum
711 1966 847 2019 quas
873 1957 1052 2011 omnia
1083 1970 1238 2013 erant
1268 1964 1318 2015 itt
1359 1963 1476 2030 ipso
1523 1981 1630 2018 non
1656 1965 1758 2020 alia
1789 1983 1949 2036 quant

377 2037 525 2129 ipse;
560 2049 612 2092 et
641 2045 896 2109 producta
929 2059 1075 2114 sunt,
1104 2055 1246 2106 sicut
1290 2055 1363 2110 ait
1387 2038 1626 2112 Joannes
1663 2060 1715 2112 in
1744 2062 1952 2129 Apoca-

378 2127 513 2198 lypsi
535 2131 602 2196 δι,
621 2138 912 2201 quemdam
938 2141 989 2196 in
1007 2145 1398 2212 antiquissimis
1420 2150 1622 2218 angelis
1645 2127 1850 2207 dixisse
1877 2156 1948 2221 ei,

379 2223 522 2286 quod
553 2226 733 2281 omnia
753 2239 928 2294 erant,
958 2242 1011 2286 et
1034 2235 1173 2290 facta
1203 2249 1366 2304 sunt;
1396 2239 1542 2295 ideas
1569 2243 1706 2296 dixit
1742 2242 1948 2313 fuisse;

378 2326 431 2367 et
463 2316 725 2385 imagines
767 2329 928 2390 atque
999 2324 1389 2384 similitudines
1443 2333 1713 2397 idearum,
1759 2337 1812 2390 id
1845 2347 1948 2404 est,

380 2407 771 2473 exemplarium
804 2411 934 2466 dixit
960 2428 1082 2469 esse
1121 2418 1299 2472 omnia
1337 2435 1454 2486 qua:
1482 2424 1745 2485 producta
1777 2438 1943 2482 sunt.

383 2495 576 2552 B-atus
614 2499 1054 2590 Cbrysostomus,
1095 2510 1145 2561 in
1199 2511 1414 2565 ltomiIia
1451 2515 1516 2567 de
1568 2531 1751 2584 cruce,
1799 2522 1954 2590 cujus

383 2585 704 2660 principium
739 2605 854 2648 est:
886 2596 1025 2661 Quid
1049 2599 1218 2654 dicam
1242 2604 1267 2656 .9
1299 2605 1424 2670 quid
1451 2605 1687 2676 loquar?
1715 2627 1816 2679 quo
1859 2585 1955 2667 ito-

384 2680 520 2734 mine
568 2699 653 2738 vos
684 2687 956 2756 appellabo
977 2692 1002 2744 ?
1031 2690 1167 2747 Cum
1199 2694 1321 2750 dico
1364 2695 1530 2752 Deum
1582 2701 1862 2758 sedentem
1899 2705 1952 2760 in

381 2777 632 2844 excelsis,
683 2795 786 2834 non
821 2782 994 2838 solum
1025 2787 1078 2840 ln
1111 2802 1241 2854 uno,
1297 2790 1389 2845 sed
1425 2791 1628 2861 ubique
1671 2795 1950 2851 sedentem

384 2863 504 2917 dico
538 2884 550 2929 ;
593 2883 695 2922 non
733 2872 876 2925 enint
910 2874 1223 2931 dismntiam
1250 2879 1354 2934 loci
1382 2882 1563 2949 habet,
1597 2883 1686 2952 qui
1717 2896 1800 2941 est
1825 2903 1954 2944 suus

385 2956 551 3023 locus,
593 2960 681 3026 qui
710 2965 826 3028 ipse
854 2967 1034 3020 omnia
1070 2972 1238 3038 capit,
1275 2986 1400 3026 eum
1457 2989 1587 3028 vero
1618 2977 1752 3031 nihil
1787 2980 1952 3050 capit.

383 3046 514 3113 Quis
544 3052 686 3104 enim
721 3065 896 3122 potest
937 3071 1132 3126 capere
1168 3072 1415 3116 naturam
1457 3046 1867 3137 incorporeum,
1899 3081 1956 3128 et

2055 1897 2137 1942 ter
2165 1903 2224 1943 se
2247 1888 2596 1956 copulantur;
2621 1896 2898 1953 etquanto
2935 1886 3106 1956 magis
3131 1900 3158 1937 a
3192 1895 3380 1938 centro
3407 1883 3632 1941 distant.

2054 1988 2206 2034 tanto
2247 1981 2419 2047 magis
2451 1988 2505 2034 ct
2542 1980 2686 2034 inter
2719 1991 2778 2034 se
2819 1978 3061 2040 distant;
3087 1976 3195 2029 imo
3232 1985 3286 2027 et
3321 1975 3372 2025 in
3404 1981 3513 2025 tota
3539 1985 3636 2024 na-

2055 2079 2174 2126 tura
2250 2071 2510 2136 universi,
2561 2070 2803 2125 rationes
2912 2067 3343 2137 uniuscujusque
3430 2072 3636 2118 naturae

2053 2178 2156 2218 unt
2208 2161 2555 2228 coptlatione
2609 2175 2714 2211 tton
2776 2157 3004 2211 confusa
3068 2155 3307 2210 collectze
3352 2161 3499 2216 sunt,
3579 2150 3636 2205 οε

2054 2251 2110 2308 in
2137 2252 2315 2307 anima
2347 2251 2605 2319 copulatae
2666 2257 2794 2305 sunt
2828 2247 3176 2302 ttnilormiter
3227 2247 3483 2306 virtutes,
3517 2257 3637 2311 quae

2055 2344 2312 2399 omnibus
2342 2343 2596 2412 partibus
2625 2339 2872 2412 corporis
2901 2338 3189 2408 provident
3215 2355 3229 2401 ;
3269 2351 3371 2389 non
3420 2343 3503 2387 est
3534 2333 3636 2402 igi-

2057 2446 2146 2490 tur
2187 2435 2480 2494 absut'dum
2534 2449 2600 2489 ex
2629 2433 2812 2488 parvis
2843 2440 2900 2486 et
2945 2429 3176 2484 minutis
3227 2425 3555 2494 imaginibus
3585 2434 3640 2478 et

2053 2527 2318 2599 exempils
2348 2527 2414 2582 ad
2467 2540 2688 2582 causam
2751 2522 2998 2579 omnium
3057 2521 3415 2574 ascendentes
3461 2515 3637 2570 oculis

2055 2618 2430 2689 comtentplari
2456 2617 2640 2672 omnia
2674 2616 2729 2669 in
2763 2627 2931 2668 causa
2962 2613 3234 2672 omnium,
3275 2615 3326 2662 et
3360 2623 3478 2674 qua!
3511 2616 3639 2659 sunt

2055 2711 2197 2766 inter
2227 2725 2286 2766 se
2321 2708 2620 2772 contraria,
2656 2703 3001 2759 ttnil‘ormiter
3027 2711 3080 2756 et
3109 2699 3379 2768 cepuiate.
3399 2697 3480 2750 Ad
3515 2698 3632 2748 haec

2057 2811 2280 2856 sanctus
2315 2800 2577 2854 Maximus
2595 2796 2835 2866 adiungit
2853 2813 2866 2848 :
2886 2792 3016 2846 lllud
3045 2793 3096 2845 in
3123 2799 3273 2854 eo,et
3295 2805 3355 2842 ex
3377 2788 3533 2840 eosic
3553 2786 3637 2839 itt-

2057 2894 2407 2964 telligenilunt
2435 2892 2666 2959 est,ipsa
2702 2903 2794 2956 per
2827 2901 2886 2942 se
2912 2897 3242 2954 supraquam
3263 2880 3494 2940 bonitas,
3517 2892 3637 2946 quae

2057 2994 2140 3039 est
2192 3000 2364 3049 mens,
2383 2993 2436 3038 et
2453 2992 2564 3038 tota
2589 2993 2764 3042 actus,
2785 2978 2849 3032 ad
2869 2994 2929 3032 se
2947 2977 3118 3044 ipsam
3139 2985 3397 3027 conversa
3431 2970 3483 3022 in
3515 2979 3634 3020 actu

2058 3086 2163 3142 est,
2201 3092 2307 3131 non
2352 3084 2620 3144 potestate
2664 3073 2816 3142 prius
2871 3071 2987 3126 sine
3026 3078 3228 3129 tuente,
3269 3077 3453 3133 postea
3487 3076 3640 3116 tuens

388 3145 627 3195 materia:
655 3155 954 3212 expertem,
1003 3160 1162 3218 atque
1198 3152 1490 3218 infinitam,
1533 3167 1587 3213 et
1622 3173 1741 3226 quae
1775 3177 1954 3230 neque
1982 3161 2024 3216 C
2061 3176 2179 3222 actu
2205 3184 2219 3221 :
2250 3166 2393 3223 unde
2435 3175 2518 3221 est
2560 3163 2724 3219 etiam
2760 3177 2912 3216 mens
2966 3159 3140 3215 solum
3173 3173 3330 3228 pura,
3363 3170 3483 3224 quae
3533 3169 3642 3206 non

387 3231 715 3304 investigari,
737 3253 911 3312 neque
926 3243 1221 3312 corrumpi,
1237 3261 1412 3315 neque
1434 3249 1786 3322 intclligentia
1807 3269 1957 3308 com-

385 3325 644 3389 prehendi
695 3339 891 3398 potest,
939 3348 1056 3402 quae
1106 3345 1186 3391 est
1233 3336 1413 3396 Deus?
1451 3340 1606 3410 Apud
1653 3346 1768 3414 pios
1812 3347 1956 3402 enim

387 3418 465 3470 sic
479 3430 687 3488 oportet
713 3423 1014 3494 intelligere
1034 3425 1198 3482 Deum
1227 3449 1238 3482 :
1267 3430 1378 3497 ipse
1401 3448 1631 3504 namque
1648 3445 1732 3489 est
1749 3438 1956 3501 omnia,

388 3513 504 3596 ipse
527 3522 609 3568 cst
634 3525 817 3569 nostra
833 3531 977 3585 spes,
999 3528 1225 3575 utautea
1244 3509 1378 3586 dixi,
1403 3524 1544 3577 sicut
1563 3527 1822 3596 scriptum
1840 3536 1958 3584 est:

396 3595 519 3651 "me
551 3609 624 3652 est
679 3603 790 3654 rita
811 3615 1028 3668 (eterna,
1072 3614 1130 3658 ut
1179 3618 1493 3675 cognoscant
1520 3621 1567 3663 te
1595 3595 1760 3664 solum
1787 3630 1961 3668 verum

393 3687 576 3766 Deu‘t‘n,
599 3704 645 3744 et
670 3710 816 3759 quem
841 3697 1030 3750 misisti
1047 3697 1227 3751 Iesum
1247 3697 1511 3752 Christum
1530 3701 1822 3766 ".i'l‘lagnus
1840 3706 1935 3759 Dio
1950 3739 1963 3745 -

393 3783 592 3845 tit-sius.
614 3799 731 3852 cap.
752 3784 794 3837 .5
817 3783 888 3837 De
915 3786 1101 3840 divinis
1135 3789 1451 3852 nominibus,
1473 3791 1576 3846 ait:
1604 3791 1680 3846 Ex
1713 3795 1822 3863 ipsa
1842 3795 1962 3850 uni-

466 3875 506 3906 ⁸¹
547 3881 713 3946 Apoc.
765 3896 838 3945 tv,
874 3881 960 3936 ll.
1038 3880 1084 3911 θ’
1123 3880 1282 3936 Joan.
1314 3883 1525 3949 xvtt,'5.

2061 3257 2311 3328 intelligit
2360 3257 2710 3327 intelligentia
2751 3253 3093 3308 extrinsecus
3127 3248 3477 3302 introducta:
3545 3247 3641 3299 sed

2063 3363 2129 3404 ex
2164 3365 2220 3405 se
2243 3351 2356 3418 ipsa
2376 3349 2593 3418 penitus
2621 3345 2890 3411 intelligit.
2923 3341 2977 3397 Si
3009 3342 3153 3396 enim
3183 3339 3486 3393 substantia
3512 3337 3641 3405 ejus

2064 3439 2169 3494 alia
2196 3448 2297 3506 (ιιι,
2318 3422 2435 3508 qum
2467 3446 2642 3492 autem
2673 3434 2918 3505 intelligit
2946 3433 3045 3500 (l),
3077 3430 3180 3485 alia
3216 3431 3283 3485 ab
3313 3444 3400 3486 eo.
3431 3444 3534 3481 non
3559 3429 3640 3480 in-

2066 3530 2338 3602 telligctur
2374 3529 2511 3599 ipse,
2547 3527 2598 3581 id
2634 3536 2738 3590 est,
2764 3521 3067 3579 substantia
3097 3519 3252 3589 ejus;
3282 3516 3326 3571 si
3355 3517 3482 3585 quid
3513 3530 3642 3569 vero

2066 3621 2229 3675 habet
2266 3637 2292 3671 a
2319 3636 2398 3679 se.
2434 3619 2717 3674 uonltabet
2739 3618 2802 3671 ab
2838 3615 2981 3678 alio;
3015 3612 3060 3666 si
3089 3621 3268 3664 autem
3296 3623 3323 3660 a
3369 3623 3446 3674 se,
3481 3619 3535 3662 et
3567 3622 3637 3660 ex

2069 3727 2131 3766 se
2155 3711 2660 3781 iutelligit,ipseiest
2700 3723 2762 3760 ea
2791 3699 3207 3775 quzeintclligit;
3244 3699 3406 3767 igitur
3445 3700 3534 3769 qui
3561 3709 3642 3752 est

2059 3800 2361 3856 intellectus
2392 3801 2507 3872 ejus
2539 3800 2614 3867 (Ξ)
2635 3799 2774 3870 quod
2800 3807 2907 3859 est,
2936 3791 3184 3861 intelligit
3211 3787 3330 3858 quae
3350 3802 3496 3854 sunt,
3520 3796 3641 3844 tan-

1877 3953 2148 4017 Scholia.

395 4055 808 4138 Quaren-nmﬁ.
834 4054 1036 4138 Thom.-
1063 4055 1218 4138 dixit.
1241 4056 1720 4138 ﬂlIOd-illlitlsmmu
1745 4056 1966 4138 nomina

395 4143 500 4180 ttou
520 4126 691 4177 solum
717 4124 969 4177 dicuntur
1005 4126 1072 4176 de
1100 4127 1206 4176 Deo
1229 4129 1536 4187 causaliter,
1559 4137 1610 4177 ttt
1631 4124 1848 4193 quidam
1872 4140 1969 4192 po-

393 4204 639 4255 suerunt,
663 4210 764 4246 non
793 4196 990 4248 notavit
1009 4194 1344 4264 Dionysium.
1367 4208 1418 4249 ut
1445 4197 1662 4262 quidant
1687 4197 1967 4261 suspican-

396 4277 502 4320 tur.
521 4264 592 4316 De
612 4266 918 4321 inn-Satorum
948 4265 1224 4318 admoneo,
1250 4265 1700 4317 netantoauctori
1718 4266 1814 4316 hoc
1834 4265 1967 4316 falso

331 4335 350 4350 “’
397 4337 686 4398 tribua'ur,
717 4334 824 4384 imo
851 4333 962 4398 ipse
994 4333 1130 4385 idem
1153 4333 1816 4400 S.Tltom.interpretatus
1843 4333 1968 4386 Bio—

397 4407 607 4459 m'siunt
633 4419 750 4465 cap.
769 4403 820 4461 5.
843 4416 962 4454 cum
982 4403 1086 4455 ait:
1108 4403 1169 4455 Et
1199 4419 1368 4470 neque
1388 4404 1624 4457 totaliter
1651 4403 1752 4468 ipsi
1769 4419 1965 4456 conve-

397 4479 468 4527 nit
498 4461 1039 4537 aliqttid'atterualiter
1064 4461 1460 4537 exsisteutium,
1485 4483 1576 4527 aut
1595 4461 1965 4540 temporaliter
1996 4461 2038 4512 ι)

396 4542 823 4607 subsistendum,
846 4542 936 4594 sed
971 4550 1023 4594 et
1048 4559 1075 4593 a
1111 4551 1372 4610 tempore,
1404 4553 1454 4594 et
1480 4545 1546 4598 ab
1575 4553 1780 4604 att'o,et
1808 4544 1874 4596 ab
1900 4544 1966 4596 iis

399 4629 518 4672 aure
567 4621 694 4665 sunt
730 4610 780 4663 itt
833 4625 948 4664 αενο
998 4620 1050 4664 et
1089 4613 1157 4664 ab
1200 4614 1266 4665 iis
1315 4614 1702 4680 omnibusqure
1741 4621 1862 4664 sunt
1912 4615 1962 4667 in

398 4694 638 4743 tempore
711 4692 1074 4750 segregatur:
1127 4682 1538 4746 Universaliter,
1602 4684 1780 4749 inquit
1832 4697 1963 4735 sau-

397 4764 518 4806 ctus
535 4751 787 4810 Thomas.
804 4767 910 4805 non
937 4751 1244 4806 convenitei
1261 4751 1459 4819 aliquid
1483 4753 1785 4806 denumero
1811 4761 1960 4806 crea-

400 4831 422 4874 t
447 4837 664 4879 orarum.
697 4821 788 4874 sed
822 4830 1102 4888 separatur
1128 4837 1224 4889 per
1262 4821 1546 4890 quamdam
1587 4821 1960 4877 eminentiam.

407 4891 466 4942 Et
491 4907 676 4944 I‘ltt'Stts
712 4891 936 4952 :l'tiatn,
957 4891 1154 4960 ittqttit,
1179 4901 1469 4960 separatur
1499 4891 1566 4943 ab
1594 4889 1661 4944 iis
1688 4906 1805 4958 qum
1838 4903 1966 4947 sunt

403 4961 457 5013 in
487 4976 600 5014 aevo
637 4972 690 5012 et
727 4961 779 5012 itt
829 4971 1068 5027 tempore
1129 4976 1225 5029 per
1259 4961 1547 5026 quamdam
1587 4961 1959 5013 eminentiam.

365 5052 369 5055 -
401 5031 554 5096 Quod
584 5031 747 5098 igitur
787 5031 922 5083 dixit
945 5030 1003 5084 S.
1023 5029 1259 5084 'I‘ltomas
1285 5032 1395 5086 haec
1422 5030 1513 5083 Dei
1534 5031 1748 5084 nomina
1772 5030 1962 5093 lienus,

402 5112 454 5153 et
490 5102 727 5166 sapiens,
787 5112 849 5169 et
879 5100 1098 5166 similia,
1139 5101 1445 5169 signiﬁcare
1483 5115 1602 5154 esse
1632 5099 1747 5152 haec
1773 5100 1824 5152 itt
1858 5101 1965 5154 Deo

405 5170 724 5231 elllittt'lllel‘,
779 5166 849 5223 cx'
880 5169 1146 5238 Dionysio,
1194 5166 1356 5237 quem
1411 5170 1808 5238 interpretatus
1855 5181 1961 5230 est,

404 5253 464 5291 stt
490 5240 649 5302 upsit,
685 5251 952 5307 postremo
975 5237 1025 5290 in
1055 5242 1241 5291 cadent
1268 5255 1319 5303 q.
1358 5239 1444 5302 l5,
1473 5255 1524 5301 ρ.
1551 5254 1600 5303 p.
1621 5237 1796 5303 ιιι-ιθ,
1824 5243 1963 5304 quod

407 5307 690 5376 Diooysius
707 5309 1019 5378 dixitcapql
1043 5309 1115 5362 De
1132 5308 1322 5362 diuinis
1348 5309 1640 5361 nominibus
1656 5323 1674 5359 :
1712 5311 1963 5378 omnium

405 5390 714 5432 sant-torum
737 5377 1111 5457 theologorum
1143 5381 1395 5457 byntttunt
1416 5379 1658 5457 invenies
1678 5377 1743 5457 ad
1779 5377 1963 5432 beatos

409 5462 692 5512 processus
721 5449 1118 5502 nominationes
1137 5447 1496 5506 dividentem:
1534 5452 1612 5501 sic
1643 5448 1964 5514 interpreta-

411 5529 515 5580 tur,
552 5527 607 5570 ut
639 5519 866 5572 voluerit
929 5517 1212 5587 Dionysius
1241 5519 1570 5584 signiﬁcare,
1621 5517 1840 5570 nomina
1871 5517 1960 5572 Dei

411 5589 602 5647 bonus.
633 5588 838 5652 vivens,
891 5588 1130 5654 sapiens,
1161 5597 1215 5640 et
1247 5588 1351 5642 alia
1408 5587 1670 5654 ejusmodi
1711 5588 1961 5653 imposita

410 5657 624 5721 quidem
646 5672 766 5711 esse
793 5673 821 5711 a
853 5658 1220 5725 processibus,
1252 5657 1365 5711 sive
1392 5656 1746 5722 providentiis
1787 5655 1876 5708 Dei
1910 5658 1960 5709 itt

415 5734 689 5782 creaturas
724 5727 1084 5794 manantibus,
1116 5728 1209 5788 Sed
1231 5727 1537 5797 signiﬁcare
1568 5727 1741 5795 ipsum
1779 5741 1960 5784 rerum

2067 4058 2413 4128 principium,
2437 4068 2700 4128 quatenus
2722 4057 2772 4110 itt
2807 4073 2870 4110 eo
2898 4068 2976 4110 est
3006 4061 3155 4124 prius
3181 4059 3409 4118 bonitas,
3432 4057 3636 4128 elgv'ta,

2068 4125 2364 4194 sapientia,
2408 4127 2704 4194 etquidem
2733 4129 3082 4182 excellentius
3105 4145 3265 4196 quant
3309 4145 3336 4180 :t
3368 4125 3525 4179 ttoltis
3555 4129 3640 4178 itt—

2071 4199 2346 4268 telligalttr
2391 4208 2445 4251 et
2481 4197 2858 4268 signiﬁcetur:
2894 4199 3038 4252 aliud
3079 4201 3222 4251 enim
3277 4208 3363 4252 est
3393 4212 3420 4268 κδ
3447 4211 3546 4254 tlua
3584 4211 3642 4268 re

2073 4265 2371 4338 imponitur
2404 4283 2620 4338 nomen.
2648 4278 2700 4338 et
2735 4266 2877 4319 aliud
2912 4269 2962 4319 iu
2996 4284 3102 4335 qua
3133 4283 3186 4318 re
3220 4265 3532 4333 imponitur,
3563 4267 3642 4338 sic

2070 4335 2286 4391 ttontina
2351 4338 2444 4390 Dei
2496 4337 2744 4401 izttpositrt
2778 4346 2904 4388 sunt
2933 4352 2960 4388 a
2990 4338 3359 4404 providentiis,
3395 4349 3528 4401 quas
3549 4335 3595 4384 al
3622 4335 3640 4387 ἱ

2070 4419 2262 4461 vocant
2283 4422 2592 4474 processus,
2614 4406 2679 4459 ad
2700 4406 2980 4473 signiliean
3007 4408 3112 4459 lunt
3139 4405 3494 4460 substantiam
3516 4405 3640 4474 Dei,

2068 4476 2197 4530 licet
2221 4472 2328 4530 non
2365 4476 2601 4542 perfecte
2659 4472 2778 4528 eam
2805 4476 3174 4541 "signiﬁcent;
3214 4476 3352 4530 sicut
3407 4472 3644 4542 perfecte

2069 4547 2172 4600 ltoc
2206 4561 2405 4599 nomen
2449 4546 2610 4598 homo
2643 4543 2911 4612 significat
2937 4547 3294 4600 sttbsmntiatn
3321 4547 3432 4598 sive
3460 4557 3647 4612 essen-

2071 4619 2196 4668 tiant
2235 4616 2493 4674 hominis.
2525 4614 2651 4682 quia
2682 4611 2812 4680 quid
2842 4615 2913 4668 sit
2954 4612 3113 4678 Deus,
3143 4611 3529 4680 comprehendi
3558 4613 3645 4666 itt-

2070 4685 2360 4753 telligentia
2392 4699 2500 4738 non
2525 4691 2721 4753 potest,
2743 4691 2801 4753 ut
2817 4692 2994 4749 potest
3014 4684 3400 4748 comprehendi
3421 4682 3548 4753 quid
3572 4683 3642 4734 sit

2051 4751 2252 4816 .ltonto.
2282 4765 2363 4809 est
2387 4751 2541 4811 enim.
2575 4751 2776 4808 animal
2833 4753 3115 4814 rationale,
3145 4767 3266 4820 qua:
3290 4763 3366 4804 est
3401 4751 3640 4817 perfecta

2068 4825 2302 4877 essetttia
2339 4823 2592 4894 hominis,
2646 4837 2807 4894 quam
2857 4819 3336 4894 bomogsigniﬁca}
3372 4819 3642 4894 lmoillu-l

2067 4895 2227 4946 etiam
2257 4905 2338 4946 cst
2361 4893 2777 4953 advertendum,
2811 4892 3132 4943 vocabulum
3160 4891 3335 4957 ipsum
3359 4933 3372 4952 ,
3399 4891 3646 4943 eminen-

2070 4966 2163 5022 tia,
2185 4976 2236 5014 et
2265 4964 2588 5022 eminenter,
2620 4961 2818 5028 quibus
2844 4962 2902 5013 S.
2933 4960 3171 5014 Tnumas
3234 4962 3307 5013 uti
3339 4961 3496 5020 solet,
3519 4975 3639 5011 cum

2069 5035 2134 5086 de
2167 5035 2307 5085 notni
2335 5033 2473 5085 titus
2531 5030 2620 5084 Dei
2659 5031 2914 5096 loquitur,
2950 5044 3001 5086 et
3051 5034 3180 5100 quid
3211 5031 3264 5084 itt
3296 5029 3640 5100 υθοιιίκιιίιξο
3681 5089 3684 5092 ,

2068 5113 2189 5155 t‘enl
2221 5103 2470 5167 explicat,
2505 5119 2567 5153 cx
2594 5100 2847 5172 Dionysio
2886 5098 3203 5172 SlltllpSlet‘,
3241 5102 3331 5169 qui
3374 5098 3642 5172 ἐξῃρημξα

2069 5191 2192 5233 νιος,
2229 5184 2284 5223 ιιι
2309 5172 2464 5238 paulo
2515 5182 2639 5223 ante
2671 5167 2885 5235 notavi,
2911 5167 3094 5226 dicere
3125 5167 3281 5234 solet,
3321 5186 3391 5238 qu
3415 5167 3465 5219 »ξι
3495 5167 3642 5218 varie

2066 5244 2192 5294 licet
2246 5241 2612 5307 interpretari,
2647 5241 2808 5296 elate.
2863 5250 3268 5309 exsuperanter,
3313 5239 3637 5309 entinenter,

2065 5304 2640 5375 eximimexcellettter,
2661 5304 3078 5380 separate—li)
3101 5311 3230 5374 Qua:
3248 5321 3419 5380 autem
3443 5312 3550 5380 inte
3575 5304 3644 5358 li-

2065 5384 2164 5448 git,
2203 5382 2311 5435 alia
2341 5382 2402 5434 ab
2427 5391 2652 5447 eo,ctc.,
2680 5376 2732 5433 ct
2763 5383 2916 5449 paulo
2953 5376 3070 5449 post
3103 5381 3211 5448 ('2):
3253 5377 3420 5445 igitur
3443 5376 3532 5444 qui
3560 5385 3636 5427 est

2069 5452 2361 5504 intellectus
2416 5452 2527 5518 ejus
2557 5453 2695 5520 quod
2739 5461 2835 5512 est,
2884 5451 3123 5516 intelligit
3169 5464 3284 5516 qua:
3324 5455 3467 5520 sunt,
3516 5454 3643 5520 tan:

2066 5536 2222 5588 quam
2250 5523 2338 5588 qui
2371 5512 2468 5575 est.
2500 5512 2614 5575 Non
2643 5536 2707 5575 eo
2748 5522 2975 5576 tendunt
3006 5512 3140 5576 hate,
3181 5512 3241 5570 ut
3270 5517 3485 5588 probet,
3499 5512 3643 5582 quod

2071 5587 2210 5642 Dens
2235 5587 2340 5645 alia
2359 5606 2388 5644 a
2413 5606 2469 5645 se
2503 5607 2609 5645 non
2639 5593 2932 5658 cognoscit,
2957 5599 3048 5641 aut
3081 5603 3184 5658 non
3238 5587 3514 5655 cognoscit
3533 5600 3635 5658 co-

2069 5661 2309 5727 gnitjone
2336 5661 2680 5728 pqopria,scd
2707 5653 2985 5719 universe,
3028 5655 3252 5722 quifuit
3279 5653 3642 5728 quorumdam

2068 5720 2224 5786 Error
2248 5746 2279 5785 a
2300 5720 2356 5785 S'.
2377 5720 2566 5785 illum.
2595 5738 2811 5784 notatus
2842 5738 2891 5781 et
2925 5720 3328 5796 reprehensus]
3361 5743 3412 5797 ιι.
3452 5740 3506 5796 q.
3544 5720 3634 5789 14,
