4064 6266
489 359 592 425 983

1647 349 1968 415 JOANNIS
2008 349 2574 418 CYPARISSIOT/E

3632 356 3723 420 984i

418 546 419 549 η
489 487 649 542 quam
678 471 911 542 quiest:
953 483 1124 540 quare
1151 469 1195 524 si
1227 482 1347 524 cum
1379 464 1631 537 intelligit
1654 480 1712 521 sc
1744 465 1942 532 ipsum,
1978 465 2059 515 ln-
2089 463 2136 519 Λ
2166 482 2341 539 neque
2388 472 2647 540 movens;
2686 488 2860 544 neque
2901 456 3250 544 principium,
3290 475 3369 527 vel
3427 473 3606 537 linem,
3650 477 3720 526 vel

491 566 673 634 lolligit
709 579 827 634 quae
878 572 1024 629 sunt,
1059 563 1170 631 ipse
1199 570 1284 616 est
1339 574 1400 614 ea
1431 573 1549 629 quae
1576 566 1742 624 sunt;
1794 565 1888 611 aut
1918 555 2063 610 enim

489 656 751 723 intelliget
766 671 825 710 ea
845 640 962 724 qua:
976 654 1102 710 alibi
1122 661 1266 719 sunt,
1286 661 1377 707 aut
1392 638 1509 723 qnai
1532 652 1586 705 in
1603 666 1659 707 se
1677 650 1793 718 ipso
1810 658 2065 717 tanquam

487 766 620 804 sua:
657 764 775 818 qua:
810 747 935 803 alibi
972 756 1116 814 sunt,
1153 760 1260 801 non
1291 752 1471 815 potest
1524 744 1640 813 fieri
1672 751 1732 797 ut
1761 734 2061 808 intelligat;

491 842 577 893 ubi
616 842 757 895 enim
790 840 951 895 sunt?
987 854 1054 893 an
1081 838 1131 892 in
1167 839 1234 893 iis
1271 853 1391 907 quae
1431 838 1530 893 sub
1574 848 1794 890 sensum
1828 829 2066 887 cadunt?

491 944 545 985 at
570 948 688 1000 qua:
710 932 807 989 διώ
835 946 1060 985 sensum
1092 932 1319 996 eadunt,
1348 944 1451 984 non
1477 936 1628 992 sunt,
1675 933 1863 993 utpote
1887 929 2064 976 muta--

487 1024 638 1087 bilia,
662 1032 714 1076 et
740 1033 918 1077 ortum
956 1030 1116 1090 atque
1137 1021 1416 1076 interitum
1454 1019 1745 1088 capientia.
1776 1016 1846 1071 Se
1880 1016 2060 1084 igitur,

488 1128 538 1169 et
566 1115 617 1169 in
640 1130 699 1169 se
728 1114 1006 1185 intelligit;
1036 1115 1163 1185 quia
1206 1128 1333 1168 vero
1358 1112 1501 1166 Deus
1539 1120 1729 1164 auctor
1760 1116 1843 1163 est
1877 1120 2064 1161 eorum

484 1222 604 1274 qttze
630 1213 756 1262 sunt
788 1250 799 1272 ,
831 1207 875 1261 si
904 1207 957 1259 in
986 1220 1048 1261 se
1094 1219 1157 1259 ea
1200 1219 1305 1259 non
1338 1202 1608 1272 intelligit,
1642 1197 1980 1269 iiitelligeqin
2004 1186 2065 1250 eo

485 1300 628 1368 quod
655 1299 898 1353 nondum
938 1307 1043 1353 est.
1072 1301 1138 1351 At
1190 1296 1304 1367 ipse
1341 1296 1693 1364 archetypum
1736 1299 1842 1355 est,
1875 1290 1926 1343 id
1960 1296 2080 1353 est,

485 1391 716 1461 primum
761 1389 1038 1458 exemplar
1083 1388 1345 1445 uuiversi.
1380 1392 1579 1455 etquae
1638 1382 1917 1448 intelligit,
1954 1394 2060 1432 non

485 1483 683 1551 accipit
716 1495 900 1535 eorum
936 1490 1110 1551 typos,
1144 1480 1195 1532 id
1234 1485 1317 1533 est
1342 1478 1576 1543 species,
1605 1473 1720 1528 sive
1766 1470 1965 1525 formas
1999 1469 2064 1521 ab

486 1575 628 1640 aliis,
666 1575 763 1628 sed
814 1572 995 1643 petitis
1055 1571 1169 1639 ipse
1209 1579 1291 1624 est
1325 1567 1603 1637 exemplar
1636 1578 1840 1620 rerum.
1889 1561 2068 1627 Quare

486 1682 587 1721 nec
607 1667 723 1733 ipse
740 1665 894 1720 estin
923 1665 1065 1728 loco,
1092 1677 1268 1731 neque
1290 1676 1407 1730 quae
1427 1660 1477 1714 in
1505 1659 1621 1728 ipso
1640 1662 1788 1721 sunt,
1813 1664 2065 1724 tanquam

490 1759 542 1811 in
582 1757 701 1811 loco
754 1766 901 1821 sunt,
939 1756 1033 1810 sed
1071 1755 1233 1811 habet
1267 1769 1329 1809 ea
1362 1762 1419 1807 ut
1452 1766 1507 1807 se
1538 1751 1716 1819 ipsum
1755 1746 1987 1809 habens,
2014 1753 2069 1798 et

489 1851 542 1903 in
566 1849 643 1904 eis
671 1834 1241 1913 exsisteus;'omuibus
1274 1844 1492 1914 quidem
1546 1841 1707 1896 simul
1748 1836 2062 1894 exsistenti-

488 1941 611 2008 bus,
676 1941 809 1995 etin
864 1937 1173 2006 impartibili
1245 1937 1294 1989 in
1329 1936 1444 2004 ipso
1499 1926 2063 1993 exsistentibus,dis-

490 2032 671 2088 tinctis
718 2046 850 2087 vero
895 2031 946 2085 in
977 2027 1288 2100 impartibili
1319 2023 1739 2095 impartibiliter.
1778 2020 1941 2091 Igitur
1968 2033 2066 2074 no-

488 2124 665 2179 tiones
695 2125 812 2191 elns
828 2131 954 2177 sunt
984 2136 1095 2187 res,
1120 2137 1207 2177 res
1229 2128 1410 2180 autem
1434 2118 1619 2173 format
1643 2126 1791 2183 sunt,
1817 2116 2065 2171 notiones

486 2227 618 2267 vero
642 2228 745 2267 nou
786 2211 1222 2280 sic'accipienda:
1274 2217 1422 2275 sunt,
1461 2217 1521 2263 ut
1560 2207 1688 2277 quia
1721 2207 1824 2261 hoc
1853 2204 2065 2260 intelle-

489 2305 587 2368 xit,
620 2302 720 2357 fuit
758 2303 897 2369 hoc;
931 2300 1240 2369 huiusmodi
1270 2301 1413 2354 enim
1442 2297 1723 2353 notionem
1762 2303 1975 2365 oportet
2007 2304 2068 2348 ut

490 2403 863 2458 antegressum
902 2394 971 2447 sit
997 2391 1203 2460 aliquid
1233 2392 1377 2460 quod
1413 2389 1756 2460 intelligitur,
1808 2388 1954 2456 quod
1991 2387 2068 2442 fe-

491 2484 567 2540 cit
595 2494 651 2538 ut
681 2484 799 2553 ipse
826 2482 1191 2552 intelligeret;
1251 2482 1343 2536 sed
1402 2481 1583 2550 potius
1637 2479 1908 2550 intelligit,
1949 2494 2070 2549 quae

493 2588 644 2642 sunt,
670 2575 1191 2646 nempeintelligens
1217 2589 1276 2629 se
1309 2575 1509 2644 ipsum,
1541 2583 1594 2629 et
1614 2589 1737 2629 cum
1768 2573 1834 2628 iis
1857 2587 1978 2642 quae
2012 2573 2068 2627 in

494 2669 615 2737 ipso
658 2667 862 2732 insunt,
888 2665 1192 2736 cepnlatns.
1244 2664 1320 2719 Ex
1355 2665 1438 2721 his
1466 2665 1658 2733 liquet,
1690 2665 1834 2733 quod
1871 2664 1924 2716 in
1946 2663 2071 2717 uni.

498 2771 625 2827 tate,
657 2775 776 2830 qua:
808 2774 971 2828 supra
994 2757 1355 2814 substantiam
1388 2766 1492 2822 est,
1522 2771 1631 2813 non
1676 2765 1894 2826 oportet
1923 2771 2070 2825 qum-

498 2867 618 2909 rere
649 2852 898 2917 multa,et
926 2850 1166 2915 diversa,
1188 2865 1310 2919 qua}
1345 2850 1397 2903 in
1429 2848 1545 2918 ipsa
1588 2857 1936 2917 spectantur:
1963 2847 2071 2915 pri-

496 2959 643 2998 mum
678 2944 917 3011 quidem,
937 2943 1063 3013 quia
1088 2952 1279 3017 natura
1302 2940 1690 3007 differentium,
1715 2940 2070 3009 quantitatem

496 3041 550 3093 ct
583 3048 871 3086 numerum
906 3033 1112 3087 inducit
1136 3033 1188 3086 in
1213 3032 1466 3101 simplici,
1486 3043 1539 3086 et
1568 3032 1684 3086 sine
1727 3031 2073 3100 confusione,

2171 569 2405 623 medium
2444 566 2671 631 habens,
2713 582 2809 621 nec
2846 569 2897 621 in
2942 567 3192 638 quopiam
3222 581 3407 623 eorum
3448 582 3567 634 quae
3594 579 3723 629 sunt,

2169 668 2284 725 est;
2313 673 2487 728 neque
2516 660 2811 731 quidquam
2845 674 3032 715 eorum
3068 668 3189 725 est;
3232 673 3406 726 neque
3454 659 3661 727 penitus
3682 661 3722 712 ei

2172 753 2427 807 convenit
2453 752 2744 822 quidquam
2773 766 2960 806 eorum
2996 765 3115 822 quas
3149 751 3201 804 in
3230 765 3345 805 aevo
3387 759 3483 804 aut
3514 750 3565 804 in
3608 762 3727 803 tem-

2170 861 2298 912 pore
2325 845 2625 911 exsistunt;
2659 846 2788 914 quin
2826 844 3005 915 potius
3031 854 3183 899 extra
3220 853 3459 913 tempus,
3486 851 3535 899 et
3571 858 3727 897 saecu-

2168 936 2299 1001 lum,
2348 937 2463 992 sive
2507 950 2703 1001 aevum,
2750 944 2805 990 et
2849 944 2999 992 extra
3033 935 3216 990 omnia
3266 950 3384 1004 quae
3421 937 3474 988 in
3522 936 3727 1001 saeculo,

2170 1035 2259 1079 aut
2290 1036 2533 1093 tempore
2564 1034 2712 1088 sunt,
2737 1033 2818 1080 est
2846 1045 2859 1092 ;
2887 1025 3011 1096 quia
3044 1025 3343 1094 ipsumper
3374 1040 3435 1079 se
3463 1041 3653 1103 aevum,
3683 1036 3728 1080 et

2170 1119 2346 1184 ipsum
2381 1131 2476 1189 per
2510 1132 2567 1173 se
2606 1126 2843 1187 tempus,
2873 1126 2925 1174 et
2957 1124 3078 1187 quae
3104 1128 3249 1182 sunt,
3275 1125 3329 1173 et
3361 1132 3482 1185 qua:
3508 1119 3596 1171 illa
3627 1133 3732 1185 quae

2171 1220 2316 1273 sunt,
2354 1209 2673 1274 metiuntur,
2698 1211 2880 1265 omnia
2915 1224 3008 1278 per
3039 1210 3240 1279 ipsum,
3269 1220 3322 1264 et
3348 1210 3579 1281 abgipso.
3609 1210 3733 1264 San-

2172 1315 2288 1358 rtus
2328 1304 2613 1370 Maximus,
2637 1304 2689 1358 in
2714 1305 2958 1359 centuria
2981 1305 3178 1372 prima,
3206 1319 3323 1375 cap.
3344 1306 3403 1370 7,
3434 1306 3548 1359 ait:
3574 1304 3731 1359 Omne

2170 1396 2487 1467 principium
2537 1405 2592 1450 et
2632 1395 2890 1463 medium,
2920 1406 2973 1450 et
3020 1395 3142 1450 ﬁnis
3198 1411 3304 1450 non
3352 1411 3732 1465 usquequaque

2172 1486 2370 1556 negant
2417 1487 2544 1556 quin
2593 1487 2885 1541 secundum
2938 1485 3309 1540 habitudinem
3360 1486 3732 1554 praedicentur,

2172 1579 2311 1635 Deus
2343 1589 2522 1633 autem
2560 1582 2610 1632 in
2645 1577 2955 1633 universum
2984 1579 3130 1632 omni
3183 1578 3503 1632 habitudine
3537 1575 3733 1629 infinite

2171 1671 2224 1725 in
2270 1671 2537 1726 infinitum
2589 1671 2834 1739 superior
2885 1685 3007 1725 eum
3062 1671 3151 1735 sit,
3190 1680 3622 1731 consentaneum
3658 1679 3731 1722 est

2172 1772 2230 1818 ιιι
2283 1776 2456 1830 neque
2488 1760 2836 1831 principium,
2873 1775 3048 1830 neque
3097 1760 3361 1823 medium,
3413 1775 3588 1829 neque
3620 1760 3731 1813 linis

2172 1856 2276 1918 sit;
2314 1867 2487 1920 neque
2516 1852 2807 1921 quidquam
2843 1852 3064 1905 omnino
3099 1850 3263 1905 habet
3291 1864 3509 1916 eorum,
3556 1849 3607 1902 in
3630 1849 3734 1919 qni-

2172 1948 2271 2002 bus
2324 1955 2514 2001 natura
2556 1944 2853 1999 secundum
2909 1942 3279 1998 habitudinem
3335 1942 3645 2011 praedicatio
3666 1940 3730 1993 ad

2173 2038 2376 2108 aliquid
2415 2038 2561 2092 cerni
2595 2046 2790 2106 potest.
2823 2035 2966 2091 Idem
3002 2035 3056 2089 in
3086 2034 3277 2090 eadem
3304 2033 3581 2093 centuria,
3620 2046 3727 2102 cap.

2173 2130 2241 2186 82
2274 2150 2284 2184 :
2321 2129 2513 2185 Omnis
2545 2130 2779 2199 cognitio
2808 2127 2972 2182 habet
3003 2126 3465 2197 significationem
3502 2124 3733 2180 multitu-

2174 2221 2315 2277 dinis
2340 2230 2398 2275 ut
2430 2219 2709 2274 minimum
2749 2217 3017 2283 duorum;
3070 2215 3247 2271 m'edia
3293 2218 3443 2271 enim
3481 2224 3563 2271 est
3593 2215 3732 2269 habi-

2178 2317 2304 2370 tudo
2328 2316 2554 2368 duorum
2593 2320 2983 2373 extremorum,
3013 2324 3136 2379 quas
3168 2309 3309 2363 inter
3336 2324 3398 2365 se
3422 2308 3633 2377 copulat
3664 2306 3738 2361 Ῑιι-

2178 2408 2526 2477 telligentem,
2579 2414 2633 2461 et
2694 2418 2806 2460 rem
2870 2402 3200 2457 intellectam
3240 2419 3252 2455 :
3291 2410 3547 2455 neutrum
3606 2400 3734 2454 enim

2178 2506 2352 2569 potest
2373 2510 2763 2567 usquequaque
2783 2508 3001 2551 servare
3028 2492 3460 2563 simplicitatem,
3487 2494 3608 2561 quia
3627 2506 3734 2546 cum

2180 2607 2244 2646 eo
2289 2591 2379 2660 qui
2413 2599 2515 2654 est,
2552 2587 2787 2658 aliquam
2821 2601 2935 2643 rem
2976 2584 3279 2655 subiectam
3316 2584 3645 2655 intelligens,
3676 2583 3739 2637 si-

2181 2682 2291 2737 mul
2333 2682 2604 2752 c0gitatur
2651 2680 2854 2736 habere
2907 2687 3231 2748 potestatem
3286 2677 3739 2747 intelligendizet

2181 2774 2323 2842 quod
2375 2772 2695 2841 intelligitur
2747 2771 3053 2841 subjectum
3108 2769 3382 2840 quoddam
3435 2778 3536 2831 est,
3571 2767 3648 2822 vel
3692 2766 3737 2819 in

2182 2866 2444 2932 subjecto,
2484 2879 2602 2917 cum
2633 2879 2740 2933 quo
2785 2863 2945 2918 simul
2991 2862 3258 2932 cogitatur
3283 2862 3429 2927 quod
3461 2860 3625 2930 possit
3670 2858 3740 2910 in-

2184 2958 2487 3028 telligi,ant
2517 2955 2784 3025 cogitatur
2829 2955 2987 3009 simul
3026 2952 3387 3023 prmsubjecta
3436 2948 3737 3010 substantia,

2183 3052 2333 3117 cujus
2363 3055 2446 3101 est
2474 3054 2750 3114 potestas;
2786 3060 2892 3100 non
2918 3045 3059 3100 enim
3085 3052 3169 3099 est
3196 3056 3282 3097 res
3306 3042 3493 3111 aliqua
3519 3040 3739 3101 omnino,

496 3134 552 3181 et
578 3124 847 3186 divisione
875 3140 981 3177 uno
1004 3132 1059 3185 et,
1096 3132 1242 3189 toto;
1274 3122 1541 3189 secundo,
1572 3124 1697 3192 quia
1731 3125 1914 3180 omnia
1954 3139 2076 3193 qua:

2184 3151 2301 3205 quae
2327 3135 2443 3205 ipsa
2473 3148 2569 3202 per
2599 3146 2658 3188 se
2688 3132 2761 3189 sit
2805 3134 3034 3204 simplex
3069 3131 3403 3194 substantia,
3443 3137 3538 3186 aut
3577 3126 3743 3198 cogni-

503 3217 560 3271 in
590 3215 705 3286 ipsa
740 3216 1018 3280 dicuntur,
1054 3225 1176 3268 sunt
1204 3215 1380 3269 divina
1416 3224 1465 3270 et
1490 3215 1642 3270 beata
1678 3217 1792 3285 ejus
1823 3218 2079 3272 subStan-

505 3310 603 3375 tia,
640 3318 828 3378 utpote
860 3324 979 3377 quia:
1019 3320 1101 3363 cst
1127 3290 1358 3363 essentia
1415 3324 1479 3366 ex
1516 3310 1760 3379 pluribus
1794 3310 1853 3365 in
1917 3325 2081 3364 unam

501 3402 769 3459 ttnitatem
800 3399 1631 3470 congregatis,0nlttidifferentia
1667 3403 1921 3457 omnibus
1955 3418 2076 3458 mo-

502 3495 588 3557 dis
648 3495 701 3548 in
745 3493 1083 3563 congregatis
1111 3493 1352 3547 sublata:
1378 3503 1431 3546 et
1458 3509 1579 3562 qua:
1609 3494 1748 3549 inest
1774 3494 1826 3551 in
1859 3494 1943 3548 his
1969 3494 2087 3548 sine

506 3586 843 3651 habitudine,
865 3594 921 3642 et
954 3586 1328 3654 singulariter,
1360 3596 1534 3645 etnon
1566 3598 1820 3655 tanquam
1852 3586 2080 3640 alterum

503 3682 560 3737 in
580 3681 770 3743 altero,
790 3680 882 3736 sed
910 3681 1142 3734 maxime
1167 3694 1494 3750 supraquam
1518 3679 1784 3748 copulate,
1815 3679 1960 3735 nulla
1988 3679 2088 3735 du-

504 3773 800 3842 plicatione
819 3772 1020 3840 posita;
1075 3787 1173 3825 nec
1199 3773 1343 3824 enim
1393 3773 1867 3842 tanquaminloco
1905 3774 2086 3827 omnia

506 3863 843 3932 exemplaria
882 3878 1063 3917 rerum
1099 3862 1261 3917 habet
1298 3863 1477 3917 unitas
1494 3878 1658 3931 supra
1694 3864 2081 3931 substantiam,

509 3970 612 4010 nec
646 3956 761 4025 ipsa
800 3956 991 4010 horum
1026 3954 1176 4009 locus
1216 3955 1469 4021 efﬁcitur,
1507 3955 1599 4009 sed
1628 3956 1807 4024 potius
1845 3957 2087 4011 habetea

508 4060 763 4114 tanquam
796 4048 1040 4116 seipsam
1065 4046 1257 4109 habet;
1289 4054 1341 4099 et
1363 4046 1503 4100 inest
1532 4046 1666 4113 ipsis
1694 4056 1947 4115 tanquam
1965 4050 2095 4103 sub-

506 4132 704 4192 stantia
747 4146 802 4191 et
834 4138 1091 4202 essentia,
1145 4152 1373 4203 quorum
1435 4148 1520 4193 est
1561 4140 1866 4193 substantia
1903 4148 1957 4194 et
2005 4156 2095 4196 es-

509 4230 702 4295 sentia,
720 4229 942 4298 solaque
965 4229 1272 4297 purissima,
1290 4236 1342 4279 et
1360 4230 1477 4282 sine
1505 4229 1648 4290 omni
1667 4230 1906 4297 subjeCto
1922 4241 2093 4286 actus.

1099 4316 1332 4371 CAPUT
1395 4318 1488 4372 lX.

510 4433 662 4498 Quod
693 4433 747 4485 in
779 4433 1004 4494 unitate,
1033 4447 1150 4500 qua:
1181 4448 1340 4500 supra
1385 4431 1734 4485 substantiam
1789 4441 1889 4493 est,
1928 4447 2088 4501 neque

2189 3227 2282 3289 tio,
2316 3225 2405 3279 ubi
2451 3234 2510 3280 et
2537 3225 2720 3281 unitas
2752 3224 2821 3279 sit
2871 3223 3168 3278 individua.
3218 3222 3361 3278 Deus
3409 3232 3607 3286 autem,
3641 3219 3742 3276 sive

2186 3318 2547 3374 substantiam
2582 3317 2853 3381 dicamus,
2900 3330 3004 3370 non
3054 3314 3216 3371 habet
3252 3322 3572 3383 potestatem
3600 3309 3740 3365 intel-

2189 3412 2408 3481 ligendi,
2443 3426 2563 3480 qnae
2595 3409 2918 3465 naturaliter
2964 3423 3088 3465 cum
3149 3423 3216 3463 eo
3270 3408 3639 3476 intelligatur;
3684 3417 3741 3456 ne

2192 3504 2454 3558 habeatur
2496 3503 2851 3571 compositus,
2905 3502 3024 3556 sive
3076 3502 3325 3557 dicamus
3378 3498 3741 3570 cognitionem,

2194 3611 2299 3650 non
2335 3595 2497 3655 habet
2529 3593 2826 3661 subiectam
2861 3591 3245 3656 substantiam,
3286 3607 3409 3661 qua:
3446 3587 3742 3645 naturaliter

2194 3687 2420 3755 recipiat
2449 3686 2841 3757 cognitionem,
2872 3685 2965 3739 sed
2997 3685 3048 3738 id
3080 3688 3255 3753 ipsum
3292 3685 3440 3754 quod
3469 3679 3737 3738 secundum

2194 3778 2553 3834 substantiam
2584 3784 2687 3842 est,
2730 3776 2968 3845 cognitio
2995 3785 3080 3831 est
3112 3770 3275 3837 Deus,
3302 3784 3360 3829 et
3408 3785 3551 3828 totus
3598 3766 3736 3831 Mus,

2195 3877 2250 3923 et
2283 3867 2492 3932 solum;
2534 3875 2589 3921 et
2614 3868 2731 3935 ipsa
2759 3866 3000 3936 cognitio
3028 3864 3353 3929 substantia,
3381 3874 3437 3918 et
3463 3871 3602 3917 totus
3628 3860 3741 3913 suh-

2197 3960 2417 4025 stantia,
2458 3967 2513 4013 et
2550 3958 2744 4022 solum,
2790 3965 2846 4011 et
2891 3971 3055 4025 supra
3100 3955 3468 4011 substantiam
3511 3962 3665 4014 totus,
3696 3954 3742 4001 et

2198 4063 2358 4116 supra
2394 4046 2758 4117 cognitionem
2809 4045 2993 4111 solus;
3025 4044 3149 4115 quia
3207 4047 3390 4099 unitas
3437 4051 3522 4099 est
3570 4035 3744 4096 indivi-

2201 4144 2328 4205 dita,
2367 4126 2566 4209 expers
2619 4139 2810 4209 partis,
2846 4148 2897 4191 et
2942 4138 3188 4205 simptex.
3242 4137 3309 4192 Et
3347 4128 3525 4192 adhuc
3570 4132 3741 4187 idem:

2202 4234 2344 4287 Dens
2388 4233 2441 4285 in
2477 4241 2707 4301 utroque
2740 4229 2955 4298 penitus
3003 4232 3254 4295 simplex,
3294 4226 3596 4285 substantia
3637 4222 3741 4276 sine

2204 4324 2471 4391 subjecto,
2500 4331 2553 4377 et
2580 4321 2821 4389 cognitio
2853 4335 2956 4373 non
2989 4321 3194 4375 habens
3237 4320 3404 4375 ullum
3441 4319 3593 4389 plane
3630 4312 3743 4369 sult-

2200 4415 2426 4482 jectum.
2474 4414 2706 4467 Sanctus
2746 4411 3000 4483 Cyrillus,
3052 4413 3105 4465 in
3140 4411 3448 4475 Thesauris,
3496 4409 3627 4463 libro
3668 4418 3739 4465 tu,

556 4502 895 4577 principium
951 4490 1065 4568 ejus
1126 4490 1350 4567 reperire
1408 4501 1577 4577 licel_,_
1611 4518 1771 4569 neque
1832 4490 2083 4577 mediam,
2124 4490 2163 4543 ο
2194 4522 2314 4575 cap.
2349 4506 2382 4559 4
2408 4523 2423 4560 ε
2452 4505 2693 4559 Primum
2722 4503 2959 4571 quidem,
2987 4504 3182 4572 inquit,
3219 4516 3442 4557 necesse
3473 4509 3554 4553 est
3583 4497 3743 4553 dicere

579 4588 750 4643 neque
794 4573 993 4638 ﬁnem;
1053 4586 1220 4640 neque
1258 4581 1331 4624 est
1375 4571 1577 4643 aliquid
1636 4581 1823 4633 totum,
1855 4572 1982 4639 quia
2036 4589 2088 4624 tn

581 4641 889 4709 unoquoque
938 4657 1119 4693 eorum
1166 4657 1283 4709 qua:
1333 4641 1722 4709 intelliguntur,
1758 4651 1834 4694 est
1873 4649 2002 4699 tota,
2046 4652 2091 4692 et

587 4712 733 4774 sola;
786 4728 874 4763 nec
930 4719 1004 4763 est
1064 4710 1275 4776 aliquid
1332 4727 1517 4764 eorum
1585 4727 1703 4779 qua:
1754 4719 1909 4770 sunt,
1973 4712 2094 4777 quia

585 4784 697 4848 ipsa
757 4792 827 4834 est
888 4781 1096 4846 omnia;
1158 4796 1319 4850 neque
1383 4779 1503 4834 licet
1566 4796 1668 4833 uno
1726 4782 1935 4835 nomine
1980 4796 2109 4834 cam-

586 4851 880 4917 complecti.

598 4964 825 5030 Magnus
855 4964 1170 5035 Dionysius,
1220 4963 1272 5017 in
1316 4964 1504 5034 quinto
1535 4962 1608 5018 De
1644 4964 1839 5017 divinis
1869 4965 2096 5017 nomini-

529 5056 648 5119 bus,
700 5054 753 5108 In
792 5070 897 5107 uno
937 5055 1103 5119 enim,
1155 5055 1352 5123 inquit,
1385 5065 1443 5108 ut
1481 5068 1852 5121 sarpenumero
1895 5054 2097 5107 dictum

539 5158 646 5211 est,
678 5149 860 5202 omnia
901 5162 1020 5217 quae
1066 5156 1208 5213 sunt,
1237 5147 1534 5214 praehabet,
1566 5156 1619 5202 et
1654 5148 1915 5202 exsistere
1946 5146 2093 5212 fecit,

539 5256 781 5307 praesens
819 5240 1070 5295 omnibus
1092 5240 1293 5309 ubique
1319 5242 1615 5296 secundum
1645 5256 1811 5297 unum
1839 5249 1893 5295 et
1932 5239 2098 5306 idem,

533 5342 585 5387 et
624 5333 917 5387 secundum
973 5332 1134 5397 idem,
1164 5346 1353 5397 omne;
1407 5332 1458 5385 in
1490 5332 1671 5385 omnia
1723 5346 1930 5396 means,
1961 5342 2012 5385 et
2043 5330 2094 5384 in

531 5437 589 5477 se
627 5410 875 5486 manens,
900 5434 951 5476 et
977 5433 1148 5483 stans,
1180 5432 1234 5475 et
1264 5436 1320 5475 se
1345 5436 1565 5475 movens
1591 5441 1603 5486 ;
1636 5430 1688 5475 et
1720 5436 1896 5491 neque
1926 5431 2099 5487 stans,

532 5560 638 5605 ait.
662 5553 711 5604 6.
740 5554 851 5606 lino
881 5552 1011 5604 dicit
1068 5552 1229 5603 Deum
1262 5552 1441 5604 omnia
1465 5551 1566 5604 alia
1617 5566 1644 5603 a
1677 5566 1732 5606 se
1756 5564 2102 5619 cognoscere,

536 5638 656 5671 t‘lltll
692 5637 749 5674 se
781 5625 954 5689 ipsum
989 5621 1287 5689 cognoscit,
1335 5632 1391 5673 at
1416 5636 1474 5675 se
1506 5622 1679 5687 ipsum
1712 5620 2102 5689 perfectissime

526 5688 1031 5757 'cognoscit;igitur
1068 5688 1355 5757 cognoscit
1394 5690 1573 5744 omnia
1610 5688 1721 5742 alia
1771 5704 1797 5742 a
1832 5705 1890 5742 se
1924 5688 2104 5756 perfe-

540 5759 798 5824 ctissime,
831 5769 883 5811 et
919 5759 1134 5825 quidem
1168 5761 1382 5828 propria
1412 5762 1736 5829 cognitione,
1757 5760 1880 5828 quia
1903 5775 1954 5811 ιιι
1989 5758 2105 5826 ipso

2195 4596 2551 4665 compositura
2579 4610 2700 4651 esse
2745 4593 2912 4649 Deum
2956 4608 3029 4671 ex
3063 4593 3314 4659 diversis,
3347 4593 3536 4661 eisque
3577 4598 3739 4643 secum

2129 4711 2147 4719 ε
2196 4695 2336 4747 inter
2367 4705 2424 4746 se
2453 4690 2605 4744 valde
2640 4688 3029 4758 pugnantibus,
3063 4688 3224 4743 simili
3270 4687 3479 4742 scilicet
3526 4692 3577 4738 et
3606 4678 3742 4735 dissi-

2199 4781 2349 4847 mili;
2392 4794 2512 4850 qua:
2539 4778 2758 4848 quidem
2791 4778 2934 4832 inter
2960 4792 3019 4832 se
3049 4778 3102 4831 in
3128 4792 3235 4830 uno
3269 4775 3511 4845 subjecto
3552 4766 3739 4825 misceri

2198 4883 2252 4928 et
2283 4872 2562 4927 cohaerere
2594 4884 2698 4924 non
2735 4878 2980 4939 possunt,
3004 4879 3058 4924 et
3090 4869 3135 4924 si
3160 4883 3224 4923 ex
3255 4877 3411 4937 parte
3445 4863 3647 4923 similis,
3683 4872 3735 4910 ex

2202 4973 2353 5032 parte
2394 4962 2496 5015 alia
2543 4977 2646 5015 non
2694 4961 2799 5015 erit
2836 4960 3052 5024 similis,
3088 4974 3195 5014 non
3237 4958 3342 5013 erit
3387 4965 3526 5011 totus
3564 4954 3738 5005 lumen.

2204 5069 2376 5123 neque
2404 5061 2553 5109 totus
2584 5054 2806 5117 veritas,
2845 5067 3019 5121 neque
3056 5060 3249 5105 natura
3299 5048 3459 5103 Deus.
3504 5044 3740 5099 Praeterea

2203 5145 2366 5199 etiam
2403 5146 2467 5197 ad
2505 5143 2678 5212 ipsum
2738 5143 2829 5212 qui
2888 5141 3095 5212 ge‘nuit,
3148 5140 3391 5194 manabit
3436 5125 3738 5201 blasphemia

2203 5235 2385 5304 gravis
2422 5250 2436 5287 :
2475 5234 2578 5287 erit
2607 5234 2750 5287 enim
2794 5232 3129 5302 compositus
3170 5230 3331 5284 Pater
3362 5244 3423 5283 ex
3468 5216 3739 5282 substantia

2205 5335 2259 5377 et
2280 5332 2542 5392 conceptu
2578 5324 2799 5379 mentis.
2830 5324 3061 5392 Magnus
3086 5322 3340 5385 Basilius,
3371 5320 3504 5375 libro
3534 5307 3740 5370 secttutl0

2204 5415 2325 5466 Τῶν
2390 5415 2810 5486 ἀντιῤῥητικῶν,
2885 5413 3187 5489 Siquidem,
3262 5410 3452 5480 inquit,
3513 5408 3740 5470 tanquam

2180 5558 2338 5602 'sunt
2374 5548 2784 5615 perfectissime,
2825 5548 2934 5601 imo
2966 5549 3080 5616 ipse
3108 5558 3195 5601 est
3244 5548 3330 5600 illa
3360 5532 3740 5616 ipsaomn'lif"

2212 5610 2650 5679 causa'ellicieus,
2700 5630 2752 5671 et
2772 5610 3132 5684 exemplaris;
3167 5627 3220 5671 et
3254 5620 3365 5683 ipsa
3381 5610 3738 5684 'divinaeuffl;

2212 5689 2281 5739 tia
2315 5698 2395 5741 est
2432 5676 2647 5755 propria
2685 5688 2823 5741 ratio
2876 5676 3297 5755 uniuscujusque
3334 5688 3602 5741 creatum,
3640 5676 3737 5737 ‘1“

2210 5756 2375 5812 Deum
2407 5756 2893 5827 quomodocunque
2924 5757 3230 5828 participat.
