  <div class='ocr_page' id='page_1' title='image "/cluster/home/n/w/nwhite01/storage/ocr_20150623/152/mdp.39015078384735/500.png"; bbox 0 0 4064 6266; ppageno 0'>
   <div class='ocr_carea' id='block_1_1' title="bbox 382 345 492 409">
    <p class='ocr_par' dir='ltr' id='par_1_1' title="bbox 382 345 492 409">
     <span class='ocr_line' id='line_1_1' title="bbox 382 345 492 409; baseline 0.009 -2"><span class='ocrx_word' id='word_1_1' title='bbox 382 345 492 409; x_wconf 61' lang='lat'><strong>9‘35</strong></span> 
     </span>
    </p>
   </div>
   <div class='ocr_carea' id='block_1_2' title="bbox 1276 320 2779 415">
    <p class='ocr_par' dir='ltr' id='par_1_2' title="bbox 1276 320 2779 415">
     <span class='ocr_line' id='line_1_2' title="bbox 1276 320 2779 415; baseline 0.007 -9"><span class='ocrx_word' id='word_1_2' title='bbox 1276 320 1620 407; x_wconf 23' lang='lat' dir='ltr'><strong>nEctts‘x.</strong></span> <span class='ocrx_word' id='word_1_3' title='bbox 1664 374 1727 382; x_wconf 82' lang='lat'><strong>-—</strong></span> <span class='ocrx_word' id='word_1_4' title='bbox 1766 348 1862 406; x_wconf 88' lang='lat' dir='ltr'><strong>DE</strong></span> <span class='ocrx_word' id='word_1_5' title='bbox 1896 347 2165 409; x_wconf 76' lang='lat' dir='ltr'><strong>DIVINA</strong></span> <span class='ocrx_word' id='word_1_6' title='bbox 2213 351 2779 415; x_wconf 76' lang='lat' dir='ltr'><strong>SlMI‘LiCITATE.</strong></span> 
     </span>
    </p>
   </div>
   <div class='ocr_carea' id='block_1_3' title="bbox 3534 361 3640 424">
    <p class='ocr_par' dir='ltr' id='par_1_3' title="bbox 3534 361 3640 424">
     <span class='ocr_line' id='line_1_3' title="bbox 3534 361 3640 424; baseline 0.038 -4"><span class='ocrx_word' id='word_1_7' title='bbox 3534 361 3640 424; x_wconf 74' lang='lat'><strong>986</strong></span> 
     </span>
    </p>
   </div>
   <div class='ocr_carea' id='block_1_4' title="bbox 384 460 3641 537">
    <p class='ocr_par' dir='ltr' id='par_1_4' title="bbox 384 460 3641 537">
     <span class='ocr_line' id='line_1_4' title="bbox 384 460 3641 537; baseline 0.005 -20"><span class='ocrx_word' id='word_1_8' title='bbox 384 474 596 534; x_wconf 88' lang='lat' dir='ltr'><strong>partem</strong></span> <span class='ocrx_word' id='word_1_9' title='bbox 641 461 959 518; x_wconf 72' lang='lat' dir='ltr'><strong>substantim</strong></span> <span class='ocrx_word' id='word_1_10' title='bbox 988 460 1358 530; x_wconf 87' lang='lat' dir='ltr'><strong>acciperemus</strong></span> <span class='ocrx_word' id='word_1_11' title='bbox 1405 463 1727 531; x_wconf 82' lang='lat' dir='ltr'><strong>ingenitum,</strong></span> <span class='ocrx_word' id='word_1_12' title='bbox 1780 462 1955 515; x_wconf 90' lang='lat' dir='ltr'><strong>locum</strong></span> <span class='ocrx_word' id='word_1_13' title='bbox 1991 464 2032 519; x_wconf 82' lang='lat' dir='ltr'><strong>A</strong></span> <span class='ocrx_word' id='word_1_14' title='bbox 2066 466 2246 519; x_wconf 87' lang='lat' dir='ltr'><strong>tundis</strong></span> <span class='ocrx_word' id='word_1_15' title='bbox 2278 468 2459 520; x_wconf 78' lang='lat' dir='ltr'><strong>evenit</strong></span> <span class='ocrx_word' id='word_1_16' title='bbox 2499 486 2512 522; x_wconf 92' lang='lat'><strong>:</strong></span> <span class='ocrx_word' id='word_1_17' title='bbox 2548 484 2723 537; x_wconf 89' lang='lat' dir='ltr'><strong>neque</strong></span> <span class='ocrx_word' id='word_1_18' title='bbox 2758 484 2948 526; x_wconf 84' lang='lat' dir='ltr'><strong>rursus</strong></span> <span class='ocrx_word' id='word_1_19' title='bbox 2981 472 3047 526; x_wconf 89' lang='lat' dir='ltr'><strong>ab</strong></span> <span class='ocrx_word' id='word_1_20' title='bbox 3082 479 3326 527; x_wconf 82' lang='lat' dir='ltr'><strong>extremo</strong></span> <span class='ocrx_word' id='word_1_21' title='bbox 3353 475 3417 530; x_wconf 91' lang='lat' dir='ltr'><strong>ad</strong></span> <span class='ocrx_word' id='word_1_22' title='bbox 3459 485 3641 535; x_wconf 81' lang='lat' dir='ltr'><strong>extre-</strong></span> 
     </span>
    </p>
   </div>
   <div class='ocr_carea' id='block_1_5' title="bbox 385 553 1957 623">
    <p class='ocr_par' dir='ltr' id='par_1_5' title="bbox 385 553 1957 623">
     <span class='ocr_line' id='line_1_5' title="bbox 385 553 1957 623; baseline -0.001 -13"><span class='ocrx_word' id='word_1_23' title='bbox 385 558 611 611; x_wconf 85' lang='lat' dir='ltr'><strong>haberet</strong></span> <span class='ocrx_word' id='word_1_24' title='bbox 671 554 828 610; x_wconf 88' lang='lat' dir='ltr'><strong>istius</strong></span> <span class='ocrx_word' id='word_1_25' title='bbox 875 568 1079 619; x_wconf 88' lang='lat' dir='ltr'><strong>sermo,</strong></span> <span class='ocrx_word' id='word_1_26' title='bbox 1121 568 1240 607; x_wconf 90' lang='lat' dir='ltr'><strong>cum</strong></span> <span class='ocrx_word' id='word_1_27' title='bbox 1283 553 1379 618; x_wconf 90' lang='lat' dir='ltr'><strong>ait,</strong></span> <span class='ocrx_word' id='word_1_28' title='bbox 1428 555 1787 623; x_wconf 87' lang='lat' dir='ltr'><strong>compositum</strong></span> <span class='ocrx_word' id='word_1_29' title='bbox 1838 569 1957 609; x_wconf 88' lang='lat' dir='ltr'><strong>esse</strong></span> 
     </span>
    </p>
   </div>
   <div class='ocr_carea' id='block_1_6' title="bbox 381 640 1952 715">
    <p class='ocr_par' dir='ltr' id='par_1_6' title="bbox 381 640 1952 715">
     <span class='ocr_line' id='line_1_6' title="bbox 381 640 1952 715; baseline 0.001 -18"><span class='ocrx_word' id='word_1_30' title='bbox 381 646 526 715; x_wconf 90' lang='lat' dir='ltr'><strong>quod</strong></span> <span class='ocrx_word' id='word_1_31' title='bbox 568 662 632 701; x_wconf 77' lang='lat' dir='ltr'><strong>ex</strong></span> <span class='ocrx_word' id='word_1_32' title='bbox 685 645 914 700; x_wconf 78' lang='lat' dir='ltr'><strong>diversis</strong></span> <span class='ocrx_word' id='word_1_33' title='bbox 968 652 1182 699; x_wconf 91' lang='lat' dir='ltr'><strong>constat</strong></span> <span class='ocrx_word' id='word_1_34' title='bbox 1230 662 1243 698; x_wconf 91' lang='lat'><strong>:</strong></span> <span class='ocrx_word' id='word_1_35' title='bbox 1289 645 1370 698; x_wconf 93' lang='lat' dir='ltr'><strong>sin</strong></span> <span class='ocrx_word' id='word_1_36' title='bbox 1415 640 1952 700; x_wconf 89' lang='lat' dir='ltr'><strong>verosubstantiam</strong></span> 
     </span>
    </p>
   </div>
   <div class='ocr_carea' id='block_1_7' title="bbox 383 735 1952 805">
    <p class='ocr_par' dir='ltr' id='par_1_7' title="bbox 383 735 1952 805">
     <span class='ocr_line' id='line_1_7' title="bbox 383 735 1952 805; baseline -0.001 -16"><span class='ocrx_word' id='word_1_37' title='bbox 383 737 474 789; x_wconf 85' lang='lat' dir='ltr'><strong>Dei</strong></span> <span class='ocrx_word' id='word_1_38' title='bbox 521 737 700 789; x_wconf 87' lang='lat' dir='ltr'><strong>lumen</strong></span> <span class='ocrx_word' id='word_1_39' title='bbox 737 736 916 805; x_wconf 87' lang='lat' dir='ltr'><strong>ipsum</strong></span> <span class='ocrx_word' id='word_1_40' title='bbox 950 736 1229 805; x_wconf 84' lang='lat' dir='ltr'><strong>ponimus,</strong></span> <span class='ocrx_word' id='word_1_41' title='bbox 1280 735 1365 790; x_wconf 85' lang='lat' dir='ltr'><strong>vel</strong></span> <span class='ocrx_word' id='word_1_42' title='bbox 1404 737 1592 797; x_wconf 89' lang='lat' dir='ltr'><strong>vitam,</strong></span> <span class='ocrx_word' id='word_1_43' title='bbox 1628 736 1710 789; x_wconf 87' lang='lat' dir='ltr'><strong>vel</strong></span> <span class='ocrx_word' id='word_1_44' title='bbox 1754 736 1952 789; x_wconf 92' lang='lat' dir='ltr'><strong>bonum</strong></span> 
     </span>
    </p>
   </div>
   <div class='ocr_carea' id='block_1_8' title="bbox 383 827 1955 898">
    <p class='ocr_par' dir='ltr' id='par_1_8' title="bbox 383 827 1955 898">
     <span class='ocr_line' id='line_1_8' title="bbox 383 827 1955 898; baseline -0.001 -16"><span class='ocrx_word' id='word_1_45' title='bbox 383 838 576 894; x_wconf 90' lang='lat' dir='ltr'><strong>totum,</strong></span> <span class='ocrx_word' id='word_1_46' title='bbox 607 831 748 898; x_wconf 88' lang='lat' dir='ltr'><strong>quod</strong></span> <span class='ocrx_word' id='word_1_47' title='bbox 778 829 995 898; x_wconf 77' lang='lat' dir='ltr'><strong>quidem</strong></span> <span class='ocrx_word' id='word_1_48' title='bbox 1024 836 1127 885; x_wconf 89' lang='lat' dir='ltr'><strong>est</strong></span> <span class='ocrx_word' id='word_1_49' title='bbox 1164 837 1335 883; x_wconf 82' lang='lat' dir='ltr'><strong>tntum</strong></span> <span class='ocrx_word' id='word_1_50' title='bbox 1375 828 1507 891; x_wconf 89' lang='lat' dir='ltr'><strong>vita,</strong></span> <span class='ocrx_word' id='word_1_51' title='bbox 1547 837 1715 882; x_wconf 87' lang='lat' dir='ltr'><strong>totum</strong></span> <span class='ocrx_word' id='word_1_52' title='bbox 1748 827 1955 893; x_wconf 87' lang='lat' dir='ltr'><strong>lumen,</strong></span> 
     </span>
    </p>
   </div>
   <div class='ocr_carea' id='block_1_9' title="bbox 379 905 1960 990">
    <p class='ocr_par' dir='ltr' id='par_1_9' title="bbox 379 905 1960 990">
     <span class='ocr_line' id='line_1_9' title="bbox 379 905 1960 990; baseline -0.001 -14"><span class='ocrx_word' id='word_1_53' title='bbox 379 930 432 976; x_wconf 89' lang='lat' dir='ltr'><strong>et</strong></span> <span class='ocrx_word' id='word_1_54' title='bbox 461 929 631 975; x_wconf 90' lang='lat' dir='ltr'><strong>totum</strong></span> <span class='ocrx_word' id='word_1_55' title='bbox 666 921 906 987; x_wconf 89' lang='lat' dir='ltr'><strong>bonum;</strong></span> <span class='ocrx_word' id='word_1_56' title='bbox 947 920 1110 975; x_wconf 91' lang='lat' dir='ltr'><strong>habet</strong></span> <span class='ocrx_word' id='word_1_57' title='bbox 1139 905 1470 975; x_wconf 55' lang='lat' dir='ltr'><strong>autem&#39;vita</strong></span> <span class='ocrx_word' id='word_1_58' title='bbox 1504 920 1799 990; x_wconf 85' lang='lat' dir='ltr'><strong>ingenitum</strong></span> <span class='ocrx_word' id='word_1_59' title='bbox 1829 934 1960 983; x_wconf 86' lang='lat' dir='ltr'><strong>con-</strong></span> 
     </span>
    </p>
   </div>
   <div class='ocr_carea' id='block_1_10' title="bbox 384 1010 1957 1083">
    <p class='ocr_par' dir='ltr' id='par_1_10' title="bbox 384 1010 1957 1083">
     <span class='ocr_line' id='line_1_10' title="bbox 384 1010 1957 1083; baseline -0.004 -15"><span class='ocrx_word' id='word_1_60' title='bbox 384 1027 645 1083; x_wconf 89' lang='lat' dir='ltr'><strong>sequens,</strong></span> <span class='ocrx_word' id='word_1_61' title='bbox 697 1011 968 1081; x_wconf 86' lang='lat' dir='ltr'><strong>quomodo</strong></span> <span class='ocrx_word' id='word_1_62' title='bbox 1007 1026 1115 1066; x_wconf 93' lang='lat' dir='ltr'><strong>non</strong></span> <span class='ocrx_word' id='word_1_63' title='bbox 1152 1022 1235 1066; x_wconf 86' lang='lat' dir='ltr'><strong>est</strong></span> <span class='ocrx_word' id='word_1_64' title='bbox 1283 1010 1695 1079; x_wconf 85' lang='lat' dir='ltr'><strong>incompositus,</strong></span> <span class='ocrx_word' id='word_1_65' title='bbox 1731 1011 1823 1080; x_wconf 88' lang='lat' dir='ltr'><strong>qui</strong></span> <span class='ocrx_word' id='word_1_66' title='bbox 1877 1018 1957 1064; x_wconf 88' lang='lat' dir='ltr'><strong>est</strong></span> 
     </span>
    </p>
   </div>
   <div class='ocr_carea' id='block_1_11' title="bbox 380 1100 1957 1172">
    <p class='ocr_par' dir='ltr' id='par_1_11' title="bbox 380 1100 1957 1172">
     <span class='ocr_line' id='line_1_11' title="bbox 380 1100 1957 1172; baseline -0.004 -12"><span class='ocrx_word' id='word_1_67' title='bbox 380 1104 682 1160; x_wconf 88' lang='lat' dir='ltr'><strong>secundum</strong></span> <span class='ocrx_word' id='word_1_68' title='bbox 732 1104 1094 1159; x_wconf 87' lang='lat' dir='ltr'><strong>substantiam</strong></span> <span class='ocrx_word' id='word_1_69' title='bbox 1132 1102 1398 1172; x_wconf 65' lang='lat' dir='ltr'><strong>simplex!</strong></span> <span class='ocrx_word' id='word_1_70' title='bbox 1446 1100 1562 1155; x_wconf 86' lang='lat' dir='ltr'><strong>Non</strong></span> <span class='ocrx_word' id='word_1_71' title='bbox 1611 1101 1755 1155; x_wconf 89' lang='lat' dir='ltr'><strong>enim</strong></span> <span class='ocrx_word' id='word_1_72' title='bbox 1810 1100 1957 1154; x_wconf 89' lang='lat' dir='ltr'><strong>modi</strong></span> 
     </span>
    </p>
   </div>
   <div class='ocr_carea' id='block_1_12' title="bbox 384 1191 1960 1265">
    <p class='ocr_par' dir='ltr' id='par_1_12' title="bbox 384 1191 1960 1265">
     <span class='ocr_line' id='line_1_12' title="bbox 384 1191 1960 1265; baseline -0.002 -17"><span class='ocrx_word' id='word_1_73' title='bbox 384 1196 771 1265; x_wconf 82' lang='lat' dir='ltr'><strong>proprietatem</strong></span> <span class='ocrx_word' id='word_1_74' title='bbox 804 1194 923 1265; x_wconf 85' lang='lat' dir='ltr'><strong>ejus</strong></span> <span class='ocrx_word' id='word_1_75' title='bbox 954 1195 1413 1257; x_wconf 90' lang='lat' dir='ltr'><strong>demonstrantes,</strong></span> <span class='ocrx_word' id='word_1_76' title='bbox 1449 1193 1716 1245; x_wconf 90' lang='lat' dir='ltr'><strong>rationem</strong></span> <span class='ocrx_word' id='word_1_77' title='bbox 1751 1191 1960 1259; x_wconf 85' lang='lat' dir='ltr'><strong>simpli-</strong></span> 
     </span>
    </p>
   </div>
   <div class='ocr_carea' id='block_1_13' title="bbox 382 1285 1959 1356">
    <p class='ocr_par' dir='ltr' id='par_1_13' title="bbox 382 1285 1959 1356">
     <span class='ocr_line' id='line_1_13' title="bbox 382 1285 1959 1356; baseline -0.002 -13"><span class='ocrx_word' id='word_1_78' title='bbox 382 1288 564 1343; x_wconf 87' lang='lat' dir='ltr'><strong>citatis</strong></span> <span class='ocrx_word' id='word_1_79' title='bbox 600 1287 814 1342; x_wconf 75' lang='lat' dir='ltr'><strong>ltedent.</strong></span> <span class='ocrx_word' id='word_1_80' title='bbox 876 1286 1175 1356; x_wconf 82' lang='lat' dir='ltr'><strong>Gregorius</strong></span> <span class='ocrx_word' id='word_1_81' title='bbox 1227 1285 1531 1355; x_wconf 84' lang='lat' dir='ltr'><strong>Nyssenus,</strong></span> <span class='ocrx_word' id='word_1_82' title='bbox 1587 1285 1728 1339; x_wconf 91' lang='lat' dir='ltr'><strong>libro</strong></span> <span class='ocrx_word' id='word_1_83' title='bbox 1780 1285 1959 1355; x_wconf 87' lang='lat' dir='ltr'><strong>primo</strong></span> 
     </span>
    </p>
   </div>
   <div class='ocr_carea' id='block_1_14' title="bbox 381 1380 1957 1451">
    <p class='ocr_par' dir='ltr' id='par_1_14' title="bbox 381 1380 1957 1451">
     <span class='ocr_line' id='line_1_14' title="bbox 381 1380 1957 1451; baseline -0.002 -15"><span class='ocrx_word' id='word_1_84' title='bbox 381 1383 582 1436; x_wconf 74' lang='lat' dir='ltr'><strong>Contra</strong></span> <span class='ocrx_word' id='word_1_85' title='bbox 626 1380 969 1448; x_wconf 82' lang='lat' dir='ltr'><strong>Eunomium,</strong></span> <span class='ocrx_word' id='word_1_86' title='bbox 1003 1397 1122 1451; x_wconf 91' lang='lat' dir='ltr'><strong>cap.</strong></span> <span class='ocrx_word' id='word_1_87' title='bbox 1156 1381 1216 1435; x_wconf 72' lang='grc'><strong>41</strong></span> <span class='ocrx_word' id='word_1_88' title='bbox 1252 1398 1267 1436; x_wconf 88' lang='lat'><strong>:</strong></span> <span class='ocrx_word' id='word_1_89' title='bbox 1301 1380 1632 1451; x_wconf 83' lang='lat' dir='ltr'><strong>Simplicitas</strong></span> <span class='ocrx_word' id='word_1_90' title='bbox 1667 1381 1836 1445; x_wconf 90' lang='lat' dir='ltr'><strong>enim,</strong></span> <span class='ocrx_word' id='word_1_91' title='bbox 1872 1380 1957 1433; x_wconf 85' lang='lat' dir='ltr'><strong>itt-</strong></span> 
     </span>
    </p>
   </div>
   <div class='ocr_carea' id='block_1_15' title="bbox 376 1473 1956 1545">
    <p class='ocr_par' dir='ltr' id='par_1_15' title="bbox 376 1473 1956 1545">
     <span class='ocr_line' id='line_1_15' title="bbox 376 1473 1956 1545; baseline 0.001 -20"><span class='ocrx_word' id='word_1_92' title='bbox 376 1476 520 1545; x_wconf 90' lang='lat' dir='ltr'><strong>quit,</strong></span> <span class='ocrx_word' id='word_1_93' title='bbox 553 1476 864 1544; x_wconf 88' lang='lat' dir='ltr'><strong>dogmatum</strong></span> <span class='ocrx_word' id='word_1_94' title='bbox 926 1474 1172 1529; x_wconf 86' lang='lat' dir='ltr'><strong>veritatis</strong></span> <span class='ocrx_word' id='word_1_95' title='bbox 1232 1485 1488 1545; x_wconf 85' lang='lat' dir='ltr'><strong>tauquam</strong></span> <span class='ocrx_word' id='word_1_96' title='bbox 1546 1473 1956 1529; x_wconf 81' lang='lat' dir='ltr'><strong>fundamentum</strong></span> 
     </span>
    </p>
   </div>
   <div class='ocr_carea' id='block_1_16' title="bbox 372 1567 1957 1639">
    <p class='ocr_par' dir='ltr' id='par_1_16' title="bbox 372 1567 1957 1639">
     <span class='ocr_line' id='line_1_16' title="bbox 372 1567 1957 1639; baseline 0.001 -20"><span class='ocrx_word' id='word_1_97' title='bbox 372 1568 529 1639; x_wconf 82' lang='lat' dir='ltr'><strong>jacit,</strong></span> <span class='ocrx_word' id='word_1_98' title='bbox 567 1567 759 1634; x_wconf 90' lang='lat' dir='ltr'><strong>Deum,</strong></span> <span class='ocrx_word' id='word_1_99' title='bbox 803 1568 933 1639; x_wconf 94' lang='lat' dir='ltr'><strong>quid</strong></span> <span class='ocrx_word' id='word_1_100' title='bbox 982 1576 1083 1629; x_wconf 88' lang='lat' dir='ltr'><strong>est,</strong></span> <span class='ocrx_word' id='word_1_101' title='bbox 1123 1581 1299 1638; x_wconf 90' lang='lat' dir='ltr'><strong>neque</strong></span> <span class='ocrx_word' id='word_1_102' title='bbox 1338 1568 1580 1634; x_wconf 89' lang='lat' dir='ltr'><strong>nomine,</strong></span> <span class='ocrx_word' id='word_1_103' title='bbox 1629 1582 1804 1637; x_wconf 89' lang='lat' dir='ltr'><strong>neque</strong></span> <span class='ocrx_word' id='word_1_104' title='bbox 1853 1568 1957 1621; x_wconf 91' lang='lat' dir='ltr'><strong>alia</strong></span> 
     </span>
    </p>
   </div>
   <div class='ocr_carea' id='block_1_17' title="bbox 376 1659 1958 1731">
    <p class='ocr_par' dir='ltr' id='par_1_17' title="bbox 376 1659 1958 1731">
     <span class='ocr_line' id='line_1_17' title="bbox 376 1659 1958 1731; baseline 0 -18"><span class='ocrx_word' id='word_1_105' title='bbox 376 1661 632 1731; x_wconf 85' lang='lat' dir='ltr'><strong>quapiam</strong></span> <span class='ocrx_word' id='word_1_106' title='bbox 681 1660 1011 1731; x_wconf 79' lang='lat' dir='ltr'><strong>cogitatione</strong></span> <span class='ocrx_word' id='word_1_107' title='bbox 1063 1670 1116 1714; x_wconf 89' lang='lat' dir='ltr'><strong>ct</strong></span> <span class='ocrx_word' id='word_1_108' title='bbox 1155 1660 1509 1731; x_wconf 88' lang='lat' dir='ltr'><strong>intelligentia</strong></span> <span class='ocrx_word' id='word_1_109' title='bbox 1564 1659 1958 1727; x_wconf 80' lang='lat' dir='ltr'><strong>comprehendi</strong></span> 
     </span>
    </p>
   </div>
   <div class='ocr_carea' id='block_1_18' title="bbox 375 1751 1956 1822">
    <p class='ocr_par' dir='ltr' id='par_1_18' title="bbox 375 1751 1956 1822">
     <span class='ocr_line' id='line_1_18' title="bbox 375 1751 1956 1822; baseline -0.001 -15"><span class='ocrx_word' id='word_1_110' title='bbox 375 1768 555 1822; x_wconf 83' lang='lat' dir='ltr'><strong>posse.</strong></span> <span class='ocrx_word' id='word_1_111' title='bbox 595 1752 830 1808; x_wconf 90' lang='lat' dir='ltr'><strong>Sanctus</strong></span> <span class='ocrx_word' id='word_1_112' title='bbox 880 1751 1237 1822; x_wconf 85' lang='lat' dir='ltr'><strong>Epiphanius,</strong></span> <span class='ocrx_word' id='word_1_113' title='bbox 1273 1753 1325 1806; x_wconf 94' lang='lat' dir='ltr'><strong>in</strong></span> <span class='ocrx_word' id='word_1_114' title='bbox 1373 1751 1567 1805; x_wconf 81' lang='lat' dir='ltr'><strong>haeresi</strong></span> <span class='ocrx_word' id='word_1_115' title='bbox 1602 1762 1793 1805; x_wconf 87' lang='lat' dir='ltr'><strong>contra</strong></span> <span class='ocrx_word' id='word_1_116' title='bbox 1829 1751 1956 1806; x_wconf 86' lang='lat' dir='ltr'><strong>Pto-</strong></span> 
     </span>
    </p>
   </div>
   <div class='ocr_carea' id='block_1_19' title="bbox 296 1845 1960 1914">
    <p class='ocr_par' dir='ltr' id='par_1_19' title="bbox 296 1845 1960 1914">
     <span class='ocr_line' id='line_1_19' title="bbox 296 1845 1960 1914; baseline -0.001 -13"><span class='ocrx_word' id='word_1_117' title='bbox 296 1898 299 1901; x_wconf 37' lang='grc' dir='ltr'><strong><em>λ</em></strong></span> <span class='ocrx_word' id='word_1_118' title='bbox 377 1845 630 1900; x_wconf 89' lang='lat' dir='ltr'><strong>lemaitas</strong></span> <span class='ocrx_word' id='word_1_119' title='bbox 663 1862 677 1899; x_wconf 91' lang='lat'><strong>:</strong></span> <span class='ocrx_word' id='word_1_120' title='bbox 718 1845 847 1912; x_wconf 70' lang='lat' dir='ltr'><strong>Quae</strong></span> <span class='ocrx_word' id='word_1_121' title='bbox 880 1854 1057 1914; x_wconf 84' lang='lat' dir='ltr'><strong>potest</strong></span> <span class='ocrx_word' id='word_1_122' title='bbox 1102 1846 1167 1899; x_wconf 91' lang='lat' dir='ltr'><strong>ab</strong></span> <span class='ocrx_word' id='word_1_123' title='bbox 1216 1846 1324 1899; x_wconf 92' lang='lat' dir='ltr'><strong>ullo</strong></span> <span class='ocrx_word' id='word_1_124' title='bbox 1362 1846 1470 1900; x_wconf 89' lang='lat' dir='ltr'><strong>dici</strong></span> <span class='ocrx_word' id='word_1_125' title='bbox 1511 1854 1655 1900; x_wconf 91' lang='lat' dir='ltr'><strong>tanta</strong></span> <span class='ocrx_word' id='word_1_126' title='bbox 1688 1846 1831 1900; x_wconf 88' lang='lat' dir='ltr'><strong>illius</strong></span> <span class='ocrx_word' id='word_1_127' title='bbox 1862 1861 1960 1899; x_wconf 90' lang='lat' dir='ltr'><strong>au-</strong></span> 
     </span>
    </p>
   </div>
   <div class='ocr_carea' id='block_1_20' title="bbox 377 1937 1959 2007">
    <p class='ocr_par' dir='ltr' id='par_1_20' title="bbox 377 1937 1959 2007">
     <span class='ocr_line' id='line_1_20' title="bbox 377 1937 1959 2007; baseline 0.001 -18"><span class='ocrx_word' id='word_1_128' title='bbox 377 1940 553 1998; x_wconf 87' lang='lat' dir='ltr'><strong>dacia,</strong></span> <span class='ocrx_word' id='word_1_129' title='bbox 581 1953 743 2007; x_wconf 88' lang='lat' dir='ltr'><strong>quam</strong></span> <span class='ocrx_word' id='word_1_130' title='bbox 779 1939 841 1989; x_wconf 80' lang='lat' dir='ltr'><strong>de</strong></span> <span class='ocrx_word' id='word_1_131' title='bbox 886 1938 1113 1991; x_wconf 89' lang='lat' dir='ltr'><strong>Domino</strong></span> <span class='ocrx_word' id='word_1_132' title='bbox 1150 1937 1389 1992; x_wconf 87' lang='lat' dir='ltr'><strong>universi</strong></span> <span class='ocrx_word' id='word_1_133' title='bbox 1426 1938 1708 1992; x_wconf 89' lang='lat' dir='ltr'><strong>evomuit?</strong></span> <span class='ocrx_word' id='word_1_134' title='bbox 1742 1938 1843 2004; x_wconf 87' lang='lat' dir='ltr'><strong>Qui</strong></span> <span class='ocrx_word' id='word_1_135' title='bbox 1891 1938 1959 1991; x_wconf 82' lang='lat' dir='ltr'><strong>si—</strong></span> 
     </span>
    </p>
   </div>
   <div class='ocr_carea' id='block_1_21' title="bbox 379 2030 1954 2101">
    <p class='ocr_par' dir='ltr' id='par_1_21' title="bbox 379 2030 1954 2101">
     <span class='ocr_line' id='line_1_21' title="bbox 379 2030 1954 2101; baseline 0.002 -19"><span class='ocrx_word' id='word_1_136' title='bbox 379 2030 491 2087; x_wconf 90' lang='lat' dir='ltr'><strong>mul</strong></span> <span class='ocrx_word' id='word_1_137' title='bbox 524 2038 582 2084; x_wconf 91' lang='lat' dir='ltr'><strong>ut</strong></span> <span class='ocrx_word' id='word_1_138' title='bbox 608 2030 896 2096; x_wconf 75' lang='lat' dir='ltr'><strong>intellexit,</strong></span> <span class='ocrx_word' id='word_1_139' title='bbox 923 2030 1148 2100; x_wconf 82' lang='lat' dir='ltr'><strong>perfecit</strong></span> <span class='ocrx_word' id='word_1_140' title='bbox 1182 2031 1305 2094; x_wconf 87' lang='lat' dir='ltr'><strong>hoc,</strong></span> <span class='ocrx_word' id='word_1_141' title='bbox 1327 2030 1470 2100; x_wconf 88' lang='lat' dir='ltr'><strong>quod</strong></span> <span class='ocrx_word' id='word_1_142' title='bbox 1497 2030 1715 2101; x_wconf 85' lang='lat' dir='ltr'><strong>quidem</strong></span> <span class='ocrx_word' id='word_1_143' title='bbox 1744 2031 1954 2099; x_wconf 89' lang='lat' dir='ltr'><strong>voluit;</strong></span> 
     </span>
    </p>
   </div>
   <div class='ocr_carea' id='block_1_22' title="bbox 377 2111 1956 2190">
    <p class='ocr_par' dir='ltr' id='par_1_22' title="bbox 377 2111 1956 2190">
     <span class='ocr_line' id='line_1_22' title="bbox 377 2111 1956 2190; baseline 0.001 -16"><span class='ocrx_word' id='word_1_144' title='bbox 377 2122 481 2175; x_wconf 87' lang='lat' dir='ltr'><strong>hoc</strong></span> <span class='ocrx_word' id='word_1_145' title='bbox 533 2120 862 2190; x_wconf 83' lang='lat' dir='ltr'><strong>intelligens,</strong></span> <span class='ocrx_word' id='word_1_146' title='bbox 900 2121 1041 2190; x_wconf 90' lang='lat' dir='ltr'><strong>quod</strong></span> <span class='ocrx_word' id='word_1_147' title='bbox 1093 2120 1243 2187; x_wconf 89' lang='lat' dir='ltr'><strong>vult;</strong></span> <span class='ocrx_word' id='word_1_148' title='bbox 1286 2111 1341 2175; x_wconf 85' lang='lat' dir='ltr'><strong>et</strong></span> <span class='ocrx_word' id='word_1_149' title='bbox 1400 2128 1530 2175; x_wconf 90' lang='lat' dir='ltr'><strong>tunc</strong></span> <span class='ocrx_word' id='word_1_150' title='bbox 1582 2120 1792 2187; x_wconf 89' lang='lat' dir='ltr'><strong>volens,</strong></span> <span class='ocrx_word' id='word_1_151' title='bbox 1832 2137 1956 2176; x_wconf 91' lang='lat' dir='ltr'><strong>cum</strong></span> 
     </span>
    </p>
   </div>
   <div class='ocr_carea' id='block_1_23' title="bbox 373 2212 1957 2283">
    <p class='ocr_par' dir='ltr' id='par_1_23' title="bbox 373 2212 1957 2283">
     <span class='ocr_line' id='line_1_23' title="bbox 373 2212 1957 2283; baseline 0.002 -17"><span class='ocrx_word' id='word_1_152' title='bbox 373 2212 651 2281; x_wconf 81' lang='lat' dir='ltr'><strong>intelligit,</strong></span> <span class='ocrx_word' id='word_1_153' title='bbox 691 2221 838 2266; x_wconf 90' lang='lat' dir='ltr'><strong>totus</strong></span> <span class='ocrx_word' id='word_1_154' title='bbox 886 2212 1265 2283; x_wconf 88' lang='lat' dir='ltr'><strong>intelligentia,</strong></span> <span class='ocrx_word' id='word_1_155' title='bbox 1315 2221 1459 2268; x_wconf 87' lang='lat' dir='ltr'><strong>t0tus</strong></span> <span class='ocrx_word' id='word_1_156' title='bbox 1495 2213 1775 2281; x_wconf 85' lang='lat' dir='ltr'><strong>voluntas,</strong></span> <span class='ocrx_word' id='word_1_157' title='bbox 1812 2222 1957 2269; x_wconf 87' lang='lat' dir='ltr'><strong>totus</strong></span> 
     </span>
    </p>
   </div>
   <div class='ocr_carea' id='block_1_24' title="bbox 378 2303 1954 2373">
    <p class='ocr_par' dir='ltr' id='par_1_24' title="bbox 378 2303 1954 2373">
     <span class='ocr_line' id='line_1_24' title="bbox 378 2303 1954 2373; baseline 0.001 -16"><span class='ocrx_word' id='word_1_158' title='bbox 378 2319 555 2370; x_wconf 87' lang='lat' dir='ltr'><strong>mens,</strong></span> <span class='ocrx_word' id='word_1_159' title='bbox 581 2313 727 2358; x_wconf 90' lang='lat' dir='ltr'><strong>totus</strong></span> <span class='ocrx_word' id='word_1_160' title='bbox 761 2303 964 2357; x_wconf 84' lang='lat' dir='ltr'><strong>lumen.</strong></span> <span class='ocrx_word' id='word_1_161' title='bbox 997 2303 1074 2357; x_wconf 81' lang='lat' dir='ltr'><strong>Ex</strong></span> <span class='ocrx_word' id='word_1_162' title='bbox 1103 2304 1303 2373; x_wconf 88' lang='lat' dir='ltr'><strong>quibus</strong></span> <span class='ocrx_word' id='word_1_163' title='bbox 1335 2303 1392 2357; x_wconf 78' lang='lat' dir='ltr'><strong>lit</strong></span> <span class='ocrx_word' id='word_1_164' title='bbox 1419 2303 1788 2369; x_wconf 81' lang='lat' dir='ltr'><strong>manifestum,</strong></span> <span class='ocrx_word' id='word_1_165' title='bbox 1815 2306 1954 2373; x_wconf 88' lang='lat' dir='ltr'><strong>quod</strong></span> 
     </span>
    </p>
   </div>
   <div class='ocr_carea' id='block_1_25' title="bbox 374 2394 1954 2469">
    <p class='ocr_par' dir='ltr' id='par_1_25' title="bbox 374 2394 1954 2469">
     <span class='ocr_line' id='line_1_25' title="bbox 374 2394 1954 2469; baseline 0.002 -20"><span class='ocrx_word' id='word_1_166' title='bbox 374 2399 428 2449; x_wconf 91' lang='lat' dir='ltr'><strong>in</strong></span> <span class='ocrx_word' id='word_1_167' title='bbox 485 2396 695 2450; x_wconf 82' lang='lat' dir='ltr'><strong>unitate</strong></span> <span class='ocrx_word' id='word_1_168' title='bbox 745 2394 1034 2450; x_wconf 87' lang='lat' dir='ltr'><strong>Trinitatis</strong></span> <span class='ocrx_word' id='word_1_169' title='bbox 1074 2411 1248 2465; x_wconf 92' lang='lat' dir='ltr'><strong>neque</strong></span> <span class='ocrx_word' id='word_1_170' title='bbox 1297 2399 1564 2466; x_wconf 90' lang='lat' dir='ltr'><strong>reperitur</strong></span> <span class='ocrx_word' id='word_1_171' title='bbox 1598 2398 1954 2469; x_wconf 85' lang='lat' dir='ltr'><strong>principium,</strong></span> 
     </span>
    </p>
   </div>
   <div class='ocr_carea' id='block_1_26' title="bbox 375 2488 1954 2563">
    <p class='ocr_par' dir='ltr' id='par_1_26' title="bbox 375 2488 1954 2563">
     <span class='ocr_line' id='line_1_26' title="bbox 375 2488 1954 2563; baseline 0.002 -18"><span class='ocrx_word' id='word_1_172' title='bbox 375 2505 552 2560; x_wconf 91' lang='lat' dir='ltr'><strong>neque</strong></span> <span class='ocrx_word' id='word_1_173' title='bbox 590 2488 857 2554; x_wconf 84' lang='lat' dir='ltr'><strong>‘ntedium,</strong></span> <span class='ocrx_word' id='word_1_174' title='bbox 891 2503 1067 2556; x_wconf 87' lang='lat' dir='ltr'><strong>neque</strong></span> <span class='ocrx_word' id='word_1_175' title='bbox 1116 2488 1279 2555; x_wconf 79' lang='lat' dir='ltr'><strong>linis;</strong></span> <span class='ocrx_word' id='word_1_176' title='bbox 1316 2490 1361 2543; x_wconf 82' lang='lat' dir='ltr'><strong>si</strong></span> <span class='ocrx_word' id='word_1_177' title='bbox 1405 2490 1526 2560; x_wconf 84' lang='lat' dir='ltr'><strong>quis</strong></span> <span class='ocrx_word' id='word_1_178' title='bbox 1562 2506 1692 2545; x_wconf 90' lang='lat' dir='ltr'><strong>vero</strong></span> <span class='ocrx_word' id='word_1_179' title='bbox 1746 2492 1954 2563; x_wconf 92' lang='lat' dir='ltr'><strong>aliquid</strong></span> 
     </span>
    </p>
   </div>
   <div class='ocr_carea' id='block_1_27' title="bbox 376 2580 1953 2654">
    <p class='ocr_par' dir='ltr' id='par_1_27' title="bbox 376 2580 1953 2654">
     <span class='ocr_line' id='line_1_27' title="bbox 376 2580 1953 2654; baseline 0.001 -17"><span class='ocrx_word' id='word_1_180' title='bbox 376 2583 572 2638; x_wconf 90' lang='lat' dir='ltr'><strong>horum</strong></span> <span class='ocrx_word' id='word_1_181' title='bbox 608 2590 835 2651; x_wconf 65' lang='lat' dir='ltr'><strong>quaerat,</strong></span> <span class='ocrx_word' id='word_1_182' title='bbox 869 2580 1037 2635; x_wconf 88' lang='lat' dir='ltr'><strong>multa</strong></span> <span class='ocrx_word' id='word_1_183' title='bbox 1081 2582 1443 2654; x_wconf 87' lang='lat' dir='ltr'><strong>reperientur,</strong></span> <span class='ocrx_word' id='word_1_184' title='bbox 1488 2590 1538 2636; x_wconf 92' lang='lat' dir='ltr'><strong>et</strong></span> <span class='ocrx_word' id='word_1_185' title='bbox 1578 2597 1684 2638; x_wconf 91' lang='lat' dir='ltr'><strong>non</strong></span> <span class='ocrx_word' id='word_1_186' title='bbox 1734 2585 1953 2652; x_wconf 83' lang='lat' dir='ltr'><strong>unitas;</strong></span> 
     </span>
    </p>
   </div>
   <div class='ocr_carea' id='block_1_28' title="bbox 376 2674 1956 2745">
    <p class='ocr_par' dir='ltr' id='par_1_28' title="bbox 376 2674 1956 2745">
     <span class='ocr_line' id='line_1_28' title="bbox 376 2674 1956 2745; baseline 0.003 -17"><span class='ocrx_word' id='word_1_187' title='bbox 376 2675 704 2745; x_wconf 82' lang='lat' dir='ltr'><strong>principium</strong></span> <span class='ocrx_word' id='word_1_188' title='bbox 746 2675 916 2739; x_wconf 91' lang='lat' dir='ltr'><strong>enim,</strong></span> <span class='ocrx_word' id='word_1_189' title='bbox 945 2685 1000 2729; x_wconf 92' lang='lat' dir='ltr'><strong>et</strong></span> <span class='ocrx_word' id='word_1_190' title='bbox 1035 2674 1299 2737; x_wconf 90' lang='lat' dir='ltr'><strong>medium,</strong></span> <span class='ocrx_word' id='word_1_191' title='bbox 1327 2681 1381 2726; x_wconf 94' lang='lat' dir='ltr'><strong>et</strong></span> <span class='ocrx_word' id='word_1_192' title='bbox 1421 2674 1541 2728; x_wconf 82' lang='lat' dir='ltr'><strong>ﬁnis</strong></span> <span class='ocrx_word' id='word_1_193' title='bbox 1574 2690 1764 2729; x_wconf 89' lang='lat' dir='ltr'><strong>eorum</strong></span> <span class='ocrx_word' id='word_1_194' title='bbox 1796 2676 1956 2744; x_wconf 81' lang='lat' dir='ltr'><strong>plane</strong></span> 
     </span>
    </p>
   </div>
   <div class='ocr_carea' id='block_1_29' title="bbox 372 2767 1952 2837">
    <p class='ocr_par' dir='ltr' id='par_1_29' title="bbox 372 2767 1952 2837">
     <span class='ocr_line' id='line_1_29' title="bbox 372 2767 1952 2837; baseline 0 -12"><span class='ocrx_word' id='word_1_195' title='bbox 372 2779 524 2834; x_wconf 89' lang='lat' dir='ltr'><strong>sunt,</strong></span> <span class='ocrx_word' id='word_1_196' title='bbox 550 2784 668 2837; x_wconf 83' lang='lat' dir='ltr'><strong>quae</strong></span> <span class='ocrx_word' id='word_1_197' title='bbox 697 2768 863 2823; x_wconf 84' lang='lat' dir='ltr'><strong>dividi</strong></span> <span class='ocrx_word' id='word_1_198' title='bbox 886 2778 1148 2837; x_wconf 90' lang='lat' dir='ltr'><strong>possunt;</strong></span> <span class='ocrx_word' id='word_1_199' title='bbox 1180 2768 1360 2823; x_wconf 89' lang='lat' dir='ltr'><strong>unitas</strong></span> <span class='ocrx_word' id='word_1_200' title='bbox 1387 2783 1515 2823; x_wconf 89' lang='lat' dir='ltr'><strong>vero</strong></span> <span class='ocrx_word' id='word_1_201' title='bbox 1538 2767 1816 2823; x_wconf 86' lang='lat' dir='ltr'><strong>individua</strong></span> <span class='ocrx_word' id='word_1_202' title='bbox 1838 2780 1952 2835; x_wconf 90' lang='lat' dir='ltr'><strong>est;</strong></span> 
     </span>
    </p>
   </div>
   <div class='ocr_carea' id='block_1_30' title="bbox 372 2863 1956 2935">
    <p class='ocr_par' dir='ltr' id='par_1_30' title="bbox 372 2863 1956 2935">
     <span class='ocr_line' id='line_1_30' title="bbox 372 2863 1956 2935; baseline -0.001 -15"><span class='ocrx_word' id='word_1_203' title='bbox 372 2865 627 2920; x_wconf 79' lang='lat' dir='ltr'><strong>similiter</strong></span> <span class='ocrx_word' id='word_1_204' title='bbox 655 2865 800 2935; x_wconf 91' lang='lat' dir='ltr'><strong>quod</strong></span> <span class='ocrx_word' id='word_1_205' title='bbox 832 2863 994 2920; x_wconf 83' lang='lat' dir='ltr'><strong>habet</strong></span> <span class='ocrx_word' id='word_1_206' title='bbox 1026 2865 1376 2935; x_wconf 90' lang='lat' dir='ltr'><strong>principium,</strong></span> <span class='ocrx_word' id='word_1_207' title='bbox 1403 2873 1457 2920; x_wconf 91' lang='lat' dir='ltr'><strong>et</strong></span> <span class='ocrx_word' id='word_1_208' title='bbox 1491 2867 1753 2932; x_wconf 88' lang='lat' dir='ltr'><strong>medium,</strong></span> <span class='ocrx_word' id='word_1_209' title='bbox 1795 2873 1849 2921; x_wconf 88' lang='lat' dir='ltr'><strong>et</strong></span> <span class='ocrx_word' id='word_1_210' title='bbox 1890 2864 1956 2918; x_wconf 83' lang='lat' dir='ltr'><strong>ﬁ-</strong></span> 
     </span>
    </p>
   </div>
   <div class='ocr_carea' id='block_1_31' title="bbox 372 2956 1953 3027">
    <p class='ocr_par' dir='ltr' id='par_1_31' title="bbox 372 2956 1953 3027">
     <span class='ocr_line' id='line_1_31' title="bbox 372 2956 1953 3027; baseline -0.001 -14"><span class='ocrx_word' id='word_1_211' title='bbox 372 2973 521 3023; x_wconf 91' lang='lat' dir='ltr'><strong>nem,</strong></span> <span class='ocrx_word' id='word_1_212' title='bbox 548 2965 716 3011; x_wconf 92' lang='lat' dir='ltr'><strong>totum</strong></span> <span class='ocrx_word' id='word_1_213' title='bbox 754 2956 959 3026; x_wconf 89' lang='lat' dir='ltr'><strong>aliquid</strong></span> <span class='ocrx_word' id='word_1_214' title='bbox 988 2966 1070 3011; x_wconf 89' lang='lat' dir='ltr'><strong>est</strong></span> <span class='ocrx_word' id='word_1_215' title='bbox 1104 2972 1168 3011; x_wconf 85' lang='lat' dir='ltr'><strong>ex</strong></span> <span class='ocrx_word' id='word_1_216' title='bbox 1200 2957 1282 3011; x_wconf 91' lang='lat' dir='ltr'><strong>his</strong></span> <span class='ocrx_word' id='word_1_217' title='bbox 1308 2968 1784 3026; x_wconf 83' lang='lat' dir='ltr'><strong>coagmentatum;</strong></span> <span class='ocrx_word' id='word_1_218' title='bbox 1811 2958 1953 3027; x_wconf 91' lang='lat' dir='ltr'><strong>quod</strong></span> 
     </span>
    </p>
   </div>
   <div class='ocr_carea' id='block_1_32' title="bbox 371 3048 1957 3118">
    <p class='ocr_par' dir='ltr' id='par_1_32' title="bbox 371 3048 1957 3118">
     <span class='ocr_line' id='line_1_32' title="bbox 371 3048 1957 3118; baseline -0.001 -14"><span class='ocrx_word' id='word_1_219' title='bbox 371 3059 556 3104; x_wconf 88' lang='lat' dir='ltr'><strong>autem</strong></span> <span class='ocrx_word' id='word_1_220' title='bbox 589 3050 669 3105; x_wconf 89' lang='lat' dir='ltr'><strong>sic</strong></span> <span class='ocrx_word' id='word_1_221' title='bbox 696 3058 779 3103; x_wconf 89' lang='lat' dir='ltr'><strong>est</strong></span> <span class='ocrx_word' id='word_1_222' title='bbox 810 3056 1009 3115; x_wconf 91' lang='lat' dir='ltr'><strong>totum,</strong></span> <span class='ocrx_word' id='word_1_223' title='bbox 1037 3064 1104 3104; x_wconf 87' lang='lat' dir='ltr'><strong>ex</strong></span> <span class='ocrx_word' id='word_1_224' title='bbox 1138 3048 1385 3118; x_wconf 87' lang='lat' dir='ltr'><strong>partibus</strong></span> <span class='ocrx_word' id='word_1_225' title='bbox 1419 3050 1583 3104; x_wconf 88' lang='lat' dir='ltr'><strong>etiam</strong></span> <span class='ocrx_word' id='word_1_226' title='bbox 1629 3059 1712 3104; x_wconf 87' lang='lat' dir='ltr'><strong>est</strong></span> <span class='ocrx_word' id='word_1_227' title='bbox 1747 3058 1912 3103; x_wconf 87' lang='lat' dir='ltr'><strong>totttm</strong></span> <span class='ocrx_word' id='word_1_228' title='bbox 1936 3066 1957 3114; x_wconf 73' lang='lat'><strong>;.</strong></span> 
     </span>
    </p>
   </div>
   <div class='ocr_carea' id='block_1_33' title="bbox 2029 560 3640 635">
    <p class='ocr_par' dir='ltr' id='par_1_33' title="bbox 2029 560 3640 635">
     <span class='ocr_line' id='line_1_33' title="bbox 2029 560 3640 635; baseline 0.01 -28"><span class='ocrx_word' id='word_1_229' title='bbox 2029 560 2041 571; x_wconf 87' lang='lat'><strong><em>&#39;</em></strong></span> <span class='ocrx_word' id='word_1_230' title='bbox 2063 572 2208 609; x_wconf 89' lang='lat' dir='ltr'><strong>mum</strong></span> <span class='ocrx_word' id='word_1_231' title='bbox 2238 560 2523 626; x_wconf 83' lang='lat' dir='ltr'><strong>aequaliter</strong></span> <span class='ocrx_word' id='word_1_232' title='bbox 2559 562 2810 631; x_wconf 87' lang='lat' dir='ltr'><strong>procedit</strong></span> <span class='ocrx_word' id='word_1_233' title='bbox 2843 564 3004 629; x_wconf 87' lang='lat' dir='ltr'><strong>linea,</strong></span> <span class='ocrx_word' id='word_1_234' title='bbox 3034 568 3178 635; x_wconf 90' lang='lat' dir='ltr'><strong>quod</strong></span> <span class='ocrx_word' id='word_1_235' title='bbox 3212 568 3426 633; x_wconf 83' lang='lat' dir='ltr'><strong>quidem</strong></span> <span class='ocrx_word' id='word_1_236' title='bbox 3466 568 3517 622; x_wconf 91' lang='lat' dir='ltr'><strong>in</strong></span> <span class='ocrx_word' id='word_1_237' title='bbox 3557 586 3640 623; x_wconf 84' lang='lat' dir='ltr'><strong>re-</strong></span> 
     </span>
    </p>
   </div>
   <div class='ocr_carea' id='block_1_34' title="bbox 2063 651 3642 721">
    <p class='ocr_par' dir='ltr' id='par_1_34' title="bbox 2063 651 3642 721">
     <span class='ocr_line' id='line_1_34' title="bbox 2063 651 3642 721; baseline 0.009 -21"><span class='ocrx_word' id='word_1_238' title='bbox 2063 651 2164 703; x_wconf 86' lang='lat' dir='ltr'><strong>ctis</strong></span> <span class='ocrx_word' id='word_1_239' title='bbox 2212 651 2515 720; x_wconf 88' lang='lat' dir='ltr'><strong>reperitur;</strong></span> <span class='ocrx_word' id='word_1_240' title='bbox 2561 652 2607 707; x_wconf 90' lang='lat' dir='ltr'><strong>si</strong></span> <span class='ocrx_word' id='word_1_241' title='bbox 2641 661 2821 707; x_wconf 91' lang='lat' dir='ltr'><strong>autem</strong></span> <span class='ocrx_word' id='word_1_242' title='bbox 2856 668 2955 709; x_wconf 89' lang='lat' dir='ltr'><strong>nec</strong></span> <span class='ocrx_word' id='word_1_243' title='bbox 3002 656 3123 721; x_wconf 85' lang='lat' dir='ltr'><strong>hoc,</strong></span> <span class='ocrx_word' id='word_1_244' title='bbox 3170 670 3269 710; x_wconf 87' lang='lat' dir='ltr'><strong>nec</strong></span> <span class='ocrx_word' id='word_1_245' title='bbox 3315 658 3464 721; x_wconf 91' lang='lat' dir='ltr'><strong>illud,</strong></span> <span class='ocrx_word' id='word_1_246' title='bbox 3495 672 3642 714; x_wconf 85' lang='lat' dir='ltr'><strong>caret</strong></span> 
     </span>
    </p>
   </div>
   <div class='ocr_carea' id='block_1_35' title="bbox 2062 741 3642 817">
    <p class='ocr_par' dir='ltr' id='par_1_35' title="bbox 2062 741 3642 817">
     <span class='ocr_line' id='line_1_35' title="bbox 2062 741 3642 817; baseline 0.007 -25"><span class='ocrx_word' id='word_1_247' title='bbox 2062 741 2229 808; x_wconf 85' lang='lat' dir='ltr'><strong>igitur</strong></span> <span class='ocrx_word' id='word_1_248' title='bbox 2263 742 2431 812; x_wconf 78' lang='lat' dir='ltr'><strong>ﬁgura</strong></span> <span class='ocrx_word' id='word_1_249' title='bbox 2486 745 2668 799; x_wconf 89' lang='lat' dir='ltr'><strong>unitas</strong></span> <span class='ocrx_word' id='word_1_250' title='bbox 2720 744 2932 799; x_wconf 90' lang='lat' dir='ltr'><strong>divina.</strong></span> <span class='ocrx_word' id='word_1_251' title='bbox 2989 745 3087 801; x_wconf 88' lang='lat' dir='ltr'><strong>Est</strong></span> <span class='ocrx_word' id='word_1_252' title='bbox 3144 758 3401 816; x_wconf 84' lang='lat' dir='ltr'><strong>praeterea</strong></span> <span class='ocrx_word' id='word_1_253' title='bbox 3445 766 3642 817; x_wconf 71' lang='lat' dir='ltr'><strong>expers</strong></span> 
     </span>
    </p>
   </div>
   <div class='ocr_carea' id='block_1_36' title="bbox 2062 836 3674 911">
    <p class='ocr_par' dir='ltr' id='par_1_36' title="bbox 2062 836 3674 911">
     <span class='ocr_line' id='line_1_36' title="bbox 2062 836 3674 911; baseline 0.01 -24"><span class='ocrx_word' id='word_1_254' title='bbox 2062 836 2303 904; x_wconf 80' lang='lat' dir='ltr'><strong>speciei,</strong></span> <span class='ocrx_word' id='word_1_255' title='bbox 2334 837 2458 906; x_wconf 86' lang='lat' dir='ltr'><strong>quia</strong></span> <span class='ocrx_word' id='word_1_256' title='bbox 2510 841 2721 907; x_wconf 83' lang='lat' dir='ltr'><strong>species</strong></span> <span class='ocrx_word' id='word_1_257' title='bbox 2792 838 3145 895; x_wconf 89' lang='lat' dir='ltr'><strong>continentur</strong></span> <span class='ocrx_word' id='word_1_258' title='bbox 3192 843 3245 896; x_wconf 91' lang='lat' dir='ltr'><strong>in</strong></span> <span class='ocrx_word' id='word_1_259' title='bbox 3304 843 3674 911; x_wconf 84' lang='lat' dir='ltr'><strong>generibus:.</strong></span> 
     </span>
    </p>
   </div>
   <div class='ocr_carea' id='block_1_37' title="bbox 2064 929 3639 1000">
    <p class='ocr_par' dir='ltr' id='par_1_37' title="bbox 2064 929 3639 1000">
     <span class='ocr_line' id='line_1_37' title="bbox 2064 929 3639 1000; baseline 0.007 -20"><span class='ocrx_word' id='word_1_260' title='bbox 2064 929 2243 983; x_wconf 87' lang='lat' dir='ltr'><strong>unitas</strong></span> <span class='ocrx_word' id='word_1_261' title='bbox 2290 945 2419 984; x_wconf 90' lang='lat' dir='ltr'><strong>vero</strong></span> <span class='ocrx_word' id='word_1_262' title='bbox 2451 932 2631 985; x_wconf 89' lang='lat' dir='ltr'><strong>divina</strong></span> <span class='ocrx_word' id='word_1_263' title='bbox 2670 947 2767 987; x_wconf 91' lang='lat' dir='ltr'><strong>nec</strong></span> <span class='ocrx_word' id='word_1_264' title='bbox 2797 944 2882 989; x_wconf 88' lang='lat' dir='ltr'><strong>est</strong></span> <span class='ocrx_word' id='word_1_265' title='bbox 2930 935 2985 988; x_wconf 90' lang='lat' dir='ltr'><strong>in</strong></span> <span class='ocrx_word' id='word_1_266' title='bbox 3018 934 3141 1000; x_wconf 91' lang='lat' dir='ltr'><strong>alio,</strong></span> <span class='ocrx_word' id='word_1_267' title='bbox 3192 950 3292 989; x_wconf 88' lang='lat' dir='ltr'><strong>nec</strong></span> <span class='ocrx_word' id='word_1_268' title='bbox 3337 937 3388 989; x_wconf 94' lang='lat' dir='ltr'><strong>in</strong></span> <span class='ocrx_word' id='word_1_269' title='bbox 3438 952 3543 992; x_wconf 88' lang='lat' dir='ltr'><strong>se:</strong></span> <span class='ocrx_word' id='word_1_270' title='bbox 3587 938 3639 991; x_wconf 91' lang='lat' dir='ltr'><strong>in</strong></span> 
     </span>
    </p>
   </div>
   <div class='ocr_carea' id='block_1_38' title="bbox 2064 1020 3641 1096">
    <p class='ocr_par' dir='ltr' id='par_1_38' title="bbox 2064 1020 3641 1096">
     <span class='ocr_line' id='line_1_38' title="bbox 2064 1020 3641 1096; baseline 0.008 -25"><span class='ocrx_word' id='word_1_271' title='bbox 2064 1020 2167 1073; x_wconf 89' lang='lat' dir='ltr'><strong>alio</strong></span> <span class='ocrx_word' id='word_1_272' title='bbox 2201 1021 2416 1089; x_wconf 86' lang='lat' dir='ltr'><strong>quidem</strong></span> <span class='ocrx_word' id='word_1_273' title='bbox 2453 1022 2500 1077; x_wconf 92' lang='lat' dir='ltr'><strong>si</strong></span> <span class='ocrx_word' id='word_1_274' title='bbox 2541 1032 2706 1090; x_wconf 88' lang='lat' dir='ltr'><strong>esset,</strong></span> <span class='ocrx_word' id='word_1_275' title='bbox 2744 1024 2985 1079; x_wconf 84' lang='lat' dir='ltr'><strong>eveniret</strong></span> <span class='ocrx_word' id='word_1_276' title='bbox 3034 1026 3085 1080; x_wconf 89' lang='lat' dir='ltr'><strong>ei</strong></span> <span class='ocrx_word' id='word_1_277' title='bbox 3129 1027 3355 1096; x_wconf 90' lang='lat' dir='ltr'><strong>perinde</strong></span> <span class='ocrx_word' id='word_1_278' title='bbox 3392 1043 3455 1082; x_wconf 90' lang='lat' dir='ltr'><strong>ac</strong></span> <span class='ocrx_word' id='word_1_279' title='bbox 3492 1029 3539 1085; x_wconf 87' lang='lat' dir='ltr'><strong>si</strong></span> <span class='ocrx_word' id='word_1_280' title='bbox 3588 1029 3641 1083; x_wconf 90' lang='lat' dir='ltr'><strong>in</strong></span> 
     </span>
    </p>
   </div>
   <div class='ocr_carea' id='block_1_39' title="bbox 2066 1116 3646 1189">
    <p class='ocr_par' dir='ltr' id='par_1_39' title="bbox 2066 1116 3646 1189">
     <span class='ocr_line' id='line_1_39' title="bbox 2066 1116 3646 1189; baseline 0.006 -23"><span class='ocrx_word' id='word_1_281' title='bbox 2066 1116 2242 1170; x_wconf 73' lang='lat' dir='ltr'><strong>medio</strong></span> <span class='ocrx_word' id='word_1_282' title='bbox 2285 1125 2427 1171; x_wconf 83' lang='lat' dir='ltr'><strong>esset</strong></span> <span class='ocrx_word' id='word_1_283' title='bbox 2469 1119 2884 1187; x_wconf 76' lang='lat' dir='ltr'><strong>comprehensa,</strong></span> <span class='ocrx_word' id='word_1_284' title='bbox 2927 1120 3073 1189; x_wconf 88' lang='lat' dir='ltr'><strong>quod</strong></span> <span class='ocrx_word' id='word_1_285' title='bbox 3129 1120 3182 1174; x_wconf 90' lang='lat' dir='ltr'><strong>in</strong></span> <span class='ocrx_word' id='word_1_286' title='bbox 3229 1122 3415 1175; x_wconf 85' lang='lat' dir='ltr'><strong>circuli</strong></span> <span class='ocrx_word' id='word_1_287' title='bbox 3458 1132 3646 1178; x_wconf 88' lang='lat' dir='ltr'><strong>centro</strong></span> 
     </span>
    </p>
   </div>
   <div class='ocr_carea' id='block_1_40' title="bbox 2064 1208 3644 1277">
    <p class='ocr_par' dir='ltr' id='par_1_40' title="bbox 2064 1208 3644 1277">
     <span class='ocr_line' id='line_1_40' title="bbox 2064 1208 3644 1277; baseline 0.004 -18"><span class='ocrx_word' id='word_1_288' title='bbox 2064 1208 2349 1277; x_wconf 85' lang='lat' dir='ltr'><strong>contingit.</strong></span> <span class='ocrx_word' id='word_1_289' title='bbox 2384 1209 2824 1265; x_wconf 86' lang='lat' dir='ltr'><strong>Demnnstratum</strong></span> <span class='ocrx_word' id='word_1_290' title='bbox 2870 1226 3000 1265; x_wconf 87' lang='lat' dir='ltr'><strong>vero</strong></span> <span class='ocrx_word' id='word_1_291' title='bbox 3039 1221 3122 1266; x_wconf 90' lang='lat' dir='ltr'><strong>est</strong></span> <span class='ocrx_word' id='word_1_292' title='bbox 3156 1227 3261 1266; x_wconf 92' lang='lat' dir='ltr'><strong>non</strong></span> <span class='ocrx_word' id='word_1_293' title='bbox 3294 1213 3498 1268; x_wconf 86' lang='lat' dir='ltr'><strong>habere</strong></span> <span class='ocrx_word' id='word_1_294' title='bbox 3524 1228 3644 1267; x_wconf 88' lang='lat' dir='ltr'><strong>eam</strong></span> 
     </span>
    </p>
   </div>
   <div class='ocr_carea' id='block_1_41' title="bbox 2065 1302 3646 1373">
    <p class='ocr_par' dir='ltr' id='par_1_41' title="bbox 2065 1302 3646 1373">
     <span class='ocr_line' id='line_1_41' title="bbox 2065 1302 3646 1373; baseline 0.006 -25"><span class='ocrx_word' id='word_1_295' title='bbox 2065 1307 2267 1367; x_wconf 76' lang='lat' dir='ltr'><strong>partes,</strong></span> <span class='ocrx_word' id='word_1_296' title='bbox 2306 1315 2480 1369; x_wconf 89' lang='lat' dir='ltr'><strong>neque</strong></span> <span class='ocrx_word' id='word_1_297' title='bbox 2514 1302 2762 1370; x_wconf 80' lang='lat' dir='ltr'><strong>ﬁguram.</strong></span> <span class='ocrx_word' id='word_1_298' title='bbox 2799 1302 2913 1357; x_wconf 87' lang='lat' dir='ltr'><strong>Non</strong></span> <span class='ocrx_word' id='word_1_299' title='bbox 2947 1313 3031 1359; x_wconf 90' lang='lat' dir='ltr'><strong>est</strong></span> <span class='ocrx_word' id='word_1_300' title='bbox 3079 1306 3244 1373; x_wconf 82' lang='lat' dir='ltr'><strong>igitur</strong></span> <span class='ocrx_word' id='word_1_301' title='bbox 3289 1305 3343 1359; x_wconf 90' lang='lat' dir='ltr'><strong>in</strong></span> <span class='ocrx_word' id='word_1_302' title='bbox 3378 1304 3505 1371; x_wconf 87' lang='lat' dir='ltr'><strong>alio,</strong></span> <span class='ocrx_word' id='word_1_303' title='bbox 3539 1306 3646 1360; x_wconf 90' lang='lat' dir='ltr'><strong>imo</strong></span> 
     </span>
    </p>
   </div>
   <div class='ocr_carea' id='block_1_42' title="bbox 2065 1392 3647 1465">
    <p class='ocr_par' dir='ltr' id='par_1_42' title="bbox 2065 1392 3647 1465">
     <span class='ocr_line' id='line_1_42' title="bbox 2065 1392 3647 1465; baseline 0.004 -20"><span class='ocrx_word' id='word_1_304' title='bbox 2065 1406 2167 1445; x_wconf 90' lang='lat' dir='ltr'><strong>nec</strong></span> <span class='ocrx_word' id='word_1_305' title='bbox 2190 1392 2240 1445; x_wconf 91' lang='lat' dir='ltr'><strong>in</strong></span> <span class='ocrx_word' id='word_1_306' title='bbox 2276 1405 2353 1457; x_wconf 90' lang='lat' dir='ltr'><strong>se,</strong></span> <span class='ocrx_word' id='word_1_307' title='bbox 2381 1393 2583 1463; x_wconf 87' lang='lat' dir='ltr'><strong>alioqui</strong></span> <span class='ocrx_word' id='word_1_308' title='bbox 2612 1393 2751 1447; x_wconf 91' lang='lat' dir='ltr'><strong>idem</strong></span> <span class='ocrx_word' id='word_1_309' title='bbox 2780 1395 2942 1449; x_wconf 88' lang='lat' dir='ltr'><strong>etiam</strong></span> <span class='ocrx_word' id='word_1_310' title='bbox 2975 1397 3117 1465; x_wconf 92' lang='lat' dir='ltr'><strong>quod</strong></span> <span class='ocrx_word' id='word_1_311' title='bbox 3153 1397 3379 1459; x_wconf 90' lang='lat' dir='ltr'><strong>circulo,</strong></span> <span class='ocrx_word' id='word_1_312' title='bbox 3419 1398 3465 1452; x_wconf 92' lang='lat' dir='ltr'><strong>ei</strong></span> <span class='ocrx_word' id='word_1_313' title='bbox 3502 1398 3647 1453; x_wconf 83' lang='lat' dir='ltr'><strong>arci-</strong></span> 
     </span>
    </p>
   </div>
   <div class='ocr_carea' id='block_1_43' title="bbox 2065 1483 3643 1553">
    <p class='ocr_par' dir='ltr' id='par_1_43' title="bbox 2065 1483 3643 1553">
     <span class='ocr_line' id='line_1_43' title="bbox 2065 1483 3643 1553; baseline 0.004 -16"><span class='ocrx_word' id='word_1_314' title='bbox 2065 1484 2240 1549; x_wconf 89' lang='lat' dir='ltr'><strong>deret,</strong></span> <span class='ocrx_word' id='word_1_315' title='bbox 2282 1483 2327 1537; x_wconf 86' lang='lat' dir='ltr'><strong>si</strong></span> <span class='ocrx_word' id='word_1_316' title='bbox 2382 1484 2496 1553; x_wconf 89' lang='lat' dir='ltr'><strong>ipsa</strong></span> <span class='ocrx_word' id='word_1_317' title='bbox 2545 1500 2603 1539; x_wconf 91' lang='lat' dir='ltr'><strong>se</strong></span> <span class='ocrx_word' id='word_1_318' title='bbox 2656 1485 3136 1552; x_wconf 82' lang='lat' dir='ltr'><strong>complecteretur,</strong></span> <span class='ocrx_word' id='word_1_319' title='bbox 3190 1497 3246 1541; x_wconf 90' lang='lat' dir='ltr'><strong>et</strong></span> <span class='ocrx_word' id='word_1_320' title='bbox 3294 1488 3643 1543; x_wconf 86' lang='lat' dir='ltr'><strong>contineret:</strong></span> 
     </span>
    </p>
   </div>
   <div class='ocr_carea' id='block_1_44' title="bbox 2064 1576 3647 1649">
    <p class='ocr_par' dir='ltr' id='par_1_44' title="bbox 2064 1576 3647 1649">
     <span class='ocr_line' id='line_1_44' title="bbox 2064 1576 3647 1649; baseline 0.004 -20"><span class='ocrx_word' id='word_1_321' title='bbox 2064 1590 2171 1629; x_wconf 89' lang='lat' dir='ltr'><strong>non</strong></span> <span class='ocrx_word' id='word_1_322' title='bbox 2202 1576 2345 1629; x_wconf 92' lang='lat' dir='ltr'><strong>enim</strong></span> <span class='ocrx_word' id='word_1_323' title='bbox 2382 1584 2559 1644; x_wconf 89' lang='lat' dir='ltr'><strong>potest</strong></span> <span class='ocrx_word' id='word_1_324' title='bbox 2587 1591 2711 1631; x_wconf 88' lang='lat' dir='ltr'><strong>esse</strong></span> <span class='ocrx_word' id='word_1_325' title='bbox 2741 1577 2937 1644; x_wconf 89' lang='lat' dir='ltr'><strong>aliquid</strong></span> <span class='ocrx_word' id='word_1_326' title='bbox 2977 1577 3028 1630; x_wconf 93' lang='lat' dir='ltr'><strong>in</strong></span> <span class='ocrx_word' id='word_1_327' title='bbox 3072 1592 3132 1632; x_wconf 90' lang='lat' dir='ltr'><strong>se</strong></span> <span class='ocrx_word' id='word_1_328' title='bbox 3163 1580 3304 1645; x_wconf 89' lang='lat' dir='ltr'><strong>ipso,</strong></span> <span class='ocrx_word' id='word_1_329' title='bbox 3337 1581 3471 1649; x_wconf 86' lang='lat' dir='ltr'><strong>quin</strong></span> <span class='ocrx_word' id='word_1_330' title='bbox 3512 1597 3541 1635; x_wconf 91' lang='lat' dir='ltr'><strong>a</strong></span> <span class='ocrx_word' id='word_1_331' title='bbox 3586 1597 3647 1636; x_wconf 87' lang='lat' dir='ltr'><strong>se</strong></span> 
     </span>
    </p>
   </div>
   <div class='ocr_carea' id='block_1_45' title="bbox 2067 1667 3649 1744">
    <p class='ocr_par' dir='ltr' id='par_1_45' title="bbox 2067 1667 3649 1744">
     <span class='ocr_line' id='line_1_45' title="bbox 2067 1667 3649 1744; baseline 0.004 -25"><span class='ocrx_word' id='word_1_332' title='bbox 2067 1668 2182 1736; x_wconf 89' lang='lat' dir='ltr'><strong>ipso</strong></span> <span class='ocrx_word' id='word_1_333' title='bbox 2214 1667 2574 1723; x_wconf 88' lang='lat' dir='ltr'><strong>contineatur.</strong></span> <span class='ocrx_word' id='word_1_334' title='bbox 2614 1668 2725 1723; x_wconf 79' lang='lat' dir='ltr'><strong>Etsi</strong></span> <span class='ocrx_word' id='word_1_335' title='bbox 2755 1670 2899 1723; x_wconf 90' lang='lat' dir='ltr'><strong>enim</strong></span> <span class='ocrx_word' id='word_1_336' title='bbox 2946 1670 3086 1724; x_wconf 83' lang='lat' dir='ltr'><strong>Deus</strong></span> <span class='ocrx_word' id='word_1_337' title='bbox 3121 1685 3184 1724; x_wconf 86' lang='lat' dir='ltr'><strong>ex</strong></span> <span class='ocrx_word' id='word_1_338' title='bbox 3216 1685 3296 1736; x_wconf 87' lang='lat' dir='ltr'><strong>se,</strong></span> <span class='ocrx_word' id='word_1_339' title='bbox 3334 1683 3387 1726; x_wconf 90' lang='lat' dir='ltr'><strong>et</strong></span> <span class='ocrx_word' id='word_1_340' title='bbox 3424 1674 3542 1742; x_wconf 89' lang='lat' dir='ltr'><strong>ipse</strong></span> <span class='ocrx_word' id='word_1_341' title='bbox 3570 1674 3649 1744; x_wconf 82' lang='lat' dir='ltr'><strong>ip-</strong></span> 
     </span>
    </p>
   </div>
   <div class='ocr_carea' id='block_1_46' title="bbox 2066 1762 3651 1830">
    <p class='ocr_par' dir='ltr' id='par_1_46' title="bbox 2066 1762 3651 1830">
     <span class='ocr_line' id='line_1_46' title="bbox 2066 1762 3651 1830; baseline 0.004 -14"><span class='ocrx_word' id='word_1_342' title='bbox 2066 1778 2182 1816; x_wconf 82' lang='lat' dir='ltr'><strong>sum</strong></span> <span class='ocrx_word' id='word_1_343' title='bbox 2217 1762 2485 1826; x_wconf 86' lang='lat' dir='ltr'><strong>continet,</strong></span> <span class='ocrx_word' id='word_1_344' title='bbox 2522 1771 2699 1818; x_wconf 90' lang='lat' dir='ltr'><strong>tamen</strong></span> <span class='ocrx_word' id='word_1_345' title='bbox 2745 1762 2860 1818; x_wconf 85' lang='lat' dir='ltr'><strong>ﬁeri</strong></span> <span class='ocrx_word' id='word_1_346' title='bbox 2889 1780 2998 1818; x_wconf 79' lang='lat' dir='ltr'><strong>non</strong></span> <span class='ocrx_word' id='word_1_347' title='bbox 3031 1773 3227 1830; x_wconf 87' lang='lat' dir='ltr'><strong>potest,</strong></span> <span class='ocrx_word' id='word_1_348' title='bbox 3259 1777 3313 1819; x_wconf 92' lang='lat' dir='ltr'><strong>ut</strong></span> <span class='ocrx_word' id='word_1_349' title='bbox 3349 1767 3492 1821; x_wconf 90' lang='lat' dir='ltr'><strong>idem</strong></span> <span class='ocrx_word' id='word_1_350' title='bbox 3518 1783 3651 1823; x_wconf 76' lang='lat' dir='ltr'><strong>con-</strong></span> 
     </span>
    </p>
   </div>
   <div class='ocr_carea' id='block_1_47' title="bbox 2066 1857 3649 1925">
    <p class='ocr_par' dir='ltr' id='par_1_47' title="bbox 2066 1857 3649 1925">
     <span class='ocr_line' id='line_1_47' title="bbox 2066 1857 3649 1925; baseline 0.006 -19"><span class='ocrx_word' id='word_1_351' title='bbox 2066 1857 2256 1918; x_wconf 85' lang='lat' dir='ltr'><strong>tineat,</strong></span> <span class='ocrx_word' id='word_1_352' title='bbox 2294 1866 2347 1910; x_wconf 89' lang='lat' dir='ltr'><strong>et</strong></span> <span class='ocrx_word' id='word_1_353' title='bbox 2376 1871 2404 1910; x_wconf 90' lang='lat' dir='ltr'><strong>a</strong></span> <span class='ocrx_word' id='word_1_354' title='bbox 2437 1870 2494 1910; x_wconf 90' lang='lat' dir='ltr'><strong>se</strong></span> <span class='ocrx_word' id='word_1_355' title='bbox 2527 1858 2909 1925; x_wconf 90' lang='lat' dir='ltr'><strong>contineatur;</strong></span> <span class='ocrx_word' id='word_1_356' title='bbox 2948 1859 2989 1913; x_wconf 83' lang='lat' dir='ltr'><strong>si</strong></span> <span class='ocrx_word' id='word_1_357' title='bbox 3024 1868 3205 1912; x_wconf 90' lang='lat' dir='ltr'><strong>autem</strong></span> <span class='ocrx_word' id='word_1_358' title='bbox 3233 1860 3301 1917; x_wconf 91' lang='lat' dir='ltr'><strong>ab</strong></span> <span class='ocrx_word' id='word_1_359' title='bbox 3336 1860 3443 1914; x_wconf 90' lang='lat' dir='ltr'><strong>alio</strong></span> <span class='ocrx_word' id='word_1_360' title='bbox 3473 1862 3649 1916; x_wconf 61' lang='lat' dir='ltr'><strong>contiv</strong></span> 
     </span>
    </p>
   </div>
   <div class='ocr_carea' id='block_1_48' title="bbox 2063 1950 3645 2022">
    <p class='ocr_par' dir='ltr' id='par_1_48' title="bbox 2063 1950 3645 2022">
     <span class='ocr_line' id='line_1_48' title="bbox 2063 1950 3645 2022; baseline 0.004 -21"><span class='ocrx_word' id='word_1_361' title='bbox 2063 1957 2246 2013; x_wconf 73' lang='lat' dir='ltr'><strong>nctur,</strong></span> <span class='ocrx_word' id='word_1_362' title='bbox 2272 1951 2373 2004; x_wconf 87' lang='lat' dir='ltr'><strong>hoc</strong></span> <span class='ocrx_word' id='word_1_363' title='bbox 2396 1959 2482 2004; x_wconf 90' lang='lat' dir='ltr'><strong>est</strong></span> <span class='ocrx_word' id='word_1_364' title='bbox 2507 1950 2651 2018; x_wconf 88' lang='lat' dir='ltr'><strong>quod</strong></span> <span class='ocrx_word' id='word_1_365' title='bbox 2678 1952 2996 2006; x_wconf 90' lang='lat' dir='ltr'><strong>dicebamus</strong></span> <span class='ocrx_word' id='word_1_366' title='bbox 3022 1954 3088 2006; x_wconf 91' lang='lat' dir='ltr'><strong>ad</strong></span> <span class='ocrx_word' id='word_1_367' title='bbox 3118 1953 3321 2022; x_wconf 80' lang='lat' dir='ltr'><strong>ﬁguras</strong></span> <span class='ocrx_word' id='word_1_368' title='bbox 3350 1952 3645 2021; x_wconf 88' lang='lat' dir='ltr'><strong>pertinere.</strong></span> 
     </span>
    </p>
   </div>
   <div class='ocr_carea' id='block_1_49' title="bbox 2060 2040 3646 2112">
    <p class='ocr_par' dir='ltr' id='par_1_49' title="bbox 2060 2040 3646 2112">
     <span class='ocr_line' id='line_1_49' title="bbox 2060 2040 3646 2112; baseline 0 -15"><span class='ocrx_word' id='word_1_369' title='bbox 2060 2040 2223 2097; x_wconf 74' lang='lat' dir='ltr'><strong>Caret.</strong></span> <span class='ocrx_word' id='word_1_370' title='bbox 2256 2042 2418 2095; x_wconf 82' lang='lat' dir='ltr'><strong>etiam</strong></span> <span class='ocrx_word' id='word_1_371' title='bbox 2470 2043 2676 2107; x_wconf 88' lang='lat' dir='ltr'><strong>colore,</strong></span> <span class='ocrx_word' id='word_1_372' title='bbox 2710 2043 2837 2112; x_wconf 85' lang='lat' dir='ltr'><strong>quia</strong></span> <span class='ocrx_word' id='word_1_373' title='bbox 2882 2055 2965 2098; x_wconf 88' lang='lat' dir='ltr'><strong>est</strong></span> <span class='ocrx_word' id='word_1_374' title='bbox 3021 2045 3332 2098; x_wconf 88' lang='lat' dir='ltr'><strong>substantia</strong></span> <span class='ocrx_word' id='word_1_375' title='bbox 3384 2060 3504 2111; x_wconf 84' lang='lat' dir='ltr'><strong>quae</strong></span> <span class='ocrx_word' id='word_1_376' title='bbox 3538 2060 3646 2098; x_wconf 87' lang='lat' dir='ltr'><strong>non</strong></span> 
     </span>
    </p>
   </div>
   <div class='ocr_carea' id='block_1_50' title="bbox 2060 2132 3647 2204">
    <p class='ocr_par' dir='ltr' id='par_1_50' title="bbox 2060 2132 3647 2204">
     <span class='ocr_line' id='line_1_50' title="bbox 2060 2132 3647 2204; baseline 0.001 -17"><span class='ocrx_word' id='word_1_377' title='bbox 2060 2143 2143 2187; x_wconf 83' lang='lat' dir='ltr'><strong>est</strong></span> <span class='ocrx_word' id='word_1_378' title='bbox 2179 2134 2229 2187; x_wconf 87' lang='lat' dir='ltr'><strong>in</strong></span> <span class='ocrx_word' id='word_1_379' title='bbox 2270 2132 2535 2201; x_wconf 89' lang='lat' dir='ltr'><strong>subjecto.</strong></span> <span class='ocrx_word' id='word_1_380' title='bbox 2578 2132 2863 2200; x_wconf 89' lang='lat' dir='ltr'><strong>Quomodo</strong></span> <span class='ocrx_word' id='word_1_381' title='bbox 2890 2134 3117 2202; x_wconf 86' lang='lat' dir='ltr'><strong>recipiet</strong></span> <span class='ocrx_word' id='word_1_382' title='bbox 3143 2134 3353 2189; x_wconf 92' lang='lat' dir='ltr'><strong>colores</strong></span> <span class='ocrx_word' id='word_1_383' title='bbox 3386 2150 3507 2204; x_wconf 63' lang='lat' dir='ltr'><strong>quae</strong></span> <span class='ocrx_word' id='word_1_384' title='bbox 3538 2148 3647 2188; x_wconf 90' lang='lat' dir='ltr'><strong>non</strong></span> 
     </span>
    </p>
   </div>
   <div class='ocr_carea' id='block_1_51' title="bbox 2061 2224 3651 2294">
    <p class='ocr_par' dir='ltr' id='par_1_51' title="bbox 2061 2224 3651 2294">
     <span class='ocr_line' id='line_1_51' title="bbox 2061 2224 3651 2294; baseline 0 -18"><span class='ocrx_word' id='word_1_385' title='bbox 2061 2234 2239 2293; x_wconf 85' lang='lat' dir='ltr'><strong>potest</strong></span> <span class='ocrx_word' id='word_1_386' title='bbox 2276 2224 2471 2278; x_wconf 89' lang='lat' dir='ltr'><strong>cadere</strong></span> <span class='ocrx_word' id='word_1_387' title='bbox 2502 2224 2606 2278; x_wconf 89' lang='lat' dir='ltr'><strong>sub</strong></span> <span class='ocrx_word' id='word_1_388' title='bbox 2641 2234 2948 2291; x_wconf 85' lang='lat' dir='ltr'><strong>aspectum,</strong></span> <span class='ocrx_word' id='word_1_389' title='bbox 2980 2227 3068 2294; x_wconf 91' lang='lat' dir='ltr'><strong>qui</strong></span> <span class='ocrx_word' id='word_1_390' title='bbox 3099 2226 3313 2283; x_wconf 90' lang='lat' dir='ltr'><strong>colores</strong></span> <span class='ocrx_word' id='word_1_391' title='bbox 3346 2225 3651 2281; x_wconf 90' lang='lat' dir='ltr'><strong>discernit?</strong></span> 
     </span>
    </p>
   </div>
   <div class='ocr_carea' id='block_1_52' title="bbox 2064 2317 3649 2387">
    <p class='ocr_par' dir='ltr' id='par_1_52' title="bbox 2064 2317 3649 2387">
     <span class='ocr_line' id='line_1_52' title="bbox 2064 2317 3649 2387; baseline -0.003 -14"><span class='ocrx_word' id='word_1_392' title='bbox 2064 2318 2219 2373; x_wconf 85' lang='lat' dir='ltr'><strong>Sicut</strong></span> <span class='ocrx_word' id='word_1_393' title='bbox 2258 2333 2386 2387; x_wconf 80' lang='lat' dir='ltr'><strong>ergo</strong></span> <span class='ocrx_word' id='word_1_394' title='bbox 2442 2332 2546 2370; x_wconf 93' lang='lat' dir='ltr'><strong>nou</strong></span> <span class='ocrx_word' id='word_1_395' title='bbox 2603 2324 2686 2370; x_wconf 89' lang='lat' dir='ltr'><strong>est</strong></span> <span class='ocrx_word' id='word_1_396' title='bbox 2736 2317 2851 2371; x_wconf 68' lang='lat' dir='ltr'><strong>haec</strong></span> <span class='ocrx_word' id='word_1_397' title='bbox 2884 2318 3062 2371; x_wconf 85' lang='lat' dir='ltr'><strong>omnia</strong></span> <span class='ocrx_word' id='word_1_398' title='bbox 3100 2317 3285 2371; x_wconf 89' lang='lat' dir='ltr'><strong>divina</strong></span> <span class='ocrx_word' id='word_1_399' title='bbox 3333 2318 3536 2376; x_wconf 88' lang='lat' dir='ltr'><strong>unitas.</strong></span> <span class='ocrx_word' id='word_1_400' title='bbox 3568 2318 3649 2373; x_wconf 88' lang='lat' dir='ltr'><strong>sic</strong></span> 
     </span>
    </p>
   </div>
   <div class='ocr_carea' id='block_1_53' title="bbox 2060 2408 3649 2483">
    <p class='ocr_par' dir='ltr' id='par_1_53' title="bbox 2060 2408 3649 2483">
     <span class='ocr_line' id='line_1_53' title="bbox 2060 2408 3649 2483; baseline -0.006 -15"><span class='ocrx_word' id='word_1_401' title='bbox 2060 2426 2241 2483; x_wconf 84' lang='lat' dir='ltr'><strong>neque</strong></span> <span class='ocrx_word' id='word_1_402' title='bbox 2284 2410 2445 2475; x_wconf 82' lang='lat' dir='ltr'><strong>habet</strong></span> <span class='ocrx_word' id='word_1_403' title='bbox 2487 2408 2927 2475; x_wconf 81' lang='lat' dir='ltr'><strong>universitatem,</strong></span> <span class='ocrx_word' id='word_1_404' title='bbox 2968 2408 3050 2462; x_wconf 88' lang='lat' dir='ltr'><strong>vel</strong></span> <span class='ocrx_word' id='word_1_405' title='bbox 3081 2409 3397 2464; x_wconf 87' lang='lat' dir='ltr'><strong>universum</strong></span> <span class='ocrx_word' id='word_1_406' title='bbox 3434 2426 3447 2461; x_wconf 85' lang='lat'><strong>:</strong></span> <span class='ocrx_word' id='word_1_407' title='bbox 3505 2409 3649 2477; x_wconf 87' lang='lat' dir='ltr'><strong>quod</strong></span> 
     </span>
    </p>
   </div>
   <div class='ocr_carea' id='block_1_54' title="bbox 2062 2500 3652 2573">
    <p class='ocr_par' dir='ltr' id='par_1_54' title="bbox 2062 2500 3652 2573">
     <span class='ocr_line' id='line_1_54' title="bbox 2062 2500 3652 2573; baseline -0.003 -17"><span class='ocrx_word' id='word_1_408' title='bbox 2062 2513 2243 2573; x_wconf 88' lang='lat' dir='ltr'><strong>partes</strong></span> <span class='ocrx_word' id='word_1_409' title='bbox 2283 2502 2497 2569; x_wconf 85' lang='lat' dir='ltr'><strong>recipit,</strong></span> <span class='ocrx_word' id='word_1_410' title='bbox 2523 2500 2727 2570; x_wconf 86' lang='lat' dir='ltr'><strong>alioqui</strong></span> <span class='ocrx_word' id='word_1_411' title='bbox 2762 2500 2966 2555; x_wconf 81' lang='lat' dir='ltr'><strong>incidet</strong></span> <span class='ocrx_word' id='word_1_412' title='bbox 2997 2500 3267 2556; x_wconf 90' lang='lat' dir='ltr'><strong>utrumvis</strong></span> <span class='ocrx_word' id='word_1_413' title='bbox 3306 2515 3495 2555; x_wconf 90' lang='lat' dir='ltr'><strong>eorum</strong></span> <span class='ocrx_word' id='word_1_414' title='bbox 3532 2514 3652 2568; x_wconf 85' lang='lat' dir='ltr'><strong>quae</strong></span> 
     </span>
    </p>
   </div>
   <div class='ocr_carea' id='block_1_55' title="bbox 2062 2590 3650 2649">
    <p class='ocr_par' dir='ltr' id='par_1_55' title="bbox 2062 2590 3650 2649">
     <span class='ocr_line' id='line_1_55' title="bbox 2062 2590 3650 2649; baseline -0.004 0"><span class='ocrx_word' id='word_1_415' title='bbox 2062 2596 2321 2649; x_wconf 79' lang='lat' dir='ltr'><strong>diximus.</strong></span> <span class='ocrx_word' id='word_1_416' title='bbox 2367 2592 2561 2647; x_wconf 89' lang='lat' dir='ltr'><strong>Omnis</strong></span> <span class='ocrx_word' id='word_1_417' title='bbox 2604 2593 2751 2646; x_wconf 88' lang='lat' dir='ltr'><strong>enim</strong></span> <span class='ocrx_word' id='word_1_418' title='bbox 2795 2592 2973 2646; x_wconf 87' lang='lat' dir='ltr'><strong>oratio</strong></span> <span class='ocrx_word' id='word_1_419' title='bbox 3017 2593 3101 2646; x_wconf 87' lang='lat' dir='ltr'><strong>vel</strong></span> <span class='ocrx_word' id='word_1_420' title='bbox 3132 2590 3365 2645; x_wconf 77' lang='lat' dir='ltr'><strong>etl‘ertur</strong></span> <span class='ocrx_word' id='word_1_421' title='bbox 3393 2591 3650 2646; x_wconf 87' lang='lat' dir='ltr'><strong>universe</strong></span> 
     </span>
    </p>
   </div>
   <div class='ocr_carea' id='block_1_56' title="bbox 2061 2683 3650 2754">
    <p class='ocr_par' dir='ltr' id='par_1_56' title="bbox 2061 2683 3650 2754">
     <span class='ocr_line' id='line_1_56' title="bbox 2061 2683 3650 2754; baseline -0.004 -12"><span class='ocrx_word' id='word_1_422' title='bbox 2061 2688 2114 2742; x_wconf 92' lang='lat' dir='ltr'><strong>in</strong></span> <span class='ocrx_word' id='word_1_423' title='bbox 2148 2685 2419 2741; x_wconf 83' lang='lat' dir='ltr'><strong>universis</strong></span> <span class='ocrx_word' id='word_1_424' title='bbox 2449 2683 2549 2754; x_wconf 80' lang='grc' dir='ltr'><strong>(α),</strong></span> <span class='ocrx_word' id='word_1_425' title='bbox 2585 2693 2677 2740; x_wconf 88' lang='lat' dir='ltr'><strong>aut</strong></span> <span class='ocrx_word' id='word_1_426' title='bbox 2709 2685 2765 2740; x_wconf 90' lang='lat' dir='ltr'><strong>in</strong></span> <span class='ocrx_word' id='word_1_427' title='bbox 2803 2684 3074 2738; x_wconf 84' lang='lat' dir='ltr'><strong>universis</strong></span> <span class='ocrx_word' id='word_1_428' title='bbox 3104 2698 3209 2737; x_wconf 89' lang='lat' dir='ltr'><strong>non</strong></span> <span class='ocrx_word' id='word_1_429' title='bbox 3243 2683 3519 2745; x_wconf 82' lang='lat' dir='ltr'><strong>universe,</strong></span> <span class='ocrx_word' id='word_1_430' title='bbox 3555 2683 3650 2737; x_wconf 87' lang='lat' dir='ltr'><strong>sed</strong></span> 
     </span>
    </p>
   </div>
   <div class='ocr_carea' id='block_1_57' title="bbox 2060 2773 3653 2850">
    <p class='ocr_par' dir='ltr' id='par_1_57' title="bbox 2060 2773 3653 2850">
     <span class='ocr_line' id='line_1_57' title="bbox 2060 2773 3653 2850; baseline -0.003 -18"><span class='ocrx_word' id='word_1_431' title='bbox 2060 2778 2490 2850; x_wconf 87' lang='lat' dir='ltr'><strong>particulariter,</strong></span> <span class='ocrx_word' id='word_1_432' title='bbox 2511 2786 2565 2833; x_wconf 91' lang='lat' dir='ltr'><strong>et</strong></span> <span class='ocrx_word' id='word_1_433' title='bbox 2593 2778 2696 2849; x_wconf 86' lang='lat' dir='ltr'><strong>hoc</strong></span> <span class='ocrx_word' id='word_1_434' title='bbox 2721 2785 2806 2831; x_wconf 88' lang='lat' dir='ltr'><strong>est</strong></span> <span class='ocrx_word' id='word_1_435' title='bbox 2827 2776 2969 2845; x_wconf 87' lang='lat' dir='ltr'><strong>quod</strong></span> <span class='ocrx_word' id='word_1_436' title='bbox 3001 2776 3074 2828; x_wconf 89' lang='lat' dir='ltr'><strong>ait</strong></span> <span class='ocrx_word' id='word_1_437' title='bbox 3097 2775 3422 2845; x_wconf 89' lang='lat' dir='ltr'><strong>Dionysius:</strong></span> <span class='ocrx_word' id='word_1_438' title='bbox 3448 2773 3653 2840; x_wconf 81' lang='lat' dir='ltr'><strong>Quam--</strong></span> 
     </span>
    </p>
   </div>
   <div class='ocr_carea' id='block_1_58' title="bbox 2059 2856 3653 2939">
    <p class='ocr_par' dir='ltr' id='par_1_58' title="bbox 2059 2856 3653 2939">
     <span class='ocr_line' id='line_1_58' title="bbox 2059 2856 3653 2939; baseline -0.004 -14"><span class='ocrx_word' id='word_1_439' title='bbox 2059 2856 2248 2925; x_wconf 31' lang='lat' dir='ltr'><strong>obr‘em</strong></span> <span class='ocrx_word' id='word_1_440' title='bbox 2276 2870 2513 2939; x_wconf 89' lang='lat' dir='ltr'><strong>primum</strong></span> <span class='ocrx_word' id='word_1_441' title='bbox 2565 2868 2738 2923; x_wconf 88' lang='lat' dir='ltr'><strong>bonus</strong></span> <span class='ocrx_word' id='word_1_442' title='bbox 2768 2866 2913 2923; x_wconf 88' lang='lat' dir='ltr'><strong>Deus</strong></span> <span class='ocrx_word' id='word_1_443' title='bbox 2951 2882 3139 2922; x_wconf 86' lang='lat' dir='ltr'><strong>eorum</strong></span> <span class='ocrx_word' id='word_1_444' title='bbox 3186 2876 3379 2923; x_wconf 89' lang='lat' dir='ltr'><strong>auctor</strong></span> <span class='ocrx_word' id='word_1_445' title='bbox 3410 2881 3532 2921; x_wconf 85' lang='lat' dir='ltr'><strong>esse</strong></span> <span class='ocrx_word' id='word_1_446' title='bbox 3568 2865 3653 2919; x_wconf 76' lang='lat' dir='ltr'><strong>di—</strong></span> 
     </span>
    </p>
   </div>
   <div class='ocr_carea' id='block_1_59' title="bbox 2058 2958 3653 3026">
    <p class='ocr_par' dir='ltr' id='par_1_59' title="bbox 2058 2958 3653 3026">
     <span class='ocr_line' id='line_1_59' title="bbox 2058 2958 3653 3026; baseline -0.003 -10"><span class='ocrx_word' id='word_1_447' title='bbox 2058 2964 2218 3026; x_wconf 87' lang='lat' dir='ltr'><strong>citur,</strong></span> <span class='ocrx_word' id='word_1_448' title='bbox 2252 2958 2449 3015; x_wconf 87' lang='lat' dir='ltr'><strong>deinde</strong></span> <span class='ocrx_word' id='word_1_449' title='bbox 2490 2973 2678 3014; x_wconf 88' lang='lat' dir='ltr'><strong>eorum</strong></span> <span class='ocrx_word' id='word_1_450' title='bbox 2725 2958 3007 3020; x_wconf 89' lang='lat' dir='ltr'><strong>universe,</strong></span> <span class='ocrx_word' id='word_1_451' title='bbox 3054 2967 3241 3026; x_wconf 88' lang='lat' dir='ltr'><strong>postea</strong></span> <span class='ocrx_word' id='word_1_452' title='bbox 3290 2958 3524 3026; x_wconf 85' lang='lat' dir='ltr'><strong>partium</strong></span> <span class='ocrx_word' id='word_1_453' title='bbox 3558 2972 3653 3012; x_wconf 87' lang='lat' dir='ltr'><strong>eo—</strong></span> 
     </span>
    </p>
   </div>
   <div class='ocr_carea' id='block_1_60' title="bbox 2060 3050 3640 3123">
    <p class='ocr_par' dir='ltr' id='par_1_60' title="bbox 2060 3050 3640 3123">
     <span class='ocr_line' id='line_1_60' title="bbox 2060 3050 3640 3123; baseline -0.004 -15"><span class='ocrx_word' id='word_1_454' title='bbox 2060 3068 2203 3120; x_wconf 88' lang='lat' dir='ltr'><strong>rum,</strong></span> <span class='ocrx_word' id='word_1_455' title='bbox 2237 3060 2348 3107; x_wconf 88' lang='lat' dir='ltr'><strong>tum</strong></span> <span class='ocrx_word' id='word_1_456' title='bbox 2376 3050 2824 3123; x_wconf 89' lang='lat' dir='ltr'><strong>participantium</strong></span> <span class='ocrx_word' id='word_1_457' title='bbox 2866 3065 2930 3106; x_wconf 90' lang='lat' dir='ltr'><strong>ea</strong></span> <span class='ocrx_word' id='word_1_458' title='bbox 2963 3051 3237 3112; x_wconf 89' lang='lat' dir='ltr'><strong>universe,</strong></span> <span class='ocrx_word' id='word_1_459' title='bbox 3282 3050 3475 3105; x_wconf 85' lang='lat' dir='ltr'><strong>deinde</strong></span> <span class='ocrx_word' id='word_1_460' title='bbox 3513 3065 3640 3118; x_wconf 66' lang='lat' dir='ltr'><strong>paro</strong></span> 
     </span>
    </p>
   </div>
   <div class='ocr_carea' id='block_1_61' title="bbox 368 3140 3651 3218">
    <p class='ocr_par' dir='ltr' id='par_1_61' title="bbox 368 3140 3651 3218">
     <span class='ocr_line' id='line_1_61' title="bbox 368 3140 3651 3218; baseline 0 -21"><span class='ocrx_word' id='word_1_461' title='bbox 368 3152 556 3214; x_wconf 87' lang='lat' dir='ltr'><strong>partes</strong></span> <span class='ocrx_word' id='word_1_462' title='bbox 588 3150 768 3198; x_wconf 87' lang='lat' dir='ltr'><strong>autem</strong></span> <span class='ocrx_word' id='word_1_463' title='bbox 810 3144 1023 3208; x_wconf 70' lang='lat' dir='ltr'><strong>multm;</strong></span> <span class='ocrx_word' id='word_1_464' title='bbox 1077 3142 1239 3211; x_wconf 86' lang='lat' dir='ltr'><strong>igitur</strong></span> <span class='ocrx_word' id='word_1_465' title='bbox 1271 3150 1446 3197; x_wconf 92' lang='lat' dir='ltr'><strong>totum</strong></span> <span class='ocrx_word' id='word_1_466' title='bbox 1480 3158 1546 3198; x_wconf 82' lang='lat' dir='ltr'><strong>ex</strong></span> <span class='ocrx_word' id='word_1_467' title='bbox 1580 3142 1785 3209; x_wconf 87' lang='lat' dir='ltr'><strong>multis,</strong></span> <span class='ocrx_word' id='word_1_468' title='bbox 1823 3143 1948 3197; x_wconf 91' lang='lat' dir='ltr'><strong>uni-</strong></span> <span class='ocrx_word' id='word_1_469' title='bbox 1975 3140 2019 3199; x_wconf 74' lang='grc' dir='ltr'><strong>(Ξ</strong></span> <span class='ocrx_word' id='word_1_470' title='bbox 2056 3147 2397 3218; x_wconf 83' lang='lat' dir='ltr'><strong>tieipantium</strong></span> <span class='ocrx_word' id='word_1_471' title='bbox 2430 3146 2487 3201; x_wconf 89' lang='lat' dir='ltr'><strong>in</strong></span> <span class='ocrx_word' id='word_1_472' title='bbox 2517 3155 2695 3217; x_wconf 82' lang='lat' dir='ltr'><strong>parte,</strong></span> <span class='ocrx_word' id='word_1_473' title='bbox 2732 3144 2849 3200; x_wconf 85' lang='lat' dir='ltr'><strong>sive</strong></span> <span class='ocrx_word' id='word_1_474' title='bbox 2888 3144 3335 3213; x_wconf 86' lang='lat' dir='ltr'><strong>particulariter;</strong></span> <span class='ocrx_word' id='word_1_475' title='bbox 3377 3159 3495 3211; x_wconf 74' lang='lat' dir='ltr'><strong>quae</strong></span> <span class='ocrx_word' id='word_1_476' title='bbox 3525 3157 3651 3212; x_wconf 82' lang='lat' dir='ltr'><strong>per-</strong></span> 
     </span>
    </p>
   </div>
   <div class='ocr_carea' id='block_1_62' title="bbox 370 3234 1953 3305">
    <p class='ocr_par' dir='ltr' id='par_1_62' title="bbox 370 3234 1953 3305">
     <span class='ocr_line' id='line_1_62' title="bbox 370 3234 1953 3305; baseline -0.003 -14"><span class='ocrx_word' id='word_1_477' title='bbox 370 3245 456 3291; x_wconf 89' lang='lat' dir='ltr'><strong>tas</strong></span> <span class='ocrx_word' id='word_1_478' title='bbox 490 3250 621 3291; x_wconf 90' lang='lat' dir='ltr'><strong>vero</strong></span> <span class='ocrx_word' id='word_1_479' title='bbox 651 3249 849 3305; x_wconf 82' lang='lat' dir='ltr'><strong>expers</strong></span> <span class='ocrx_word' id='word_1_480' title='bbox 883 3235 1121 3304; x_wconf 89' lang='lat' dir='ltr'><strong>partium</strong></span> <span class='ocrx_word' id='word_1_481' title='bbox 1163 3244 1266 3299; x_wconf 87' lang='lat' dir='ltr'><strong>est,</strong></span> <span class='ocrx_word' id='word_1_482' title='bbox 1297 3244 1351 3288; x_wconf 91' lang='lat' dir='ltr'><strong>et</strong></span> <span class='ocrx_word' id='word_1_483' title='bbox 1384 3250 1489 3289; x_wconf 91' lang='lat' dir='ltr'><strong>non</strong></span> <span class='ocrx_word' id='word_1_484' title='bbox 1523 3250 1589 3289; x_wconf 86' lang='lat' dir='ltr'><strong>ex</strong></span> <span class='ocrx_word' id='word_1_485' title='bbox 1624 3234 1828 3299; x_wconf 88' lang='lat' dir='ltr'><strong>multis,</strong></span> <span class='ocrx_word' id='word_1_486' title='bbox 1860 3244 1953 3288; x_wconf 90' lang='lat' dir='ltr'><strong>aut</strong></span> 
     </span>
    </p>
   </div>
   <div class='ocr_carea' id='block_1_63' title="bbox 369 3325 1952 3397">
    <p class='ocr_par' dir='ltr' id='par_1_63' title="bbox 369 3325 1952 3397">
     <span class='ocr_line' id='line_1_63' title="bbox 369 3325 1952 3397; baseline -0.002 -17"><span class='ocrx_word' id='word_1_487' title='bbox 369 3339 436 3380; x_wconf 88' lang='lat' dir='ltr'><strong>ex</strong></span> <span class='ocrx_word' id='word_1_488' title='bbox 481 3326 727 3395; x_wconf 85' lang='lat' dir='ltr'><strong>partibus</strong></span> <span class='ocrx_word' id='word_1_489' title='bbox 764 3333 958 3379; x_wconf 89' lang='lat' dir='ltr'><strong>totum.</strong></span> <span class='ocrx_word' id='word_1_490' title='bbox 1006 3325 1296 3389; x_wconf 64' lang='lat' dir='ltr'><strong>Praeterea,</strong></span> <span class='ocrx_word' id='word_1_491' title='bbox 1331 3326 1475 3395; x_wconf 91' lang='lat' dir='ltr'><strong>quod</strong></span> <span class='ocrx_word' id='word_1_492' title='bbox 1528 3339 1703 3393; x_wconf 89' lang='lat' dir='ltr'><strong>neque</strong></span> <span class='ocrx_word' id='word_1_493' title='bbox 1750 3325 1952 3397; x_wconf 88' lang='lat' dir='ltr'><strong>princi-</strong></span> 
     </span>
    </p>
   </div>
   <div class='ocr_carea' id='block_1_64' title="bbox 367 3414 1951 3487">
    <p class='ocr_par' dir='ltr' id='par_1_64' title="bbox 367 3414 1951 3487">
     <span class='ocr_line' id='line_1_64' title="bbox 367 3414 1951 3487; baseline 0 -17"><span class='ocrx_word' id='word_1_494' title='bbox 367 3416 543 3487; x_wconf 87' lang='lat' dir='ltr'><strong>pium,</strong></span> <span class='ocrx_word' id='word_1_495' title='bbox 566 3430 743 3485; x_wconf 90' lang='lat' dir='ltr'><strong>neque</strong></span> <span class='ocrx_word' id='word_1_496' title='bbox 776 3416 938 3471; x_wconf 81' lang='lat' dir='ltr'><strong>linem</strong></span> <span class='ocrx_word' id='word_1_497' title='bbox 969 3415 1155 3475; x_wconf 89' lang='lat' dir='ltr'><strong>habet.</strong></span> <span class='ocrx_word' id='word_1_498' title='bbox 1186 3430 1361 3486; x_wconf 91' lang='lat' dir='ltr'><strong>neque</strong></span> <span class='ocrx_word' id='word_1_499' title='bbox 1399 3414 1686 3470; x_wconf 88' lang='lat' dir='ltr'><strong>terminqu</strong></span> <span class='ocrx_word' id='word_1_500' title='bbox 1721 3416 1773 3470; x_wconf 91' lang='lat' dir='ltr'><strong>in</strong></span> <span class='ocrx_word' id='word_1_501' title='bbox 1804 3426 1951 3470; x_wconf 81' lang='lat' dir='ltr'><strong>utro-</strong></span> 
     </span>
    </p>
   </div>
   <div class='ocr_carea' id='block_1_65' title="bbox 368 3507 1950 3587">
    <p class='ocr_par' dir='ltr' id='par_1_65' title="bbox 368 3507 1950 3587">
     <span class='ocr_line' id='line_1_65' title="bbox 368 3507 1950 3587; baseline -0.002 -23"><span class='ocrx_word' id='word_1_502' title='bbox 368 3523 477 3580; x_wconf 89' lang='lat' dir='ltr'><strong>que</strong></span> <span class='ocrx_word' id='word_1_503' title='bbox 504 3509 704 3575; x_wconf 86' lang='lat' dir='ltr'><strong>habet;</strong></span> <span class='ocrx_word' id='word_1_504' title='bbox 736 3518 788 3563; x_wconf 90' lang='lat' dir='ltr'><strong>et</strong></span> <span class='ocrx_word' id='word_1_505' title='bbox 818 3508 1022 3563; x_wconf 89' lang='lat' dir='ltr'><strong>idcirco</strong></span> <span class='ocrx_word' id='word_1_506' title='bbox 1047 3509 1257 3562; x_wconf 83' lang='lat' dir='ltr'><strong>inﬁnita</strong></span> <span class='ocrx_word' id='word_1_507' title='bbox 1301 3518 1383 3563; x_wconf 88' lang='lat' dir='ltr'><strong>est</strong></span> <span class='ocrx_word' id='word_1_508' title='bbox 1412 3509 1591 3562; x_wconf 92' lang='lat' dir='ltr'><strong>unitas</strong></span> <span class='ocrx_word' id='word_1_509' title='bbox 1638 3526 1650 3562; x_wconf 93' lang='lat'><strong>:</strong></span> <span class='ocrx_word' id='word_1_510' title='bbox 1691 3507 1950 3587; x_wconf 63' lang='lat' dir='ltr'><strong>Difarlam</strong></span> 
     </span>
    </p>
   </div>
   <div class='ocr_carea' id='block_1_66' title="bbox 364 3600 1953 3670">
    <p class='ocr_par' dir='ltr' id='par_1_66' title="bbox 364 3600 1953 3670">
     <span class='ocr_line' id='line_1_66' title="bbox 364 3600 1953 3670; baseline -0.002 -12"><span class='ocrx_word' id='word_1_511' title='bbox 364 3603 539 3667; x_wconf 87' lang='lat' dir='ltr'><strong>enim,</strong></span> <span class='ocrx_word' id='word_1_512' title='bbox 571 3601 769 3670; x_wconf 89' lang='lat' dir='ltr'><strong>inquit,</strong></span> <span class='ocrx_word' id='word_1_513' title='bbox 799 3615 920 3656; x_wconf 92' lang='lat' dir='ltr'><strong>cum</strong></span> <span class='ocrx_word' id='word_1_514' title='bbox 955 3601 1227 3654; x_wconf 69' lang='lat' dir='ltr'><strong>infinitum</strong></span> <span class='ocrx_word' id='word_1_515' title='bbox 1258 3600 1712 3668; x_wconf 74' lang='lat' dir='ltr'><strong>contemplemur,</strong></span> <span class='ocrx_word' id='word_1_516' title='bbox 1737 3601 1953 3655; x_wconf 69' lang='lat' dir='ltr'><strong>scilicet</strong></span> 
     </span>
    </p>
   </div>
   <div class='ocr_carea' id='block_1_67' title="bbox 368 3689 1949 3760">
    <p class='ocr_par' dir='ltr' id='par_1_67' title="bbox 368 3689 1949 3760">
     <span class='ocr_line' id='line_1_67' title="bbox 368 3689 1949 3760; baseline -0.002 -13"><span class='ocrx_word' id='word_1_517' title='bbox 368 3692 669 3747; x_wconf 86' lang='lat' dir='ltr'><strong>secundum</strong></span> <span class='ocrx_word' id='word_1_518' title='bbox 695 3690 1022 3760; x_wconf 89' lang='lat' dir='ltr'><strong>principium</strong></span> <span class='ocrx_word' id='word_1_519' title='bbox 1051 3701 1105 3745; x_wconf 89' lang='lat' dir='ltr'><strong>et</strong></span> <span class='ocrx_word' id='word_1_520' title='bbox 1137 3689 1318 3756; x_wconf 87' lang='lat' dir='ltr'><strong>linem,</strong></span> <span class='ocrx_word' id='word_1_521' title='bbox 1342 3692 1486 3759; x_wconf 87' lang='lat' dir='ltr'><strong>quod</strong></span> <span class='ocrx_word' id='word_1_522' title='bbox 1518 3705 1624 3744; x_wconf 90' lang='lat' dir='ltr'><strong>non</strong></span> <span class='ocrx_word' id='word_1_523' title='bbox 1650 3699 1732 3744; x_wconf 89' lang='lat' dir='ltr'><strong>est</strong></span> <span class='ocrx_word' id='word_1_524' title='bbox 1762 3690 1815 3744; x_wconf 92' lang='lat' dir='ltr'><strong>in</strong></span> <span class='ocrx_word' id='word_1_525' title='bbox 1844 3691 1949 3756; x_wconf 90' lang='lat' dir='ltr'><strong>his,</strong></span> 
     </span>
    </p>
   </div>
   <div class='ocr_carea' id='block_1_68' title="bbox 366 3781 1953 3853">
    <p class='ocr_par' dir='ltr' id='par_1_68' title="bbox 366 3781 1953 3853">
     <span class='ocr_line' id='line_1_68' title="bbox 366 3781 1953 3853; baseline -0.003 -12"><span class='ocrx_word' id='word_1_526' title='bbox 366 3795 422 3841; x_wconf 85' lang='lat' dir='ltr'><strong>et</strong></span> <span class='ocrx_word' id='word_1_527' title='bbox 470 3792 554 3840; x_wconf 91' lang='lat' dir='ltr'><strong>est</strong></span> <span class='ocrx_word' id='word_1_528' title='bbox 606 3799 767 3853; x_wconf 90' lang='lat' dir='ltr'><strong>supra</strong></span> <span class='ocrx_word' id='word_1_529' title='bbox 825 3784 963 3846; x_wconf 71' lang='lat' dir='ltr'><strong>hmo,</strong></span> <span class='ocrx_word' id='word_1_530' title='bbox 1018 3782 1289 3836; x_wconf 78' lang='lat' dir='ltr'><strong>infinitum</strong></span> <span class='ocrx_word' id='word_1_531' title='bbox 1326 3783 1652 3851; x_wconf 90' lang='lat' dir='ltr'><strong>appellatum</strong></span> <span class='ocrx_word' id='word_1_532' title='bbox 1700 3790 1803 3838; x_wconf 90' lang='lat' dir='ltr'><strong>est.</strong></span> <span class='ocrx_word' id='word_1_533' title='bbox 1847 3781 1953 3837; x_wconf 86' lang='lat' dir='ltr'><strong>Sed</strong></span> 
     </span>
    </p>
   </div>
   <div class='ocr_carea' id='block_1_69' title="bbox 374 3875 1953 3946">
    <p class='ocr_par' dir='ltr' id='par_1_69' title="bbox 374 3875 1953 3946">
     <span class='ocr_line' id='line_1_69' title="bbox 374 3875 1953 3946; baseline 0.001 -16"><span class='ocrx_word' id='word_1_534' title='bbox 374 3891 549 3946; x_wconf 89' lang='lat' dir='ltr'><strong>neque</strong></span> <span class='ocrx_word' id='word_1_535' title='bbox 583 3876 816 3931; x_wconf 81' lang='lat' dir='ltr'><strong>formam</strong></span> <span class='ocrx_word' id='word_1_536' title='bbox 850 3878 1033 3943; x_wconf 83' lang='lat' dir='ltr'><strong>habet,</strong></span> <span class='ocrx_word' id='word_1_537' title='bbox 1068 3876 1150 3931; x_wconf 89' lang='lat' dir='ltr'><strong>vel</strong></span> <span class='ocrx_word' id='word_1_538' title='bbox 1181 3875 1430 3944; x_wconf 76' lang='lat' dir='ltr'><strong>figuram,</strong></span> <span class='ocrx_word' id='word_1_539' title='bbox 1463 3875 1546 3929; x_wconf 90' lang='lat' dir='ltr'><strong>vel</strong></span> <span class='ocrx_word' id='word_1_540' title='bbox 1577 3876 1843 3945; x_wconf 85' lang='lat' dir='ltr'><strong>speciem,</strong></span> <span class='ocrx_word' id='word_1_541' title='bbox 1869 3876 1953 3931; x_wconf 89' lang='lat' dir='ltr'><strong>vel</strong></span> 
     </span>
    </p>
   </div>
   <div class='ocr_carea' id='block_1_70' title="bbox 367 3968 1950 4038">
    <p class='ocr_par' dir='ltr' id='par_1_70' title="bbox 367 3968 1950 4038">
     <span class='ocr_line' id='line_1_70' title="bbox 367 3968 1950 4038; baseline 0.001 -16"><span class='ocrx_word' id='word_1_542' title='bbox 367 3969 610 4024; x_wconf 81' lang='lat' dir='ltr'><strong>colorem</strong></span> <span class='ocrx_word' id='word_1_543' title='bbox 641 3968 816 4023; x_wconf 87' lang='lat' dir='ltr'><strong>divina</strong></span> <span class='ocrx_word' id='word_1_544' title='bbox 843 3969 1024 4024; x_wconf 85' lang='lat' dir='ltr'><strong>unitas</strong></span> <span class='ocrx_word' id='word_1_545' title='bbox 1054 3987 1067 4035; x_wconf 96' lang='lat'><strong>;</strong></span> <span class='ocrx_word' id='word_1_546' title='bbox 1112 3970 1191 4024; x_wconf 84' lang='lat' dir='ltr'><strong>sic</strong></span> <span class='ocrx_word' id='word_1_547' title='bbox 1240 3970 1381 4024; x_wconf 92' lang='lat' dir='ltr'><strong>enim</strong></span> <span class='ocrx_word' id='word_1_548' title='bbox 1428 3983 1656 4038; x_wconf 81' lang='lat' dir='ltr'><strong>magnus</strong></span> <span class='ocrx_word' id='word_1_549' title='bbox 1692 3968 1950 4033; x_wconf 89' lang='lat' dir='ltr'><strong>Basilius,</strong></span> 
     </span>
    </p>
   </div>
   <div class='ocr_carea' id='block_1_71' title="bbox 364 4056 1952 4131">
    <p class='ocr_par' dir='ltr' id='par_1_71' title="bbox 364 4056 1952 4131">
     <span class='ocr_line' id='line_1_71' title="bbox 364 4056 1952 4131; baseline 0.001 -19"><span class='ocrx_word' id='word_1_550' title='bbox 364 4057 508 4113; x_wconf 86' lang='lat' dir='ltr'><strong>libro</strong></span> <span class='ocrx_word' id='word_1_551' title='bbox 555 4074 607 4113; x_wconf 83' lang='lat' dir='ltr'><strong>tv</strong></span> <span class='ocrx_word' id='word_1_552' title='bbox 644 4059 764 4111; x_wconf 87' lang='grc' dir='ltr'><strong>Τῶν</strong></span> <span class='ocrx_word' id='word_1_553' title='bbox 797 4059 1243 4131; x_wconf 66' lang='grc' dir='ltr'><strong>ἁντιρρητικῶνιξ</strong></span> <span class='ocrx_word' id='word_1_554' title='bbox 1280 4057 1358 4125; x_wconf 89' lang='lat' dir='ltr'><strong>Si,</strong></span> <span class='ocrx_word' id='word_1_555' title='bbox 1402 4058 1599 4127; x_wconf 85' lang='lat' dir='ltr'><strong>inquit,</strong></span> <span class='ocrx_word' id='word_1_556' title='bbox 1625 4056 1795 4115; x_wconf 82' lang='lat' dir='ltr'><strong>Filius</strong></span> <span class='ocrx_word' id='word_1_557' title='bbox 1827 4074 1952 4114; x_wconf 88' lang='lat' dir='ltr'><strong>vere</strong></span> 
     </span>
    </p>
   </div>
   <div class='ocr_carea' id='block_1_72' title="bbox 365 4151 1955 4223">
    <p class='ocr_par' dir='ltr' id='par_1_72' title="bbox 365 4151 1955 4223">
     <span class='ocr_line' id='line_1_72' title="bbox 365 4151 1955 4223; baseline 0 -16"><span class='ocrx_word' id='word_1_558' title='bbox 365 4160 453 4207; x_wconf 88' lang='lat' dir='ltr'><strong>est</strong></span> <span class='ocrx_word' id='word_1_559' title='bbox 489 4151 666 4223; x_wconf 80' lang='lat' dir='ltr'><strong>imago</strong></span> <span class='ocrx_word' id='word_1_560' title='bbox 712 4152 914 4217; x_wconf 81' lang='lat' dir='ltr'><strong>Patris,</strong></span> <span class='ocrx_word' id='word_1_561' title='bbox 947 4153 1125 4207; x_wconf 89' lang='lat' dir='ltr'><strong>omnis</strong></span> <span class='ocrx_word' id='word_1_562' title='bbox 1162 4164 1342 4206; x_wconf 89' lang='lat' dir='ltr'><strong>autem</strong></span> <span class='ocrx_word' id='word_1_563' title='bbox 1378 4152 1555 4220; x_wconf 82' lang='lat' dir='ltr'><strong>imago</strong></span> <span class='ocrx_word' id='word_1_564' title='bbox 1586 4153 1667 4208; x_wconf 90' lang='lat' dir='ltr'><strong>vel</strong></span> <span class='ocrx_word' id='word_1_565' title='bbox 1699 4153 1955 4208; x_wconf 86' lang='lat' dir='ltr'><strong>substan-</strong></span> 
     </span>
    </p>
   </div>
   <div class='ocr_carea' id='block_1_73' title="bbox 367 4241 1954 4312">
    <p class='ocr_par' dir='ltr' id='par_1_73' title="bbox 367 4241 1954 4312">
     <span class='ocr_line' id='line_1_73' title="bbox 367 4241 1954 4312; baseline 0.001 -15"><span class='ocrx_word' id='word_1_566' title='bbox 367 4242 479 4308; x_wconf 61' lang='lat' dir='ltr'><strong>tia},</strong></span> <span class='ocrx_word' id='word_1_567' title='bbox 512 4242 593 4296; x_wconf 89' lang='lat' dir='ltr'><strong>vel</strong></span> <span class='ocrx_word' id='word_1_568' title='bbox 635 4241 841 4306; x_wconf 66' lang='lat' dir='ltr'><strong>formae,</strong></span> <span class='ocrx_word' id='word_1_569' title='bbox 881 4241 967 4298; x_wconf 90' lang='lat' dir='ltr'><strong>vel</strong></span> <span class='ocrx_word' id='word_1_570' title='bbox 1007 4243 1215 4312; x_wconf 67' lang='lat' dir='ltr'><strong>ﬁgurae,</strong></span> <span class='ocrx_word' id='word_1_571' title='bbox 1248 4243 1331 4296; x_wconf 89' lang='lat' dir='ltr'><strong>vel</strong></span> <span class='ocrx_word' id='word_1_572' title='bbox 1370 4241 1594 4311; x_wconf 82' lang='lat' dir='ltr'><strong>speciei,</strong></span> <span class='ocrx_word' id='word_1_573' title='bbox 1628 4242 1711 4297; x_wconf 93' lang='lat' dir='ltr'><strong>vel</strong></span> <span class='ocrx_word' id='word_1_574' title='bbox 1752 4242 1954 4298; x_wconf 90' lang='lat' dir='ltr'><strong>coloris</strong></span> 
     </span>
    </p>
   </div>
   <div class='ocr_carea' id='block_1_74' title="bbox 368 4330 1950 4399">
    <p class='ocr_par' dir='ltr' id='par_1_74' title="bbox 368 4330 1950 4399">
     <span class='ocr_line' id='line_1_74' title="bbox 368 4330 1950 4399; baseline 0.003 -15"><span class='ocrx_word' id='word_1_575' title='bbox 368 4331 549 4399; x_wconf 84' lang='lat' dir='ltr'><strong>imago</strong></span> <span class='ocrx_word' id='word_1_576' title='bbox 574 4342 687 4397; x_wconf 79' lang='lat' dir='ltr'><strong>t‘Sl;</strong></span> <span class='ocrx_word' id='word_1_577' title='bbox 719 4330 861 4384; x_wconf 90' lang='lat' dir='ltr'><strong>Deus</strong></span> <span class='ocrx_word' id='word_1_578' title='bbox 903 4339 1081 4385; x_wconf 91' lang='lat' dir='ltr'><strong>autem</strong></span> <span class='ocrx_word' id='word_1_579' title='bbox 1125 4333 1178 4385; x_wconf 91' lang='lat' dir='ltr'><strong>in</strong></span> <span class='ocrx_word' id='word_1_580' title='bbox 1215 4332 1360 4386; x_wconf 91' lang='lat' dir='ltr'><strong>nullo</strong></span> <span class='ocrx_word' id='word_1_581' title='bbox 1393 4332 1590 4387; x_wconf 87' lang='lat' dir='ltr'><strong>horum</strong></span> <span class='ocrx_word' id='word_1_582' title='bbox 1625 4343 1731 4395; x_wconf 84' lang='lat' dir='ltr'><strong>est,</strong></span> <span class='ocrx_word' id='word_1_583' title='bbox 1774 4336 1868 4390; x_wconf 91' lang='lat' dir='ltr'><strong>sed</strong></span> <span class='ocrx_word' id='word_1_584' title='bbox 1898 4336 1950 4391; x_wconf 91' lang='lat' dir='ltr'><strong>in</strong></span> 
     </span>
    </p>
   </div>
   <div class='ocr_carea' id='block_1_75' title="bbox 371 4417 1953 4495">
    <p class='ocr_par' dir='ltr' id='par_1_75' title="bbox 371 4417 1953 4495">
     <span class='ocr_line' id='line_1_75' title="bbox 371 4417 1953 4495; baseline 0.004 -21"><span class='ocrx_word' id='word_1_585' title='bbox 371 4417 488 4474; x_wconf 90' lang='lat' dir='ltr'><strong>sola</strong></span> <span class='ocrx_word' id='word_1_586' title='bbox 526 4419 866 4487; x_wconf 89' lang='lat' dir='ltr'><strong>substantia;</strong></span> <span class='ocrx_word' id='word_1_587' title='bbox 908 4420 1081 4477; x_wconf 84' lang='lat' dir='ltr'><strong>Filius</strong></span> <span class='ocrx_word' id='word_1_588' title='bbox 1123 4422 1286 4491; x_wconf 81' lang='lat' dir='ltr'><strong>igitur</strong></span> <span class='ocrx_word' id='word_1_589' title='bbox 1312 4440 1436 4478; x_wconf 86' lang='lat' dir='ltr'><strong>cum</strong></span> <span class='ocrx_word' id='word_1_590' title='bbox 1489 4426 1564 4481; x_wconf 90' lang='lat' dir='ltr'><strong>sit</strong></span> <span class='ocrx_word' id='word_1_591' title='bbox 1607 4427 1787 4495; x_wconf 84' lang='lat' dir='ltr'><strong>imago</strong></span> <span class='ocrx_word' id='word_1_592' title='bbox 1825 4429 1953 4481; x_wconf 78' lang='lat' dir='ltr'><strong>sub-</strong></span> 
     </span>
    </p>
   </div>
   <div class='ocr_carea' id='block_1_76' title="bbox 367 4505 2028 4586">
    <p class='ocr_par' dir='ltr' id='par_1_76' title="bbox 367 4505 2028 4586">
     <span class='ocr_line' id='line_1_76' title="bbox 367 4505 2028 4586; baseline 0.004 -21"><span class='ocrx_word' id='word_1_593' title='bbox 367 4510 603 4575; x_wconf 69' lang='lat' dir='ltr'><strong>stantiaa,</strong></span> <span class='ocrx_word' id='word_1_594' title='bbox 634 4512 884 4579; x_wconf 83' lang='lat' dir='ltr'><strong>sequitur</strong></span> <span class='ocrx_word' id='word_1_595' title='bbox 916 4523 973 4567; x_wconf 90' lang='lat' dir='ltr'><strong>ut</strong></span> <span class='ocrx_word' id='word_1_596' title='bbox 1007 4514 1076 4568; x_wconf 87' lang='lat' dir='ltr'><strong>sit</strong></span> <span class='ocrx_word' id='word_1_597' title='bbox 1108 4515 1446 4580; x_wconf 90' lang='lat' dir='ltr'><strong>homousios,</strong></span> <span class='ocrx_word' id='word_1_598' title='bbox 1479 4516 1530 4569; x_wconf 89' lang='lat' dir='ltr'><strong>id</strong></span> <span class='ocrx_word' id='word_1_599' title='bbox 1568 4526 1670 4583; x_wconf 89' lang='lat' dir='ltr'><strong>est,</strong></span> <span class='ocrx_word' id='word_1_600' title='bbox 1704 4517 1946 4586; x_wconf 86' lang='lat' dir='ltr'><strong>ejusdem</strong></span> <span class='ocrx_word' id='word_1_601' title='bbox 1987 4505 2028 4557; x_wconf 76' lang='grc'><strong>1)</strong></span> 
     </span>
    </p>
   </div>
   <div class='ocr_carea' id='block_1_77' title="bbox 368 4602 1950 4675">
    <p class='ocr_par' dir='ltr' id='par_1_77' title="bbox 368 4602 1950 4675">
     <span class='ocr_line' id='line_1_77' title="bbox 368 4602 1950 4675; baseline 0.004 -20"><span class='ocrx_word' id='word_1_602' title='bbox 368 4604 689 4658; x_wconf 74' lang='lat' dir='ltr'><strong>substantia:</strong></span> <span class='ocrx_word' id='word_1_603' title='bbox 718 4602 933 4669; x_wconf 88' lang='lat' dir='ltr'><strong>Patris;</strong></span> <span class='ocrx_word' id='word_1_604' title='bbox 970 4613 1023 4657; x_wconf 90' lang='lat' dir='ltr'><strong>et</strong></span> <span class='ocrx_word' id='word_1_605' title='bbox 1069 4606 1400 4675; x_wconf 91' lang='lat' dir='ltr'><strong>relinquitur</strong></span> <span class='ocrx_word' id='word_1_606' title='bbox 1440 4616 1498 4661; x_wconf 89' lang='lat' dir='ltr'><strong>ut</strong></span> <span class='ocrx_word' id='word_1_607' title='bbox 1539 4607 1609 4661; x_wconf 90' lang='lat' dir='ltr'><strong>sit</strong></span> <span class='ocrx_word' id='word_1_608' title='bbox 1648 4609 1827 4663; x_wconf 89' lang='lat' dir='ltr'><strong>unitas</strong></span> <span class='ocrx_word' id='word_1_609' title='bbox 1858 4624 1950 4661; x_wconf 78' lang='lat' dir='ltr'><strong>cx-</strong></span> 
     </span>
    </p>
   </div>
   <div class='ocr_carea' id='block_1_78' title="bbox 368 4694 1953 4768">
    <p class='ocr_par' dir='ltr' id='par_1_78' title="bbox 368 4694 1953 4768">
     <span class='ocr_line' id='line_1_78' title="bbox 368 4694 1953 4768; baseline 0.004 -20"><span class='ocrx_word' id='word_1_610' title='bbox 368 4709 495 4762; x_wconf 84' lang='lat' dir='ltr'><strong>pers</strong></span> <span class='ocrx_word' id='word_1_611' title='bbox 527 4694 732 4761; x_wconf 71' lang='lat' dir='ltr'><strong>formae,</strong></span> <span class='ocrx_word' id='word_1_612' title='bbox 764 4703 817 4750; x_wconf 84' lang='lat' dir='ltr'><strong>et</strong></span> <span class='ocrx_word' id='word_1_613' title='bbox 854 4695 1057 4767; x_wconf 68' lang='lat' dir='ltr'><strong>ﬁguras,</strong></span> <span class='ocrx_word' id='word_1_614' title='bbox 1090 4706 1143 4752; x_wconf 86' lang='lat' dir='ltr'><strong>et</strong></span> <span class='ocrx_word' id='word_1_615' title='bbox 1172 4698 1395 4767; x_wconf 88' lang='lat' dir='ltr'><strong>speciei,</strong></span> <span class='ocrx_word' id='word_1_616' title='bbox 1423 4706 1478 4752; x_wconf 92' lang='lat' dir='ltr'><strong>et</strong></span> <span class='ocrx_word' id='word_1_617' title='bbox 1498 4699 1728 4765; x_wconf 88' lang='lat' dir='ltr'><strong>coloris;</strong></span> <span class='ocrx_word' id='word_1_618' title='bbox 1758 4716 1953 4768; x_wconf 78' lang='lat' dir='ltr'><strong>expers</strong></span> 
     </span>
    </p>
   </div>
   <div class='ocr_carea' id='block_1_79' title="bbox 368 4774 1954 4855">
    <p class='ocr_par' dir='ltr' id='par_1_79' title="bbox 368 4774 1954 4855">
     <span class='ocr_line' id='line_1_79' title="bbox 368 4774 1954 4855; baseline 0.001 -16"><span class='ocrx_word' id='word_1_619' title='bbox 368 4784 533 4853; x_wconf 81' lang='lat' dir='ltr'><strong>igitur</strong></span> <span class='ocrx_word' id='word_1_620' title='bbox 564 4794 645 4839; x_wconf 91' lang='lat' dir='ltr'><strong>est</strong></span> <span class='ocrx_word' id='word_1_621' title='bbox 678 4784 883 4849; x_wconf 78' lang='lat' dir='ltr'><strong>lormze,</strong></span> <span class='ocrx_word' id='word_1_622' title='bbox 927 4774 1050 4855; x_wconf 82' lang='lat' dir='ltr'><strong>quia</strong></span> <span class='ocrx_word' id='word_1_623' title='bbox 1093 4787 1233 4841; x_wconf 92' lang='lat' dir='ltr'><strong>idem</strong></span> <span class='ocrx_word' id='word_1_624' title='bbox 1266 4797 1345 4842; x_wconf 88' lang='lat' dir='ltr'><strong>est</strong></span> <span class='ocrx_word' id='word_1_625' title='bbox 1380 4788 1574 4853; x_wconf 81' lang='lat' dir='ltr'><strong>forma,</strong></span> <span class='ocrx_word' id='word_1_626' title='bbox 1610 4774 1669 4842; x_wconf 88' lang='lat' dir='ltr'><strong>et</strong></span> <span class='ocrx_word' id='word_1_627' title='bbox 1696 4789 1954 4844; x_wconf 87' lang='lat' dir='ltr'><strong>substan-</strong></span> 
     </span>
    </p>
   </div>
   <div class='ocr_carea' id='block_1_80' title="bbox 368 4876 1948 4951">
    <p class='ocr_par' dir='ltr' id='par_1_80' title="bbox 368 4876 1948 4951">
     <span class='ocr_line' id='line_1_80' title="bbox 368 4876 1948 4951; baseline 0.004 -22"><span class='ocrx_word' id='word_1_628' title='bbox 368 4877 442 4929; x_wconf 88' lang='lat' dir='ltr'><strong>tia</strong></span> <span class='ocrx_word' id='word_1_629' title='bbox 471 4877 588 4931; x_wconf 88' lang='lat' dir='ltr'><strong>Dei.</strong></span> <span class='ocrx_word' id='word_1_630' title='bbox 622 4876 736 4932; x_wconf 87' lang='lat' dir='ltr'><strong>Hoc</strong></span> <span class='ocrx_word' id='word_1_631' title='bbox 766 4880 913 4933; x_wconf 89' lang='lat' dir='ltr'><strong>enim</strong></span> <span class='ocrx_word' id='word_1_632' title='bbox 951 4878 1021 4935; x_wconf 86' lang='lat' dir='ltr'><strong>ab</strong></span> <span class='ocrx_word' id='word_1_633' title='bbox 1052 4880 1308 4936; x_wconf 89' lang='lat' dir='ltr'><strong>omnibus</strong></span> <span class='ocrx_word' id='word_1_634' title='bbox 1340 4879 1603 4951; x_wconf 86' lang='lat' dir='ltr'><strong>theologis</strong></span> <span class='ocrx_word' id='word_1_635' title='bbox 1631 4896 1948 4936; x_wconf 85' lang='lat' dir='ltr'><strong>concessum</strong></span> 
     </span>
    </p>
   </div>
   <div class='ocr_carea' id='block_1_81' title="bbox 366 4969 1952 5040">
    <p class='ocr_par' dir='ltr' id='par_1_81' title="bbox 366 4969 1952 5040">
     <span class='ocr_line' id='line_1_81' title="bbox 366 4969 1952 5040; baseline 0.004 -19"><span class='ocrx_word' id='word_1_636' title='bbox 366 4977 472 5021; x_wconf 90' lang='lat' dir='ltr'><strong>est.</strong></span> <span class='ocrx_word' id='word_1_637' title='bbox 519 4969 686 5037; x_wconf 83' lang='lat' dir='ltr'><strong>Igitur</strong></span> <span class='ocrx_word' id='word_1_638' title='bbox 719 4969 771 5023; x_wconf 92' lang='lat' dir='ltr'><strong>in</strong></span> <span class='ocrx_word' id='word_1_639' title='bbox 816 4969 929 5025; x_wconf 88' lang='lat' dir='ltr'><strong>sola</strong></span> <span class='ocrx_word' id='word_1_640' title='bbox 965 4971 1273 5025; x_wconf 89' lang='lat' dir='ltr'><strong>substantia</strong></span> <span class='ocrx_word' id='word_1_641' title='bbox 1310 4979 1392 5025; x_wconf 91' lang='lat' dir='ltr'><strong>est</strong></span> <span class='ocrx_word' id='word_1_642' title='bbox 1428 4972 1592 5034; x_wconf 88' lang='lat' dir='ltr'><strong>Deus,</strong></span> <span class='ocrx_word' id='word_1_643' title='bbox 1644 4987 1748 5024; x_wconf 90' lang='lat' dir='ltr'><strong>non</strong></span> <span class='ocrx_word' id='word_1_644' title='bbox 1785 4972 1952 5040; x_wconf 82' lang='lat' dir='ltr'><strong>igitur</strong></span> 
     </span>
    </p>
   </div>
   <div class='ocr_carea' id='block_1_82' title="bbox 370 5059 1947 5129">
    <p class='ocr_par' dir='ltr' id='par_1_82' title="bbox 370 5059 1947 5129">
     <span class='ocr_line' id='line_1_82' title="bbox 370 5059 1947 5129; baseline 0.004 -18"><span class='ocrx_word' id='word_1_645' title='bbox 370 5060 422 5112; x_wconf 91' lang='lat' dir='ltr'><strong>in</strong></span> <span class='ocrx_word' id='word_1_646' title='bbox 459 5059 634 5116; x_wconf 83' lang='lat' dir='ltr'><strong>forma</strong></span> <span class='ocrx_word' id='word_1_647' title='bbox 681 5062 828 5116; x_wconf 89' lang='lat' dir='ltr'><strong>circa</strong></span> <span class='ocrx_word' id='word_1_648' title='bbox 870 5064 1259 5129; x_wconf 88' lang='lat' dir='ltr'><strong>substantiam,</strong></span> <span class='ocrx_word' id='word_1_649' title='bbox 1302 5065 1417 5119; x_wconf 76' lang='lat' dir='ltr'><strong>ilch</strong></span> <span class='ocrx_word' id='word_1_650' title='bbox 1447 5063 1594 5118; x_wconf 89' lang='lat' dir='ltr'><strong>enim</strong></span> <span class='ocrx_word' id='word_1_651' title='bbox 1638 5061 1813 5117; x_wconf 83' lang='lat' dir='ltr'><strong>t&#39;orma</strong></span> <span class='ocrx_word' id='word_1_652' title='bbox 1845 5080 1947 5119; x_wconf 91' lang='lat' dir='ltr'><strong>nou</strong></span> 
     </span>
    </p>
   </div>
   <div class='ocr_carea' id='block_1_83' title="bbox 366 5153 1950 5224">
    <p class='ocr_par' dir='ltr' id='par_1_83' title="bbox 366 5153 1950 5224">
     <span class='ocr_line' id='line_1_83' title="bbox 366 5153 1950 5224; baseline 0 -18"><span class='ocrx_word' id='word_1_653' title='bbox 366 5161 450 5206; x_wconf 74' lang='lat' dir='ltr'><strong>est</strong></span> <span class='ocrx_word' id='word_1_654' title='bbox 480 5153 592 5207; x_wconf 87' lang='lat' dir='ltr'><strong>sola</strong></span> <span class='ocrx_word' id='word_1_655' title='bbox 627 5153 961 5219; x_wconf 85' lang='lat' dir='ltr'><strong>substantia,</strong></span> <span class='ocrx_word' id='word_1_656' title='bbox 993 5164 1078 5209; x_wconf 83' lang='lat' dir='ltr'><strong>est</strong></span> <span class='ocrx_word' id='word_1_657' title='bbox 1109 5157 1272 5209; x_wconf 85' lang='lat' dir='ltr'><strong>etiam</strong></span> <span class='ocrx_word' id='word_1_658' title='bbox 1303 5155 1425 5210; x_wconf 86' lang='lat' dir='ltr'><strong>sine</strong></span> <span class='ocrx_word' id='word_1_659' title='bbox 1467 5155 1659 5224; x_wconf 78' lang='lat' dir='ltr'><strong>ﬁgura,</strong></span> <span class='ocrx_word' id='word_1_660' title='bbox 1696 5154 1819 5223; x_wconf 85' lang='lat' dir='ltr'><strong>quia</strong></span> <span class='ocrx_word' id='word_1_661' title='bbox 1854 5156 1950 5207; x_wconf 86' lang='lat' dir='ltr'><strong>de-</strong></span> 
     </span>
    </p>
   </div>
   <div class='ocr_carea' id='block_1_84' title="bbox 311 5247 1948 5303">
    <p class='ocr_par' dir='ltr' id='par_1_84' title="bbox 311 5247 1948 5303">
     <span class='ocr_line' id='line_1_84' title="bbox 311 5247 1948 5303; baseline 0.004 -8"><span class='ocrx_word' id='word_1_662' title='bbox 311 5292 313 5295; x_wconf 83' lang='lat'><strong>.</strong></span> <span class='ocrx_word' id='word_1_663' title='bbox 369 5254 736 5299; x_wconf 85' lang='lat' dir='ltr'><strong>monstratum</strong></span> <span class='ocrx_word' id='word_1_664' title='bbox 765 5253 852 5301; x_wconf 89' lang='lat' dir='ltr'><strong>est</strong></span> <span class='ocrx_word' id='word_1_665' title='bbox 883 5262 990 5299; x_wconf 92' lang='lat' dir='ltr'><strong>non</strong></span> <span class='ocrx_word' id='word_1_666' title='bbox 1032 5248 1234 5301; x_wconf 85' lang='lat' dir='ltr'><strong>habere</strong></span> <span class='ocrx_word' id='word_1_667' title='bbox 1258 5247 1518 5301; x_wconf 88' lang='lat' dir='ltr'><strong>medium.</strong></span> <span class='ocrx_word' id='word_1_668' title='bbox 1550 5247 1607 5303; x_wconf 89' lang='lat' dir='ltr'><strong>Si</strong></span> <span class='ocrx_word' id='word_1_669' title='bbox 1633 5258 1814 5303; x_wconf 90' lang='lat' dir='ltr'><strong>autem</strong></span> <span class='ocrx_word' id='word_1_670' title='bbox 1842 5262 1948 5302; x_wconf 90' lang='lat' dir='ltr'><strong>non</strong></span> 
     </span>
    </p>
   </div>
   <div class='ocr_carea' id='block_1_85' title="bbox 370 5332 1950 5408">
    <p class='ocr_par' dir='ltr' id='par_1_85' title="bbox 370 5332 1950 5408">
     <span class='ocr_line' id='line_1_85' title="bbox 370 5332 1950 5408; baseline 0.004 -22"><span class='ocrx_word' id='word_1_671' title='bbox 370 5332 535 5389; x_wconf 88' lang='lat' dir='ltr'><strong>habet</strong></span> <span class='ocrx_word' id='word_1_672' title='bbox 585 5336 849 5402; x_wconf 88' lang='lat' dir='ltr'><strong>medium,</strong></span> <span class='ocrx_word' id='word_1_673' title='bbox 894 5353 1074 5408; x_wconf 88' lang='lat' dir='ltr'><strong>neque</strong></span> <span class='ocrx_word' id='word_1_674' title='bbox 1113 5340 1355 5403; x_wconf 91' lang='lat' dir='ltr'><strong>rotundi,</strong></span> <span class='ocrx_word' id='word_1_675' title='bbox 1390 5354 1566 5408; x_wconf 89' lang='lat' dir='ltr'><strong>neque</strong></span> <span class='ocrx_word' id='word_1_676' title='bbox 1608 5340 1737 5395; x_wconf 89' lang='lat' dir='ltr'><strong>recti</strong></span> <span class='ocrx_word' id='word_1_677' title='bbox 1778 5340 1950 5407; x_wconf 88' lang='lat' dir='ltr'><strong>parti-</strong></span> 
     </span>
    </p>
   </div>
   <div class='ocr_carea' id='block_1_86' title="bbox 369 5430 1948 5498">
    <p class='ocr_par' dir='ltr' id='par_1_86' title="bbox 369 5430 1948 5498">
     <span class='ocr_line' id='line_1_86' title="bbox 369 5430 1948 5498; baseline 0.003 -18"><span class='ocrx_word' id='word_1_678' title='bbox 369 5441 498 5496; x_wconf 87' lang='lat' dir='ltr'><strong>ceps</strong></span> <span class='ocrx_word' id='word_1_679' title='bbox 532 5436 654 5493; x_wconf 87' lang='lat' dir='ltr'><strong>est;</strong></span> <span class='ocrx_word' id='word_1_680' title='bbox 705 5430 827 5498; x_wconf 93' lang='lat' dir='ltr'><strong>quia</strong></span> <span class='ocrx_word' id='word_1_681' title='bbox 857 5430 949 5485; x_wconf 92' lang='lat' dir='ltr'><strong>ubi</strong></span> <span class='ocrx_word' id='word_1_682' title='bbox 980 5446 1083 5485; x_wconf 93' lang='lat' dir='ltr'><strong>non</strong></span> <span class='ocrx_word' id='word_1_683' title='bbox 1129 5441 1212 5486; x_wconf 87' lang='lat' dir='ltr'><strong>est</strong></span> <span class='ocrx_word' id='word_1_684' title='bbox 1256 5430 1518 5497; x_wconf 90' lang='lat' dir='ltr'><strong>medium,</strong></span> <span class='ocrx_word' id='word_1_685' title='bbox 1564 5446 1663 5487; x_wconf 91' lang='lat' dir='ltr'><strong>nec</strong></span> <span class='ocrx_word' id='word_1_686' title='bbox 1703 5442 1948 5486; x_wconf 82' lang='lat' dir='ltr'><strong>extrema</strong></span> 
     </span>
    </p>
   </div>
   <div class='ocr_carea' id='block_1_87' title="bbox 366 5518 1949 5593">
    <p class='ocr_par' dir='ltr' id='par_1_87' title="bbox 366 5518 1949 5593">
     <span class='ocr_line' id='line_1_87' title="bbox 366 5518 1949 5593; baseline 0.003 -22"><span class='ocrx_word' id='word_1_687' title='bbox 366 5518 651 5587; x_wconf 69' lang='lat' dir='ltr'><strong>aequaliter</strong></span> <span class='ocrx_word' id='word_1_688' title='bbox 683 5535 714 5574; x_wconf 90' lang='lat' dir='ltr'><strong>a</strong></span> <span class='ocrx_word' id='word_1_689' title='bbox 762 5520 941 5583; x_wconf 80' lang='lat' dir='ltr'><strong>medio</strong></span> <span class='ocrx_word' id='word_1_690' title='bbox 969 5522 1268 5587; x_wconf 89' lang='lat' dir='ltr'><strong>distabunt,</strong></span> <span class='ocrx_word' id='word_1_691' title='bbox 1313 5521 1459 5592; x_wconf 88' lang='lat' dir='ltr'><strong>quod</strong></span> <span class='ocrx_word' id='word_1_692' title='bbox 1490 5523 1707 5593; x_wconf 87' lang='lat' dir='ltr'><strong>quidem</strong></span> <span class='ocrx_word' id='word_1_693' title='bbox 1757 5522 1810 5576; x_wconf 87' lang='lat' dir='ltr'><strong>in</strong></span> <span class='ocrx_word' id='word_1_694' title='bbox 1859 5537 1949 5576; x_wconf 85' lang='lat' dir='ltr'><strong>ro-</strong></span> 
     </span>
    </p>
   </div>
   <div class='ocr_carea' id='block_1_88' title="bbox 362 5786 494 5839">
    <p class='ocr_par' dir='ltr' id='par_1_88' title="bbox 362 5786 494 5839">
     <span class='ocr_line' id='line_1_88' title="bbox 362 5786 494 5839; baseline 0 0"><span class='ocrx_word' id='word_1_695' title='bbox 362 5786 494 5839; x_wconf 80' lang='lat' dir='ltr'><strong>vita.</strong></span> 
     </span>
    </p>
   </div>
   <div class='ocr_carea' id='block_1_89' title="bbox 2062 3224 3649 3305">
    <p class='ocr_par' dir='ltr' id='par_1_89' title="bbox 2062 3224 3649 3305">
     <span class='ocr_line' id='line_1_89' title="bbox 2062 3224 3649 3305; baseline -0.004 -13"><span class='ocrx_word' id='word_1_696' title='bbox 2062 3238 2188 3293; x_wconf 91' lang='lat' dir='ltr'><strong>inde</strong></span> <span class='ocrx_word' id='word_1_697' title='bbox 2218 3246 2367 3302; x_wconf 85' lang='lat' dir='ltr'><strong>sunt,</strong></span> <span class='ocrx_word' id='word_1_698' title='bbox 2420 3251 2485 3292; x_wconf 90' lang='lat' dir='ltr'><strong>ac</strong></span> <span class='ocrx_word' id='word_1_699' title='bbox 2513 3237 2559 3292; x_wconf 91' lang='lat' dir='ltr'><strong>si</strong></span> <span class='ocrx_word' id='word_1_700' title='bbox 2596 3236 2804 3292; x_wconf 89' lang='lat' dir='ltr'><strong>diceret</strong></span> <span class='ocrx_word' id='word_1_701' title='bbox 2839 3252 2854 3291; x_wconf 75' lang='grc' dir='ltr'><strong>ε</strong></span> <span class='ocrx_word' id='word_1_702' title='bbox 2887 3224 3097 3291; x_wconf 84' lang='lat' dir='ltr'><strong>Genera</strong></span> <span class='ocrx_word' id='word_1_703' title='bbox 3130 3242 3184 3290; x_wconf 90' lang='lat' dir='ltr'><strong>et</strong></span> <span class='ocrx_word' id='word_1_704' title='bbox 3225 3236 3434 3305; x_wconf 84' lang='lat' dir='ltr'><strong>species</strong></span> <span class='ocrx_word' id='word_1_705' title='bbox 3468 3234 3649 3295; x_wconf 90' lang='lat' dir='ltr'><strong>simul,</strong></span> 
     </span>
    </p>
   </div>
   <div class='ocr_carea' id='block_1_90' title="bbox 2062 3323 3656 3393">
    <p class='ocr_par' dir='ltr' id='par_1_90' title="bbox 2062 3323 3656 3393">
     <span class='ocr_line' id='line_1_90' title="bbox 2062 3323 3656 3393; baseline -0.006 -11"><span class='ocrx_word' id='word_1_706' title='bbox 2062 3328 2233 3382; x_wconf 88' lang='lat' dir='ltr'><strong>Deum</strong></span> <span class='ocrx_word' id='word_1_707' title='bbox 2260 3326 2470 3382; x_wconf 86' lang='lat' dir='ltr'><strong>habent</strong></span> <span class='ocrx_word' id='word_1_708' title='bbox 2510 3335 2796 3382; x_wconf 87' lang='lat' dir='ltr'><strong>auctorem</strong></span> <span class='ocrx_word' id='word_1_709' title='bbox 2833 3325 3072 3380; x_wconf 91' lang='lat' dir='ltr'><strong>:deinde</strong></span> <span class='ocrx_word' id='word_1_710' title='bbox 3102 3336 3283 3393; x_wconf 89' lang='lat' dir='ltr'><strong>partes</strong></span> <span class='ocrx_word' id='word_1_711' title='bbox 3322 3324 3429 3379; x_wconf 88' lang='lat' dir='ltr'><strong>illis</strong></span> <span class='ocrx_word' id='word_1_712' title='bbox 3470 3323 3656 3393; x_wconf 76' lang='lat' dir='ltr'><strong>subje-</strong></span> 
     </span>
    </p>
   </div>
   <div class='ocr_carea' id='block_1_91' title="bbox 2061 3416 3651 3487">
    <p class='ocr_par' dir='ltr' id='par_1_91' title="bbox 2061 3416 3651 3487">
     <span class='ocr_line' id='line_1_91' title="bbox 2061 3416 3651 3487; baseline -0.004 -13"><span class='ocrx_word' id='word_1_713' title='bbox 2061 3428 2184 3483; x_wconf 67' lang='lat' dir='ltr'><strong>ctae,</strong></span> <span class='ocrx_word' id='word_1_714' title='bbox 2213 3427 2269 3475; x_wconf 89' lang='lat' dir='ltr'><strong>et</strong></span> <span class='ocrx_word' id='word_1_715' title='bbox 2299 3432 2652 3487; x_wconf 88' lang='lat' dir='ltr'><strong>quascunque</strong></span> <span class='ocrx_word' id='word_1_716' title='bbox 2682 3417 3070 3472; x_wconf 77' lang='lat' dir='ltr'><strong>universitates</strong></span> <span class='ocrx_word' id='word_1_717' title='bbox 3102 3417 3224 3485; x_wconf 88' lang='lat' dir='ltr'><strong>quis</strong></span> <span class='ocrx_word' id='word_1_718' title='bbox 3263 3416 3427 3481; x_wconf 90' lang='lat' dir='ltr'><strong>dicat,</strong></span> <span class='ocrx_word' id='word_1_719' title='bbox 3465 3425 3651 3483; x_wconf 84' lang='lat' dir='ltr'><strong>postea</strong></span> 
     </span>
    </p>
   </div>
   <div class='ocr_carea' id='block_1_92' title="bbox 2060 3507 3650 3580">
    <p class='ocr_par' dir='ltr' id='par_1_92' title="bbox 2060 3507 3650 3580">
     <span class='ocr_line' id='line_1_92' title="bbox 2060 3507 3650 3580; baseline -0.003 -14"><span class='ocrx_word' id='word_1_720' title='bbox 2060 3512 2162 3568; x_wconf 84' lang='lat' dir='ltr'><strong>has</strong></span> <span class='ocrx_word' id='word_1_721' title='bbox 2196 3513 2454 3580; x_wconf 87' lang='lat' dir='ltr'><strong>tan‘quam</strong></span> <span class='ocrx_word' id='word_1_722' title='bbox 2489 3510 2766 3567; x_wconf 86' lang='lat' dir='ltr'><strong>absolutas</strong></span> <span class='ocrx_word' id='word_1_723' title='bbox 2791 3518 2846 3564; x_wconf 91' lang='lat' dir='ltr'><strong>et</strong></span> <span class='ocrx_word' id='word_1_724' title='bbox 2871 3509 3182 3567; x_wconf 89' lang='lat' dir='ltr'><strong>abstractas</strong></span> <span class='ocrx_word' id='word_1_725' title='bbox 3211 3508 3461 3578; x_wconf 90' lang='lat' dir='ltr'><strong>producit</strong></span> <span class='ocrx_word' id='word_1_726' title='bbox 3490 3507 3650 3573; x_wconf 88' lang='lat' dir='ltr'><strong>Dens,</strong></span> 
     </span>
    </p>
   </div>
   <div class='ocr_carea' id='block_1_93' title="bbox 2060 3601 3649 3671">
    <p class='ocr_par' dir='ltr' id='par_1_93' title="bbox 2060 3601 3649 3671">
     <span class='ocr_line' id='line_1_93' title="bbox 2060 3601 3649 3671; baseline -0.006 -11"><span class='ocrx_word' id='word_1_727' title='bbox 2060 3605 2258 3660; x_wconf 86' lang='lat' dir='ltr'><strong>deinde</strong></span> <span class='ocrx_word' id='word_1_728' title='bbox 2294 3612 2554 3671; x_wconf 84' lang='lat' dir='ltr'><strong>tanquam</strong></span> <span class='ocrx_word' id='word_1_729' title='bbox 2591 3601 2925 3671; x_wconf 88' lang='lat' dir='ltr'><strong>aliquorum,</strong></span> <span class='ocrx_word' id='word_1_730' title='bbox 2959 3609 3015 3655; x_wconf 90' lang='lat' dir='ltr'><strong>et</strong></span> <span class='ocrx_word' id='word_1_731' title='bbox 3066 3602 3308 3670; x_wconf 82' lang='lat' dir='ltr'><strong>ipsorum</strong></span> <span class='ocrx_word' id='word_1_732' title='bbox 3345 3601 3649 3670; x_wconf 88' lang='lat' dir='ltr'><strong>aliquorum</strong></span> 
     </span>
    </p>
   </div>
   <div class='ocr_carea' id='block_1_94' title="bbox 2060 3692 3653 3758">
    <p class='ocr_par' dir='ltr' id='par_1_94' title="bbox 2060 3692 3653 3758">
     <span class='ocr_line' id='line_1_94' title="bbox 2060 3692 3653 3758; baseline -0.003 -7"><span class='ocrx_word' id='word_1_733' title='bbox 2060 3694 2462 3758; x_wconf 85' lang='lat' dir='ltr'><strong>universitates,</strong></span> <span class='ocrx_word' id='word_1_734' title='bbox 2525 3708 2633 3749; x_wconf 89' lang='lat' dir='ltr'><strong>non</strong></span> <span class='ocrx_word' id='word_1_735' title='bbox 2665 3703 2751 3750; x_wconf 87' lang='lat' dir='ltr'><strong>est</strong></span> <span class='ocrx_word' id='word_1_736' title='bbox 2798 3693 2940 3749; x_wconf 89' lang='lat' dir='ltr'><strong>Deus</strong></span> <span class='ocrx_word' id='word_1_737' title='bbox 2989 3693 3321 3747; x_wconf 83' lang='lat' dir='ltr'><strong>universitas</strong></span> <span class='ocrx_word' id='word_1_738' title='bbox 3350 3692 3653 3748; x_wconf 86' lang='lat' dir='ltr'><strong>secundum</strong></span> 
     </span>
    </p>
   </div>
   <div class='ocr_carea' id='block_1_95' title="bbox 2060 3774 3651 3850">
    <p class='ocr_par' dir='ltr' id='par_1_95' title="bbox 2060 3774 3651 3850">
     <span class='ocr_line' id='line_1_95' title="bbox 2060 3774 3651 3850; baseline -0.003 -9"><span class='ocrx_word' id='word_1_739' title='bbox 2060 3786 2162 3841; x_wconf 82' lang='lat' dir='ltr'><strong>bas</strong></span> <span class='ocrx_word' id='word_1_740' title='bbox 2193 3774 2602 3850; x_wconf 88' lang='lat' dir='ltr'><strong>universitates,</strong></span> <span class='ocrx_word' id='word_1_741' title='bbox 2635 3785 2686 3840; x_wconf 91' lang='lat' dir='ltr'><strong>id</strong></span> <span class='ocrx_word' id='word_1_742' title='bbox 2716 3795 2822 3849; x_wconf 88' lang='lat' dir='ltr'><strong>est,</strong></span> <span class='ocrx_word' id='word_1_743' title='bbox 2870 3785 2936 3839; x_wconf 88' lang='lat' dir='ltr'><strong>ad</strong></span> <span class='ocrx_word' id='word_1_744' title='bbox 2982 3784 3394 3840; x_wconf 88' lang='lat' dir='ltr'><strong>similitudinem</strong></span> <span class='ocrx_word' id='word_1_745' title='bbox 3436 3785 3651 3848; x_wconf 73' lang='lat' dir='ltr'><strong>harum,</strong></span> 
     </span>
    </p>
   </div>
   <div class='ocr_carea' id='block_1_96' title="bbox 2060 3870 3651 3944">
    <p class='ocr_par' dir='ltr' id='par_1_96' title="bbox 2060 3870 3651 3944">
     <span class='ocr_line' id='line_1_96' title="bbox 2060 3870 3651 3944; baseline -0.004 -12"><span class='ocrx_word' id='word_1_746' title='bbox 2060 3876 2154 3932; x_wconf 89' lang='lat' dir='ltr'><strong>sed</strong></span> <span class='ocrx_word' id='word_1_747' title='bbox 2191 3874 2305 3944; x_wconf 87' lang='lat' dir='ltr'><strong>ipsa</strong></span> <span class='ocrx_word' id='word_1_748' title='bbox 2333 3876 2447 3930; x_wconf 86' lang='lat' dir='ltr'><strong>sola</strong></span> <span class='ocrx_word' id='word_1_749' title='bbox 2484 3875 2834 3942; x_wconf 84' lang='lat' dir='ltr'><strong>universitas,</strong></span> <span class='ocrx_word' id='word_1_750' title='bbox 2868 3890 2988 3944; x_wconf 73' lang='grc' dir='ltr'>(ιιιτε</span> <span class='ocrx_word' id='word_1_751' title='bbox 3030 3870 3089 3929; x_wconf 91' lang='lat' dir='ltr'><strong>in</strong></span> <span class='ocrx_word' id='word_1_752' title='bbox 3128 3874 3268 3929; x_wconf 89' lang='lat' dir='ltr'><strong>nulla</strong></span> <span class='ocrx_word' id='word_1_753' title='bbox 3304 3884 3383 3930; x_wconf 89' lang='lat' dir='ltr'><strong>cst</strong></span> <span class='ocrx_word' id='word_1_754' title='bbox 3426 3875 3651 3929; x_wconf 63' lang='lat' dir='ltr'><strong>ttniverv</strong></span> 
     </span>
    </p>
   </div>
   <div class='ocr_carea' id='block_1_97' title="bbox 2060 3965 3653 4037">
    <p class='ocr_par' dir='ltr' id='par_1_97' title="bbox 2060 3965 3653 4037">
     <span class='ocr_line' id='line_1_97' title="bbox 2060 3965 3653 4037; baseline -0.003 -14"><span class='ocrx_word' id='word_1_755' title='bbox 2060 3969 2246 4034; x_wconf 80' lang='lat' dir='ltr'><strong>sitste,</strong></span> <span class='ocrx_word' id='word_1_756' title='bbox 2278 3968 2533 4022; x_wconf 85' lang='lat' dir='ltr'><strong>universa</strong></span> <span class='ocrx_word' id='word_1_757' title='bbox 2567 3966 2682 4037; x_wconf 87' lang='lat' dir='ltr'><strong>ipsa</strong></span> <span class='ocrx_word' id='word_1_758' title='bbox 2715 3976 2769 4022; x_wconf 90' lang='lat' dir='ltr'><strong>et</strong></span> <span class='ocrx_word' id='word_1_759' title='bbox 2808 3967 2920 4022; x_wconf 88' lang='lat' dir='ltr'><strong>sola</strong></span> <span class='ocrx_word' id='word_1_760' title='bbox 2957 3965 3290 4020; x_wconf 84' lang='lat' dir='ltr'><strong>universitas</strong></span> <span class='ocrx_word' id='word_1_761' title='bbox 3320 3976 3427 4030; x_wconf 87' lang='lat' dir='ltr'><strong>est,</strong></span> <span class='ocrx_word' id='word_1_762' title='bbox 3460 3982 3653 4019; x_wconf 79' lang='lat' dir='ltr'><strong>omnes</strong></span> 
     </span>
    </p>
   </div>
   <div class='ocr_carea' id='block_1_98' title="bbox 2062 4054 3655 4126">
    <p class='ocr_par' dir='ltr' id='par_1_98' title="bbox 2062 4054 3655 4126">
     <span class='ocr_line' id='line_1_98' title="bbox 2062 4054 3655 4126; baseline -0.003 -13"><span class='ocrx_word' id='word_1_763' title='bbox 2062 4057 2448 4114; x_wconf 88' lang='lat' dir='ltr'><strong>universitates</strong></span> <span class='ocrx_word' id='word_1_764' title='bbox 2482 4072 2546 4112; x_wconf 86' lang='lat' dir='ltr'><strong>ex</strong></span> <span class='ocrx_word' id='word_1_765' title='bbox 2578 4071 2638 4112; x_wconf 84' lang='lat' dir='ltr'><strong>se</strong></span> <span class='ocrx_word' id='word_1_766' title='bbox 2679 4056 3007 4126; x_wconf 89' lang='lat' dir='ltr'><strong>producens,</strong></span> <span class='ocrx_word' id='word_1_767' title='bbox 3034 4065 3090 4109; x_wconf 87' lang='lat' dir='ltr'><strong>et</strong></span> <span class='ocrx_word' id='word_1_768' title='bbox 3127 4070 3155 4109; x_wconf 90' lang='lat' dir='ltr'><strong>a</strong></span> <span class='ocrx_word' id='word_1_769' title='bbox 3198 4055 3343 4109; x_wconf 87' lang='lat' dir='ltr'><strong>nulla</strong></span> <span class='ocrx_word' id='word_1_770' title='bbox 3390 4054 3655 4108; x_wconf 85' lang='lat' dir='ltr'><strong>universi-</strong></span> 
     </span>
    </p>
   </div>
   <div class='ocr_carea' id='block_1_99' title="bbox 2064 4146 3655 4217">
    <p class='ocr_par' dir='ltr' id='par_1_99' title="bbox 2064 4146 3655 4217">
     <span class='ocr_line' id='line_1_99' title="bbox 2064 4146 3655 4217; baseline -0.003 -13"><span class='ocrx_word' id='word_1_771' title='bbox 2064 4159 2171 4205; x_wconf 86' lang='lat' dir='ltr'><strong>tate</strong></span> <span class='ocrx_word' id='word_1_772' title='bbox 2221 4157 2503 4205; x_wconf 87' lang='lat' dir='ltr'><strong>coercetur</strong></span> <span class='ocrx_word' id='word_1_773' title='bbox 2547 4166 2561 4204; x_wconf 87' lang='lat'><strong>:</strong></span> <span class='ocrx_word' id='word_1_774' title='bbox 2613 4163 2715 4203; x_wconf 90' lang='lat' dir='ltr'><strong>nec</strong></span> <span class='ocrx_word' id='word_1_775' title='bbox 2744 4148 2887 4203; x_wconf 90' lang='lat' dir='ltr'><strong>enim</strong></span> <span class='ocrx_word' id='word_1_776' title='bbox 2926 4148 3040 4217; x_wconf 91' lang='lat' dir='ltr'><strong>ipse</strong></span> <span class='ocrx_word' id='word_1_777' title='bbox 3075 4155 3156 4202; x_wconf 84' lang='lat' dir='ltr'><strong>est</strong></span> <span class='ocrx_word' id='word_1_778' title='bbox 3206 4147 3256 4201; x_wconf 92' lang='lat' dir='ltr'><strong>in</strong></span> <span class='ocrx_word' id='word_1_779' title='bbox 3299 4146 3506 4217; x_wconf 88' lang='lat' dir='ltr'><strong>aliquo,</strong></span> <span class='ocrx_word' id='word_1_780' title='bbox 3556 4162 3655 4200; x_wconf 72' lang='lat' dir='ltr'><strong>nec</strong></span> 
     </span>
    </p>
   </div>
   <div class='ocr_carea' id='block_1_100' title="bbox 2060 4237 3654 4313">
    <p class='ocr_par' dir='ltr' id='par_1_100' title="bbox 2060 4237 3654 4313">
     <span class='ocr_line' id='line_1_100' title="bbox 2060 4237 3654 4313; baseline -0.005 -16"><span class='ocrx_word' id='word_1_781' title='bbox 2060 4243 2265 4313; x_wconf 91' lang='lat' dir='ltr'><strong>aliquid</strong></span> <span class='ocrx_word' id='word_1_782' title='bbox 2299 4242 2351 4296; x_wconf 92' lang='lat' dir='ltr'><strong>in</strong></span> <span class='ocrx_word' id='word_1_783' title='bbox 2395 4240 2551 4310; x_wconf 91' lang='lat' dir='ltr'><strong>ipso;</strong></span> <span class='ocrx_word' id='word_1_784' title='bbox 2605 4239 2912 4295; x_wconf 89' lang='lat' dir='ltr'><strong>substantia</strong></span> <span class='ocrx_word' id='word_1_785' title='bbox 2944 4240 3087 4295; x_wconf 87' lang='lat' dir='ltr'><strong>enim</strong></span> <span class='ocrx_word' id='word_1_786' title='bbox 3138 4247 3220 4292; x_wconf 88' lang='lat' dir='ltr'><strong>est</strong></span> <span class='ocrx_word' id='word_1_787' title='bbox 3256 4239 3389 4293; x_wconf 89' lang='lat' dir='ltr'><strong>nihil</strong></span> <span class='ocrx_word' id='word_1_788' title='bbox 3448 4237 3654 4291; x_wconf 82' lang='lat' dir='ltr'><strong>habens</strong></span> 
     </span>
    </p>
   </div>
   <div class='ocr_carea' id='block_1_101' title="bbox 2060 4330 3655 4411">
    <p class='ocr_par' dir='ltr' id='par_1_101' title="bbox 2060 4330 3655 4411">
     <span class='ocr_line' id='line_1_101' title="bbox 2060 4330 3655 4411; baseline -0.005 -22"><span class='ocrx_word' id='word_1_789' title='bbox 2060 4335 2204 4411; x_wconf 82' lang='lat' dir='ltr'><strong>quod</strong></span> <span class='ocrx_word' id='word_1_790' title='bbox 2246 4333 2318 4388; x_wconf 90' lang='lat' dir='ltr'><strong>sit</strong></span> <span class='ocrx_word' id='word_1_791' title='bbox 2361 4334 2412 4387; x_wconf 92' lang='lat' dir='ltr'><strong>in</strong></span> <span class='ocrx_word' id='word_1_792' title='bbox 2446 4332 2718 4403; x_wconf 85' lang='lat' dir='ltr'><strong>subjecto,</strong></span> <span class='ocrx_word' id='word_1_793' title='bbox 2749 4341 2808 4387; x_wconf 92' lang='lat' dir='ltr'><strong>et</strong></span> <span class='ocrx_word' id='word_1_794' title='bbox 2851 4331 3091 4397; x_wconf 75' lang='lat' dir='ltr'><strong>c0gnitiu</strong></span> <span class='ocrx_word' id='word_1_795' title='bbox 3123 4340 3202 4387; x_wconf 90' lang='lat' dir='ltr'><strong>est</strong></span> <span class='ocrx_word' id='word_1_796' title='bbox 3254 4330 3388 4384; x_wconf 90' lang='lat' dir='ltr'><strong>nihil</strong></span> <span class='ocrx_word' id='word_1_797' title='bbox 3429 4343 3655 4398; x_wconf 75' lang='lat' dir='ltr'><strong>prorsas</strong></span> 
     </span>
    </p>
   </div>
   <div class='ocr_carea' id='block_1_102' title="bbox 2061 4421 3652 4494">
    <p class='ocr_par' dir='ltr' id='par_1_102' title="bbox 2061 4421 3652 4494">
     <span class='ocr_line' id='line_1_102' title="bbox 2061 4421 3652 4494; baseline -0.005 -15"><span class='ocrx_word' id='word_1_798' title='bbox 2061 4426 2368 4494; x_wconf 83' lang='lat' dir='ltr'><strong>subjectum</strong></span> <span class='ocrx_word' id='word_1_799' title='bbox 2403 4424 2648 4486; x_wconf 87' lang='lat' dir='ltr'><strong>habens;</strong></span> <span class='ocrx_word' id='word_1_800' title='bbox 2682 4421 2888 4476; x_wconf 89' lang='lat' dir='ltr'><strong>idcirco</strong></span> <span class='ocrx_word' id='word_1_801' title='bbox 2926 4422 3037 4490; x_wconf 88' lang='lat' dir='ltr'><strong>ipse</strong></span> <span class='ocrx_word' id='word_1_802' title='bbox 3069 4432 3151 4476; x_wconf 83' lang='lat' dir='ltr'><strong>est</strong></span> <span class='ocrx_word' id='word_1_803' title='bbox 3194 4421 3398 4483; x_wconf 88' lang='lat' dir='ltr'><strong>omnia,</strong></span> <span class='ocrx_word' id='word_1_804' title='bbox 3448 4429 3502 4473; x_wconf 88' lang='lat' dir='ltr'><strong>et</strong></span> <span class='ocrx_word' id='word_1_805' title='bbox 3547 4434 3652 4472; x_wconf 86' lang='lat' dir='ltr'><strong>non</strong></span> 
     </span>
    </p>
   </div>
   <div class='ocr_carea' id='block_1_103' title="bbox 2059 4513 3652 4583">
    <p class='ocr_par' dir='ltr' id='par_1_103' title="bbox 2059 4513 3652 4583">
     <span class='ocr_line' id='line_1_103' title="bbox 2059 4513 3652 4583; baseline -0.005 -14"><span class='ocrx_word' id='word_1_806' title='bbox 2059 4527 2143 4569; x_wconf 89' lang='lat' dir='ltr'><strong>est</strong></span> <span class='ocrx_word' id='word_1_807' title='bbox 2169 4516 2463 4583; x_wconf 89' lang='lat' dir='ltr'><strong>quidquam</strong></span> <span class='ocrx_word' id='word_1_808' title='bbox 2488 4513 2754 4579; x_wconf 86' lang='lat' dir='ltr'><strong>omnium,</strong></span> <span class='ocrx_word' id='word_1_809' title='bbox 2789 4514 2880 4583; x_wconf 92' lang='lat' dir='ltr'><strong>qui</strong></span> <span class='ocrx_word' id='word_1_810' title='bbox 2913 4528 2942 4567; x_wconf 89' lang='lat' dir='ltr'><strong>a</strong></span> <span class='ocrx_word' id='word_1_811' title='bbox 2975 4515 3121 4567; x_wconf 72' lang='lat' dir='ltr'><strong>multo</strong></span> <span class='ocrx_word' id='word_1_812' title='bbox 3142 4526 3332 4568; x_wconf 89' lang='lat' dir='ltr'><strong>eorum</strong></span> <span class='ocrx_word' id='word_1_813' title='bbox 3357 4528 3479 4580; x_wconf 85' lang='lat' dir='ltr'><strong>quae</strong></span> <span class='ocrx_word' id='word_1_814' title='bbox 3503 4522 3652 4573; x_wconf 87' lang='lat' dir='ltr'><strong>sunt,</strong></span> 
     </span>
    </p>
   </div>
   <div class='ocr_carea' id='block_1_104' title="bbox 2061 4593 3657 4672">
    <p class='ocr_par' dir='ltr' id='par_1_104' title="bbox 2061 4593 3657 4672">
     <span class='ocr_line' id='line_1_104' title="bbox 2061 4593 3657 4672; baseline -0.006 -12"><span class='ocrx_word' id='word_1_815' title='bbox 2061 4606 2412 4669; x_wconf 82' lang='lat' dir='ltr'><strong>continetur;</strong></span> <span class='ocrx_word' id='word_1_816' title='bbox 2449 4618 2552 4658; x_wconf 89' lang='lat' dir='ltr'><strong>nec</strong></span> <span class='ocrx_word' id='word_1_817' title='bbox 2594 4613 2678 4658; x_wconf 89' lang='lat' dir='ltr'><strong>est</strong></span> <span class='ocrx_word' id='word_1_818' title='bbox 2708 4618 2904 4659; x_wconf 85' lang='lat' dir='ltr'><strong>nomen</strong></span> <span class='ocrx_word' id='word_1_819' title='bbox 2941 4604 3082 4672; x_wconf 83' lang='lat' dir='ltr'><strong>ejus,</strong></span> <span class='ocrx_word' id='word_1_820' title='bbox 3120 4619 3229 4671; x_wconf 91' lang='lat' dir='ltr'><strong>quo</strong></span> <span class='ocrx_word' id='word_1_821' title='bbox 3264 4593 3359 4671; x_wconf 82' lang='lat' dir='ltr'><strong>per</strong></span> <span class='ocrx_word' id='word_1_822' title='bbox 3404 4617 3517 4656; x_wconf 87' lang='lat' dir='ltr'><strong>rem</strong></span> <span class='ocrx_word' id='word_1_823' title='bbox 3559 4601 3657 4653; x_wconf 87' lang='lat' dir='ltr'><strong>ali-</strong></span> 
     </span>
    </p>
   </div>
   <div class='ocr_carea' id='block_1_105' title="bbox 2059 4695 3657 4767">
    <p class='ocr_par' dir='ltr' id='par_1_105' title="bbox 2059 4695 3657 4767">
     <span class='ocr_line' id='line_1_105' title="bbox 2059 4695 3657 4767; baseline -0.003 -18"><span class='ocrx_word' id='word_1_824' title='bbox 2059 4713 2221 4767; x_wconf 89' lang='lat' dir='ltr'><strong>quam</strong></span> <span class='ocrx_word' id='word_1_825' title='bbox 2269 4713 2339 4752; x_wconf 92' lang='lat' dir='ltr'><strong>ex</strong></span> <span class='ocrx_word' id='word_1_826' title='bbox 2374 4697 2439 4751; x_wconf 90' lang='lat' dir='ltr'><strong>iis</strong></span> <span class='ocrx_word' id='word_1_827' title='bbox 2472 4711 2591 4765; x_wconf 75' lang='lat' dir='ltr'><strong>qua:</strong></span> <span class='ocrx_word' id='word_1_828' title='bbox 2625 4703 2773 4759; x_wconf 90' lang='lat' dir='ltr'><strong>sunt,</strong></span> <span class='ocrx_word' id='word_1_829' title='bbox 2805 4695 3159 4760; x_wconf 86' lang='lat' dir='ltr'><strong>nominetur;</strong></span> <span class='ocrx_word' id='word_1_830' title='bbox 3196 4695 3337 4747; x_wconf 84' lang='lat' dir='ltr'><strong>unde</strong></span> <span class='ocrx_word' id='word_1_831' title='bbox 3379 4696 3525 4746; x_wconf 88' lang='lat' dir='ltr'><strong>enim</strong></span> <span class='ocrx_word' id='word_1_832' title='bbox 3560 4710 3657 4747; x_wconf 81' lang='lat' dir='ltr'><strong>no-</strong></span> 
     </span>
    </p>
   </div>
   <div class='ocr_carea' id='block_1_106' title="bbox 2060 4783 3652 4854">
    <p class='ocr_par' dir='ltr' id='par_1_106' title="bbox 2060 4783 3652 4854">
     <span class='ocr_line' id='line_1_106' title="bbox 2060 4783 3652 4854; baseline -0.001 -13"><span class='ocrx_word' id='word_1_833' title='bbox 2060 4788 2390 4851; x_wconf 90' lang='lat' dir='ltr'><strong>minabatur,</strong></span> <span class='ocrx_word' id='word_1_834' title='bbox 2421 4788 2465 4841; x_wconf 88' lang='lat' dir='ltr'><strong>si</strong></span> <span class='ocrx_word' id='word_1_835' title='bbox 2513 4785 2643 4840; x_wconf 89' lang='lat' dir='ltr'><strong>nihil</strong></span> <span class='ocrx_word' id='word_1_836' title='bbox 2683 4793 2768 4839; x_wconf 89' lang='lat' dir='ltr'><strong>est</strong></span> <span class='ocrx_word' id='word_1_837' title='bbox 2808 4800 2871 4839; x_wconf 88' lang='lat' dir='ltr'><strong>ex</strong></span> <span class='ocrx_word' id='word_1_838' title='bbox 2909 4786 2975 4839; x_wconf 91' lang='lat' dir='ltr'><strong>iis</strong></span> <span class='ocrx_word' id='word_1_839' title='bbox 3004 4800 3123 4854; x_wconf 65' lang='lat' dir='ltr'><strong>qua:</strong></span> <span class='ocrx_word' id='word_1_840' title='bbox 3165 4786 3333 4839; x_wconf 84' lang='lat' dir='ltr'><strong>sunt?</strong></span> <span class='ocrx_word' id='word_1_841' title='bbox 3387 4783 3652 4839; x_wconf 66' lang='lat' dir='ltr'><strong>Pra‘terca</strong></span> 
     </span>
    </p>
   </div>
   <div class='ocr_carea' id='block_1_107' title="bbox 2067 4877 3651 4946">
    <p class='ocr_par' dir='ltr' id='par_1_107' title="bbox 2067 4877 3651 4946">
     <span class='ocr_line' id='line_1_107' title="bbox 2067 4877 3651 4946; baseline -0.004 -12"><span class='ocrx_word' id='word_1_842' title='bbox 2067 4889 2239 4934; x_wconf 91' lang='lat' dir='ltr'><strong>totum</strong></span> <span class='ocrx_word' id='word_1_843' title='bbox 2274 4890 2328 4934; x_wconf 89' lang='lat' dir='ltr'><strong>et</strong></span> <span class='ocrx_word' id='word_1_844' title='bbox 2363 4881 2537 4935; x_wconf 90' lang='lat' dir='ltr'><strong>solum</strong></span> <span class='ocrx_word' id='word_1_845' title='bbox 2569 4879 2619 4932; x_wconf 93' lang='lat' dir='ltr'><strong>in</strong></span> <span class='ocrx_word' id='word_1_846' title='bbox 2648 4879 2881 4941; x_wconf 88' lang='lat' dir='ltr'><strong>unitate,</strong></span> <span class='ocrx_word' id='word_1_847' title='bbox 2912 4877 3205 4932; x_wconf 86' lang='lat' dir='ltr'><strong>essentiam</strong></span> <span class='ocrx_word' id='word_1_848' title='bbox 3235 4888 3651 4946; x_wconf 84' lang='lat' dir='ltr'><strong>exsuperantem</strong></span> 
     </span>
    </p>
   </div>
   <div class='ocr_carea' id='block_1_108' title="bbox 2060 4968 3648 5041">
    <p class='ocr_par' dir='ltr' id='par_1_108' title="bbox 2060 4968 3648 5041">
     <span class='ocr_line' id='line_1_108' title="bbox 2060 4968 3648 5041; baseline -0.004 -14"><span class='ocrx_word' id='word_1_849' title='bbox 2060 4980 2438 5041; x_wconf 63' lang='lat' dir='ltr'><strong>repraesentat,</strong></span> <span class='ocrx_word' id='word_1_850' title='bbox 2477 4982 2531 5026; x_wconf 90' lang='lat' dir='ltr'><strong>et</strong></span> <span class='ocrx_word' id='word_1_851' title='bbox 2567 4987 2672 5026; x_wconf 92' lang='lat' dir='ltr'><strong>non</strong></span> <span class='ocrx_word' id='word_1_852' title='bbox 2717 4968 3042 5041; x_wconf 85' lang='lat' dir='ltr'><strong>positionem</strong></span> <span class='ocrx_word' id='word_1_853' title='bbox 3091 4968 3392 5039; x_wconf 89' lang='lat' dir='ltr'><strong>quamlibet</strong></span> <span class='ocrx_word' id='word_1_854' title='bbox 3433 4985 3648 5031; x_wconf 85' lang='lat' dir='ltr'><strong>rerum;</strong></span> 
     </span>
    </p>
   </div>
   <div class='ocr_carea' id='block_1_109' title="bbox 2058 5062 3644 5134">
    <p class='ocr_par' dir='ltr' id='par_1_109' title="bbox 2058 5062 3644 5134">
     <span class='ocr_line' id='line_1_109' title="bbox 2058 5062 3644 5134; baseline -0.004 -16"><span class='ocrx_word' id='word_1_855' title='bbox 2058 5064 2283 5134; x_wconf 89' lang='lat' dir='ltr'><strong>perinde</strong></span> <span class='ocrx_word' id='word_1_856' title='bbox 2305 5062 2449 5119; x_wconf 82' lang='lat' dir='ltr'><strong>enim</strong></span> <span class='ocrx_word' id='word_1_857' title='bbox 2481 5073 2564 5119; x_wconf 86' lang='lat' dir='ltr'><strong>est</strong></span> <span class='ocrx_word' id='word_1_858' title='bbox 2592 5064 2797 5128; x_wconf 89' lang='lat' dir='ltr'><strong>dicere,</strong></span> <span class='ocrx_word' id='word_1_859' title='bbox 2825 5071 2971 5118; x_wconf 90' lang='lat' dir='ltr'><strong>totus</strong></span> <span class='ocrx_word' id='word_1_860' title='bbox 2997 5062 3326 5127; x_wconf 86' lang='lat' dir='ltr'><strong>substantia,</strong></span> <span class='ocrx_word' id='word_1_861' title='bbox 3371 5071 3425 5117; x_wconf 88' lang='lat' dir='ltr'><strong>et</strong></span> <span class='ocrx_word' id='word_1_862' title='bbox 3466 5062 3644 5116; x_wconf 89' lang='lat' dir='ltr'><strong>solum</strong></span> 
     </span>
    </p>
   </div>
   <div class='ocr_carea' id='block_1_110' title="bbox 2056 5152 3651 5220">
    <p class='ocr_par' dir='ltr' id='par_1_110' title="bbox 2056 5152 3651 5220">
     <span class='ocr_line' id='line_1_110' title="bbox 2056 5152 3651 5220; baseline -0.004 -11"><span class='ocrx_word' id='word_1_863' title='bbox 2056 5166 2140 5209; x_wconf 87' lang='lat' dir='ltr'><strong>est</strong></span> <span class='ocrx_word' id='word_1_864' title='bbox 2185 5154 2345 5216; x_wconf 88' lang='lat' dir='ltr'><strong>Deus.</strong></span> <span class='ocrx_word' id='word_1_865' title='bbox 2378 5163 2434 5208; x_wconf 90' lang='lat' dir='ltr'><strong>et</strong></span> <span class='ocrx_word' id='word_1_866' title='bbox 2473 5154 2525 5208; x_wconf 91' lang='lat' dir='ltr'><strong>in</strong></span> <span class='ocrx_word' id='word_1_867' title='bbox 2578 5154 2695 5210; x_wconf 81' lang='lat' dir='ltr'><strong>sola</strong></span> <span class='ocrx_word' id='word_1_868' title='bbox 2738 5155 3040 5210; x_wconf 86' lang='lat' dir='ltr'><strong>substantia</strong></span> <span class='ocrx_word' id='word_1_869' title='bbox 3096 5162 3201 5218; x_wconf 90' lang='lat' dir='ltr'><strong>est,</strong></span> <span class='ocrx_word' id='word_1_870' title='bbox 3251 5164 3418 5220; x_wconf 86' lang='lat' dir='ltr'><strong>atque</strong></span> <span class='ocrx_word' id='word_1_871' title='bbox 3466 5152 3651 5205; x_wconf 86' lang='lat' dir='ltr'><strong>dicere</strong></span> 
     </span>
    </p>
   </div>
   <div class='ocr_carea' id='block_1_111' title="bbox 2058 5222 3647 5316">
    <p class='ocr_par' dir='ltr' id='par_1_111' title="bbox 2058 5222 3647 5316">
     <span class='ocr_line' id='line_1_111' title="bbox 2058 5222 3647 5316; baseline -0.004 -14"><span class='ocrx_word' id='word_1_872' title='bbox 2058 5261 2220 5316; x_wconf 87' lang='lat' dir='ltr'><strong>supra</strong></span> <span class='ocrx_word' id='word_1_873' title='bbox 2257 5261 2472 5300; x_wconf 90' lang='lat' dir='ltr'><strong>omnem</strong></span> <span class='ocrx_word' id='word_1_874' title='bbox 2505 5222 2867 5300; x_wconf 80' lang='lat' dir='ltr'><strong>substantiam</strong></span> <span class='ocrx_word' id='word_1_875' title='bbox 2896 5258 3041 5311; x_wconf 89' lang='lat' dir='ltr'><strong>esse,</strong></span> <span class='ocrx_word' id='word_1_876' title='bbox 3088 5255 3142 5300; x_wconf 93' lang='lat' dir='ltr'><strong>et</strong></span> <span class='ocrx_word' id='word_1_877' title='bbox 3165 5260 3285 5305; x_wconf 68' lang='lat' dir='ltr'><strong>non</strong></span> <span class='ocrx_word' id='word_1_878' title='bbox 3320 5246 3647 5297; x_wconf 82' lang='lat' dir='ltr'><strong>adnumera-</strong></span> 
     </span>
    </p>
   </div>
   <div class='ocr_carea' id='block_1_112' title="bbox 2060 5332 3652 5407">
    <p class='ocr_par' dir='ltr' id='par_1_112' title="bbox 2060 5332 3652 5407">
     <span class='ocr_line' id='line_1_112' title="bbox 2060 5332 3652 5407; baseline -0.005 -16"><span class='ocrx_word' id='word_1_879' title='bbox 2060 5347 2148 5391; x_wconf 89' lang='lat' dir='ltr'><strong>tur</strong></span> <span class='ocrx_word' id='word_1_880' title='bbox 2183 5336 2275 5389; x_wconf 90' lang='lat' dir='ltr'><strong>ulli</strong></span> <span class='ocrx_word' id='word_1_881' title='bbox 2326 5335 2645 5391; x_wconf 61' lang='lat' dir='ltr'><strong>substantiae</strong></span> <span class='ocrx_word' id='word_1_882' title='bbox 2686 5352 2871 5391; x_wconf 90' lang='lat' dir='ltr'><strong>earum</strong></span> <span class='ocrx_word' id='word_1_883' title='bbox 2920 5351 3057 5407; x_wconf 87' lang='lat' dir='ltr'><strong>quas</strong></span> <span class='ocrx_word' id='word_1_884' title='bbox 3113 5334 3388 5405; x_wconf 89' lang='lat' dir='ltr'><strong>produxit,</strong></span> <span class='ocrx_word' id='word_1_885' title='bbox 3441 5332 3535 5384; x_wconf 90' lang='lat' dir='ltr'><strong>sed</strong></span> <span class='ocrx_word' id='word_1_886' title='bbox 3571 5341 3652 5384; x_wconf 90' lang='lat' dir='ltr'><strong>est</strong></span> 
     </span>
    </p>
   </div>
   <div class='ocr_carea' id='block_1_113' title="bbox 2058 5423 3653 5499">
    <p class='ocr_par' dir='ltr' id='par_1_113' title="bbox 2058 5423 3653 5499">
     <span class='ocr_line' id='line_1_113' title="bbox 2058 5423 3653 5499; baseline -0.003 -16"><span class='ocrx_word' id='word_1_887' title='bbox 2058 5428 2173 5483; x_wconf 91' lang='lat' dir='ltr'><strong>sola</strong></span> <span class='ocrx_word' id='word_1_888' title='bbox 2197 5442 2266 5481; x_wconf 86' lang='lat' dir='ltr'><strong>ex</strong></span> <span class='ocrx_word' id='word_1_889' title='bbox 2292 5427 2415 5481; x_wconf 85' lang='lat' dir='ltr'><strong>aliis</strong></span> <span class='ocrx_word' id='word_1_890' title='bbox 2441 5441 2717 5499; x_wconf 85' lang='lat' dir='ltr'><strong>exempta,</strong></span> <span class='ocrx_word' id='word_1_891' title='bbox 2747 5439 2802 5484; x_wconf 91' lang='lat' dir='ltr'><strong>et</strong></span> <span class='ocrx_word' id='word_1_892' title='bbox 2839 5427 3035 5499; x_wconf 89' lang='lat' dir='ltr'><strong>prima,</strong></span> <span class='ocrx_word' id='word_1_893' title='bbox 3061 5434 3115 5481; x_wconf 89' lang='lat' dir='ltr'><strong>et</strong></span> <span class='ocrx_word' id='word_1_894' title='bbox 3149 5425 3304 5495; x_wconf 84' lang='lat' dir='ltr'><strong>cujus</strong></span> <span class='ocrx_word' id='word_1_895' title='bbox 3347 5423 3653 5478; x_wconf 79' lang='lat' dir='ltr'><strong>substantia</strong></span> 
     </span>
    </p>
   </div>
   <div class='ocr_carea' id='block_1_114' title="bbox 2058 5527 2347 5576">
    <p class='ocr_par' dir='ltr' id='par_1_114' title="bbox 2058 5527 2347 5576">
     <span class='ocr_line' id='line_1_114' title="bbox 2058 5527 2347 5576; baseline -0.003 0"><span class='ocrx_word' id='word_1_896' title='bbox 2058 5527 2143 5576; x_wconf 91' lang='lat' dir='ltr'><strong>est</strong></span> <span class='ocrx_word' id='word_1_897' title='bbox 2170 5528 2347 5575; x_wconf 80' lang='lat' dir='ltr'><strong>actus.</strong></span> 
     </span>
    </p>
   </div>
   <div class='ocr_carea' id='block_1_115' title="bbox 436 5712 3654 5790">
    <p class='ocr_par' dir='ltr' id='par_1_115' title="bbox 436 5712 3654 5790">
     <span class='ocr_line' id='line_1_115' title="bbox 436 5712 3654 5790; baseline 0.003 -23"><span class='ocrx_word' id='word_1_898' title='bbox 436 5716 514 5784; x_wconf 82' lang='lat' dir='ltr'><strong>(tt)</strong></span> <span class='ocrx_word' id='word_1_899' title='bbox 546 5712 871 5774; x_wconf 86' lang='lat' dir='ltr'><strong>Universum</strong></span> <span class='ocrx_word' id='word_1_900' title='bbox 924 5715 1175 5776; x_wconf 78' lang='lat' dir='ltr'><strong>universe</strong></span> <span class='ocrx_word' id='word_1_901' title='bbox 1232 5720 1408 5776; x_wconf 84' lang='lat' dir='ltr'><strong>omnis</strong></span> <span class='ocrx_word' id='word_1_902' title='bbox 1447 5721 1577 5788; x_wconf 87' lang='lat' dir='ltr'><strong>vita,</strong></span> <span class='ocrx_word' id='word_1_903' title='bbox 1632 5721 1943 5777; x_wconf 85' lang='lat' dir='ltr'><strong>universum</strong></span> <span class='ocrx_word' id='word_1_904' title='bbox 1979 5734 2085 5777; x_wconf 91' lang='lat' dir='ltr'><strong>non</strong></span> <span class='ocrx_word' id='word_1_905' title='bbox 2144 5719 2422 5785; x_wconf 85' lang='lat' dir='ltr'><strong>universe,</strong></span> <span class='ocrx_word' id='word_1_906' title='bbox 2472 5722 2565 5778; x_wconf 88' lang='lat' dir='ltr'><strong>sed</strong></span> <span class='ocrx_word' id='word_1_907' title='bbox 2627 5720 2678 5774; x_wconf 90' lang='lat' dir='ltr'><strong>in</strong></span> <span class='ocrx_word' id='word_1_908' title='bbox 2746 5727 2917 5789; x_wconf 87' lang='lat' dir='ltr'><strong>parte,</strong></span> <span class='ocrx_word' id='word_1_909' title='bbox 2950 5720 3063 5775; x_wconf 82' lang='lat' dir='ltr'><strong>sive</strong></span> <span class='ocrx_word' id='word_1_910' title='bbox 3116 5719 3542 5790; x_wconf 83' lang='lat' dir='ltr'><strong>particulariter,</strong></span> <span class='ocrx_word' id='word_1_911' title='bbox 3595 5727 3654 5777; x_wconf 91' lang='lat' dir='ltr'><strong>ut</strong></span> 
     </span>
    </p>
   </div>
  </div>
