4064 6266
531 299 635 362 987

1159 416 1387 471 CAPUT
1428 415 1493 471 Χ.

533 508 686 570 Quod
741 508 917 563 unitas
970 508 1252 563 Trinitatis
1298 525 1458 577 supra
1504 525 1705 561 amnem
1743 508 2093 561 substantiam

605 589 706 639 est,
733 588 780 631 et
817 595 974 646 supra
999 596 1197 633 omnem
1226 581 1498 638 unitatem,
1529 592 1572 632 et
1615 578 1921 631 Trimtatem
1950 578 2094 630 nobis

604 650 861 718 cognitam
884 666 902 713 ,'
927 659 973 701 et
996 650 1130 717 quod
1157 666 1317 714 neque
1341 648 1639 702 substantia
1662 658 1758 706 est.
1781 664 1870 700 nec
1894 648 2091 706 unitas,

607 716 767 787 usque
799 716 1028 772 Trinitas
1061 720 1124 772 ab
1156 719 1265 772 ullo
1305 720 1550 788 cognita;
1602 736 1692 773 uec
1720 719 1957 786 infinita,
2005 725 2095 771 aut

606 792 657 841 iu
688 788 863 840 multis
895 800 1187 843 numerata.

606 877 825 947 Magnus
849 876 1158 947 Dionysius,
1183 876 1307 946 cap.
1336 878 1424 943 l3,
1454 878 1526 933 De
1552 879 1738 933 divinis
1768 878 2099 931 nominibus:

537 966 779 1035 Oportet,
817 967 1013 1036 inquit,
1049 985 1145 1024 nos
1169 983 1197 1023 a
1233 970 1417 1024 multis
1449 972 1515 1025 ad
1546 986 1710 1023 unum
1744 970 1940 1022 virtute
1969 967 2103 1022 divi-

539 1073 619 1109 na:
659 1058 881 1112 unitatis
911 1073 1229 1125 conversos,
1279 1060 1629 1130 singulariter
1673 1059 1889 1119 laudare
1934 1068 2101 1113 totam

534 1159 588 1201 et
612 1163 771 1202 unam
798 1149 1157 1217 divinitatem,
1182 1168 1345 1206 nnmu
1373 1153 1513 1223 quod
1542 1161 1625 1207 est
1644 1153 1882 1208 omnium
1913 1164 2101 1212 causa,

537 1251 665 1296 ante
708 1257 868 1297 omne
899 1258 1092 1305 unum.
1133 1254 1186 1299 et
1227 1245 1649 1308 multitudinem,
1681 1254 1735 1300 et
1775 1253 2010 1315 partem,
2052 1250 2105 1295 et

538 1340 733 1396 totum,
758 1332 1059 1387 ﬁnitionem
1092 1344 1144 1389 et
1176 1334 1555 1404 inﬁnitionem,
1597 1335 1756 1390 linem
1785 1344 1837 1387 et
1871 1334 2105 1388 inlinita-

540 1422 686 1475 tem?
713 1423 856 1492 quod
894 1424 1075 1478 omnia
1096 1439 1216 1494 quae
1238 1436 1381 1489 sunt,
1409 1434 1462 1481 et
1487 1425 1658 1494 ipsum
1684 1440 1803 1479 esse
1829 1424 2105 1489 terminat,

538 1524 587 1565 et
625 1513 893 1579 omnium,
920 1521 974 1570 et
1002 1523 1236 1569 totorum
1278 1517 1542 1581 omnium,
1571 1525 1625 1569 et
1651 1526 1777 1570 ante
1810 1515 2012 1580 omnia,
2055 1522 2109 1567 et

539 1616 701 1669 supra
754 1604 934 1655 omnia
988 1619 1092 1658 una
1161 1619 1359 1671 causa,
1416 1612 1468 1659 et
1519 1603 1663 1676 quod
1715 1618 1876 1673 supra
1932 1602 2106 1672 ipsum

542 1708 728 1760 allllm,
758 1694 809 1748 id
842 1695 984 1764 quod
1018 1702 1122 1760 est,
1150 1696 1474 1751 determinat
1506 1714 1520 1750 :
1554 1697 1819 1766 siquidem
1855 1696 1998 1766 quod
2024 1704 2106 1751 est

1696 298 2019 364 JOANNiS
2059 298 2634 364 CYPARISSIOTA!

2126 416 2174 473 Δ
2205 418 2465 488 Spiritum
2510 416 2918 488 cognoscimus;
2962 427 3061 467 nec
3102 422 3187 469 est
3227 411 3421 470 Filius.
3458 425 3635 477 neque
3672 413 3759 467 Pa.

3610 349 3615 352 .
3665 298 3756 363 988

2199 521 2301 577 ter,
2334 526 2435 567 nec
2466 510 2612 564 aliud
2640 509 2934 580 quidquam
2964 521 3152 562 eorum
3184 521 3301 575 qum
3341 504 3526 566 nobis,
3560 515 3646 558 aut
3677 507 3754 560 ulli

2199 617 2384 656 eorum
2430 601 2517 671 qui
2560 611 2709 667 sunt,
2756 599 2969 669 cognita
3011 596 3159 663 sunt,
3197 612 3295 652 nec
3327 596 3544 666 aliquid
3590 611 3757 653 eorum

2199 709 2317 761 qua:
2351 710 2456 748 non
2487 702 2633 753 sunt,
2672 706 2845 760 neque
2894 706 3012 758 quat
3056 697 3210 756 sunt;
3264 703 3445 757 neque
3492 702 3611 765 qua;
3652 698 3761 742 sunt
3826 735 3836 750 ,

2200 800 2317 837 eam
2362 793 2721 856 cognoscunt,
2753 791 3020 852 quatenus
3060 791 3163 844 est,
3196 796 3294 835 nec
3338 780 3459 847 ipsa
3500 783 3762 845 cognoscit

2202 890 2322 944 qua:
2348 887 2494 941 sunt,
2521 885 2788 942 quatenus
2814 883 2938 928 sunt
2965 872 3072 945 (I);
3109 888 3209 927 nec
3240 880 3321 927 est
3366 871 3444 927 illi
3494 870 3649 935 ratio,
3687 887 3765 925 ne-

2201 982 2305 1036 que
2338 982 2555 1031 nomen,
2584 981 2759 1034 neque
2789 964 3049 1035 cognitio,
3072 979 3246 1032 neque
3282 961 3512 1016 tenebra
3546 972 3647 1022 est,
3682 975 3765 1013 ne-

2202 1072 2309 1128 que
2343 1054 2545 1120 lumen,
2582 1070 2682 1108 nec
2708 1070 2887 1115 error.
2926 1069 3100 1123 neque
3131 1053 3371 1116 veritas;
3415 1067 3517 1106 nec
3551 1060 3635 1106 est
3667 1051 3767 1120 ejus

2206 1144 2257 1197 in
2289 1144 2600 1198 universqu
2642 1144 2862 1213 positio,
2888 1158 2984 1197 nec
3025 1142 3251 1197 ablatio.
3286 1141 3404 1195 lmo
3445 1157 3571 1195 cum
3598 1156 3767 1194 eorum

2206 1253 2325 1307 qua:
2357 1249 2476 1307 post
2513 1238 2682 1307 ipsam
2712 1244 2859 1303 sunt,
2890 1236 3190 1303 positiones
3222 1243 3277 1288 et
3313 1234 3624 1291 ablationes
3653 1232 3771 1288 faci-

2207 1346 2347 1397 mus,
2387 1331 2559 1401 ipsam
2615 1326 2791 1400 neque
2841 1329 3112 1401 ponimus,
3164 1344 3261 1381 nec
3319 1327 3573 1382 tollimus
3614 1327 3769 1394 :quia

2207 1438 2369 1493 supra
2404 1437 2620 1487 omnem
2666 1421 2988 1490 positionem
3016 1429 3098 1475 est
3145 1419 3386 1488 perfecta
3419 1427 3473 1471 et
3500 1416 3769 1487 singularis

2208 1516 2449 1573 omnium
2482 1529 2668 1580 causa,
2705 1523 2755 1569 cl
2809 1528 2970 1581 supra
3014 1527 3227 1567 omnem
3272 1509 3609 1565 ablutionem
3640 1523 3773 1562 exsu-

2208 1606 2421 1680 peratio
2450 1607 2690 1661 omnium
2734 1605 3049 1673 simpliciter
3072 1605 3372 1666 abstracta,
3404 1613 3457 1654 et
3495 1601 3636 1654 ultra
3673 1615 3773 1651 om-

2210 1700 2320 1755 nia.
2380 1698 2503 1754 liaac
2552 1696 2834 1753 adnotavit
2886 1704 3109 1751 sanctus
3147 1694 3443 1757 Maximus,
3498 1691 3771 1760 inquiens:

541 1800 729 1851 unum,
768 1786 821 1839 in
854 1786 922 1842 iis
953 1800 1073 1854 quae
1107 1794 1255 1851 sunt,
1300 1797 1651 1854 numeratur;
1678 1802 1933 1843 numerus
1964 1786 2105 1841 enim
2140 1755 2180 1810 Β
2213 1790 2369 1854 Nota,
2394 1792 2533 1860 quod
2560 1806 2735 1860 neque
2763 1789 3020 1843 divinitas
3048 1787 3354 1843 substantia
3389 1796 3470 1839 est
3507 1783 3621 1849 Dei,
3646 1783 3774 1838 sicut

542 1877 813 1947 particeps
841 1879 1093 1931 essentia:
1114 1886 1217 1945 est,
1244 1878 1383 1945 quod
1428 1886 1611 1934 autem
1639 1887 1723 1933 cst
1745 1892 1912 1932 unum
1943 1891 2106 1946 supra

542 1969 920 2030 substantiam,
953 1978 1008 2021 cl.
1037 1971 1181 2039 quod
1228 1977 1311 2024 est
1342 1985 1530 2034 unum,
1574 1976 1627 2024 et
1668 1984 1884 2024 omnem
1919 1984 2110 2024 nume-

544 2074 661 2113 rum
690 2058 896 2122 deiinit,
929 2059 1105 2129 ipsum
1150 2068 1231 2115 est
1256 2070 1308 2114 et
1342 2062 1610 2124 unius,‘et
1640 2061 1875 2127 numeri,
1908 2070 1961 2115 et
1987 2075 2107 2114 om-

543 2151 629 2206 nis
671 2150 744 2205 rei
791 2152 1138 2221 principium,
1189 2162 1242 2207 et
1278 2166 1461 2216 causa,
1512 2160 1568 2207 ct
1615 2166 1894 2220 numerus,
1946 2160 2110 2223 atque

542 2243 695 2300 ordo.
720 2244 1086 2309 Quamobrem
1120 2252 1171 2295 et
1204 2242 1401 2307 unitas,
1430 2256 1551 2311 quae
1592 2241 1864 2310 laudatur,
1896 2251 1951 2297 et
1989 2242 2113 2298 Tri-

544 2334 706 2400 nitus,
734 2349 853 2403 qua:
890 2345 973 2388 est
1008 2334 1271 2389 Diviuitas
1315 2347 1477 2401 supra
1523 2333 1726 2397 omnia,
1754 2347 1861 2387 nou
1895 2342 1978 2389 εει
2012 2348 2111 2389 nec

545 2426 750 2492 unitas,
795 2421 969 2494 neQue
1001 2424 1263 2491 Trinitas,
1318 2435 1407 2480 aut
1458 2440 1488 2479 a
1535 2424 1714 2488 nobis,
1764 2435 1857 2479 aut
1895 2427 1960 2480 ab
2005 2427 2112 2483 alio

544 2519 800 2586 quopiam
842 2533 1027 2571 eorum
1056 2519 1145 2587 qui
1183 2526 1328 2584 sunt,
1367 2517 1606 2588 cognita,
1640 2516 1734 2571 sed
1764 2526 1822 2572 ut
1868 2518 2011 2588 quod
2058 2519 2109 2573 in

548 2609 663 2676 ipsa
691 2616 773 2662 est
805 2621 963 2674 supra
996 2622 1156 2676 quam
1203 2608 1254 2661 in
1282 2622 1445 2660 unum
1475 2606 1807 2674 copulatum,
1840 2614 1894 2661 et
1923 2608 2112 2661 fecun-

544 2699 764 2753 ditatem
796 2714 921 2755 vere
946 2699 1255 2763 laudemus,
1282 2699 1485 2753 trinum
1512 2710 1569 2755 et
1601 2714 1766 2754 unum
1803 2699 1969 2755 Deum
2015 2714 2111 2756 uo-

544 2792 814 2849 miuamus
848 2791 1017 2861 illum,
1059 2791 1155 2862 qui
1188 2807 1350 2862 supra
1385 2807 1543 2846 omne
1587 2807 1786 2847 nomen
1815 2800 1927 2856 est;
1961 2792 2108 2846 nulla

544 2893 725 2939 autem
771 2886 968 2951 unitas,
1025 2884 1107 2939 vel
1152 2884 1413 2948 Trinitas,
1455 2900 1629 2954 neque
1681 2900 1958 2951 numerus,
2010 2899 2110 2939 nec

544 2978 742 3042 unitas,
784 2976 867 3030 vel
903 2976 1226 3036 fecunditas,
1258 2991 1359 3030 nec
1400 2976 1546 3030 aliud
1595 2976 1722 3044 quid
1770 2990 1956 3030 eorum
1991 2990 2111 3044 quae

2215 1900 2315 1941 nec
2352 1899 2515 1939 unum
2562 1881 2767 1949 aliquid
2816 1896 3004 1937 eorum
3057 1894 3175 1948 quae
3215 1878 3360 1933 dicta
3416 1886 3563 1939 sunt,
3616 1888 3773 1943 neque

2213 1976 2607 2030 contrariorum
2654 1973 2780 2029 eis:
2828 1988 2999 2041 quare
3052 1972 3185 2026 nihil
3234 1971 3489 2042 ipsorum
3533 1977 3634 2031 est,
3679 1980 3771 2023 non

2212 2066 2354 2121 enim
2384 2076 2512 2123 sunt
2535 2070 2645 2121 haec
2675 2065 2998 2132 substantia,
3029 2065 3123 2119 sed
3159 2064 3327 2135 gloria
3368 2064 3513 2117 circa
3544 2077 3659 2115 cum
3686 2058 3774 2129 (2).

2215 2155 2308 2213 Sic
2361 2158 2580 2218 Sextus,
2634 2155 3038 2212 ecclesiasticus
3090 2154 3477 2225 philosomtus,
3532 2151 3681 2215 dixit,
3724 2157 3769 2204 et

2213 2249 2507 2320 Gregorius
2540 2247 2853 2317 Theologus
2882 2247 2979 2303 lib.
3013 2262 3076 2300 ιιι
3114 2244 3432 2315 Theologize
3483 2257 3616 2305 suae,
3644 2242 3768 2311 quod

2214 2357 2390 2410 neque
2420 2339 2673 2394 divinitas
2697 2338 2800 2411 ('5),
2840 2353 2940 2392 nec
2971 2337 3295 2408 ingenitum,
3345 2350 3530 2402 neque
3562 2332 3772 2404 paterni-

2215 2449 2298 2492 tas
2328 2433 2688 2489 substantiam
2723 2431 2820 2487 Dei
2857 2430 3187 2501 signiﬁcant.
3219 2427 3467 2483 Observa
3508 2436 3767 2495 praeterea,

2213 2528 2356 2600 quod
2385 2540 2560 2595 neque
2594 2524 2836 2595 Spiritus
2866 2531 2974 2587 est,
3002 2531 3060 2576 ut
3090 2536 3186 2576 nos
3213 2519 3487 2592 Spiritum
3518 2513 3774 2586 cognosci-

2211 2637 2355 2687 mus,
2387 2634 2560 2689 ucque
2586 2617 2756 2672 Filius
2784 2627 2889 2681 cst,
2922 2629 3097 2685 neque
3126 2615 3305 2678 Pater,
3351 2622 3410 2667 ιιι
3441 2627 3545 2667 nos
3576 2611 3771 2666 Patrem

2212 2722 2267 2771 et
2293 2713 2486 2767 Filium
2520 2710 2939 2782 cognoscimus;
2966 2706 3096 2761 illud
3130 2706 3273 2762 enim
3309 2722 3323 2759 :
3365 2703 3439 2763 Ut
3468 2717 3567 2758 nos
3594 2713 3773 2769 cogno-

2214 2806 2443 2871 scimus,
2475 2805 2527 2858 in
2561 2802 2709 2857 omni
2756 2802 3041 2869 negatione
3067 2796 3413 2869 superiorum
3446 2797 3657 2862 accipe;
3693 2792 3773 2846 de-

2212 2898 2386 2953 clarat
2418 2905 2620 2961 autem,
2653 2895 2795 2961 quod
2844 2891 2949 2947 dici
2994 2892 3155 2953 solet,
3192 2890 3501 2946 secundum
3547 2892 3767 2940 nostram

2214 2988 2598 3057 cognitionem.
2629 2985 2815 3055 Neque
2849 2995 2899 3040 te
2938 2991 3157 3038 moveat
3190 2988 3295 3037 hoc
3325 2989 3517 3050 caput,
3551 2987 3606 3031 ut
3632 2983 3769 3047 putes

545 3077 694 3132 sunt,
726 3078 819 3120 aut
853 3083 971 3135 qua:
1014 3067 1082 3121 ab
1124 3068 1307 3136 aliquo
1336 3082 1522 3121 eorum
1564 3070 1655 3137 qui
1705 3079 1850 3130 sunt,
1894 3069 2112 3137 cognita

2216 3081 2359 3135 hunc
2390 3079 2625 3133 divinum
2658 3086 2934 3132 auctorem
2975 3074 3174 3144 aliquid
3217 3074 3539 3144 blaspheme
3571 3071 3760 3132 dicere;

543 3170 696 3223 sunt,
732 3160 968 3225 explicat
998 3159 1417 3223 obscuritatem,
1443 3173 1562 3226 qua:
1596 3172 1813 3214 omnem
1847 3160 2110 3214 rationem

544 3259 597 3301 ut
636 3258 866 3303 mentem
924 3249 1095 3303 vincit
1141 3267 1155 3303 :
1200 3250 1583 3305 obscuritatem
1617 3251 1740 3306 dico
1781 3252 2109 3313 Divinitatis,

545 3356 667 3409 qute
700 3355 861 3409 supra
892 3340 1269 3408 substantiam,
1303 3356 1463 3406 supra
1500 3342 1763 3395 rationem
1792 3350 1845 3395 et
1877 3351 2111 3396 mentem

544 3438 644 3484 est.
686 3431 893 3485 Rursus
936 3432 1076 3485 idem
1116 3443 1360 3487 extremo
1414 3434 1591 3501 capite
1633 3432 1871 3503 Hysticte
1917 3432 2111 3488 theolo-

544 3525 645 3592 gia,-
673 3537 693 3577 :
731 3522 935 3577 llursus
960 3535 1141 3578 autem
1167 3526 1520 3579 ascendentes
1545 3524 1809 3588 dicamus,
1833 3526 1978 3594 quod
2015 3539 2114 3581 nec

547 3613 724 3666 anima
770 3623 874 3677 est,
914 3630 1088 3685 neque
1138 3630 1326 3682 mens;
1384 3630 1480 3669 nec
1528 3615 1984 3684 imaginationem,
2028 3616 2113 3672 vel

546 3705 885 3771 opinionem,
919 3708 1001 3760 vcl
1041 3708 1325 3770 rationem,
1366 3706 1449 3761 vel
1478 3707 1886 3777 intelligentiam
1924 3709 2109 3773 habet,

544 3813 722 3867 neque
772 3800 909 3853 ratio
951 3810 1056 3862 est,
1110 3814 1211 3854 nec
1259 3800 1633 3869 intelligentia,
1682 3815 1859 3869 neque
1891 3801 2110 3867 dicitur,

545 3890 627 3944 vel
675 3890 1010 3960 intelligitur,
1051 3908 1223 3962 neque
1272 3908 1525 3947 numerus
1558 3903 1661 3957 est,
1707 3908 1882 3963 neque
1929 3895 2110 3950 ordo:

546 3994 718 4047 neque
750 3982 1060 4049 magnitudo
1099 3992 1203 4044 est,
1233 3980 1406 4050 neque
1441 3984 1701 4051 parvitas,
1728 3996 1905 4050 neque
1933 3996 2115 4051 aequ»

546 4071 687 4135 litas,
713 4086 887 4140 neque
909 4072 1229 4137 similitudo,
1267 4089 1440 4140 neque
1475 4074 1896 4143 dissimilitudo;
1941 4091 2116 4147 neque

544 4171 673 4224 stat,
721 4177 899 4230 neque
933 4173 1203 4225 movetur,
1246 4179 1422 4231 neque
1451 4165 1708 4235 quiescit,
1742 4183 1918 4237 neque
1952 4170 2116 4225 habet

547 4253 689 4320 vim;
727 4252 945 4309 nee'cst
976 4256 1080 4318 vis,
1110 4270 1284 4322 neque
1310 4255 1510 4321 lumen,
1531 4271 1709 4326 neque
1733 4259 1838 4314 vita
1881 4271 1986 4327 εει,
2024 4277 2116 4317 ne-

546 4362 653 4413 que
684 4349 983 4401 substantia
1014 4359 1118 4411 εει,
1153 4362 1324 4415 neque
1347 4350 1629 4415 smeulum,
1669 4367 1845 4421 neque
1878 4365 2112 4423 tempus,

546 4454 649 4491 nec
687 4448 769 4491 cst
802 4439 919 4505 eius
955 4440 1119 4493 tactio
1149 4440 1248 4494 sub
1294 4441 1707 4508 intelligentiam
1751 4446 1974 4508 cadens.
2007 4464 2106 4501 ηε·
2147 4424 2189 4478 ί)

546 4542 653 4596 que
691 4528 938 4590 scientia,
995 4544 1170 4598 neque
1219 4531 1418 4588 veritas
1470 4542 1573 4599 e~t,
1627 4550 1801 4605 neque
1865 4553 2115 4606 regnum,

550 4636 725 4690 neque
764 4622 1051 4690 sapientia,
1084 4614 1182 4676 nec
1213 4639 1399 4685 unum.
1442 4640 1538 4680 nec
1578 4629 1795 4694 unitas;
1825 4643 1999 4697 neque
2038 4630 2120 4684 di-

548 4714 765 4776 vinitas,
816 4729 991 4783 neque
1024 4715 1258 4778 bonitas.
1301 4733 1476 4789 neque
1515 4718 1751 4788 Spiritus
1782 4728 1886 4786 est,
1918 4732 1975 4775 ut
2018 4738 2118 4779 nos

617 4847 664 4881 ”
692 4848 883 4903 Matth.
917 4864 994 4913 ιι,
1026 4847 1118 4903 Ξῖ.

2215 3171 2557 3242 propositum
2597 3169 2741 3224 enim
2793 3176 2874 3223 est
2923 3166 2971 3222 ei
3022 3166 3408 3222 demonstrare
3458 3166 3620 3219 Deum
3649 3157 3767 3215 nihil

2214 3277 2403 3318 eorum
2437 3276 2558 3315 esse
2590 3272 2711 3329 qute
2741 3267 2888 3323 sunt,
2938 3259 3028 3312 sed
3060 3272 3182 3312 esse
3220 3272 3387 3327 supra
3421 3256 3596 3309 einnia
3624 3268 3640 3317 ;
3670 3264 3767 3306 ete-

2215 3355 2325 3408 nim
2374 3353 2419 3409 si
2468 3353 2585 3421 ipse
2623 3350 2802 3405 omnia
2835 3351 3113 3419 produxit,
3151 3349 3432 3418 quomodo
3464 3355 3633 3418 potest
3663 3357 3769 3399 esse

2215 3443 2419 3513 aliquid
2474 3456 2661 3497 eorum
2696 3455 2815 3509 quae
2849 3441 3018 3494 sunt?
3074 3440 3217 3493 Dixit
3252 3448 3465 3501 autem,
3502 3437 3640 3506 quod
3684 3446 3766 3486 nec

2214 3552 2274 3592 εει
2311 3552 2428 3606 quae
2462 3545 2610 3601 sunt,
2646 3543 2982 3604 cognoscunt
3031 3534 3197 3587 Deum
3249 3548 3476 3586 causam
3509 3529 3765 3587 onmium;

2216 3640 2270 3683 at
2308 3643 2413 3681 non
2451 3639 2781 3695 cognoscere
2832 3625 3022 3684 Deum.
3055 3623 3314 3678 interitus
3348 3623 3512 3692 plane
3554 3629 3649 3674 est.
3684 3614 3768 3670 Ve-

2217 3734 2335 3773 rum
2380 3717 2567 3771 statim
2612 3716 2754 3770 idem
2785 3716 3037 3785 exposuit
3062 3714 3206 3785 quod
3239 3714 3483 3778 dixerat,
3512 3724 3628 3766 cum
3656 3706 3766 3762 sull-

2210 3809 2391 3878 iunxit
2425 3827 2437 3864 :
2469 3810 2753 3875 Quatenus
2784 3807 2900 3876 ipse
2934 3816 3040 3872 est,
3073 3807 3213 3875 quod
3254 3806 3486 3877 perinde
3516 3812 3617 3865 est,
3646 3808 3698 3851 ut
3728 3795 3765 3851 si

2215 3901 2473 3955 dicatur:
2522 3897 2668 3951 Nihil
2705 3913 2769 3952 ex
2822 3896 2889 3951 iis
2921 3912 3041 3966 qum
3089 3906 3239 3962 sunt,
3273 3894 3553 3966 cognoscit
3599 3891 3763 3949 Deum,

2216 4001 2485 4061 quatenus
2520 3999 2622 4055 est,
2664 3991 2715 4043 id
2758 3999 2843 4044 est
2891 3990 3252 4045 substantiam
3286 3989 3429 4058 ejus,
3474 4002 3591 4057 quae
3625 3995 3762 4049 supra

2217 4082 2574 4138 Substantiam
2607 4093 2713 4145 εει,
2751 4091 2806 4136 ει
2854 4096 2973 4149 quae
3027 4080 3251 4150 intelligi
3310 4074 3421 4134 non
3475 4085 3660 4148 potest,
3695 4068 3763 4124 vel

2217 4174 2592 4229 cxsistcntiam
2614 4172 2912 4226 secundum
2945 4188 3102 4240 quam
3127 4171 3365 4225 exsistit.
3400 4170 3605 4224 Dictum
3640 4163 3759 4217 enim

2217 4276 2320 4330 est,
2358 4264 2498 4333 quod
2538 4266 2703 4318 Nemo
2747 4264 3011 4333 cognoscit
3050 4260 3271 4327 Filium,
3305 4264 3410 4315 nisi
3459 4260 3652 4321 Pater;
3692 4267 3764 4305 ne-

2219 4373 2314 4427 que
2358 4355 2572 4411 Patrem
2617 4357 2732 4425 quis
2782 4355 2942 4419 novit,
3000 4354 3101 4408 nisi
3148 4352 3314 4406 Filius
3347 4354 3420 4407 ".
3476 4352 3550 4406 Ac
3600 4354 3761 4401 rursus

2218 4448 2497 4517 suhjungit
2543 4462 2769 4518 magnus
2801 4444 3117 4516 Dionysius,
3146 4454 3201 4500 et
3235 4445 3311 4499 ait
3344 4462 3357 4497 :
3394 4438 3562 4496 Nemo
3588 4446 3762 4504 cogno-

2219 4542 2321 4597 scit
2351 4540 2573 4606 Filium,
2615 4551 2883 4609 quatenus
2918 4545 3024 4601 est,
3062 4551 3163 4592 nec
3199 4537 3314 4606 ipse
3350 4536 3490 4591 Deus
3517 4523 3763 4600 cognoscit

2218 4648 2280 4686 ea
2310 4648 2429 4700 quae
2469 4641 2617 4697 sunt,
2650 4638 2920 4699 quatenus
2953 4637 3102 4693 sunt,
3144 4628 3196 4682 id
3243 4638 3345 4694 εει,
3379 4643 3484 4682 non
3518 4621 3657 4677 novit
3699 4616 3760 4668 in.

2222 4725 2443 4778 tendere
2474 4731 2709 4777 mentem
2749 4720 3047 4776 secundum
3088 4734 3308 4775 sensum
3340 4720 3406 4774 ad
3436 4734 3496 4771 ea
3525 4728 3636 4786 qua:
3659 4721 3759 4763 seu-

2030 4966 2312 5028 Scholia.

621 5096 698 5165 (l)
725 5095 995 5163 Quatenus
1015 5100 1132 5165 sunt
1170 5089 1246 5165 Ald
1284 5099 1512 5165 est,_nou
1543 5094 1828 5165 cognoscit
1853 5092 1955 5165 alia
1977 5109 2110 5161 qua-

551 5182 572 5223 t
610 5160 710 5220 nus
745 5160 867 5219 sunt
903 5167 957 5218 in
994 5179 1054 5218 se
1086 5163 1234 5229 ipsis,
1269 5160 1360 5215 sed
1393 5162 1527 5215 inse
1556 5162 1688 5228 ipso,
1719 5162 1773 5215 id
1806 5172 1910 5223 est,
1938 5160 2111 5217 insua

549 5238 808 5302 θςιιιιιιῐιι,
845 5235 894 5288 in
928 5251 1034 5304 qu;
1060 5246 1247 5304 omnes
1273 5231 1483 5304 species
1507 5248 1684 5286 rerum
1705 5241 1827 5285 sunt
1864 5246 2115 5304 compre-

554 5290 752 5372 lte‘ns—zr,
788 5290 843 5363 et
871 5290 1036 5360 ιιιιῖιιδ
1071 5290 1422 5356 excellentius
1464 5302 1516 5353 in
1554 5317 1639 5367 eo,
1676 5317 1833 5367 quam
1864 5301 1916 5355 in
1947 5290 2007 5356 se
2031 5303 2115 5373 ip-

552 5380 629 5433 sis
649 5388 791 5431 sunt.

625 5450 701 5515 (ἢ)
730 5447 831 5503 Sed
852 5446 1018 5516 gloria
1042 5446 1181 5519 circa
1204 5455 1343 5519 eum.
1369 5439 1482 5491 Non
1506 5440 1641 5519 dixit.
1687 5442 1879 5519 gloria
1907 5444 1958 5497 in
2031 5458 2117 5507 eo,

555 5513 675 5583 σιειέιε
704 5531 783 5572 esl
815 5513 1077 5578 Increalu,
1098 5516 1149 5565 id
1175 5519 1280 5570 est,
1301 5513 1412 5575 ipsa
1436 5513 1693 5575 essentia,
1723 5513 1816 5568 sed
1836 5514 1976 5568 circa
1997 5527 2121 5583 eum

557 5582 698 5650 sunt,
725 5604 843 5655 qum
870 5586 938 5639 ab
966 5601 1031 5640 eo
1063 5589 1243 5637 creata
1274 5586 1422 5644 sunt,
1451 5593 1515 5633 ex
1549 5585 1744 5649 quibus
1763 5598 1788 5634 a
1824 5584 1978 5637 nobis
2003 5582 2119 5652 glo-

562 5658 801 5711 t'i‘icatnr
847 5665 905 5710 ct
947 5655 1213 5707 laudatur.

630 5726 707 5794 (3)
732 5726 908 5795 Neque
932 5725 1184 5780 divinitas
1206 5724 1558 5779 substantiam
1589 5720 1684 5778 Dei
1711 5720 2001 5794 signiﬁcat,
2027 5736 2125 5778 uc-

2212 5114 2315 5166 quc
2368 5099 2671 5154 substantia
2705 5099 2796 5154 Dei
2828 5110 2935 5156 εει.
2966 5098 3179 5154 scilicet
3231 5109 3403 5153 utnos
3450 5089 3750 5151 divinitatem

2214 5171 2591 5238 cognosci-nus
2626 5186 2640 5235 ;
2680 5171 3060 5240 cognoscimus
3083 5169 3228 5222 enim
3261 5168 3585 5240 divinitatem
3611 5166 3746 5240 crt’ﬁ‘

2219 5234 2325 5291 tam
2357 5242 2408 5293 iu
2443 5241 2509 5294 iis
2527 5240 2620 5307 qui
2647 5234 3227 5308 perparticipationem
3254 5238 3521 5309 dicuntur,
3547 5234 3649 5309 sit?

2217 5309 2341 5375 geli,
2372 5311 2485 5364 sive
2515 5296 2770 5363 homines
2795 5311 2900 5364 sint
2925 5296 3289 5392 fluuiusmpdi
3314 5318 3487 5388 autem

2217 5367 2422 5452 creata,
2450 5389 2669 5452 nec_est,
2696 5393 2866 5452 neque
2894 5367 3166 5452 signiﬁcat
3186 5377 3515 5452 divinitatem
3538 5367 3756 5452 Dtsigtl-l'lff3

2221 5432 2484 5512 essentia,
2517 5447 2630 5503 sive
2655 5432 3100 5513 subs'tautiauejus
3131 5455 3213 5502 est
3242 5464 3256 5511 ;
3281 5445 3374 5500 sed
3404 5442 3572 5512 potius
3629 5432 3749 5513 diii-

2226 5519 2386 5581 nitus,
2414 5508 2643 5579 bonitas,
2675 5519 2965 5587 sapientia,
2992 5508 3053 5570 et
3082 5508 3300 5587 cauere,
3330 5508 3533 5587 minos
3566 5508 3752 5587 ,ςοεξξξζ

2226 5574 2430 5642 Scimus
2458 5588 2579 5651 ista,
2610 5574 2778 5658 gloria
2803 5595 2928 5641 sunt
2950 5574 3108 5658 :circa
3130 5574 3540 5658 Deum—,quia-ab
3565 5574 3753 5636 hisq‘“z

2227 5658 2291 5712 ah
2315 5671 2380 5713 eo
2411 5665 2589 5714 creata
2616 5655 2772 5723 sunt,
2800 5657 3131 5729 gloriﬁcatur
3166 5664 3218 5711 ct
3256 5655 3566 5711 celebratur.
