4028 6270
317 312 426 376 939

1211 318 1449 377 nscas
1488 304 1565 378 x.‘
1598 341 1663 354 —
1696 317 1813 409 gon
1855 316 2123 377 DIVJNA
2160 317 2712 377 SlMPLiClTA'l‘E.

3457 313 3565 378 990

320 426 438 481 silia
476 433 624 488 sunt,
656 439 756 480 nec
778 425 845 480 ad
872 425 1228 494 substantias,
1259 439 1529 497 quatenus
1564 429 1885 485 substantia!
1918 434 1959 488 Α
1992 429 2109 482 ﬁeri
2160 439 2361 498 potest,
2393 440 2449 481 ut
2478 444 2597 499 qua!
2631 429 2780 485 ﬁnita
2809 437 2957 492 sunt,
2992 436 3369 497 pertranscaut
3412 430 3555 497 quod

320 524 445 569 sunt
481 532 495 567 :
528 514 630 568 hoc
672 515 812 569 enim
861 530 966 570 non
994 516 1247 571 convenit
1285 514 1415 572 Deo.
1452 514 1563 573 Nos
1595 517 1762 581 enim,
1794 516 1885 585 qni

320 606 573 661 homines
622 621 831 672 sumus,
871 621 931 661 ea
968 622 1087 676 qua:
1139 622 1299 662 sensu
1347 607 1746 679 percipiuntur,
1797 618 1890 659 aut

319 710 568 770 aspectu,
621 710 714 754 aut
749 708 993 771 gustatu,
1042 709 1133 754 aut
1161 710 1328 765 tactu,
1374 699 1729 768 intelligimus
1761 698 1888 769 quid

320 794 467 849 sint:
501 807 563 849 ea
602 808 731 848 vero
771 809 891 864 quae
932 792 1037 850 sub
1081 792 1492 861 intelligentiam
1534 793 1758 857 cadunt,
1799 798 1891 844 aut

320 900 416 955 per
446 884 785 955 disciplinam
816 886 915 957 (ι),
944 895 1039 941 aut
1071 886 1395 948 doctrinam,
1435 893 1530 939 aut
1560 899 1657 955 per
1687 882 1889 937 illumi--

322 979 598 1033 nationem
647 980 1049 1050 cognoscimus.
1102 979 1245 1034 Deus
1296 989 1481 1034 autem
1531 977 1677 1031 nullo
1730 974 1890 1029 modo

320 1086 385 1125 ex
428 1072 549 1127 istis
582 1072 733 1126 novit
760 1086 822 1126 ea
855 1085 976 1141 qua:
1023 1080 1171 1136 sunt,
1205 1070 1299 1125 sed
1332 1069 1516 1140 potius
1567 1082 1631 1123 ex
1685 1084 1744 1121 se
1773 1067 1891 1139 ipso

319 1159 682 1229 cognitionem
743 1161 983 1215 omnium
1030 1160 1215 1226 habet,
1262 1160 1365 1215 hoc
1411 1160 1557 1214 enim
1616 1158 1891 1226 signiﬁcat

320 1249 659 1306 subobscure
689 1249 996 1320 Scriptura,
1038 1267 1157 1321 quae
1208 1252 1328 1306 ait:
1369 1249 1474 1316 Qui
1525 1251 1662 1305 novit
1707 1249 1887 1304 omnia

320 1352 597 1412 antequam
624 1343 808 1412 fierent
840 1345 908 1407 ",
939 1345 1082 1411 quod
1108 1342 1327 1412 quidem
1363 1326 1622 1407 deciarat,
1657 1357 1763 1397 non
1798 1356 1887 1396 se-

320 1433 555 1486 cundum
605 1434 872 1489 rationem
926 1434 1301 1507 productionis
1339 1449 1529 1489 eorum
1578 1434 1792 1487 novisse
1824 1446 1887 1487 ea

320 1521 507 1579 Deurm
539 1524 834 1581 secundum
900 1539 1124 1581 sensum
1166 1534 1269 1581 aut
1319 1524 1749 1595 intelligentiam,
1794 1523 1889 1579 sed

320 1612 500 1679 potius
532 1628 697 1686 supra
718 1628 931 1669 omnem
960 1630 1176 1672 sensum
1210 1625 1263 1671 et
1292 1596 1704 1685 intelligentiam
1746 1615 1798 1668 in
1832 1630 1891 1667 se

319 1713 526 1759 tantum
564 1705 803 1761 intuens.
854 1705 999 1762 ldem
1032 1707 1233 1762 ibidem
1264 1724 1281 1763 :
1315 1707 1459 1791 Quae
1486 1717 1637 1774 sunt,
1685 1710 1887 1780 inquit,

1995 522 2263 575 inﬁnitum
2296 530 2398 584 est,
2431 522 2679 588 quamvis
2710 536 2863 575 mens
2907 520 3102 574 inultas
3147 519 3445 575 inﬁnitates
3477 534 3561 574 re.-

1994 614 2187 682 pcriat,
2214 622 2269 668 et
2307 627 2491 667 secum
2539 622 2773 680 reputet,
2806 611 3157 666 nihilominus
3191 612 3258 664 ab
3294 610 3562 663 inﬁnitate

1994 720 2118 758 vera
2159 704 2382 770 excidit,
2411 714 2465 758 et
2498 712 2753 773 tanquam
2785 718 2905 758 cum
2944 702 3136 756 umbra
3168 716 3406 772 pugnare
3427 716 3552 757 con-

1993 796 2228 852 vincitur
2256 806 2595 861 attrectans;
2644 796 2783 850 sicut
2817 796 2907 863 qui
2940 793 3178 849 tenebris
3206 794 3565 859 crassissimis

1994 890 2217 945 involuti
2267 898 2420 954 sunt,
2478 898 2533 944 et
2581 888 2635 943 in
2671 888 2750 943 eis
2804 898 2990 943 ruunt.
3042 886 3124 941 Ob
3161 888 3298 943 banc
3341 901 3560 942 causam

1993 981 2316 1051 theologiam
2354 980 2650 1034 secundum
2691 981 3029 1043 negationem
3063 977 3116 1040 in
3146 976 3333 1031 multis
3362 976 3564 1033 valen-

2000 1074 2192 1128 tiorem
2226 1087 2348 1127 esse
2374 1070 2639 1141 theologia
2667 1069 2968 1125 afﬁrmante
2991 1068 3419 1124 demonstratum
3443 1078 3561 1133 est;

1994 1183 2099 1220 non
2152 1166 2366 1234 quidem
2401 1163 2545 1234 quod
2594 1163 2862 1230 theologia
2909 1178 2973 1217 ex
3025 1161 3349 1228 negantibus
3392 1158 3565 1230 magis

1990 1258 2159 1311 Deum
2193 1266 2535 1325 assequatur,
2568 1266 2619 1310 et
2657 1256 2885 1324 attingat
2924 1253 3009 1322 (ex
3046 1269 3200 1323 sequo
3234 1252 3374 1306 enim
3410 1260 3565 1305 utra-

1990 1364 2097 1416 que
2133 1347 2352 1402 aberrat
2382 1363 2411 1400 a
2455 1347 2765 1414 conjectura
2800 1347 2868 1401 de
2913 1348 3062 1408 Deo),
3093 1346 3184 1399 Sed
3221 1344 3361 1413 quod
3410 1345 3565 1397 theo-

1992 1441 2130 1511 logia
2190 1454 2397 1508 negans
2446 1440 2566 1508 plus
2614 1439 2932 1506 proﬁteatur
2981 1438 3230 1499 nescire;
3274 1436 3362 1506 qui
3416 1436 3559 1489 enim

1992 1529 2147 1593 dixit,
2184 1528 2326 1597 quod
2367 1544 2464 1583 nec
2500 1529 2678 1583 unitas
2716 1539 2798 1583 est
2851 1527 3015 1592 Deus,
3060 1528 3279 1597 propius
3327 1525 3560 1581 accessit

1992 1622 2060 1678 ad
2116 1622 2622 1692 incompreiiensam
2678 1622 2967 1684 unitatem,
3023 1636 3184 1690 quam
3237 1618 3326 1689 qui
3380 1618 3560 1687 posuit

1991 1727 2112 1769 esse
2146 1714 2314 1768 Deum
2368 1714 2634 1768 unitatem
2693 1712 2988 1767 secundum
3042 1726 3243 1764 morem
3293 1710 3559 1764 unitatutn

316 1797 367 1848 id
391 1806 474 1850 est
502 1806 787 1862 creaturte,
826 1812 933 1851 non
965 1808 1191 1867 possunt
1238 1772 1403 1868 supra
1446 1772 1693 1853 naturam
1730 1772 1884 1852 suam
1918 1772 1963 1832 Β
1990 1821 2110 1876 quae
2144 1806 2300 1860 nobis
2344 1815 2486 1860 notae
2520 1814 2666 1860 sunt.
2712 1803 2779 1861 Ut
2830 1805 2994 1876 igitur
3043 1804 3355 1857 summatim
3404 1818 3559 1872 τερα-

317 1887 442 1941 ferri
488 1889 883 1959 intelligendo:
926 1901 1294 1946 consentauee
1360 1889 1525 1961 igitur
1558 1905 1681 1947 cum
1732 1891 1785 1943 in
1827 1906 1887 1945 se

315 1978 617 2044 intuentur,
683 1980 925 2035 divinam
978 1991 1229 2036 naturam
1285 1982 1535 2052 ignorant
1589 1982 1885 2037 secundum

314 2068 441 2121 illud
469 2070 611 2140 quod
641 2071 755 2141 ipsa
802 2082 880 2127 est
913 2089 931 2141 ;
971 2073 1053 2128 sic
1088 2073 1255 2144 igitur
1284 2073 1468 2129 divina
1505 2083 1699 2128 natura
1740 2074 1792 2128 in
1829 2089 1889 2130 se

315 2159 486 2227 ipsam
520 2162 759 2231 intuens,
792 2179 895 2219 non
932 2165 1080 2221 novit
1125 2165 1178 2221 in
1218 2180 1277 2221 se
1323 2180 1443 2222 esse
1485 2176 1766 2221 creaturas
1800 2182 1887 2221 se-

313 2253 553 2307 cundum
590 2255 857 2311 rationem
898 2257 1218 2313 substantia:
1249 2273 1438 2313 eorum
1468 2258 1583 2329 (2);
1615 2258 1716 2314 hoc
1743 2259 1883 2314 enim

310 2347 637 2414 signiﬁcavit
682 2366 805 2405 cum
855 2352 997 2407 dixit
1033 2368 1049 2406 :
1083 2355 1362 2421 Quatenus
1408 2365 1560 2422 sunt,
1613 2356 1885 2428 siquidem

309 2448 393 2492 est
445 2454 608 2509 supra
642 2443 827 2496 omnia
876 2458 997 2512 quas
1045 2455 1194 2508 sunt,
1249 2455 1304 2501 et
1339 2445 1517 2515 ipsum
1548 2452 1673 2502 esse
1720 2464 1885 2514 supra

312 2532 672 2588 substantiam
705 2537 888 2601 habet,
910 2537 1070 2593 aliter
1095 2539 1238 2593 enim
1273 2554 1434 2595 nemo
1466 2541 1609 2598 dicet
1633 2540 1885 2610 ignorare

314 2619 482 2674 Deum
532 2633 809 2680 creaturas
857 2641 1008 2682 suas.
1058 2628 1134 2682 Ex
1171 2628 1370 2698 quibus
1412 2630 1471 2684 ﬁt
1511 2630 1881 2698 manifestum,

313 2714 456 2784 quod
484 2717 668 2771 unitas
692 2733 855 2787 supra
885 2720 1271 2785 substantiam,
1294 2723 1362 2777 ab
1392 2724 1645 2778 omnibus
1669 2724 1886 2780 abstra-

313 2818 398 2861 cta
432 2817 534 2873 cst,
582 2818 635 2863 ct
663 2823 824 2878 supra
858 2811 1037 2866 omnia
1070 2821 1194 2877 est;
1224 2812 1507 2868 immensis
1552 2817 1699 2870 enim
1733 2832 1885 2872 men-

316 2902 479 2964 suris,
509 2908 562 2955 et
601 2915 721 2968 quae
768 2902 1003 2958 conferri
1056 2919 1163 2959 non
1209 2915 1463 2974 possunt,
1499 2922 1677 2963 causae
1719 2926 1882 2979 supra

311 2992 537 3047 cﬂ'ectns
580 2993 827 3050 locantur
854 2995 956 3067 (5),
997 3004 1051 3051 et
1085 2996 1421 3065 eximuntur,
1455 3008 1512 3054 et
1555 3000 1622 3056 ab
1663 3001 1743 3055 eis
1782 3004 1878 3055 ab-

312 3093 457 3149 sunt,
501 3092 559 3139 ut
589 3098 732 3157 saepe
780 3087 985 3143 dictmu
1017 3096 1119 3143 est.
1166 3088 1449 3153 Quomodo
1479 3089 1623 3146 enim
1666 3100 1882 3145 creatu-

312 3190 402 3239 rae,
439 3183 492 3229 et
527 3175 691 3241 facta,
730 3186 784 3233 et
815 3194 1151 3250 quaecunque
1178 3180 1444 3236 vocabulo
1473 3182 1679 3237 entium
1707 3183 1879 3251 signi-

311 3267 560 3333 ﬁcantur,
609 3268 843 3325 conferri
880 3282 1106 3338 possunt
1137 3286 1258 3327 cum
1312 3284 1523 3337 natura,
1572 3288 1692 3342 quae
1740 3274 1875 3327 ultra

306 3359 490 3413 otntiia
525 3361 648 3415 est?
680 3360 833 3415 Unde
866 3346 1251 3419 convenienter
1282 3365 1405 3429 sibi,
1439 3380 1600 3420 causa
1632 3369 1875 3420 oumiunt

312 3463 414 3499 non
448 3458 532 3503 cst
570 3466 733 3503 unum
768 3467 953 3506 eorum
983 3468 1103 3520 qua:
1132 3464 1279 3517 sunt,
1324 3470 1428 3508 non
1464 3455 1586 3510 dico
1621 3470 1878 3524 quascun-

310 3554 414 3600 que
447 3539 643 3608 aliquis
669 3544 1055 3609 numeraverit,
1087 3546 1180 3598 sed
1203 3545 1248 3598 si
1275 3547 1396 3612 quis
1421 3549 1751 3617 cogitatione
1780 3548 1880 3601 ﬁn-

310 3638 479 3695 g-ret,
515 3637 577 3682 ει-
600 3629 663 3682 ad
702 3630 791 3683 illa
824 3646 942 3699 qum
986 3634 1127 3686 ultra
1163 3637 1360 3690 stecula
1399 3648 1543 3700 sunt,
1582 3639 1876 3707 refugeret,

307 3719 587 3784 opiniones
613 3730 794 3775 εςςριιι
824 3722 1049 3776 rationis
1083 3726 1223 3791 apud
1260 3741 1357 3781 nos
1402 3726 1633 3783 inaniter
1660 3730 1879 3797 quidem

309 3814 376 3865 ad
406 3812 492 3867 illa
524 3828 643 3882 qua:
672 3813 811 3869 ultra
836 3816 1018 3871 omnia
1046 3825 1193 3882 sunt,
1221 3818 1645 3887 proﬁciscentis;
1670 3828 1877 3873 tantum

311 3922 438 3961 vero
485 3922 514 3960 a
566 3922 623 3962 re
668 3908 942 3974 distantis,
983 3919 1243 3979 quantum
1282 3912 1631 3966 simulacrum
1671 3926 1700 3964 a
1735 3910 1877 3964 veri-

307 4008 438 4059 tate,
472 4007 525 4051 et
554 3999 747 4052 domus
777 3998 846 4053 ab
874 4012 939 4053 eo
961 4000 1051 4069 qui
1085 4016 1204 4055 eam
1235 4001 1550 4067 labricavit;
1590 4010 1644 4057 et
1674 4002 1878 4057 umbm

306 4093 373 4144 ab
406 4092 470 4143 iis
502 4106 624 4159 qua:
680 4101 829 4155 sunt,
866 4100 921 4146 et
975 4108 1071 4161 per
1128 4109 1187 4150 se
1228 4096 1515 4150 exsistunt.
1558 4093 1674 4148 Non
1728 4095 1873 4149 enim

375 4206 418 4237 “
458 4206 589 4260 Dan.
643 4221 765 4271 xm,
795 4204 888 4260 42.

1990 1908 2097 1953 tam
2142 1912 2245 1967 que
2278 1898 2330 1951 in
2366 1898 2467 1953 bac
2500 1896 2712 1952 Decade
2743 1896 2989 1964 exposita
3024 1903 3174 1958 sunt,
3218 1896 3558 1949 demonstra-

1989 1999 2104 2045 tum
2133 1997 2215 2045 est
2243 2004 2273 2043 a
2305 1988 2595 2059 theologis,
2621 2004 2726 2043 non
2773 1995 3022 2057 oportere
3062 2002 3305 2057 qumrere
3341 1986 3395 2041 in
3438 1987 3559 2040 uni-

1989 2092 2123 2149 tate,
2162 2097 2283 2152 que
2318 2097 2481 2151 supra
2524 2080 2883 2135 substantiam
2914 2090 3015 2144 est,
3058 2080 3275 2134 habitus
3299 2088 3354 2134 et
3380 2080 3561 2144 dispo-

1987 2173 2237 2236 sitiones,
2260 2171 2344 2226 vel
2380 2171 2483 2225 alia
2514 2171 2658 2225 circa
2686 2171 2883 2238 ipsam,
2911 2186 3031 2240 qua:
3053 2171 3413 2225 substantiam
3442 2170 3560 2237 ejus

1986 2262 2331 2332 compleant;
2365 2277 2461 2319 nec
2496 2262 2675 2331 aliqua
2718 2261 2772 2317 in
2802 2277 2862 2314 ea
2895 2262 3218 2324 accidentia,
3252 2276 3427 2331 neque
3454 2260 3560 2314 dif-

1988 2356 2247 2411 ferentias
2292 2355 2357 2409 ad
2408 2354 2771 2410 substantiam
2822 2354 2940 2425 ejus
2970 2354 3342 2423 pertinentes;
3386 2368 3559 2423 neque

1988 2448 2112 2518 quia
2159 2461 2225 2500 cx
2277 2460 2337 2502 se
2370 2444 2486 2516 ipsa
2522 2446 2790 2502 exsistere
2836 2446 3059 2510 dicitur,
3108 2445 3317 2500 idcirco
3346 2454 3561 2513 Oportet

1987 2538 2319 2595 constituere
2358 2539 2527 2609 ipsam
2580 2552 2703 2592 esse
2760 2535 2842 2591 siti
2893 2551 3136 2602 causam,
3206 2551 3305 2592 nec
3357 2552 3561 2606 ponere

1988 2629 2131 2684 aliud
2182 2629 2235 2683 in
2273 2643 2335 2683 ea
2387 2643 2509 2685 esse
2555 2627 2944 2693 substantiam,
2974 2635 3029 2682 et
3080 2628 3224 2682 aliud
3258 2629 3557 2698 energiam,

1988 2722 2105 2777 sive
2160 2720 2531 2789 operationem
2581 2734 2596 2774 :
2661 2732 2760 2771 nec
2812 2717 3131 2774 existimare
3186 2721 3558 2786 operationem

1987 2828 2141 2868 suam
2172 2812 2489 2868 creatricem
2523 2809 2833 2865 substantia
2863 2812 3157 2863 secundum
3184 2825 3243 2865 se
3261 2826 3469 2876 carere,
3501 2821 3551 2864 et

1989 2919 2094 2959 non
2122 2920 2218 2973 per
2247 2918 2305 2957 se
2324 2902 2627 2967 exsistere;
2668 2917 2767 2956 nec
2797 2901 2941 2956 aliud
2969 2916 3091 2955 esse
3121 2916 3272 2955 suam
3303 2901 3561 2955 substan-

1987 2998 2141 3061 t’am,
2177 3004 2230 3050 et
2263 2994 2407 3048 aliud
2434 3008 2588 3048 suam
2627 2992 2956 3057 bonitatem,
2992 3001 3045 3044 et
3077 2992 3329 3047 similiter
3360 2992 3411 3046 in
3452 3008 3561 3046 ('1!-

1992 3083 2123 3140 teris
2162 3082 2459 3153 ejusmodi;
2498 3096 2598 3137 nec
2632 3080 2774 3137 aliud
2819 3095 2940 3135 esse
2982 3083 3344 3137 substantiam
3385 3099 3558 3144 sitam.

1987 3186 2040 3231 et
2075 3174 2219 3230 aliud
2280 3174 2644 3249 cognitionem
2694 3172 2804 3237 sui,
2847 3180 2902 3226 et
2949 3173 3201 3227 similiter
3247 3174 3300 3229 in
3339 3174 3563 3242 reliquis

1988 3268 2297 3331 similibus;
2333 3274 2387 3321 et
2428 3265 2608 3319 omnia
2649 3280 2768 3333 qua!
2803 3264 2858 3318 in
2898 3280 2961 3320 ea
3008 3275 3160 3331 sunt,
3198 3282 3305 3321 non
3345 3267 3559 3321 diﬂ'errc

1986 3378 2017 3415 a
2067 3375 2125 3415 se
2174 3360 2464 3425 lpsa;.nec
2517 3356 2571 3411 iu
2614 3371 2675 3408 ra
2714 3370 2875 3424 posse
2928 3358 3156 3424 reperiri
3208 3358 3553 3426 principium,

1988 3454 2220 3507 medium
2259 3457 2314 3503 et
2361 3449 2545 3509 ﬁnem,
2591 3463 2687 3501 nec
2718 3448 2977 3502 uuitatciu
3016 3450 3275 3509 divinam,
3314 3466 3435 3519 qua:
3476 3462 3559 3505 est

1986 3544 2274 3613 ὑπέρϐιος,
2322 3541 2371 3593 id
2419 3549 2525 3603 cst,
2559 3554 2723 3605 supra
2765 3554 2858 3593 eos
2893 3540 2983 3607 qui
3021 3541 3274 3593 dicuntur
3310 3541 3405 3603 dii,
3439 3557 3559 3596 03st)

1986 3634 2379 3699 substantiam;
2425 3646 2527 3685 nec
2557 3645 2679 3685 esse
2719 3632 2981 3685 unitatem
3015 3646 3136 3701 quae
3180 3641 3423 3694 vocatur,
3461 3647 3557 3686 nc—

1988 3744 2091 3793 que
2117 3726 2439 3780 Trinitatem
2476 3724 2543 3777 ab
2575 3724 2684 3776 ullo
2718 3723 2986 3791 cognitam
3022 3740 3035 3775 :
3069 3722 3162 3775 sed
3195 3724 3369 3790 potius
3394 3738 3554 3791 supra

1986 3817 2346 3875 substantiam
2404 3829 2546 3879 esse,
2597 3824 2652 3868 et
2701 3831 2860 3883 supra
2894 3830 3111 3869 omnem
3162 3815 3466 3881 veritatem,
3501 3828 3557 3870 et

1984 3924 2145 3976 supra
2173 3922 2390 3962 omnem
2424 3904 2743 3958 Trinitatem
2781 3907 3144 3972 excogitatam
3176 3908 3254 3960 vel
3285 3908 3555 3961 assimila-

1986 4008 2094 4055 tam
2123 4000 2221 4068 (4),
2252 4008 2304 4052 ει
2328 3997 2677 4064 ιιιρηιιοιηιιε
2710 4012 2873 4048 ιιηιιιιι
2906 3998 3011 4050 tale
3049 3996 3373 4050 abstractam
3406 4014 3542 4063 esse,

1982 4103 2038 4148 et
2069 4093 2134 4145 ad
2163 4106 2281 4145 eam
2309 4087 2491 4143 accedi
2520 4103 2630 4141 non
2661 4102 2839 4156 posse.
2876 4088 3039 4143 ltcczc
3069 4090 3229 4156 igitur
3264 4100 3313 4143 ct
3347 4105 3465 4158 qum
3497 4092 3561 4144 in.

1803 4319 2076 4383 Scholia.

374 4428 448 4497 (i)
476 4426 575 4480 Per
589 4426 955 4497 disciplinam.
987 4425 1123 4483 Cum
1152 4441 1216 4481 ex
1246 4428 1505 4496 magistro
1561 4426 1823 4497 discimus
1856 4440 1871 4487 ;
1910 4428 1951 4482 ο
1982 4441 2103 4489 nus,
2138 4425 2355 4497 inlibro
2384 4426 2458 4480 De
2479 4424 2688 4491 Spiritu
2721 4435 2902 4478 sancto
2933 4422 3564 4497 (οηινηΑΜαεράοηίιιηι.

305 4494 401 4567 per
428 4496 751 4567 doctrinam,
780 4513 905 4552 cum
938 4507 1123 4567 nostro
1154 4494 1405 4551 studio'et
1471 4494 1877 4567 industria_sine

308 4563 566 4688 magistro
605 4566 863 4623 docemus
893 4582 909 4631 ;
945 4582 1038 4635 per
1066 4565 1535 4629 illuminationem,
1568 4579 1690 4620 cum
1740 4563 1880 4618 Deus

308 4652 426 4688 reve
453 4644 527 4688 at.
852 4678 861 4688 .

306 4644 527 4691 reVelat.
852 4678 861 4689 .

376 4706 453 4775 (2)
486 4704 785 4759 Secundum
828 4707 1087 4760 rationem
1137 4704 1449 4760 substantia
1501 4720 1702 4775 eorum.
1734 4702 1874 4769 Quia

307 4776 419 4843 ipsa
449 4774 624 4828 divina
643 4776 873 4830 essentia
905 4786 982 4831 est
1022 4775 1234 4845 propria
1268 4775 1407 4845 ratio
1446 4774 1871 4845 sttbstantitecu-

299 4846 500 4913 jusque
540 4855 802 4899 ereatura:
832 4846 886 4899 in
906 4843 1203 4907 inﬁnitum,
1247 4843 1539 4914 perfectior
1568 4858 1729 4913 quam
1748 4856 1875 4909 pro-

308 4914 422 4983 pria
455 4916 592 4967 ratio
628 4914 945 4969 substantiae
974 4914 1025 4968 in
1084 4915 1197 4982 ipsa
1238 4923 1513 4967 creatura.

379 4986 454 5053 (5)
486 4983 692 5056 Causas
720 4984 850 5039 dicit
885 4994 1103 5053 propter
1165 4998 1425 5051 personas
1479 4982 1716 5056 divinas,
1747 4998 1870 5056 quae

304 5051 431 5110 sunt
452 5054 649 5124 alioqui
691 5069 795 5108 una
826 5051 990 5109 causa
1019 5063 1414 5119 creaturarum,
1448 5051 1590 5109 sicut
1612 5066 1719 5107 una
1764 5051 1869 5111 ἐι-

304 5139 502 5182 sentta.

372 5196 450 5263 (4)
481 5191 653 5263 Supra
684 5210 883 5247 omnem
899 5191 1207 5247 Trinitatem
1228 5193 1599 5263 excogitatam,
1625 5191 1703 5263 vel
1728 5192 1865 5263 ἀραί·

303 5261 563 5318 inflatam.
580 5261 898 5319 Observavlt
918 5263 1123 5317 Manuel
1142 5261 1386 5325 Caleeas,
1409 5264 1462 5315 iu
1480 5262 1616 5315 libro
1642 5262 1716 5317 De
1742 5261 1861 5316 Tri-

305 5337 466 5413 nitute
492 5334 781 5413 itttagines,
805 5348 941 5413 quas
978 5331 1568 5413 Patrese-xcogitalrunt
1608 5332 1676 5413 ad
1722 5332 1865 5413 assi-

306 5399 724 5473 milandum'eas
774 5399 1049 5473 utcunque
1091 5399 1364 5473 Trinitati.
1417 5399 1711 5473 Gregorius
1761 5399 1869 5457 Na-

307 5472 595 5529 zianzenus
627 5488 747 5527 cum
779 5473 934 5529 oculo
963 5470 1152 5532 Fontis,
1181 5482 1234 5526 ct
1257 5472 1427 5536 fonte,
1449 5480 1502 5524 et
1531 5470 1691 5526 ﬁuvio
1711 5486 1863 5529 com-

308 5550 462 5610 parat
496 5561 510 5605 ;
546 5546 668 5596 item
698 5556 818 5596 cum
879 5543 993 5597 sole
1016 5583 1030 5606 ,
1067 5542 1241 5599 radio.
1274 5541 1471 5595 lumine
1505 5559 1520 5605 ;
1556 5542 1683 5596 item
1739 5555 1861 5594 cum

311 5621 489 5681 mente
525 5613 586 5665 ιν
609 5612 862 5681 θυμήσει,
896 5612 945 5664 id
965 5611 1547 5681 est,'consideratione,
1580 5611 1851 5671 anima.iu

305 5680 503 5749 quibus
560 5696 665 5735 non
689 5680 773 5735 est
796 5680 1011 5748 divisio,
1048 5681 1127 5736 vel
1151 5680 1317 5737 sectio
1346 5680 1503 5749 ;item
1518 5695 1639 5735 cum
1659 5680 1852 5749 triplici

308 5748 445 5815 sole,
468 5758 522 5803 et
546 5764 649 5804 una
675 5749 892 5804 luminis
915 5750 1290 5806 commistione
1318 5769 1333 5814 ;
1358 5747 1651 5818 Gregorius
1687 5747 1881 5818 Nysse-

1986 4511 2107 4550 t-um
2145 4496 3079 4566 tribuslampadibus,quaruunma
3123 4494 3332 4566 ﬁamma
3372 4498 3554 4561 ;idem

1986 4566 2281 4631 Gregorius
2312 4562 2610 4635 Nyssenus,
2638 4566 2690 4618 iu
2721 4562 2860 4619 libro
2892 4563 2967 4617 De
2988 4562 3264 4635 Trinitate,
3302 4567 3419 4635 bare
3447 4567 3550 4619 tria

1984 4635 2120 4688 dicit
2146 4650 2266 4689 esse
2295 4634 2560 4695 tn’nobis,
2587 4649 2706 4703 qua:
2757 4645 2884 4689 sunt
2904 4674 2919 4694 ,
2937 4634 3079 4695 νοῦς.
3100 4634 3278 4699 λόγος,
3301 4634 3547 4702 πνεῦμα·

1984 4704 2371 4773 Meus,inquit,
2412 4705 2551 4771 parit
2593 4704 3047 4769 ratiouetu;ratio
3071 4714 3249 4756 movet
3287 4716 3545 4769 mentem;

1980 4786 2036 4828 et
2066 4788 2241 4843 neque
2260 4790 2411 4828 mens
2443 4774 2559 4827 siue
2617 4775 2826 4827 ratione
2864 4783 2981 4843 est,
3026 4786 3197 4843 neque
3247 4776 3381 4828 ratio
3434 4777 3559 4828 sine

1980 4842 2163 4897 mente
2192 4842 2478 4907 ;similiter
2507 4843 2624 4897 sine
2654 4843 2867 4911 spiritu,
2897 4842 2985 4909 qui
3011 4851 3091 4896 est
3122 4842 3174 4895 in
3210 4844 3364 4896 nobis
3389 4884 3403 4904 ,
3443 4860 3553 4897 non

1975 4913 2088 4967 exit
2116 4927 2181 4967 ex
2206 4924 2384 4967 mente
2432 4913 2599 4977 ;lt:ec,
2649 4912 2842 4981 inquit,
2871 4920 2997 4965 sunt
3024 4911 3273 4981 aequalia,
3298 4922 3349 4966 et
3384 4929 3547 4979 sopa-

1977 4982 2081 5053 rari
2110 4997 2139 5034 a
2158 4996 2217 5035 se
2234 4981 2475 5053 vicissim
2492 4997 2597 5037 non
2618 4980 2843 5053 possunt
2868 5000 2881 5035 :
2904 4981 3001 5053 sic,
3024 4980 3224 5053 inquit,
3244 4982 3549 5053 intelligen-

1973 5050 2101 5106 dum
2130 5060 2214 5104 est
2244 5051 2297 5105 in
2330 5048 2626 5117 Trinitato;
2656 5052 2742 5104 alii
2765 5066 2888 5105 cum
2909 5049 3074 5109 fonte.
3104 5050 3290 5117 fluvio,
3316 5062 3369 5106 et
3391 5048 3505 5108 lacn
3530 5074 3559 5119 ;.

1972 5136 2093 5178 cum
2123 5120 2261 5191 igne,
2284 5119 2518 5191 ﬂamma
2558 5131 2611 5175 et
2669 5121 2869 5175 lumine
2900 5140 2913 5187 ;
2964 5119 3559 5191 Cyrilluscumraulice,

1970 5205 2122 5244 ramo
2145 5188 2199 5244 et
2226 5189 2403 5243 fructu
2427 5208 2441 5255 ;
2467 5188 2608 5259 idem
2632 5206 2753 5244 cum
2774 5192 2963 5259 digito,
2982 5188 3141 5244 manu
3193 5201 3248 5244 et
3285 5191 3505 5245 brachio
3527 5211 3569 5255 ίν

1969 5270 2025 5314 ει
2052 5260 2185 5313 alias
2210 5274 2330 5313 cum
2352 5275 2492 5326 rosa,
2527 5257 2677 5322 flore,
2709 5272 2762 5315 et
2792 5257 2977 5316 odore.
3008 5262 3063 5315 in
3081 5261 3168 5315 his
3191 5261 3444 5315 omnibus
3461 5276 3555 5315 re—
3602 5268 3621 5285 °

1973 5330 2260 5398 periuntur
2280 5330 2523 5399 quaedam
2550 5332 2926 5397 inseparabilia
2958 5346 2987 5384 a
3011 5346 3069 5384 se
3095 5340 3299 5394 mutuo,
3318 5346 3437 5397 quae
3455 5349 3549 5383 as-

1969 5409 2255 5469 sumuntur
2284 5398 2350 5452 ad
2383 5399 2766 5469 declarandum
2837 5412 3111 5469 utcunque
3145 5412 3264 5452 esse
3286 5409 3393 5452 tres
3419 5414 3548 5469 per-

1972 5482 2067 5521 nas
2098 5467 2486 5537 inseparabilcs
2537 5471 2962 5539 proprietatibus
3013 5467 3314 5539 instinctas,
3345 5476 3400 5519 et
3420 5468 3545 5519 uui—

1969 5552 2033 5589 us
2058 5539 2395 5599 substantias,
2432 5539 2502 5592 ita
2527 5537 2669 5604 titab
2698 5539 2802 5591 alio
2827 5548 3073 5593 sumatur
3098 5537 3533 5607 τὸηάχώριστον,

1962 5608 2013 5659 id
2044 5619 2146 5667 est.
2169 5608 2601 5677 inseparabilitas
2624 5623 2973 5677 personarum
2999 5607 3100 5673 ;ab
3127 5604 3233 5660 alio
3254 5604 3537 5677 ταδ’ὀμοού-

1970 5694 2101 5742 σιον,
2133 5679 2181 5732 id
2203 5689 2305 5741 cst,
2348 5678 2905 5734 consubstantialitas.
