4064 6266
556 362 658 431 991

1801 372 2040 436 INDEX
2070 373 2567 436 SCRIPTORUM

3683 374 3766 438 999.

559 483 662 535 hac
703 479 916 535 Decade
959 488 1103 541 sunt,
1133 481 1428 536 secundum
1457 482 1857 551 expositionem
1887 487 2140 541 matcria-
2173 489 2210 544 Α
2246 487 2319 540 ris
2354 487 2599 555 partibus
2629 489 2842 552 adesse,
2883 497 2934 540 et
2961 488 3030 541 ob
3063 503 3182 543 eam
3221 502 3442 542 causam
3470 485 3704 540 continua
3723 499 3766 544 ct

560 577 695 630 riam
726 575 968 644 esposita
1000 581 1125 628 sunt
1154 588 1328 643 neque
1357 575 1647 644 quidquam
1691 575 1887 630 divina:
1923 579 2131 647 simpli-

557 668 709 719 citati
744 668 912 719 deest.
965 665 1366 719 Convenienter
1397 675 1574 718 autem
1621 668 1743 721 huic
1790 667 2131 738 inscriptioni

561 755 631 808 de
677 755 1024 823 simplicitare
1058 755 1239 810 divina
1284 765 1393 810 tOta
1425 755 1593 812 Decas
1623 759 1691 813 ad
1729 759 1965 812 divinam
2000 763 2133 815 sim-

566 844 858 912 plicitatem
913 853 1165 899 contexta
1213 855 1296 900 est
1331 855 1454 915 apte
1498 849 1563 902 ad
1611 849 1749 905 duas
1786 860 2136 919 antegressas

564 936 820 1001 decailes,
858 950 954 1004 per
983 937 1386 1006 propositiones
1415 939 1765 995 enuntiantes
1799 940 1866 994 ad
1896 941 2136 994 inﬁnita-

567 1037 676 1085 tem
703 1028 792 1084 Dei
821 1030 1122 1099 procedens
1155 1047 1170 1084 :
1203 1029 1470 1099 siquidem
1515 1030 1661 1083 nulla
1699 1031 1946 1086 inﬁnitas
1974 1047 2039 1086 ex
2073 1032 2138 1086 iis

565 1136 687 1193 quae
721 1121 992 1185 dicuntur,
1043 1136 1163 1175 cum
1211 1120 1484 1176 inﬁnitate
1529 1121 1622 1176 Dei
1669 1123 1993 1192 aequabitur,
2041 1137 2140 1177 nec

568 1212 715 1268 enim
769 1211 1009 1268 inﬁnitas
1058 1211 1324 1277 materiai,
1361 1221 1416 1267 et
1459 1227 1645 1267 carere
1693 1229 1812 1268 eam
1864 1213 2035 1270 forma
2087 1224 2142 1270 et

570 1305 772 1374 specie,
805 1319 927 1358 cum
969 1303 1238 1358 inﬁnitate
1273 1303 1366 1358 Dei
1410 1303 1799 1360 conferendum
1836 1316 1917 1358 est
1944 1306 2142 1373 (mate-

571 1398 650 1451 ria
685 1397 830 1452 enim
864 1395 1050 1450 ﬁnitur
1075 1407 1134 1451 et
1165 1398 1487 1451 terminatur
1509 1398 1714 1464 specie,
1746 1408 1796 1451 et
1827 1397 1996 1450 l‘orma
2023 1414 2145 1467 spe-

571 1489 693 1554 eiei,
717 1497 770 1542 et
794 1491 930 1551 hare,
961 1490 1172 1556 species
1198 1487 1431 1552 scilicet,
1473 1497 1526 1541 et
1560 1502 1748 1541 carum
1781 1487 1989 1552 fomite,
2017 1499 2146 1542 sunt

574 1582 786 1636 termini
839 1591 894 1635 et
945 1581 1080 1634 ﬁnes
1126 1579 1413 1645 materiae),
1448 1594 1546 1633 nec
1605 1578 1847 1635 inﬁnitas
1878 1580 2145 1644 corporis,

573 1676 700 1741 quia
739 1689 939 1742 corpus
972 1673 1024 1726 in
1070 1672 1340 1726 inﬁnitum
1374 1671 1541 1726 dividi
1587 1680 1782 1740 potest,
1819 1671 2145 1726 inﬁnitatem

579 1767 672 1820 Dei
705 1765 934 1828 dirimit,
968 1766 1165 1834 quippe
1200 1778 1322 1818 cum
1356 1763 1406 1817 in
1441 1777 1638 1832 corpus
1669 1764 1958 1828 dimensio,
1985 1771 2040 1818 et
2069 1762 2149 1816 ill-

2238 577 2448 630 iuﬁnila
2504 576 2759 632 facultate
2811 589 2992 633 motus
3028 578 3272 644 corporis
3327 576 3644 645 gubernare,
3687 593 3768 630 non

2241 670 2618 738 progredimur
2646 671 2711 724 ad
2745 670 3068 726 infinitatem
3107 669 3222 732 Dei,
3255 668 3348 735 qui
3393 667 3490 722 has
3533 667 3772 722 facultates

2239 762 2438 815 animai
2500 763 2735 824 inserit,
2796 778 2898 816 nec
2960 759 3436 816 innumerabilitas
3499 760 3773 826 angelorum

2241 853 2431 923 (millia
2471 853 2618 906 enim
2680 853 2930 916 millium,
2977 863 3031 907 et
3081 850 3262 905 decies
3308 859 3538 904 centena
3582 849 3774 902 millium

2241 953 2419 998 astant
2461 942 2657 1000 thi’bno
2689 944 3102 1015 magniﬁcentia:
3134 943 3251 1012 ejus
3273 943 3318 975 ⁸⁸
3339 942 3380 1010 ),
3417 955 3586 1009 neque
3615 954 3778 1007 pereu-

2243 1019 2383 1088 nitas
2408 1034 2526 1088 sine
2555 1033 2916 1099 dimensione,
2949 1050 3010 1087 ac
3043 1032 3265 1100 perinde
3295 1032 3539 1086 inlinitas
3565 1031 3677 1083 vita:
3703 1045 3776 1082 eo-

2245 1143 2361 1180 rum
2394 1136 2446 1179 et
2481 1125 2922 1189 immortalitatis,
2959 1125 3280 1179 inﬁnitatem
3312 1123 3430 1183 Dei,
3455 1138 3570 1191 quae
3599 1136 3781 1175 omnem

2246 1230 2530 1268 numerum
2588 1223 2642 1269 et
2676 1229 2895 1268 omnem
2948 1214 3333 1284 cogitationem
3377 1213 3502 1266 vitae
3544 1211 3782 1265 continua.

2245 1313 2486 1370 superat,
2521 1302 2874 1370 pertransibit
2911 1319 2924 1356 :
2962 1317 3060 1357 nec
3099 1302 3276 1370 ipsum
3309 1314 3506 1364 aevum,
3547 1307 3601 1352 et
3635 1296 3787 1350 inﬁni-

2249 1395 2375 1448 tudo
2424 1395 2540 1461 ejus
2588 1393 2839 1448 omnibus
2895 1402 3015 1446 nota
3051 1404 3104 1446 et
3147 1392 3392 1460 vulgata,
3439 1402 3558 1457 qua:
3599 1401 3784 1441 omnem

2247 1484 2567 1538 ἰιιίίιιίιςιιριιι
2595 1482 2992 1537 intellectilium
3031 1481 3299 1546 continet,
3327 1493 3484 1549 aeque
3518 1477 3786 1548 porrigetur

2178 1639 2182 1643 _
2249 1585 2307 1630 ut
2349 1573 2590 1628 inﬁnitas
2622 1574 2738 1637 Dei,
2769 1575 2861 1643 qui
2892 1572 3025 1627 illud
3069 1573 3364 1642 produxit;
3402 1579 3639 1626 creatum
3667 1569 3786 1624 enim

2251 1684 2278 1719 a
2327 1667 2583 1721 tiieatore
2619 1665 2851 1720 inﬁnitis
2888 1665 3161 1720 mensuris
3204 1664 3455 1734 superari
3499 1671 3675 1717 notum
3703 1672 3790 1716 est.

2254 1761 2308 1815 Si
2347 1760 2511 1829 igitur
2544 1757 2786 1813 inﬁnitas
2819 1757 2912 1812 Dei
2963 1771 3295 1833 supraquam
3341 1754 3551 1809 inﬁnita
3592 1752 3706 1805 nulli
3737 1766 3787 1805 ex

580 1856 716 1908 visio
749 1832 1204 1922 priummcadat;
1235 1868 1409 1922 neque
1440 1853 1736 1907 secundum
1767 1854 1973 1921 primas
2010 1867 2145 1921 qua-
2180 1832 2222 1890 Β
2256 1854 2372 1907 istis
2413 1851 2775 1907 iuﬁnitatibus
2816 1849 2982 1906 simili
3035 1850 3301 1913 cernitur,
3335 1847 3490 1903 solus
3535 1846 3684 1915 igitur
3721 1853 3788 1897 est

578 1950 780 2011 litates,
829 1963 945 2014 qua:
981 1947 1034 2000 in
1071 1947 1283 2000 inlinito
1323 1947 1528 2009 insunt,
1571 1945 1816 1998 inﬁnitas
1852 1944 1945 1998 Dei
2001 1959 2148 1998 com-

581 2040 819 2108 paranda
860 2049 964 2104 est,
1023 2038 1150 2106 quia
1206 2037 1260 2092 in
1317 2037 1450 2105 ipsis
1485 2039 1720 2101 primum
1755 2035 2000 2089 cernitur
2031 2035 2151 2104 plus

580 2141 646 2200 et
674 2133 852 2186 minus
883 2148 898 2194 ;
943 2147 1117 2199 neque
1145 2145 1332 2185 rursus
1363 2131 1632 2184 inﬁnitum
1663 2129 1960 2184 secundum
1989 2143 2152 2197 gene-

583 2225 874 2288 rationem,
902 2234 954 2276 et
985 2224 1347 2293 generationis
1380 2222 1714 2290 perpetuitas
1753 2220 1996 2275 retundit
2031 2221 2152 2272 iull-

585 2314 811 2366 nitatem
845 2311 936 2364 Dei
963 2311 1309 2375 simpliciter,
1328 2319 1381 2362 et
1413 2309 1886 2376 incircumscripte
1908 2309 2149 2364 circnm-

587 2403 847 2470 meantis,
879 2412 930 2454 ct
966 2416 1070 2455 non
1099 2401 1165 2453 ad
1193 2402 1372 2454 instar
1395 2401 1584 2455 circuli
1617 2402 1914 2456 motionem
1950 2402 2155 2455 haben-

589 2492 680 2552 tis.
707 2507 828 2560 qua:
855 2491 1201 2545 solummodo
1238 2500 1320 2546 est
1348 2507 1468 2545 cum
1509 2493 1604 2560 ﬁt;
1655 2507 1828 2561 neque
1861 2494 2157 2563 quidquam

588 2587 733 2658 quth
770 2584 822 2636 ln
855 2583 1016 2646 cmlo,
1051 2593 1104 2635 et
1137 2583 1190 2636 in
1235 2595 1381 2636 metu
1412 2583 1525 2646 eius
1560 2588 1789 2638 rotundo
1825 2585 2016 2638 accidit
2044 2584 2161 2654 (ha-

593 2679 684 2731 bet
715 2677 860 2730 enim
910 2678 999 2729 hic
1033 2687 1213 2732 motus
1259 2676 1582 2731 inﬁnitatem
1632 2685 1852 2745 propter
1887 2678 2157 2731 inﬁnitam

591 2770 883 2836 potentiam
949 2771 1038 2824 Dei
1079 2771 1391 2834 moventis),
1444 2769 1775 2823 inmobilem
1830 2768 2158 2824 inﬁnitatem

595 2859 688 2912 Dei
730 2859 1018 2914 excludit:
1064 2874 1241 2928 neque
1298 2859 1540 2913 inﬁnitas
1585 2861 1824 2912 universi
1881 2861 2161 2929 temporis.

593 2951 720 3019 quia
769 2963 924 3004 actus
959 2953 1098 3018 eius,
1133 2968 1239 3018 quo
1277 2951 1497 3005 metitur
1533 2951 1784 3017 periodos
1814 2968 1998 3006 eorum
2047 2969 2166 3020 qua:

597 3043 650 3094 in
683 3051 926 3112 tempore
976 3052 1122 3108 sunt,
1173 3058 1442 3111 nunquam
1481 3041 1686 3109 deﬁcit,
1717 3054 1769 3098 et
1815 3059 2039 3099 numero
2085 3055 2168 3098 cst

599 3133 866 3196 inﬁnitus,
917 3133 1242 3188 inﬁnitatem
1299 3135 1394 3188 Dei
1441 3145 1682 3199 coercet,
1719 3149 1837 3203 qua!
1880 3145 1960 3189 cst
2005 3152 2166 3204 supra

2251 1946 2515 2006 inﬁnitus,
2549 1944 2668 1997 fons
2701 1941 2987 1997 inﬁnitatis
3019 1939 3262 2007 effector,
3300 1939 3390 2008 qui
3425 1948 3507 1993 est
3540 1951 3690 1989 unum
3721 1949 3789 1988 so-

2255 2023 2360 2090 lum
2397 2036 2692 2092 secundum
2745 2035 3104 2090 substantiam
3151 2033 3360 2088 bonum
3415 2041 3468 2084 et
3521 2028 3786 2088 inﬁnitum,

2254 2132 2342 2197 qni
2380 2145 2595 2183 omnem
2642 2129 2963 2183 inﬁnitatem
2998 2143 3064 2181 ex
3120 2125 3289 2180 nihilo
3345 2123 3495 2179 fecit.
3539 2121 3644 2175 Etsi
3675 2119 3790 2173 enim

2257 2220 2359 2276 illze
2411 2231 2534 2289 post
2589 2221 2760 2274 Deum
2822 2219 3118 2273 inﬁnitates
3168 2218 3447 2280 dicuntur,
3494 2229 3596 2268 non
3653 2221 3795 2264 tamen

2257 2323 2385 2368 sunt
2411 2313 2710 2369 secundum
2745 2310 3104 2366 substantiam
3155 2307 3477 2369 inﬁnitates,
3504 2307 3594 2359 sed
3636 2315 3796 2358 secun-

2259 2407 2386 2460 dum
2418 2420 2728 2461 mensuram
2774 2412 3006 2466 tantum,
3047 2411 3100 2458 et
3137 2399 3628 2472 participationem,
3656 2402 3704 2447 et
3727 2391 3795 2445 iu-

2261 2497 2466 2552 ﬁnitam
2517 2495 2941 2558 nmllitudinem,
2975 2502 3028 2550 et
3069 2493 3375 2548 secundum
3424 2489 3585 2543 vitam
3619 2485 3797 2537 dimen-

2263 2590 2414 2643 sione
2446 2600 2742 2654 carentem,
2769 2595 2822 2641 et
2843 2585 3142 2641 secundum
3171 2592 3342 2637 totam
3381 2583 3461 2636 sui
3497 2575 3794 2648 praesentiain

2264 2685 2321 2738 in
2359 2683 2506 2744 totis,
2545 2689 2599 2734 et
2629 2681 2682 2734 id
2711 2680 2803 2750 qui
2831 2679 3050 2749 quidem
3075 2693 3104 2731 a
3137 2689 3300 2730 causa
3331 2675 3444 2729 sola
3468 2669 3733 2728 cﬁcctrice.
3755 2672 3796 2719 et

2267 2788 2372 2826 non
2410 2771 2516 2825 alio
2551 2770 2708 2824 modo
2749 2770 2967 2824 habent.
3013 2767 3396 2823 Consentauee
3442 2763 3600 2832 igitur
3629 2759 3794 2811 dictum

2267 2875 2349 2916 est
2381 2863 2550 2917 Deum
2582 2879 2699 2918 esse
2729 2863 2866 2916 ultra
2889 2875 3101 2914 omnem
3130 2858 3495 2922 inﬁnitatem;
3533 2854 3668 2908 solus
3687 2849 3800 2902 enim

2269 2956 2410 3009 Deus
2448 2963 2531 3009 est
2576 2953 2809 3008 essentia
2849 2951 3116 3016 illﬁnilUs,
3152 2959 3206 3006 et
3254 2951 3373 3004 sola
3424 2946 3665 3008 essentia,
3708 2941 3797 2994 sive

2252 3046 2572 3102 .substantia
2610 3046 2704 3099 Dei
2740 3057 2822 3098 cst
2853 3045 3105 3111 simplex,
3133 3055 3184 3097 et
3221 3041 3509 3096 uniformis
3532 3038 3626 3105 (α),
3656 3043 3700 3089 et
3725 3046 3800 3086 et-

2273 3153 2392 3207 pers
2432 3139 2726 3206 qualitatis.
2755 3146 2806 3191 ct
2844 3136 3050 3206 quieta,
3086 3143 3140 3191 et
3172 3135 3444 3190 seditione
3475 3143 3674 3192 carens,
3699 3122 3796 3177 inll-

599 3239 816 3278 omnem
854 3241 1162 3292 numerum,
1194 3236 1257 3297 et
1279 3241 1495 3281 onmem
1537 3228 1817 3302 periodum
1860 3244 1874 3280 :
1909 3228 2034 3280 item
2065 3228 2162 3278 im-
2197 3237 2240 3298 ε
2275 3231 2404 3289 uita,
2437 3230 2794 3292 omnipotens,
2839 3237 2891 3280 et
2939 3225 3180 3280 effectrix
3219 3226 3466 3281 omnium
3495 3239 3509 3289 ;
3539 3220 3618 3277 cui
3665 3215 3801 3289 gloria

604 3315 915 3368 nmtabilem
945 3332 1065 3370 esse
1093 3329 1324 3372 mentem
1351 3330 1405 3371 et
1433 3319 1668 3372 animam
1689 3318 1921 3386 (scilicet
1953 3334 1976 3368 a
2019 3319 2178 3370 liber-

603 3413 712 3459 tate
745 3408 1002 3477 arbitrii),
1040 3419 1090 3463 ct
1119 3419 1281 3463 totam
1309 3411 1464 3464 simul
1519 3411 1571 3464 iu
1604 3409 1854 3464 omnibus
1882 3409 1967 3464 sui
1986 3423 2174 3478 corpo-

677 3547 722 3580 ⁸⁵
774 3548 909 3604 Dan.
945 3565 1038 3612 vn,
1071 3551 1154 3604 l0.

2285 3321 2336 3374 iu
2370 3321 2563 3376 smcula
2593 3321 2938 3375 sa‘culorum.
2971 3320 3167 3374 Amen.

679 3642 756 3708 (a)
801 3642 936 3707 Quia
961 3653 1039 3695 est
1072 3643 1432 3697 immutabilis
1459 3642 1758 3698 secundum
1783 3655 1908 3698 esse
1962 3650 2019 3699 et
2076 3645 2381 3700 secundum
2417 3639 2734 3698 aﬁ‘cctiones
2765 3650 2824 3698 et
2853 3642 3229 3713 operationes,
3277 3639 3551 3709 quomodo
3574 3653 3678 3694 non
3703 3645 3803 3691 sunt

606 3713 805 3783 angeli,
830 3714 957 3767 licet
987 3715 1241 3768 habeant.

617 3887 3793 3923 ww

1614 4027 1998 4112 INDEX
2076 4023 2844 4113 SCRIPTORUM

1409 4223 1488 4284 IN
1527 4219 1954 4282 DECADIBUS
1981 4217 2538 4278 CYPAltISSIOTE
2569 4219 3033 4282 CI'I‘ATORUM.

1574 4359 1727 4421 Major
1750 4332 1985 4407 numerus
2015 4353 2280 4414 Decadem,
2315 4353 2474 4402 minor
2504 4360 2650 4417 caput
2670 4357 2895 4406 denotat.

693 4585 944 4640 Ahucara
975 4579 1092 4634 sive
1121 4578 1413 4636 Carrarum
1445 4580 1752 4650 cpiscopus.
1786 4578 1922 4633 Vide
1950 4578 2118 4640 infra,
2143 4577 2390 4648 synodus
2413 4584 2608 4628 contra
2642 4574 2994 4630 Manichaeos.

695 4668 968 4726 Anastasii
1005 4667 1227 4722 Sinaitae
1257 4671 1433 4725 oratio
1467 4672 1534 4726 de
1567 4668 2074 4734 transﬁguraiioir-,
2106 4665 2190 4729 Vl,
2230 4666 2282 4724 ιι.
2325 4665 2377 4728 5,
2417 4665 2468 4717 7.

694 4759 1017 4816 Anastasius
1049 4759 1421 4816 Antiochenus
1455 4761 1614 4826 libro,
1648 4760 1792 4830 quod
1827 4758 1966 4812 Deus
1993 4767 2076 4812 est
2103 4751 2625 4818 incircumscriptus,
2665 4749 2732 4813 X,
2762 4749 2814 4803 4.
2849 4748 2904 4801 ln
2937 4749 3111 4818 primo
3143 4748 3282 4802 libro
3317 4753 3381 4802 de
3411 4745 3602 4801 nostris
3631 4743 3812 4830 degula-

631 4851 772 4906 tilrus
812 4850 1078 4910 veritatis,
1111 4848 1228 4912 Vll.
1259 4849 1329 4914 9;
1364 4849 1458 4916 IX,
1495 4852 1562 4916 4;
1597 4826 1788 4905 contra
1827 4845 2254 4915 .llouophy-ilas,
2295 4841 2426 4905 Vlll,
2459 4842 2541 4898 10.
2578 4840 2882 4896 Coul'utans
2911 4840 3227 4909 opinionem
3280 4837 3683 4894 Manichaeorum
3717 4826 3814 4878 Dio-

633 4938 847 5008 nysium
889 4937 1042 4992 Alex.
1075 4939 1226 4992 citat.
1262 4938 1338 4992 id.

703 5028 950 5081 Andreas
975 5027 1255 5086 Cretensis
1289 5029 1342 5082 in
1377 5043 1574 5099 magno
1602 5043 1834 5090 canone,
1867 5025 1955 5089 Vl,
1985 5026 2037 5078 6.

700 5115 1056 5179 Athanasius,
1092 5114 1129 5175 Ι.
1159 5117 1190 5170 8
1223 5118 1240 5186 (
1271 5083 1574 5183 ρυωεῐῖειιι
1610 5115 1879 5169 Arnim-hu
1908 5131 1962 5176 n,
1999 5111 2129 5174 Vlll,
2162 5114 2178 5158 ἓ

2259 5125 2274 5174 ;
2313 5109 2377 5170 ll,
2409 5107 2481 5169 8;
2533 5102 2625 5168 IX,
2664 5105 2713 5164 Ι,
2743 5104 2799 5158 ‘2.
2849 5103 3054 5158 Contra
3090 5102 3344 5166 Arianos,
3377 5097 3488 5164 VII,
3519 5096 3586 5188 ξς
3630 5089 3714 5188 ΓΧῖ

632 5204 770 5260 "bro
802 5204 996 5272 Primo,
1026 5203 1095 5268 Χ,
1126 5204 1197 5270 ις
1232 5181 1504 5270 secundo,
1545 5203 1630 5268 Vl,
1667 5203 1739 5268 8;
1781 5201 1888 5264 Vll,
1922 5202 1953 5256 5
1983 5217 1998 5265 ;
2029 5199 2118 5266 IX,
2151 5199 2218 5264 G;
2251 5198 2432 5263 tertio,
2463 5194 2551 5258 Ill,
2583 5193 2639 5258 6,
2663 5194 2732 5260 7;
2790 5190 2905 5258 VII,
2936 5192 3006 5260 αις
3042 5199 3262 5261 quarto,
3317 5188 3406 5253 lx,
3440 5189 3492 5253 8,
3521 5184 3585 5240 9:
3635 5181 3812 5272 quinte.

635 5257 726 5362 ut,
748 5257 819 5363 ὀί
843 5295 896 5351 s.
936 5257 1094 5365 Disp:
1122 5257 1566 5350 sesima,
1592 5257 1843 5355 A'rianos,
1874 5257 1959 5352 iu,
1985 5257 2040 5343 is.
2073 5257 2178 5356 Ᾱάτ

2271 5257 2592 5358 κηρυλιτικῷ
2628 5257 2686 5336 in
2718 5257 3229 5336 VAununtiatiionem
3266 5280 3326 5335 Β.
3376 5273 3624 5365 Virginis.
3659 5257 3811 5365 ﬁsus"

631 5385 911 5448 Oratione,
942 5356 1101 5453 cuius
1131 5384 1385 5438 initium:
1422 5383 1683 5437 Omnibus
1713 5379 1875 5441 vobis,
1905 5379 1994 5449 qui
2028 5379 2082 5431 in
2104 5394 2265 5431 mium
2299 5372 2614 5429 convenistis
2639 5386 2655 5430 ;
2680 5384 2792 5439 quo
2821 5369 3012 5424 Patres
3043 5367 3244 5422 Niczeni
3275 5375 3420 5422 recte
3443 5361 3524 5418 usi
3557 5356 3814 5453 sapt-vo:

635 5429 922 5538 zamia-1
944 5429 1679 5542 ἷξῖ.’ᾌῌιῖίὶιέὲιῖρέἷίιζιῖἆ
1707 5429 2210 5537 ςζρέιὲᾷἀοᾝίέιιέηα,
2263 5461 2350 5526 iv,
2385 5463 2453 5526 s;
2487 5459 2555 5528 χ,
2594 5429 2647 5520 ις
2699 5429 2778 5511 be
2818 5455 3054 5542 adventu
3111 5454 3319 5542 δείρῃ
3356 5429 3818 5542 icar‘nezlxﬂ-‘Bf

638 5521 1024 5616 ἶιῖἐεὶὶᾷἔίίᾉιζέ
1052 5521 1653 5624 ossifragae.
1694 5521 1860 5624 εἱιέει.
1895 5521 1958 5606 έιι
2009 5554 2178 5622 εει-ειν

2249 5521 2387 5615 “ea,
2422 5521 2553 5614 Vu,’
2593 5547 2648 5608 5,
2705 5544 2853 5610 4,9;
2915 5541 3047 5611 Vlll,
3101 5542 3168 5607 εις
3229 5540 3404 5606 Ix,5,
3439 5536 3492 5600 6.
3534 5534 3582 5625 9-
3642 5521 3819 5625 ¹Ξῖ³ἶῗ¹³ἲ⁰

1360 5607 1651 5711 I'x',
1676 5607 1824 5708 Et,
1864 5643 1932 5706 7;
1975 5642 2026 5696 in
2063 5607 2559 5710 Expositioneﬁdei
2589 5607 2644 5691 in
2681 5607 2853 5706 prima
2885 5607 3096 5705 synodo
3151 5633 3172 5702 (
3202 5628 3504 5702 symbolum
3550 5607 3816 5712 intelligit].

641 5735 728 5794 IX.
769 5737 822 5790 5.
857 5737 1008 5799 Disp.
1046 5747 1240 5791 contra
1275 5734 1462 5790 Arian.
1497 5701 1586 5797 ιὲι,
1633 5733 1684 5787 6.
1719 5730 1922 5788 Contra
1955 5746 2072 5794 eos,
2107 5730 2199 5800 qui
2230 5729 2477 5787 serviunt
2506 5724 2686 5780 verbis
2738 5732 2789 5778 ct
2827 5727 2931 5777 n‘on
2973 5719 3291 5778 nominibus
3335 5720 3603 5772 sacrarum
3651 5701 3821 5754 littcrn‘

642 5838 786 5887 tum,
816 5819 908 5887 IX,
950 5823 1004 5876 6.
