4028 6270
338 344 441 408 993
1386 342 1468 402 IN
1513 342 1936 408 DECADIBUS
1975 343 2567 408 CYPARISSIOTIB.
3475 349 3576 413 994

401 449 856 515 Bartholomteus,
893 448 1196 520 apostolus,
1241 445 1331 512 VI,
1362 447 1447 513 10,
1483 463 1550 502 ex
1579 448 1820 520 Dionysii
1854 465 1901 504 c.
1935 451 1989 515 1,
2026 450 2102 505 De
2131 443 2356 521 mystica
2400 450 2562 505 theol.

405 539 663 604 Basiﬁus,
698 539 762 604 II,
803 540 870 604 3;
921 533 1010 600 III,
1047 536 1080 590 4
1104 553 1119 601 ;
1143 534 1235 600 IV,
1266 536 1331 598 8;
1369 533 1436 601 V,
1473 536 1574 603 I0;
1609 534 1696 604 Vl,
1725 536 1794 602 6;
1826 536 1920 600 IX,
1954 537 2023 604 2;
2053 538 2106 604 1,
2137 537 2284 601 Χ,2.
2317 535 2394 591 De
2425 536 2634 606 Spiritu
2667 546 2878 606 sancto,
2916 537 3032 605 VII,
3068 539 3122 597 5.
3176 538 3464 611 Capitibus
3513 537 3608 596 de'

337 627 546 696 Spiritu
587 625 920 690 sancto,lX,
950 627 1000 678 7.
1035 624 1238 680 Contra
1270 621 1622 686 Eunomium,
1657 626 1921 690 secundo,
1947 614 2044 690 III,
2074 625 2147 692 5;
2179 624 2271 686 IX,
2310 627 2378 691 5;
2411 624 2483 689 X,
2516 626 2588 693 5;
2622 627 2805 694 tertio,
2836 625 2949 692 VII,
2983 629 3053 696 5;
3087 636 3307 697 quarto,
3361 627 3446 693 III,
3507 629 3575 695 5;

335 713 427 778 IV,
453 716 507 778 4,
544 715 596 774 5.
634 715 702 779 6;
733 715 826 775 IX,
860 715 932 779 5;
960 720 1163 783 quarto
1185 711 1618 781 ἁντιρῤητικῶν,
1653 711 1724 778 Χ,
1750 713 1804 778 9,
1849 728 1926 782 ca]

1988 728 2026 768 :e
2053 713 2113 767 51
2143 729 2158 778 ;
2201 711 2269 779 Χ,
2300 712 2366 778 5;
2403 713 2619 780 quinto,
2657 713 3086 784 ἀντιρῤητικῶν,
3111 712 3180 776 Χ,
3206 713 3260 768 4.
3291 713 3344 767 In
3371 714 3579 770 Hexae-

337 819 549 866 meron,
587 800 673 864 VI,
701 804 722 854 1
755 819 769 868 ;
810 799 927 862 γιι,
963 802 1015 854 8.
1051 799 1317 854 Sermone
1345 799 1414 853 de
1451 798 1576 863 Ilde,
1610 796 1704 864 IX,
1728 801 1782 854 4.
1813 798 1869 855 In
1887 799 2162 854 Psahnum
2191 815 2336 863 xuv,
2379 798 2540 866 VI,4.
2568 797 2721 855 Orat.
2745 801 2812 855 de
2841 800 3109 870 principio
3133 799 3576 866 Praverhiornm,

323 890 429 951 _II|.
459 891 512 944 4.
543 890 604 944 In
628 891 960 956 moralibus,
995 887 1083 952 III,
1112 887 1166 942 7.
1197 887 1372 957 Epist.
1406 886 1474 942 ad
1501 885 1869 952 Eustathium,
1904 887 1992 952 IV,
2021 887 2073 941 7.
2108 885 2186 940 Ad
2214 886 2535 957 Gregorium
2567 886 2813 952 I'ratrem,
2839 885 2957 950 VII,
2983 887 3036 950 4,
3067 887 3118 940 5.
3161 885 3376 941 Psalmo
3409 903 3577 942 nun

338 981 390 1032 in
427 978 647 1032 homilia
682 977 1000 1042 moralium,
1045 973 1156 1041 VII,
1214 975 1269 1029 8.
1303 975 1357 1028 In
1391 974 1536 1029 Psal.
1570 988 1708 1042 uti,
1744 973 1859 1041 VII,
1897 975 1961 1042 5;
2014 975 2154 1029 libro
2178 975 2373 1046 quinto
2407 977 2472 1030 ad
2505 975 2975 1045 Amphilochium,
3035 973 3152 1042 VII,
3182 974 3236 1029 9.
3283 975 3339 1029 In
3407 979 3575 1031 illud:

335 1066 560 1120 Attende
589 1067 706 1132 tibi,
739 1064 871 1130 VIII,
893 1065 964 1120 ε8.
994 1061 1238 1133 Epistola
1267 1063 1332 1114 ad
1361 1060 1682 1116 Terentium
1713 1062 1992 1128 comitem,
2028 1062 2114 1124 IX,
2145 1064 2199 1118 4.
2235 1062 2314 1118 Ad
2341 1062 2735 1126 Caesarienses,
2764 1062 2852 1130 IX,
2883 1065 2937 1118 7.

281 1175 289 1184 ·
406 1156 853 1225 Chrysestomus,
895 1154 936 1222 ι,
967 1155 1036 1218 5;
1069 1147 1165 1216 III,
1195 1152 1267 1219 4;
1301 1151 1388 1214 VI,
1426 1150 1480 1214 6,
1509 1149 1577 1216 9;
1607 1149 1720 1215 VII,
1754 1151 1806 1206 I.
1842 1150 2076 1205 IIomiIia
2118 1149 2208 1215 64,
2253 1150 2309 1203 in
2356 1149 2690 1214 Matthmum,
2750 1151 2838 1213 III,
2880 1150 2934 1205 4.
2989 1147 3222 1204 Homilia
3266 1149 3356 1215 56,
3389 1150 3474 1214 VI,
3521 1152 3577 1205 4.

335 1241 394 1295 In
417 1243 573 1307 illud,
604 1241 670 1296 In
701 1243 820 1310 ipso
848 1242 960 1296 vita
990 1249 1126 1301 erat,
1160 1238 1256 1302 IX,
1285 1239 1340 1293 7.
1377 1237 1579 1294 Homil.
1609 1238 1701 1305 I5,
1733 1231 1788 1292 in
1823 1238 2114 1304 Joannem,
2149 1235 2288 1302 VIII,
2325 1239 2379 1294 8.
2411 1237 2608 1312 Honiil.
2651 1237 2742 1302 42,
2773 1236 2861 1302 VI,
2905 1238 2960 1301 5,
3001 1235 3054 1292 6.
3086 1235 3142 1290 ln
3181 1237 3350 1302 Epist.
3378 1239 3443 1290 ad
3478 1237 3582 1292 Co-

337 1329 505 1382 riuth'.
537 1329 686 1383 hom.
721 1329 812 1395 29,
848 1326 964 1391 VII,
998 1327 1054 1382 5.
1086 1328 1174 1394 Ad,
1203 1323 1473 1397 Ephesios
1497 1327 1651 1383 hom.
1678 1327 1764 1393 15,
1791 1325 1904 1389 VII,
1946 1326 1997 1380 5.
2035 1323 2266 1380 lIomilia
2304 1326 2370 1379 de
2400 1324 2690 1396 Eutropio,
2721 1325 2762 1391 l,
2786 1324 2839 1380 6.
2873 1325 2952 1380 Ad
2981 1324 3328 1379 Theodorum
3364 1326 3576 1394 lapsum

338 1414 424 1480 VI,
453 1417 504 1480 4,
543 1418 574 1472 5
601 1435 616 1484 ;
651 1416 789 1483 VIII,
822 1417 874 1472 8.
907 1415 1143 1471 Homilia
1167 1414 1235 1469 de
1259 1429 1443 1480 cruce,
1468 1415 1627 1485 cujus
1657 1415 1896 1481 initium,
1930 1412 2072 1480 Quid
2104 1416 2301 1482 dicam,
2335 1415 2399 1482 X,
2422 1415 2476 1471 8.
2499 1416 2810 1485 Explanans
2844 1415 2974 1470 illud
3008 1432 3020 1468 :
3052 1413 3287 1468 Vidimus
3331 1416 3579 1486 gloriam,

335 1503 418 1566 γι,
448 1505 501 1558 6.
533 1504 688 1560 Orat.
717 1506 784 1561 de
809 1505 1286 1574 incomprehenso,
1318 1497 1459 1566 VIII,
1488 1501 1543 1556 8.
1583 1500 1659 1557 De
1690 1492 2191 1574 transtiguratione,
2218 1501 2307 1568 Vl,
2344 1503 2395 1557 6.
2429 1502 2688 1559 Oratione
2717 1513 2906 1557 contra
2941 1502 3226 1557 haereticos
3259 1512 3312 1556 et
3343 1504 3392 1556 in
3431 1506 3572 1572 peti-

332 1593 536 1646 tionem
570 1592 810 1647 Iiliorum
836 1591 1104 1657 Zebedaai,
1134 1588 1226 1657 VI,
1267 1588 1322 1644 8.
1363 1588 1423 1644 In
1457 1589 1630 1646 illud:
1665 1589 1748 1645 Ea.
1779 1590 2109 1661 plenitudine
2140 1592 2256 1660 ejus
2283 1607 2462 1648 omnes
2495 1593 2814 1662 accepimus,
2846 1590 2963 1656 VII,
2991 1589 3046 1645 4.
3077 1592 3335 1645 Oratione
3369 1592 3423 1644 in
3455 1593 3576 1647 Iau-

330 1678 453 1733 dent
479 1678 538 1733 S.
575 1677 800 1735 Joannis
825 1679 1086 1748 theologi,
1115 1675 1255 1742 VIII,
1291 1675 1354 1731 6.

400 1775 654 1833 Clemens
689 1777 1064 1849 philosophus,
1099 1776 1162 1844 V,
1189 1777 1244 1831 4.

411 1866 639 1922 Divinos
663 1865 916 1926 Cosmus.
942 1865 1039 1934 γι,
1069 1867 1126 1922 4.
1155 1867 1381 1925 Canone
1411 1864 1535 1922 festi
1603 1861 2126 1933 transﬂgurationis,
2165 1857 2254 1927 γι,
2287 1859 2346 1925 6,
2381 1860 2432 1914 7.
2471 1859 2530 1914 In
2561 1861 2631 1917 iis
2659 1874 2778 1932 qua:
2808 1861 2864 1916 in
2917 1862 3150 1919 mediam
3215 1861 3572 1919 Pentecostcn

331 1970 626 2025 canuntur,
665 1958 756 2024 VI,
792 1957 848 2013 6.

407 2047 646 2120 Cyrillus
683 2046 840 2102 Ales.
873 2046 964 2112 III,
1003 2045 1073 2111 5;
1108 2041 1246 2110 VIII,
1276 2042 1364 2097 10.
1397 2041 1455 2096 In
1482 2036 1776 2103 thesauris,
1810 2032 1898 2099 IV,
1928 2033 2002 2100 9;
2054 2031 2165 2120 VII,
2201 2031 2254 2120 2,
2285 2033 2355 2098 5;
2407 2031 2500 2099 IX,
2536 2034 2589 2090 6.
2629 2035 2790 2091 Libro
2815 2039 3012 2107 primo,
3049 2039 3141 2104 IX,
3190 2038 3256 2104 8;
3298 2039 3438 2095 lihro
3495 2055 3578 2106 III,
3698 2070 3710 2080 -

334 2119 512 2208 capite
542 2145 760 2207 quarto,
792 2133 860 2200 X,
886 2134 950 2200 9;
995 2133 1134 2188 libro
1163 2147 1272 2196 xw,
1305 2128 1400 2194 IX,
1441 2127 1494 2193 6,
1520 2127 1574 2193 8,
1605 2126 1710 2192 10;
1749 2121 1886 2178 libro
1921 2135 2004 2185 xv,
2057 2119 2147 2184 IX,
2188 2119 2261 2186 6;
2297 2121 2436 2208 libro
2463 2137 2575 2186 xu,
2615 2123 2705 2187 IX,
2736 2123 2804 2189 8‘;
2839 2126 2978 2179 libro
3009 2143 3158 2190 amr,
3203 2127 3273 2191 X,
3311 2129 3380 2193 2;
3441 2129 3582 2182 libro

335 2207 511 2291 xxix",
545 2223 612 2290 X,
643 2224 695 2291 7,
738 2222 913 2293 capite
946 2222 1038 2285 55,
1076 2219 1169 2286 IX,
1206 2219 1258 2283 5,
1291 2217 1358 2284 7;
1415 2215 1556 2270 libro
1581 2226 1768 2275 xxxrv,
1809 2208 1874 2272 X,
1913 2208 1968 2261 7.
1995 2208 2280 2293 Disserens
2311 2207 2375 2262 de
2406 2207 2615 2278 Spiritu
2639 2219 2855 2275 saneto,
2889 2212 2996 2278 VII,
3031 2214 3086 2275 2,
3116 2215 3169 2279 5,
3203 2216 3277 2279 5;
3309 2214 3398 2280 IX,
3441 2217 3493 2280 6,
3525 2217 3580 2268 7.

338 2311 734 2382 Explanatione
763 2292 820 2364 In
859 2307 1091 2373 Lucam,
1118 2305 1209 2373 VI,
1255 2305 1310 2359 4-.
1340 2302 1506 2358 Libro
1545 2299 1724 2368 primo
1754 2296 1822 2351 ad
1865 2295 2166 2382 Hermiatn,
2192 2292 2365 2382 IX,-7.
2388 2293 2568 2380 Libro
2593 2296 2792 2366 quinto
2829 2295 3114 2369 Diaiogor.
3163 2304 3231 2354 ad
3281 2299 3581 2364 Hermiatu,

338 2378 438 2464 IX,
461 2399 516 2454 7.
556 2397 721 2452 Libro
749 2396 982 2466 septimo
1009 2406 1202 2449 eorum
1231 2405 1372 2461 quos
1394 2401 1548 2444 more
1567 2383 1770 2454 dialogi
1793 2383 2038 2452 scripsit,
2073 2378 2162 2442 VI.
2193 2380 2245 2434 7.
2279 2378 2446 2437 Libro
2475 2385 2710 2452 septimo
2763 2383 3112 2454 Dialogorum
3168 2387 3236 2441 ad
3280 2389 3582 2454 Hermian»,

343 2494 455 2561 VII,
491 2489 988 2558 4;IX,6;X,5.

409 2605 645 2682 Cyrillus
675 2602 946 2659 Hierosol.
968 2601 1024 2655 in
1061 2595 1472 2682 Catechesibus,
1501 2591 1610 2659 VII,
1645 2586 2290 2682 I_,‘_(‘Ieeima_C-ateci_tesi,
2325 2587 2498 2682 VI,-4.

417 2674 642 2746 Divinus
674 2689 986 2743 Diadochus
1014 2694 1068 2741 et
1097 2683 1301 2739 silentii
1331 2679 1614 2752 magister,
1648 2675 1786 2742 VIII,
1817 2677 1872 2731 8.
1907 2678 1924 2744 (
1953 2674 2110 2729 Libro
2138 2675 2202 2727 de
2229 2674 2549 2742 perfectione
2571 2675 2840 2745 spirituali
2864 2679 3058 2732 citatur
3079 2697 3110 2732 a
3142 2677 3408 2733 Turrinno
3431 2681 3584 2733 scho-

327 2778 433 2832 ‘Iiis
464 2779 533 2831 ad
565 2777 635 2844 X,
663 2777 720 2831 2.
753 2775 1044 2844 Episcopus
1065 2771 1320 2828 ‘Photices
1351 2770 1406 2823 in
1435 2767 1621 2838 Epiro,
1651 2781 1801 2835 quem
1840 2765 1900 2818 S.
1929 2760 2202 2815 Maximus
2236 2761 2401 2815 citare
2424 2771 2472 2815 et
2502 2763 2651 2832 sequi
2681 2764 2832 2831 solet,
2865 2763 3000 2819 libro
3040 2782 3200 2819 aureo
3234 2767 3585 2836 quwstionum

351 2867 414 2919 de
441 2865 621 2918 animo
652 2872 901 2932 separata
925 2872 973 2916 et
1008 2860 1229 2930 angelis,
1259 2873 1408 2929 quem
1443 2855 1713 2920 inscripsit
1748 2851 2126 2922 Apocalypsin,
2168 2849 2244 2903 id.
2277 2850 2318 2919 ).

422 2952 714 3022 Dionysius
738 2948 1063 3018 Areopagita
1100 2945 1304 3016 passim
1344 2959 1441 3013 per
1475 2950 1647 2996 totum
1681 2954 1840 3008 opus.
1894 2933 2225 3004 TheOlogns,
2263 2934 2400 3004 VIII,
2433 2935 2518 2992 I0.

424 3039 716 3110 Dionysius
746 3038 901 3092 Alex.
932 3035 1157 3091 schoIiis
1182 3034 1246 3088 ad
1286 3031 1606 3102 Dionysium
1639 3027 2046 3104 AreOpagitam,
2078 3024 2118 3089 I,
2145 3025 2168 3076 1
2205 3039 2220 3090 ;
2258 3023 2322 3091 ιι,
2363 3023 2416 3078 2.

411 3127 473 3181 Β.
509 3128 759 3197 Ephraem
796 3127 1047 3182 oratione
1078 3124 1131 3178 in
1165 3121 1722 3191 transﬁgurationem,
1753 3111 1843 3179 VI,
1877 3115 1932 3169 4.

419 3215 478 3270 S.
518 3213 810 3286 Epiphanii
841 3212 1094 3278 l’anaria,
1123 3207 1212 3276 Ill,
1247 3209 1312 3274 4;
1349 3205 1415 3273 V,
1439 3206 1494 3260 2.
1523 3217 1714 3261 contra
1746 3203 1978 3260 haeresin
2011 3199 2428 3266 Marcosiorum,
2455 3197 2590 3267 VIII,
2631 3197 2717 3256 I0.
2743 3197 2946 3257 Ilzeresi
2981 3211 3167 3256 contra
3215 3198 3586 3269 Ptolemaitas,

344 3301 416 3356 Χ.
444 3302 498 3356 9.

401 3340 728 3441 Ἐυηοηιὶυε
767 3381 824 3435 in
855 3378 925 3435 iis
953 3391 1076 3448 qua:
1104 3386 1293 3431 contra
1329 3372 1592 3430 Basiliam
1627 3387 1886 3450 magnum
1920 3373 2131 3456 scribit,
2162 3371 2228 3439 Χ,
2261 3372 2317 3426 4.

422 3473 686 3526 Eusebius
717 3465 1099 3528 Cmsariensis,
1131 3460 1221 3528 III,
1253 3464 1308 3516 4.

423 3561 695 3632 Euthymii
726 3559 1028 3628 dogmatica
1056 3555 1330 3625 panOpIia,
1365 3551 1457 3616 III,
1481 3553 1536 3604 2.

426 3654 663 3706 Sanctus
688 3663 751 3702 ac
781 3646 998 3700 divinus
1021 3643 1329 3698 Germanus
1360 3641 1413 3693 in
1444 3641 1794 3708 Expositione
1824 3637 1968 3702 fidei,
2000 3637 2142 3701 VIII,
2179 3637 2266 3690 16.

425 3782 741 3850 Gregorius,
779 3776 1082 3845 theologus,
1116 3775 1158 3839 I,
1193 3775 1260 3839 3;
1292 3772 1383 3838 IV,
1420 3773 1487 3838 8;
1528 3772 1614 3838 Vl,
1645 3775 1700 3839 7,
1731 3776 1785 3830 9.
1813 3774 1978 3829 Libro
2010 3775 2187 3844 primo
2213 3775 2278 3829 de
2313 3773 2474 3841 Filio,
2511 3773 2646 3843 VIII,
2685 3777 2708 3830 1
2741 3793 2756 3842 ;
2789 3776 2881 3842 IX,
2909 3777 2943 3831 5
2972 3795 2986 3844 ;
3015 3777 3084 3842 X,
3119 3778 3176 3845 2,
3216 3779 3268 3833 5.
3302 3777 3469 3835 Libro
3497 3799 3584 3839 se-

353 3871 557 3934 cundo,
594 3866 683 3932 VI,
709 3867 761 3920 6.
795 3868 946 3917 Orat.
977 3863 1044 3918 de
1073 3862 1277 3931 Spiritu
1309 3873 1520 3926 sancto,
1559 3860 1646 3928 ιιι,
1677 3863 1750 3927 4;
1783 3861 1892 3929 VII,
1929 3862 1980 3916 5.
2013 3862 2268 3916 Secundo
2300 3863 2366 3916 de
2402 3863 2673 3934 theologia
2699 3864 2857 3931 libro,
2894 3864 2936 3930 I,
2970 3865 3038 3932 6;
3072 3865 3138 3930 ll,
3177 3867 3232 3932 4,
3266 3867 3316 3932 5,
3345 3869 3398 3934 7,
3429 3870 3482 3937 8,
3517 3873 3592 3938 9;

347 3956 437 4020 III,
477 3957 545 4020 4;
585 3953 675 4020 VI,
707 3953 763 4018 6,
791 3952 862 4016 9;
893 3948 1029 4013 VIII,
1055 3948 1126 4013 8;
1160 3946 1252 4013 IX,
1281 3948 1335 4002 5.
1361 3947 1527 4002 Libro
1563 3952 1722 4003 tertio
1760 3948 2068 4018 Theologiae
2097 3963 2230 4015 suae,
2278 3948 2348 4011 X,
2380 3949 2467 4004 10.
2502 3950 2804 4018 Disputans
2826 3959 3014 4005 contra
3040 3952 3387 4021 Eunomium,
3420 3956 3508 4021 III,
3543 3959 3589 4010 I.

348 4045 425 4100 De
447 4043 746 4099 ‘divinitate
777 4041 845 4094 ad
875 4039 1166 4108 Evagrium
1201 4037 1557 4100 monachum,
1601 4037 1688 4100 IV,
1725 4038 1798 4103 8;
1834 4034 1949 4100 VII,
1974 4035 2028 4089 4.
2062 4035 2321 4090 Oratione
2348 4050 2472 4090 cum
2498 4035 2679 4091 factus
2727 4043 2812 4091 est
2841 4038 3150 4108 presbyter,
3191 4037 3254 4102 V,
3298 4040 3350 4094 9.
3392 4043 3462 4095 De
3499 4045 3592 4096 ba-
3642 4071 3644 4074 ν

350 4133 570 4202 plismo,
603 4130 692 4193 γΙ,
725 4131 781 4192 5,
815 4128 916 4194 10;
953 4125 1043 4192 ΙΧ,
1079 4127 1132 4180 5.
1159 4125 1238 4178 Ad
1270 4122 1566 4189 Heronem,
1607 4122 1694 4188 VI,
1731 4123 1783 4177 5.
1807 4123 1876 4176 In
1910 4137 2162 4178 sermone
2217 4122 2551 4192 Epiphanire,
2582 4122 2670 4187 IV,
2706 4125 2756 4178 1.
2811 4125 2977 4180 Libro
3008 4127 3074 4180 de
3103 4135 3246 4179 statu
3305 4129 3589 4200 episcopo-

349 4236 496 4284 rum,
530 4218 617 4283 III,
654 4217 704 4271 6.
743 4216 813 4270 De
841 4212 1242 4268 constituendis
1272 4211 1566 4282 episcopis,
1602 4209 1696 4276 IX,
1729 4211 1786 4277 2,
1835 4210 1884 4263 5.
1926 4211 1986 4263 In
2016 4208 2258 4263 Natalem
2301 4211 2535 4275 Domini,
2579 4210 2668 4276 γι,
2698 4211 2728 4263 7
2760 4230 2772 4276 ;
2837 4211 2969 4265 VIII.
3007 4211 3270 4266 Oratione
3322 4213 3389 4268 de
3445 4215 3592 4269 bono

349 4307 538 4359 ordine
577 4302 900 4366 disserendi,
933 4299 1018 4362 γι,
1049 4299 1103 4360 5,
1133 4299 1186 4352 6.
1226 4297 1478 4353 Secunda
1510 4297 1577 4352 de
1613 4313 1766 4368 pace,
1802 4297 1915 4360 VII,
1943 4297 1996 4350 9.
2030 4296 2213 4351 Tertia
2252 4295 2344 4359 IX,
2377 4298 2428 4351 5.
2465 4297 2519 4350 In
2567 4297 2954 4362 Pentecosten,
3011 4298 3122 4364 VII,
3152 4299 3210 4353 9.
3259 4299 3312 4352 In
3377 4301 3589 4356 Iaudem

350 4389 590 4459 Gregdrii
625 4386 880 4461 Nysseni,
909 4384 998 4449 IX,
1039 4384 1091 4436 7.

319 4452 342 4565 3
419 4452 712 4565 Gi'egorius
743 4494 1044 4565 Nyssenus,
1082 4492 1143 4557 II,
1177 4493 1245 4556 5;
1286 4489 1376 4555 IV,
1410 4490 1464 4556 8,
1500 4491 1568 4557 9;
1602 4489 1716 4556 VII,
1746 4492 1800 4557 8,
1837 4492 1948 4558 10;
1987 4491 2076 4557 ΙΧ,
2119 4496 2162 4557 ι,
2193 4495 2248 4560 2,
2279 4494 2331 4559 4,
2367 4495 2416 4548 5.
2449 4494 2600 4550 Orat.
2645 4496 2709 4549 ad
2736 4493 3102 4562 Pulcheriam,
3136 4498 3225 4563 IX,
3291 4499 3342 4553 6.
3391 4499 3594 4554 Contra

352 4583 707 4646 Ennomium,
742 4581 831 4645 IV,
867 4581 932 4647 5;
968 4581 1029 4644 V,
1067 4581 1142 4644 9;
1180 4577 1312 4645 VIII,
1342 4577 1395 4631 6.
1427 4577 1592 4633 Libro
1631 4580 1725 4648 qui
1765 4580 1957 4648 incipit
1990 4579 2172 4634 Prima
2201 4583 2430 4650 quidem,
2473 4583 2512 4646 Ι,
2560 4583 2612 4635 6.
2649 4581 2812 4636 Libro
2872 4587 3068 4651 primo,
3140 4585 3202 4649 γ,
3237 4586 3306 4653 9;
3350 4583 3463 4650 VII,
3522 4590 3593 4653 8;

351 4671 446 4736 IX,
472 4672 526 4736 5,
549 4671 612 4734 6;
649 4667 712 4733 X,
750 4670 804 4732 4,
839 4669 906 4731 5;
941 4671 1119 4736 capite
1149 4681 1264 4728 xu,
1311 4664 1377 4730 X,
1401 4667 1467 4731 9;
1534 4666 1674 4720 libro
1735 4665 1937 4720 second

2051 4667 2139 4729 ιιι,
2180 4669 2245 4735 5;
2303 4669 2368 4735 V,
2395 4672 2447 4725 9.
2517 4669 2717 4724 Contra
2785 4669 3106 4725 Eunomium
3175 4689 3338 4738 nono,
3386 4674 3477 4740 IX,
3528 4677 3592 4742 4;

351 4758 568 4814 decimo
603 4757 779 4822 tertio,
807 4753 895 4818 IV,
925 4753 991 4819 6;
1019 4753 1086 4818 X,
1125 4755 1180 4806 4.
1218 4753 1384 4807 Libro
1413 4753 1478 4806 de
1515 4753 1846 4812 Abrahamo,
1887 4753 1974 4818 IX,
2008 4755 2060 4810 5.
2098 4757 2168 4830 De
2195 4761 2300 4811 vita
2339 4758 2521 4824 Mosis,
2551 4758 2614 4825 II,
2641 4759 2712 4822 8;
2752 4757 2889 4821 VIII,
2943 4759 2994 4813 8.
3027 4761 3422 4829 Explanalione
3452 4763 3593 4817 Can-

353 4848 446 4900 tici
474 4846 736 4901 canticor.
764 4843 852 4908 IV,
885 4845 956 4901 3;
993 4841 1102 4907 VII,
1129 4843 1197 4906 4;
1229 4839 1318 4903 IX,
1349 4841 1400 4894 7.
1433 4841 1577 4906 X,7.
1609 4840 1665 4893 In
1699 4841 1849 4901 illud,
1884 4843 1944 4894 At

2002 4844 2144 4896 eniat
2189 4861 2403 4914 regnum
2437 4857 2603 4911 tuum,
2648 4845 2742 4911 IX,
2771 4847 2820 4913 7,
2857 4847 2910 4901 9.
2948 4848 3114 4916 Epist.
3145 4853 3206 4903 ad
3234 4848 3592 4920 Theophilum

355 4935 509 4987 A'ex.
545 4940 740 4985 contra
765 4931 1184 5000 Apollinarium,
1219 4927 1308 4992 VI,
1337 4927 1390 4982 6.
1423 4927 1587 4982 Libro
1615 4926 1794 4997 primo
1835 4931 1886 4981 in
1924 4926 2316 4993 Ecclesiasten,
2349 4931 2436 4994 VI,
2474 4934 2524 4985 7.
2563 4931 2958 5001 Explanatione
3004 4936 3421 5003 beatitudinum,
3458 4938 3592 5005 VIII,

352 5023 408 5074 8.
443 5021 605 5075 Libro
633 5020 928 5088 inscripto,
968 5019 1098 5084 Qua:
1129 5018 1202 5072 sit
1233 5015 1534 5071 Christiani
1563 5014 1979 5084 professio,'IX,
2007 5017 2061 5069 2.
2090 5015 2142 5068 In
2181 5016 2553 5078 Catechetico,
2606 5019 2698 5080 IX,
2729 5021 2761 5072 5
2787 5039 2800 5082 ;
2835 5019 2904 5084 X,
2941 5019 2994 5074 8.

425 5111 484 5164 S.
518 5108 793 5173 Ilierothei
827 5107 1007 5161 divina
1040 5104 1328 5174 principia,
1365 5102 1475 5168 VII,
1511 5105 1544 5156 2
1575 5105 1592 5172 (
1624 5118 1688 5156 ex
1726 5102 1982 5172 Dionysio
2013 5107 2281 5174 Areopag.
2322 5106 2377 5171 );
2419 5106 2604 5175 hymni
2641 5109 2910 5173 amatorii,
2956 5107 3095 5174 VIII,
3135 5111 3182 5165 I.

422 5221 662 5277 Joannes
687 5217 1081 5281 Damascenus,
1115 5216 1200 5278 III,
1225 5217 1290 5282 3;
1315 5215 1377 5278 V,
1411 5217 1482 5279 9;
1521 5214 1606 5279 Vl,
1633 5214 1700 5279 6;
1729 5211 1838 5275 VII,
1876 5213 1897 5266 I
1932 5231 1945 5277 ;
1985 5212 2116 5277 VIII,
2159 5213 2257 5278 10;
2295 5212 2383 5277 IX,
2421 5216 2442 5268 1
2475 5233 2490 5279 ;
2535 5217 2602 5279 X,
2639 5218 2689 5278 I,
2725 5218 2781 5279 2,
2820 5219 2872 5273 3.
2906 5212 3238 5292 Theolbgus,
3277 5220 3361 5286 Ill,
3393 5221 3462 5282 7;
3504 5222 3591 5284 IV,

351 5312 422 5374 8;
470 5307 607 5369 VIII,
647 5305 703 5360 2.
737 5305 1147 5368 Divinissimus,
1181 5302 1271 5365 Vl,
1315 5303 1367 5355 4.
1405 5304 1460 5356 In
1511 5303 2068 5372 transtlgurationem,
2105 5300 2193 5363 VI,
2230 5303 2282 5356 4.
2317 5303 2504 5372 Capite
2560 5306 2625 5359 de
2657 5305 2946 5375 Trinitatc,
2992 5308 3082 5370 IX,
3114 5311 3166 5364 9.
3205 5309 3346 5372 Libri
3413 5324 3470 5360 III
3501 5299 3594 5360 'de

355 5399 656 5452 orthodoxa
687 5394 809 5460 (ide,
841 5405 1007 5464 caput
1031 5392 1118 5456 I2,
1153 5390 1215 5457 V,
1241 5391 1314 5455 9;
1346 5401 1509 5459 caput
1537 5389 1626 5452 62,
1662 5389 1746 5451 IlI,
1781 5389 1851 5452 4;
1895 5396 2058 5459 caput
2083 5389 2173 5452 65,
2219 5386 2310 5453 IX,
2346 5391 2398 5446 4.
2441 5391 2665 5448 Canone
2698 5395 2748 5446 in
2797 5396 3357 5466 transtigurationem,
3399 5393 3489 5459 VI,
3534 5393 3584 5449 7.

362 5482 628 5537 Sermone
657 5481 921 5549 inscripto
945 5479 1017 5533 De
1053 5477 1475 5549 proprietatibus
1505 5476 1732 5540 Christi,
1765 5474 1833 5541 Χ,
1867 5475 1922 5531 4.

315 5603 319 5606 ·
431 5590 489 5643 S.
526 5589 800 5652 Justinus,
833 5589 1192 5660 philosophus
1225 5596 1280 5641 et
1309 5597 1537 5658 martyr,
1592 5585 1728 5650 VIII,
1761 5586 1848 5642 I0.
1886 5588 2144 5646 Oratione
2200 5593 2269 5648 de
2301 5603 2446 5650 recta
2479 5593 2846 5661 confessione,
2906 5593 3036 5659 VIII,
3071 5595 3120 5660 I,
3156 5594 3209 5649 8.
3239 5593 3297 5648 lu
3350 5594 3419 5650 iis
3471 5611 3597 5668 quia

362 5679 589 5730 I‘ltotius
615 5678 920 5744 patriarcha
952 5692 1017 5731 ex
1061 5691 1126 5730 eo
1161 5675 1373 5741 recitat,
1406 5674 1503 5738 IX,
1540 5675 1593 5729 4.
1823 5708 1868 5746 π
2073 5672 2095 5687 “

433 5764 667 5819 Sanctus
693 5767 903 5831 Iustus,
940 5765 1004 5832 V,
1041 5763 1094 5819 8.
1139 5761 1216 5816 Ex
1249 5764 1510 5834 Dionysio
1536 5778 1584 5818 c.
1625 5763 1711 5829 II,
1746 5762 1823 5816 De
1855 5764 2048 5830 divinis
2082 5765 2405 5820 nominibus.
