4028 6270
458 356 566 423 995
1164 356 1407 418 INDEX
1445 353 1949 415 SCRII’TORUM
1993 350 2077 413 IN
2121 351 2387 412 DECAD-
2434 350 3031 415 CYPARISSIOT/E.
3622 357 3733 421 996

387 527 402 539 ,
535 480 553 543 1
582 474 832 526 Leontius
872 471 1005 541 Byz,
1032 482 1222 525 contra
1258 470 1784 537 Aplttltartodocelas,
1816 468 2015 522 ritatur
2044 467 2098 520 in
2126 465 2340 519 scholiis
2376 462 2642 519 Turriani
2677 467 2746 520 ad
2789 464 2958 531 γιιι,
2985 468 3038 528 9.
3090 477 3277 521 auctor
3325 470 3595 524 eruditiss.
3631 471 3725 523 lto.

462 562 664 617 Contra
698 557 1008 613 Nestorium
1040 555 1419 627 et-Eutyclten,
1447 557 1519 610 ad
1547 552 1653 619 IX,
1686 554 1742 612 9.
1770 555 1789 626 )

541 670 562 742 (
593 669 815 725 Manus!
843 669 1085 730 Calecas,
1111 668 1250 721 libro
1292 667 1367 721 De
1390 664 1658 721 Trinitate
1681 652 1881 718 citatur
1909 665 1964 719 in
1998 663 2254 720 Ταινίαιιὶ
2292 666 2530 729 scholiis,
2566 665 2641 719 ad
2674 664 2739 729 Χ,
2777 666 2863 720 I0.
2892 666 2911 735 )

508 760 610 834 .S.
648 757 919 812 Maximus
953 756 1019 811 ad
1051 754 1274 825 Dionys.
1325 756 1747 826 Areopagitam,
1789 752 1833 815 I,
1866 752 1931 819 I;
1977 752 2064 813 III,
2095 754 2150 819 8,
2195 754 2253 820 9,
2296 766 2404 810 etc.
2452 754 2853 825 Explanatione
2914 754 3105 811 subtili
3158 756 3516 825 preczttionis,
3565 758 3728 816 Pater

471 857 671 912 noster,
729 843 823 908 IX,
859 845 912 898 5.
952 843 1007 897 In
1035 842 1385 913 theologicis,
1424 841 1490 909 II,
1528 845 1583 907 3,
1618 843 1677 907 4,
1705 843 1759 910 6,
1794 842 1847 907 7,
1881 842 1950 909 9;
1985 839 2073 906 VI,
2105 841 2161 895 9.
2184 840 2460 897 Centurio:
2497 858 2536 903 ι.
2569 844 2751 911 capite
2781 842 3035 912 septimo,
3087 841 3156 906 Χ,
3207 841 3263 897 9.
3307 844 3499 914 Capite
3550 846 3619 901 58
3676 860 3731 905 et

472 937 540 991 59
578 932 838 989 centuriae
864 931 1090 1003 quinta,
1120 928 1231 993 VII,
1265 930 1317 983 5.
1349 932 1497 1000 Disp.
1545 939 1739 985 contra
1781 929 2074 1001 Pyrrhum,
2115 928 2204 998 Ill,
2236 931 2309 997 5;
2358 931 2418 996 V,
2453 930 2527 997 9;
2556 929 2628 992 Χ,
2668 932 2722 985 ι.
2753 931 2808 985 In
2837 931 3129 984 sententiis
3159 930 3409 1001 Gregorii
3462 934 3729 1003 theologi,

470 1021 560 1084 III,
602 1019 671 1085 2;
711 1018 846 1082 VIII,
897 1018 948 1071 1.
1004 1016 1394 1087 Speculatione
1420 1018 1596 1089 magis
1624 1016 1852 1072 dilatata
1887 1018 1955 1073 de
1995 1017 2505 1088 trsnsﬂguratione,
2529 1016 2619 1083 Vl,
2649 1016 2705 1071 5.
2756 1016 2992 1074 Basilius
3026 1017 3303 1074 adnotatis
3330 1034 3362 1074 ι
3397 1019 3455 1074 S.
3489 1019 3733 1079 Maximo

473 1109 541 1163 de
580 1107 801 1176 energia
830 1115 1021 1161 contra
1064 1106 1477 1173 Monothelitas,
1522 1104 1611 1170 Ill,
1654 1106 1709 1161 4.
1748 1104 1938 1168 Libro,
1970 1105 2115 1174 quod
2150 1104 2207 1160 in
2232 1105 2461 1160 Christo
2491 1114 2577 1161 est
2613 1119 2820 1171 rerum,
2864 1105 2917 1160 id
2943 1116 3027 1160 est
3060 1106 3522 1171 substantiarum,
3565 1109 3726 1165 dit'I‘e-

473 1197 671 1259 rentia,
695 1193 765 1259 X,
799 1194 853 1248 8.
891 1194 1083 1264 Capite
1111 1193 1145 1247 9
1172 1194 1438 1249 centuria:
1489 1203 1703 1263 quarta:
1734 1194 1802 1249 de
1853 1194 2145 1257 charitate,
2190 1192 2300 1259 VII,
2352 1192 2405 1247 9.
2448 1192 2505 1248 In
2541 1193 2805 1249 centuriis
2844 1193 3195 1263 theologieis,
3245 1205 3460 1251 censor.
3509 1213 3595 1259 ιιι,
3636 1214 3726 1253 c.1-

470 1284 579 1354 pite
609 1285 791 1347 tertio,
822 1281 890 1346 Χ,
916 1283 984 1347 8;
1026 1292 1248 1351 quarto,
1279 1280 1348 1345 Χ,
1392 1280 1463 1345 7;
1502 1281 1762 1350 septimo,
1796 1279 1905 1345 VII,
1949 1282 2042 1345 I0;
2072 1296 2197 1349 cap.
2229 1279 2323 1343 42,
2353 1280 2485 1334 ibid.
2511 1295 2531 1343 ;
2562 1280 2808 1336 centuria
2841 1279 3037 1349 prima,
3070 1293 3194 1350 cap.
3226 1282 3284 1347 2,
3325 1281 3464 1347 VIII,
3502 1284 3521 1336 I
3552 1302 3569 1350 ;
3598 1302 3722 1357 cap.

470 1373 562 1437 55,
604 1370 742 1433 VIII.
780 1373 849 1435 «ις
887 1387 1008 1439 cap.
1051 1370 1085 1425 6
1152 1372 1325 1427 tertiae
1364 1370 1646 1432 centuriae,
1689 1367 1829 1433 VIII,
1869 1370 1925 1424 2.
1967 1368 2169 1424 Octava
2200 1368 2485 1433 Centurio,
2522 1382 2658 1437 cap.
2688 1367 2780 1432 88,
2830 1365 2961 1433 VIII,
3000 1367 3078 1433 ις
3120 1381 3241 1438 cap.
3307 1369 3400 1436 87,
3463 1369 3605 1435 VIII.
3670 1375 3723 1427 5.

470 1463 698 1514 (lentur.
735 1475 795 1513 ιιι
837 1459 905 1513 de
932 1458 1224 1524 charitate,
1257 1474 1381 1528 cap.
1420 1458 1511 1522 2I,
1556 1454 1690 1521 VIII,
1733 1456 1804 1522 5;
1852 1472 1977 1526 cap.
2019 1456 2110 1520 27,
2152 1454 2293 1521 VIII,
2321 1455 2394 1521 7;
2447 1470 2569 1524 cap.
2611 1455 2703 1522 29,
2752 1455 2884 1520 VIII,
2920 1457 2977 1513 9.
3030 1455 3294 1513 Centttria
3338 1475 3414 1517 νι.
3460 1474 3581 1529 cap.
3630 1461 3723 1521 8t.

473 1547 608 1609 VIII,
653 1546 707 1601 6.
750 1547 1007 1602 Centurio
1041 1564 1120 1612 tv,
1159 1562 1282 1618 cap.
1334 1546 1360 1600 ί
1388 1554 1442 1601 et
1475 1545 1531 1609 4,
1563 1543 1657 1611 ιχ,
1692 1544 1795 1612 I0;
1825 1558 1951 1617 cap.
1990 1545 2047 1613 8,
2076 1544 2147 1612 Χ,
2185 1545 2212 1600 I
2244 1562 2260 1612 ;
2310 1544 2665 1601 adnotatione
2717 1544 3065 1601 extrinsecus
3120 1547 3299 1615 posita
3359 1549 3427 1602 ad
3488 1558 3653 1617 caput
3695 1550 3729 1602 2

470 1636 748 1691 Centuria:
773 1634 985 1704 primae,
1026 1632 1095 1700 Χ,
1130 1635 1185 1688 4.

546 1743 750 1798 Phaedo
786 1742 1164 1813 phiIOSOphus,
1209 1740 1351 1797 infra
1381 1742 1438 1797 in
1479 1740 1717 1812 synodo.

548 1832 777 1890 Photius
814 1832 1125 1901 patriarcha
1152 1830 1552 1903 questionibus
1598 1828 1667 1883 ad
1712 1827 2165 1899 Amphilochium
2199 1840 2397 1904 quaest.
2431 1831 2523 1893 75,
2573 1827 2685 1895 VH,
2732 1828 2780 1885 I.
2842 1828 3071 1887 Easdem
3111 1830 3245 1885 citat
3329 1830 3635 1888 Turrianss
3670 1833 3725 1888 in

479 1922 707 1980 scholiis
746 1921 814 1975 ad
847 1919 987 1985 VIII,
1024 1922 1080 1975 4.

552 2009 863 2073 Saddncah
907 2007 974 2076 X,
1009 2010 1065 2063 I.

552 2095 756 2152 Sextus
779 2097 1184 2154 ecclesiasticus
1222 2098 1613 2169 philosOphus,
1644 2101 1713 2166 Χ,
1752 2100 1838 2156 I0.

550 2184 915 2255 Sophronius,
943 2184 1493 2257 Hierosolymitanus,
1528 2187 1624 2253 IX,
1647 2188 1704 2242 2.

554 2274 810 2343 Synodus
843 2289 859 2327 I
900 2274 1241 2329 oecumenica
1270 2290 1336 2329 ex
1371 2276 1737 2346 responsione
1774 2274 2001 2331 Patrum
2025 2275 2092 2330 ad
2116 2272 2529 2347 philosophum,
2561 2286 2726 2343 quam
2764 2271 3034 2328 Eusebius
3064 2270 3262 2341 litteris
3308 2272 3606 2337 mandavit,
3634 2272 3725 2339 III,

477 2363 533 2416 ι.
573 2360 882 2430 Disputatio
913 2370 1110 2416 contra
1142 2361 1474 2417 Pha'donetn
1504 2363 1926 2434 philosophum,
1962 2378 2087 2435 quae
2118 2371 2205 2418 est
2236 2362 2291 2416 in
2326 2361 2502 2431 prima
2536 2360 2773 2431 synodo,
2806 2358 2904 2424 IX,
2933 2362 2993 2414 2.

557 2446 813 2519 Synodus
856 2448 1042 2502 habita
1077 2458 1271 2505 contra
1334 2449 1667 2506 Manichaeos
1704 2450 1775 2505 ab
1824 2451 2079 2505 Ahucara
2113 2450 2227 2506 sive
2253 2449 2510 2520 episcopo
2537 2451 2827 2504 Carrarum
2881 2446 2982 2517 (S.
3014 2445 3326 2516 Archelao)
3363 2459 3432 2503 ex
3481 2446 3726 2503 Ponat-Iis

481 2540 499 2607 (
532 2536 908 2607 S.,Epiphanii
932 2538 974 2608 ),
1014 2536 1103 2603 III,
1144 2538 1322 2606 Δις-ν,
1352 2540 1410 2593 2.

553 2628 811 2696 Synodus
841 2643 874 2683 a
924 2627 1214 2684 Theodoro
1241 2629 1498 2684 Ahucars
1544 2639 1738 2685 contra
1772 2628 2103 2686 Manichaeos
2144 2625 2354 2692 bshita,
2386 2641 2509 2696 qum
2536 2623 2711 2681 fertur
2750 2624 2803 2679 in
2840 2623 2907 2679 iis
2932 2638 3053 2695 quae
3092 2632 3283 2677 contra
3322 2640 3512 2681 omnes
3553 2627 3723 2682 here-

479 2730 568 2772 ses
607 2715 809 2785 scripta
844 2725 994 2779 sunt,
1037 2712 1124 2779 IlI,
1162 2716 1215 2769 5.
1246 2714 1534 2785 Suspicor,
1577 2715 1839 2773 Theodori
1870 2732 2060 2773 nomen
2090 2714 2358 2786 adjectum
2406 2729 2516 2770 esse
2548 2710 2613 2768 ab
2646 2711 2822 2766 aliena
2858 2728 3041 2777 nicust,
3073 2719 3121 2764 et
3156 2713 3393 2766 eumdem
3412 2712 3727 2768 Archelaum

477 2816 636 2875 atque
658 2801 944 2873 Epiphanii
976 2801 1217 2857 Panaria
1250 2804 1493 2873 intelligi.

554 2889 735 2945 Editio
777 2902 980 2946 sanctae
1010 2900 1061 2945 et
1091 2891 1449 2946 meumenica:
1482 2892 1659 2947 tertia:
1692 2891 1909 2963 synodi,
1950 2891 2045 2957 IX,
2072 2891 2130 2945 2.

553 2976 844 3032 Confessio
873 2986 1077 3034 sanctae
1114 2984 1173 3031 et
1210 2978 1564 3033 mcumenicae
1591 2987 1761 3035 sexta:
1804 2979 1995 3049 synodi
2027 2977 2121 3044 IX,
2149 2979 2206 3036 2.

553 3064 799 3119 Teuthes
829 3064 1274 3132 antiquissimus,
1307 3064 1403 3135 qui
1442 3067 1669 3120 nomina
1720 3067 1886 3122 rebus
1915 3065 2195 3136 imposuit,
2225 3064 2318 3134 IV,
2350 3063 2406 3122 6.

554 3148 881 3206 Theodorus
905 3152 1186 3215 Abucara,
1228 3167 1390 3223 supra
1430 3153 1486 3207 in
1552 3152 1767 3223 synodo
1793 3162 1985 3209 contra
2021 3151 2368 3208 Manichaeos.

554 3233 878 3293 Theodorus
920 3235 1179 3306 Graptus,
1219 3238 1305 3304 Ill,
1338 3238 1390 3293 7.
1426 3232 1688 3294 Oratione
1724 3250 1915 3296 contra
1951 3240 2273 3304 Eusebium,
2321 3237 2408 3306 Vl,
2446 3240 2501 3295 4.
2535 3239 2814 3296 Adversus
2860 3240 3270 3301 lconomachos,
3304 3235 3390 3299 VI.
3432 3235 3507 3300 5;
3553 3234 3622 3299 X,
3654 3236 3710 3287 ι.

486 3325 758 3380 Tractans
788 3325 997 3380 dictum
1022 3324 1233 3394 Basilii,
1274 3326 1346 3381 Χ.
1384 3329 1437 3383 ι.
3238 3344 3241 3345 ⁷

560 3412 775 3467 Dictum
811 3422 958 3470 esta
1015 3415 1287 3485 theologis
1338 3416 1390 3470 in
1436 3417 1628 3486 quinta
1679 3427 1734 3473 et
1780 3426 1973 3486 quarta
2040 3417 2244 3474 decede
2302 3416 2551 3473 initiarite
2605 3419 2967 3489 expositionis
3028 3418 3340 3475 divinorum
3415 3412 3724 3478 nominum.

490 3500 602 3564 VII,
643 3500 698 3557 6.

558 3589 784 3645 Divinus
806 3588 1189 3660 Theophanes,
1224 3589 1291 3650 Χ.
1330 3592 1383 3646 5.
1419 3593 1477 3646 In
1520 3594 1752 3651 canticis
1783 3594 1923 3661 suis,
1954 3593 2091 3661 .VII,
2126 3594 2184 3652 2.
2230 3632 2237 3644 ι

557 3673 883 3735 Valentinus
914 3679 1229 3743 haereticus,
1265 3678 1358 3745 IX,
1404 3679 1457 3735 7.
