4064 6266
254 341 358 406 1033

1201 331 1595 395 COMMENT.
1635 329 1716 390 IN
1756 329 2149 392 CANTICUM
2184 327 2514 390 CANTIC.’

3308 323 3446 388 1034

247 453 454 523 κλησίαν.
488 447 611 502 Ὅτι
641 445 699 500 δὲ
741 445 832 499 τὸν
875 443 1044 513 τάφον
1072 444 1340 513 νυμφῶνα
1382 444 1560 506 καλεῖ,
1601 441 1762 494 τοῦτο
1797 450 1817 503 Α

1912 442 2195 510 ppollatum
2221 441 2388 494 fuisse
2413 438 2735 503 thalamum,
2797 433 2965 489 David
3015 449 3232 504 quoque
3283 445 3448 492 testa'

247 548 323 602 καὶ
337 541 481 597 Δοϐὶδ
523 537 876 608 ἐμαρτύρησε
914 537 1089 604 λέγων
1111 551 1128 567 υ
1162 536 1271 589 Kal
1301 536 1482 601 αὐτὸς
1511 536 1590 598 ὡς
1624 550 1770 602 νυμ-

243 636 352 704 solae
391 629 868 698 ἐκπορευόμενος
917 627 985 682 ἐκ
1032 626 1268 681 παστοῦ
1301 626 1490 680 αὐτοῦ
1515 642 1530 658 ο
1561 624 1652 678 τοῦ
1681 624 1776 678 τά-

244 744 324 795 φου
351 724 542 793 δηλαδὴ
578 720 960 790 ἐξερχόμενος.
1009 718 1117 773 Καὶ
1145 720 1216 772 ἐν
1255 719 1446 786 ἡμέρᾳ
1473 717 1774 787 εὐφροσύ-

241 835 332 885 νης
355 815 596 882 καρδίας
626 811 816 865 αὐτοῦ
837 825 851 840 ⁸
886 814 944 864 ὲν
969 812 1107 879 αὐτῇ
1129 811 1236 878 γὰρ
1267 808 1547 878 εὐφράνθη
1574 811 1606 878 ἡ
1635 822 1743 877 καρ
1761 835 1776 850 ο

241 911 314 965 δία
331 907 507 972 αὐτοῦ,
537 905 634 976 τὴν
661 903 916 976 δραχμὴν
944 902 1142 974 εὑρὼν,
1178 901 1244 974 ἢν
1271 903 1576 956 ἀπώλεσεν.

811 997 1066 1051 ΚΕΦΑΛ.
1103 999 1178 1052 Δ’.

875 1083 1115 1158 τᾼΣΜΑ.

308 1178 451 1234 Ἰδοὺ
481 1179 519 1247 ἠ
553 1177 713 1246 καλὴ
748 1177 788 1246 ὴ
814 1177 1085 1244 πλησίον
1124 1193 1277 1244 μου·
1335 1175 1464 1229 ίδοὺ
1509 1176 1545 1241 ἠ
1579 1172 1734 1238 καλή
1762 1189 1775 1200 ·

1885 543 1973 588 tus
1998 540 2082 587 est
2103 532 2290 586 dicens
2317 552 2329 585 :
2375 531 2437 584 Et
2467 532 2575 599 ipse
2607 538 2860 598 tanquam
2886 544 3106 596 sponsus
3165 526 3450 598 procedens

1881 625 1944 678 de
1967 623 2199 677 thalamo
2223 623 2451 677 suo"°"
2477 621 2788 690 ;egrcd~iens
2811 621 3058 675 videlicet
3083 620 3150 673 de
3178 620 3446 688 sepulcro.

1887 717 1952 770 Et
1985 720 2038 770 in
2067 719 2153 771 die
2190 718 2391 770 lwtitite
2419 715 2596 769 cordis
2624 715 2760 783 ejus.
2785 714 2845 766 in
2885 729 2945 766 ea
2991 727 3225 780 namque
3253 712 3339 766 die
3361 713 3457 765 lte-

1885 819 2056 862 tatum
2097 819 2182 862 est
2219 823 2311 861 cor
2338 808 2478 876 ejus,
2539 808 2854 861 drachmam
2919 805 3232 869 inveniens,
3289 818 3456 873 quam

1859 899 2192 962 -perdirlcrat
2223 900 2288 952 "'.

2426 1035 2434 1040 .
2479 989 2708 1047 CAPUT
2741 989 2832 1044 1V.
2901 994 2904 998 ’

2572 1083 2781 1139 CANT.

1960 1180 2011 1233 ί.
2046 1177 2182 1232 Ecce
2205 1178 2424 1246 pulchra
2454 1179 2693 1240 proxima
2722 1192 2858 1240 mea,
2894 1192 3011 1230 ecce
3030 1174 3289 1244 pulchra:
3315 1174 3457 1229 oculi

241 1271 510 1341 ὀφθαλμοί
536 1284 653 1324 σου
699 1269 1061 1338 περιστεραί,
1089 1269 1262 1333 ἐκτὸς
1284 1267 1392 1336 τῆς
1422 1266 1781 1332 σιωπήσεώς

1912 1273 1966 1324 ui
1999 1269 2276 1332 columbae,
2308 1279 2459 1322 extra
2483 1269 2903 1322 taciturnitatem
2925 1279 3091 1324 tuam.

173 1363 176 1368 ’
239 1378 360 1416 σου.

862 1448 1136 1502 ΣΧΟΔΙΑ.

313 1539 674 1614 Ἐπανάληψις
727 1541 827 1594 καὶ
873 1541 1030 1604 αὖθις
1059 1541 1166 1596 τῶν
1200 1540 1338 1610 πρὸς
1361 1541 1459 1612 τὴν
1507 1542 1785 1614 Παρθένον

235 1636 434 1706 Μαρίαν
477 1633 850 1705 προφητειῶν,
898 1634 1020 1686 κατ’
1070 1633 1412 1703 ἐπιφώνησιν
1459 1633 1615 1706 δίκην
1665 1637 1788 1687 ἑπι-

2512 1449 2591 1506 SC
2603 1449 2834 1508 HOLIA.

1959 1543 2234 1613 Repetitio
2261 1553 2363 1608 est,
2392 1542 2696 1612 iterataque
2728 1543 3012 1614 praedictio
3037 1556 3226 1598 eorum
3253 1555 3373 1612 qua:
3393 1541 3460 1596 de

1892 1635 2106 1707 virgine
2140 1634 2306 1690 Maria
2342 1635 2492 1690 fuere
2519 1636 2691 1702 dicta,
2721 1651 2819 1707 per
2845 1636 3228 1691 intercalarem
3274 1634 3458 1689 accla-

235 1729 520 1799 ψάλματος.
575 1727 805 1797 Είρηται
853 1726 910 1780 δὲ
951 1726 1230 1796 άνὼτέρω,
1261 1727 1435 1794 Πλὴν
1479 1726 1584 1780 τοῦ
1612 1726 1788 1791 ἐκτὸς

1912 1729 2161 1784 nationis
2215 1728 2669 1784 modulationem.
2709 1728 2918 1784 Dictum
2973 1737 3241 1798 porroest
3304 1727 3465 1795 paulo

238 1821 335 1890 τῆς
361 1818 713 1886 σιωπήσεώς
747 1835 865 1873 σου
885 1835 900 1846 ·
931 1818 1233 1882 τουτέστιν,
1271 1817 1426 1881 ἐκτὸς
1458 1799 1554 1887 si“;
1584 1819 1790 1872 ἀκατα-

1912 1833 2019 1877 mte
2051 1838 2065 1874 :
2096 1819 2298 1876 Prteter
2320 1822 2588 1876 silentium
2623 1831 2794 1886 tuum,
2829 1823 2933 1876 hoc
2971 1830 3076 1886 est,
3132 1830 3334 1889 praeter
3379 1820 3466 1873 in-

237 1914 421 1984 ληψίας
451 1913 544 1966 τοῦ
575 1913 738 1966 τόκου
770 1927 899 1965 σου·
933 1913 1263 1983 περιστερὰν
1287 1911 1398 1982 γὰρ
1428 1909 1621 1974 εἰπὼν,
1647 1910 1792 1963 είκό-

234 2024 333 2070 τως
359 2007 623 2076 ἐπήγαγε,
652 2005 739 2059 διὰ
764 2006 827 2058 τὺ
861 2004 1079 2074 ἐκείνης
1101 2004 1449 2068 πολύτεκνον,
1488 2002 1674 2065 Ἐκτὸς
1695 2003 1794 2072 τῆς

237 2099 606 2169 ἀκαταληψίας
640 2097 736 2151 τοῦ
763 2097 923 2150 τόκου
953 2114 1073 2151 σου.

888 2278 1128 2352 τᾼΣΜΑ.

308 2369 568 2442 Τρίχωμά
605 2385 725 2424 σου
754 2371 834 2437 ὡς
859 2371 1073 2440 ἀγέλαι
1108 2369 1226 2424 τῶν
1253 2369 1457 2434 αις-ῶν,
1492 2365 1555 2420 αἳ
1581 2370 1799 2423 ἀπεκα-

233 2463 552 2532 λύφθησαν
578 2461 700 2515 ἀπὸ
729 2461 836 2515 τοῦ
871 2460 1147 2516 Palatio.

871 2552 1145 2606 ΣΧΟΛΙΑ.

302 2646 458 2701 Κατὰ
493 2646 658 2716 μέρος
707 2643 769 2710 ἐξ
812 2645 990 2716 ἀρχῆς
1021 2646 1234 2700 ἄνωθεν
1283 2647 1352 2700 τὰ
1381 2647 1480 2715 τῆς
1519 2646 1798 2716 Παρθένου

237 2738 639 2809 ιγκωμιάζετοιι
667 2753 681 2768 ·
724 2739 823 2809 οὐχ
849 2737 926 2801 ὡς
950 2739 1004 2792 al
1030 2738 1218 2792 λοιπαὶ
1247 2738 1304 2792 δὲ
1341 2738 1452 2791 τῶν
1493 2738 1800 2808 παρθένων,

1897 1913 2352 1980 comprehensum
2377 1913 2455 1966 tui
2517 1923 2709 1982 partus
2754 1912 3098 1982 mysterium.
3154 1911 3465 1966 columbam

1895 2004 2041 2058 enim
2077 2003 2340 2060 inducens
2380 2006 2576 2059 merito
2601 2005 2774 2069 addit,
2803 2005 2872 2060 ob
2896 2019 3148 2074 magnam
3191 2003 3310 2075 ejus
3339 2018 3468 2074 par-

1898 2105 1984 2150 tus
2019 2094 2407 2172 fecunditatem
2445 2112 2458 2149 :
2510 2094 2676 2150 Extra
2713 2096 3232 2166 incomprehensum
3271 2103 3470 2166 partus

1898 2186 1978 2242 tui
2011 2187 2351 2256 mysterium.

2671 2279 2788 2336 NT.

2581 2282 2788 2336 CANT.

1970 2374 2417 2444 Capillamentum
2460 2385 2607 2426 tuum
2665 2385 2918 2444 tanquam
2956 2390 3136 2445 greges
3189 2390 3476 2446 caprarum

1899 2481 2014 2536 quc
2043 2467 2287 2521 revelata:
2317 2474 2439 2519 sunt
2457 2483 2488 2518 a
2513 2464 2740 2520 Gataad.

2517 2556 2836 2614 SCHOLIA.

1973 2647 2257 2716 Sigillatim
2277 2663 2441 2719 supra
2469 2663 2497 2702 a
2513 2649 2708 2718 capite,
2729 2666 2848 2719 qua:
2867 2648 3103 2720 Virginis
3120 2659 3296 2716 erant,
3317 2667 3473 2707 sum-

1904 2752 1994 2793 mo
2028 2739 2301 2808 praeconio
2330 2741 2705 2795 commendata
2748 2751 2897 2794 sunt.
2938 2739 3056 2795 Non
3115 2743 3268 2796 enim
3328 2743 3477 2798 sicut

235 2833 296 2886 τὸ
342 2831 532 2895 κάλλος
565 2831 622 2884 ὲν
676 2829 890 2900 σώματι
930 2831 1218 2900 φέρουσαι,
1271 2831 1368 2884 καὶ
1423 2833 1458 2901 η
1498 2833 1592 2887 τοῦ
1638 2831 1806 2886 Δαϐἱδ

1912 2836 2113 2884 caetera;
2171 2829 2428 2898 virgines,
2497 2845 2618 2898 quae
2689 2831 2939 2901 corporis
3015 2833 3479 2902 pulchritudinem

234 2923 503 2993 παρθένος
537 2919 875 2991 κεκόσμηται
899 2935 912 2950 ·
935 2920 1049 2975 ἀλλ’
1079 2922 1138 2974 ὲν
1165 2923 1232 2992 τῇ
1262 2920 1483 2993 ἀμώμῳ
1512 2924 1682 2992 αὐτῆς
1701 2922 1806 2992 ψυ-

1912 2929 2200 2988 ostentant,
2239 2923 2311 2976 ita
2349 2931 2403 2977 et
2447 2919 2609 2993 Virgo
2646 2923 2754 2978 tilia
2811 2923 2980 2978 David
3027 2935 3289 2980 exornata
3345 2936 3428 2981 est
3462 2946 3479 2984 :

235 3019 329 3087 χῇ,
351 3015 424 3077 ὡς
457 3013 672 3078 κάλλος,
702 3013 801 3078 τὰς
828 3012 1030 3082 ἀρετὰς
1066 3013 1334 3084 ἐκέκτητο
1363 3031 1377 3046 ο
1411 3014 1487 3077 ὡς
1520 3015 1617 3068 καὶ
1638 3014 1807 3068 Δαϐίδ

1912 3013 2004 3068 sed
2032 3013 2307 3084 inculpata
2336 3013 2511 3082 ipsius
2542 3013 2745 3079 anima,
2771 3017 3018 3081 virtutes,
3053 3018 3482 3087 pulchritudinis

235 3125 369 3180 φησι
391 3123 406 3139 ·
440 3105 618 3162 Πᾶσα
637 3107 674 3176 ἠ
693 3105 844 3170 δόξα
873 3106 1165 3176 θυγατρὸς
1192 3107 1302 3161 τοῦ
1326 3107 1633 3174 ,ϐασιλέως
1659 3108 1808 3162 ἐσω-

1912 3104 2050 3166 Ιοοο,
2078 3105 2425 3174 possidebat,
2458 3105 2600 3160 sicut
2628 3105 2760 3160 dicit
2787 3108 2946 3161 etiam
2978 3108 3272 3178 ipseDavid
3306 3127 3320 3164 :
3349 3107 3485 3164 0m-

120 3263 126 3268 ,
233 3205 434 3256 θεν.-
456 3200 721 3269 Τρίχωμά
749 3214 868 3254 σου
887 3201 964 3264 ἀς
983 3199 1194 3266 ἀγέλαι
1217 3199 1336 3254 τῶν
1361 3199 1564 3270 αἰγῶν,
1589 3201 1653 3254 αἳ
1671 3203 1810 3256 ἀπε-

1912 3195 1994 3248 nis
2033 3195 2208 3264 gloria
2237 3194 2364 3264 ﬁlia:
2381 3194 2534 3266 Regis
2555 3196 2618 3250 ab
2673 3198 2817 3250 intus
2845 3199 2914 3254 ³⁸.
2943 3231 3010 3243 -
3031 3201 3488 3270 Capillamentum

234 3293 642 3358 καλύφθησαν
679 3291 800 3344 ἀπὸ
831 3290 939 3344 τοῦ
969 3293 1249 3344 Γαλαὰδ·
1283 3293 1344 3344 οὐ
1372 3292 1472 3354 τὰς
1502 3294 1561 3345 ὲν
1596 3295 1810 3363 σώματι

1913 3294 2059 3338 tuum
2083 3295 2335 3356 tanquam
2359 3303 2539 3357 greges
2568 3303 2854 3356 caprarum
2895 3305 3009 3358 qua:
3059 3291 3305 3344 revelata:
3364 3301 3490 3344 sunt

231 3381 431 3451 τρίχας
487 3380 731 3450 εἴρηκεν,
783 3380 920 3433 ἀλλά
957 3379 1057 3449 τὴν
1096 3381 1155 3433 ιν
1183 3381 1249 3450 τῇ
1282 3381 1494 3453 κεφαλῇ
1525 3381 1696 3452 αὐτῆς
1724 3382 1811 3436 δο-

1912 3388 1976 3432 ac
2001 3376 2247 3443 Galaad;
2277 3394 2384 3432 non
2431 3379 2498 3434 de
2533 3379 2743 3448 capillis
2800 3382 3048 3448 corporis
3109 3383 3272 3436 verba
3329 3381 3486 3446 facit,

233 3472 423 3526 Θεῖσαν
457 3474 671 3540 σοφίαν.
709 3472 806 3536 Ὠς
830 3471 1044 3536 ἀγέλαι
1071 3470 1192 3525 τῶν
1220 3471 1426 3543 αίγῶν.
1467 3473 1566 3527 Διὰ
1594 3474 1653 3527 τὸ
1673 3475 1814 3528 ἅνω-

233 3565 405 3636 φερὲς
445 3564 536 3617 τοῦ
587 3563 750 3628 ζώου,
799 3562 894 3616 καὶ
925 3563 1205 3633 πανταχοῦ
1240 3565 1718 3635 ἐπιδραττόμενον.
1743 3564 1816 3619 At

231 3657 766 3725 ἀπεκαλύφθησαν
795 3654 916 3710 ἀπὸ
952 3654 1059 3709 τοῦ
1089 3655 1344 3710 Γαλαὰδ
1367 3671 1382 3686 ο
1415 3657 1713 3718 τουτέστιν,
1749 3657 1815 3719 ἃς

231 3751 264 3802 ὁ
293 3750 638 3820 πατριάρχης
670 3749 862 3802 ἔλαϐεν
909 3747 1122 3814 Ἰακὼϐ,
1156 3746 1447 3819 χωρισθεὶς
1478 3748 1541 3800 ἐκ
1579 3747 1672 3801 τοῦ
1711 3747 1817 3802 Λά-

230 3843 363 3896 ϐαν.
415 3841 627 3911 ’Ὠσπερ
656 3836 749 3894 οὗν
783 3843 810 3894 ὁ
849 3840 1196 3910 πατριάρχης
1227 3838 1408 3892 λαϐὼν
1451 3838 1549 3903 τὰς
1587 3839 1813 3906 ἀγέλας,

231 3935 336 3988 καὶ
367 3932 655 4002 πορευθεὶς
687 3933 744 3983 ὲν
779 3931 1013 3996 Γαλαὰδ,
1052 3929 1338 4001 συνέτριψε
1374 3930 1502 3994 τοὺς
1546 3929 1814 4000 ματαίους

231 4024 399 4085 θεοὺς
441 4021 535 4076 τοῦ
567 4022 753 4077 Λάϐαν
779 4039 794 4053 ο
827 4021 968 4075 οὕτω
1002 4022 1094 4074 καὶ
1118 4025 1146 4076 ὁ
1175 4022 1366 4091 Σωτὴρ
1403 4021 1562 4091 ἡμῶν
1610 4021 1816 4092 Ἰησοῦς

227 4115 328 4167 διὰ
359 4112 461 4182 τῆς
493 4115 550 4165 ὲν
596 4114 660 4182 τῇ
693 4112 902 4182 κεφαλῇ
933 4111 1184 4182 δοθείσης
1230 4113 1295 4182 τῇ
1328 4111 1592 4182 Παρθένῳ
1624 4111 1817 4180 σοφίας

224 4207 340 4275 τὴν
371 4204 578 4273 πλάνην
622 4204 729 4257 τῶν
761 4204 1033 4273 δαιμόνων
1061 4203 1425 4273 κατήργησεν.

900 4289 1145 4364 τᾼΣΜΑ.

322 4387 609 4450 Ὀδόντες
655 4398 774 4439 σου
805 4385 886 4450 ὡς
919 4385 1130 4452 ἀγέλαι
1168 4384 1288 4437 τῶν
1318 4385 1719 4455 κεκαρμένων,
1757 4385 1821 4439 at

1914 3473 2007 3526 sed
2046 3472 2114 3524 de
2171 3469 2444 3540 sapientia
2495 3485 2615 3537 qua:
2673 3472 2837 3539 capiti
2906 3469 3146 3542 Virginis
3191 3472 3486 3529 insederat.

1920 3560 2198 3629 Tanquam
2250 3576 2428 3629 greges
2464 3576 2772 3630 caprarum,
2803 3560 2933 3630 quia
2983 3561 3190 3615 animal
3224 3565 3326 3616 hoc
3381 3564 3487 3616 alta

1916 3651 2068 3720 petit,
2107 3659 2161 3703 et
2190 3651 2390 3712 ubique
2418 3660 2592 3720 reptat
2619 3662 2672 3706 et
2707 3654 2898 3718 carpit.
2935 3655 3067 3718 Quae
3089 3667 3206 3707 sunt
3242 3655 3487 3710 revelatis

1917 3741 2202 3804 aGalaad,
2243 3730 2350 3797 illae
2403 3744 2682 3809 nimirum,
2735 3761 2874 3814 quas
2949 3747 3264 3814 patriarcha
3317 3747 3489 3804 lacob

1919 3834 2150 3903 accepit,
2181 3850 2498 3890 recessurus
2528 3852 2558 3890 a
2594 3835 2800 3892 Lahan.
2856 3836 3334 3904 Quemadmodum
3385 3842 3490 3894 ita-

1919 3942 2025 3996 que
2049 3927 2359 3996 patriarcba
2395 3926 2583 3994 Jacou,
2617 3931 2856 3998 acceptis
2875 3931 3072 3999 capris,
3095 3931 3488 4002 profectusque

1921 4017 1974 4069 in
2010 4016 2236 4080 Galaad,
2265 4017 2522 4070 coatrivit
2571 4018 2767 4073 stultos
2808 4018 3016 4072 Lahani
3070 4022 3250 4076 deos:
3308 4021 3386 4075 sic
3437 4029 3492 4074 et

1924 4107 2176 4162 Salvator
2227 4119 2416 4163 noster
2461 4107 2643 4176 Jesus,
2672 4124 2766 4179 per
2813 4112 2996 4166 datam
3030 4112 3199 4182 capiti
3250 4110 3489 4181 Virginis

1921 4202 2264 4270 sapientiam,
2301 4217 2544 4258 errorem
2568 4206 2786 4260 susmlit
2803 4206 3139 4263 daemonum.

2609 4296 2814 4351 CANT.

1992 4383 2047 4438 2.
2081 4361 2375 4439 Dentes'tui
2405 4387 2540 4440 sicut
2571 4405 2747 4459 greges
2781 4401 3074 4456 tonsarum,
3135 4410 3252 4464 quia
3310 4405 3498 4453 ascen-

221 4477 560 4543 ἀνέϐησαν
587 4475 706 4531 ἀπὸ
733 4474 841 4529 τοῦ
866 4474 1224 4541 λουτροῦ.Δί
1244 4473 1434 4531 πᾶσαι
1463 4475 1817 4546 διδυμεύου-

1924 4482 2112 4532 derunt
2142 4478 2205 4530 de
2234 4478 2486 4543 lavacro;
2533 4497 2706 4535 omnes
2751 4483 3008 4551 gemellae,
3036 4498 3082 4537 et
3136 4489 3334 4542 sterilis
3390 4505 3497 4544 non

221 4586 348 4623 σαι
367 4586 381 4600 ·
411 4568 754 4636 ἀτεκνοῦσα
779 4570 890 4622 οὐκ
918 4566 1093 4622 ἔστιν
1124 4568 1194 4620 ἐν
1249 4567 1480 4633 αὑταῖς.

852 4665 856 4668 ’
892 4660 1166 4713 ΣΧΟΛΙΛ.

307 4755 464 4817 Τοὺς
503 4753 724 4814 ὀδόντας
765 4751 939 4820 αὐτῆς
985 4753 1065 4814 είς
1096 4747 1240 4814 εἶδος,
1290 4752 1506 4820 ἀτελῶν
1549 4753 1824 4823 ὡμοὶωσε,

217 4846 587 4916 νεμομένους
615 4844 710 4898 καὶ
756 4844 1146 4913 συντρίϐοντας
1180 4844 1248 4896 τὰ
1275 4845 1487 4913 πονηρὰ
1519 4845 1612 4898 τοῦ
1642 4845 1825 4899 διαϐό-

215 4939 336 4990 λου
381 4936 624 4999 ζιζάνια.
665 4933 916 5002 Ἀγέλας
944 4932 1000 4984 δὲ
1030 4935 1222 5003 εἴρηκε
1249 4933 1350 4996 τὰς
1385 4935 1490 4986 ἀπὸ
1518 4933 1627 4986 τῶν
1657 4934 1828 4988 ἐθνῶν

232 5026 618 5096 Ἐκκλησίας,
674 5027 775 5086 τὰς
825 5024 1093 5094 πρότερον
1131 5025 1230 5093 μὲν
1266 5023 1514 5094 κτηνώδη
1571 5025 1664 5079 τὸν
1682 5026 1832 5095 ’⁸βίον

215 5116 506 5186 ἐχούσας,
563 5116 703 5185 μετὰ
735 5113 910 5168 ταῦτα
937 5114 996 5168 δὲ
1020 5115 1126 5167 ὑπὸ
1173 5115 1269 5169 τοῦ
1322 5116 1529 5185 ἀγαθοῦ
1570 5119 1828 5185 ποιμένος

213 5206 495 5278 Χριστοῦ
525 5203 1014 5273 συναθροισθείσας
1037 5207 1116 5269 είς
1149 5204 1227 5270 ἓν,
1255 5207 1352 5260 καὶ
1385 5207 1738 5276 οοφισθείσας
1761 5211 1827 5279 τῇ

211 5298 340 5352 τοῦ
396 5297 708 5366 Πνεῦματος
747 5297 929 5367 χάριτι
954 5313 970 5330 ο
997 5296 1052 5351 αἶ
1083 5299 1174 5351 καὶ
1203 5297 1300 5369 τὴν
1327 5299 1504 5369 κόμην
1532 5302 1632 5372 τῆς
1661 5318 1832 5371 κεφα-

211 5391 348 5461 λῆς
390 5391 777 5461 ἀπεκάρησαν,
811 5388 1252 5458 σφραγισθείσαι,
1289 5392 1498 5445 καὶτοῦ
1527 5393 1674 5448 θείου
1703 5394 1828 5447 λου-

1927 4579 2004 4624 est
2029 4570 2083 4623 in
2120 4572 2216 4624 eis.

2559 4663 2874 4719 SCIlOLlA.

2003 4750 2462 4824 Specieigregnm
2529 4754 2853 4810 assimilavit
2921 4758 3095 4828 ipsius
3149 4760 3352 4828 dentes,
3407 4757 3517 4832 qni'

1933 4844 2198 4897 mandunt
2227 4852 2280 4898 et
2309 4853 2602 4899 conterunt
2624 4861 2819 4915 pravas
2852 4849 3054 4904 diaboli
3095 4853 3357 4907 zizanias.
3377 4852 3508 4909 Gre-

1930 4949 2017 5004 ges
2044 4942 2224 4988 autem
2259 4933 2554 5003 appellavit
2579 4936 2822 5004 gentium
2857 4938 3172 5004 Ecclesias;
3225 4958 3347 5010 qua:
3396 4944 3501 5011 pri-

1931 5035 2080 5074 mum
2109 5021 2354 5089 quidem,
2375 5023 2643 5090 pecudum
2678 5025 2845 5080 vitam
2875 5030 3126 5098 agebant,
3163 5042 3347 5100 postea
3377 5049 3506 5086 vero

1931 5127 1962 5166 a
1993 5113 2135 5167 bono
2167 5114 2390 5168 Pastore
2425 5115 2647 5170 Christo
2695 5118 2750 5171 in
2788 5136 2953 5173 unum
2989 5133 3194 5178 coactae
3259 5124 3507 5186 fuerunt,

1930 5214 1986 5262 et
2012 5207 2297 5276 aSpiritus
2333 5209 2506 5264 sancti
2553 5213 2724 5280 gratia
2758 5215 2984 5269 erudita:
3013 5235 3029 5273 :
3057 5233 3178 5285 qure
3212 5229 3266 5272 et
3315 5220 3509 5288 capitis

1935 5314 2148 5354 comam
2187 5304 2558 5372 totonderunt,
2598 5307 2848 5378 signatae,
2879 5323 2934 5364 et
2982 5311 3167 5365 divino
3202 5313 3346 5365 sacri
3379 5314 3510 5379 bap-

1937 5393 2174 5448 tismatis
2214 5393 2364 5449 fonte
2391 5396 2568 5468 digna:
2595 5400 2827 5464 elIectJe,
2861 5403 3023 5472 idque
3051 5405 3152 5457 hoc
3211 5403 3385 5471 ipsum
3430 5403 3506 5455 si-

209 5479 394 5552 σοροῦ
450 5482 873 5545 καταξιωθεῖσαι
914 5481 1009 5536 τοῦ
1064 5483 1224 5550 ἁγίου
1279 5481 1688 5554 βαπτίσματοςο
1736 5487 1817 5539 καπ

1937 5485 2160 5553 gniﬁcat
2191 5503 2205 5540 :
2237 5484 2388 5542 Sicut
2427 5505 2606 5560 greges
2655 5502 2951 5557 tousarum,
2981 5511 3098 5564 qua:
3156 5493 3512 5547 ascenderunt

206 5571 418 5627 τοῦτό
446 5573 614 5640 ἐστιν,
655 5573 753 5639 Ὠς
780 5571 992 5642 ἀγέλαι
1017 5571 1135 5627 τῶν
1166 5577 1570 5643 κεκαρμένων,
1603 5577 1665 5630 ατ
1692 5578 1817 5632 ἀνέ-

1939 5576 2003 5631 de
2033 5576 2285 5645 lavacro;
2327 5597 2502 5638 omnes
2519 5585 2776 5655 gente/Ite,
2802 5598 2847 5640 et
2868 5588 3065 5641 sterilis
3090 5603 3194 5641 non
3222 5598 3296 5640 est
3326 5588 3381 5640 in
3413 5589 3513 5644 eis.

317 5749 460 5784 ⁸³ο⁸⁶
485 5746 628 5805 Psal.
653 5765 806 5814 xvm,
834 5750 889 5806 6.
961 5750 1010 5784 "
1031 5749 1163 5807 Luc.
1193 5767 1282 5817 xv,
1313 5752 1368 5810 9.
1443 5754 1490 5787 "
1519 5753 1662 5812 Psal.
1698 5771 1842 5825 xuv,
1886 5757 1974 5813 M.

590 5847 866 5908 Pnuoa.
900 5850 1017 5912 Gn.
1068 5847 1238 5908 CLII.

2280 5913 2300 5920 -
3003 5864 3083 5925 33
