4028 6270
555 306 688 367 10:55
1665 291 1668 294 ’
1706 301 2064 361 MATTIl/EI
2105 301 2635 363 CANTACUZENI
3649 307 3791 373 1036

546 417 834 485 Videlicet,
867 434 973 473 non
1016 419 1251 489 amplius
1276 420 1542 481 sterilem,
1627 417 2106 484 successionisque

2212 418 2406 483 ϐησαν
2427 416 2542 470 ἀπὸ
2571 416 2677 470 τοῦ
2699 415 2958 484 λουτροῦ
2981 432 2992 447 ·
3021 418 3082 470 al
3101 415 3292 471 πᾶσαι
3313 418 3750 487 ὄιδυμεύουσαι
3776 441 3790 456 ·

543 512 685 563 εαιτίθ
717 523 991 577 expertem
1022 513 1228 566 sortitae
1253 512 1450 575 vitam;
1485 520 1653 563 tonsa:
1684 509 1851 573 enim,
1882 518 1934 560 et
1962 509 2106 560 lava-

2216 509 2311 562 καὶ
2353 509 2697 562 ἀτεκνοῦσα
2728 511 2836 561 οὐκ
2879 509 3048 562 ἔστιν
3075 510 3144 561 ἐν
3175 511 3387 575 αὐταῖς
3409 529 3420 542 ·
3458 511 3647 582 ἤγουν,
3686 515 3793 568 οὐκ

543 620 638 657 t-ro
687 605 812 658 lotae
846 606 1050 669 dlvino,
1099 604 1389 658 fecundum
1419 603 1533 672 jugi
1593 616 1820 656 suorum
1877 601 2106 654 ﬁliorum

2215 598 2294 650 ἔτι
2316 599 2408 651 τὸν
2428 598 2652 651 ἄτεκνον
2679 601 2772 651 καὶ
2802 599 3081 667 ἀδιάδοχον
3109 599 3223 668 βίον
3247 601 3510 669 λαχοῦσαι
3535 618 3546 630 ⁶
3597 607 3791 675 κα.ρεῖ-

543 695 686 750 serie
707 697 848 750 sacri
883 696 1229 765 baptismatis
1256 695 1544 749 reddidere
1581 692 1810 758 fontem,
1872 708 2106 760 semper-

2216 707 2303 742 σαι
2351 689 2481 759 γὰρ,
2523 691 2616 743 καὶ
2643 690 2918 743 λουθεῖσαι
2946 691 3023 761 τῷ
3053 690 3184 761 θείῳ
3215 691 3444 763 λουτρῷ,
3487 694 3790 762 πολύγονον

542 801 649 855 que
684 796 900 842 exstant
922 786 1167 858 gemellae
1191 828 1206 852 ,
1239 786 1554 856 praeclaram
1583 783 1750 838 animi
1776 783 2106 851 contempla-

2214 779 2313 848 τὴν
2364 779 2574 831 ἑαυτῶν
2612 782 2674 832 ὲκ
2699 780 2955 849 διαδοχῆς
2995 781 3382 851 κολυμϐήθραν
3432 784 3788 852 εἰργάσαντο,

544 880 764 941 tionem,
798 888 1256 947 praestantemque
1282 877 1486 945 pariter
1524 875 1896 944 operationem
1953 887 2106 928 exer-

2214 873 2302 924 ἀεὶ
2353 871 2677 940 φαινόμεναι
2727 872 3144 941 διδυμεύουσαι,
3201 871 3264 925 τὸ
3315 873 3654 945 θεωρητικὸν
3686 879 3788 946 τῆς

541 978 750 1022 centes.
2212 961 2388 1031 ψυχῆς
2431 962 2566 1031 ὁμοῦ
2605 966 2701 1018 καὶ
2735 965 3036 1034 πρακτικὸν
3069 965 3454 1032 ἀπογεννῶσαι
3483 970 3786 1037 περιφανέ-

2216 1070 2408 1107 στατα.

1220 1146 1427 1202 CANT.

2876 1142 3114 1218 τᾼΣΜΑ.

610 1241 663 1294 5.
695 1239 861 1293 Veluti
883 1240 1021 1293 linea
1039 1239 1180 1308 fabri
1203 1240 1442 1293 coccinea
1472 1237 1614 1291 labia
1640 1246 1756 1300 tua,
1775 1246 1822 1290 et
1845 1235 2106 1306 eloquium

2294 1235 2393 1300 Ὠς
2419 1239 2715 1305 σπαρτίον
2736 1238 3022 1291 κόκκινον
3053 1238 3227 1307 χείλη
3261 1252 3400 1302 σου,
3415 1239 3514 1293 και
3536 1239 3574 1307 ἡ
3601 1243 3791 1297 ,λαλιά

542 1343 689 1386 tuum
714 1332 984 1386 decorum.

2213 1341 2332 1382 σου
2359 1328 2563 1395 ὡραία.

1163 1419 1481 1478 SCHOLIA.

2827 1471 2833 1476 ,
2867 1424 3138 1479 ΣΧΟΛΙΛ.

620 1519 736 1574 Hoc
763 1528 867 1585 est,
893 1532 1001 1572 non
1031 1531 1126 1584 per
1149 1513 1646 1584 intemperantiam,
1679 1511 1796 1566 sine
1829 1525 2106 1574 mensura,

2285 1511 2594 1577 Τουτέστιν,
2617 1513 2716 1564 οὐκ
2740 1515 3017 1584 ἀμέτρως,
3033 1515 3144 1569 οὐδ’
3167 1517 3443 1581 ἀσυνέτως
3466 1517 3788 1586 ἐφθέγγετο,
3849 1507 3856 1516 ’

543 1628 644 1668 nec
701 1627 796 1681 per
857 1609 1298 1680 imprudentiam,
1343 1607 1540 1660 inscite
1596 1605 1953 1670 loquebatur;
2015 1602 2106 1657 sed

2213 1601 2329 1655 ἀλλ’
2358 1601 2431 1664 ὠς
2453 1600 2518 1655 ἂν
2545 1603 2631 1655 διὰ
2665 1605 2912 1674 σπάρτης
2941 1604 3378 1676 κοκκινιζούσης,
3403 1610 3430 1660 ὁ
3462 1607 3569 1660 τοῦ
3588 1607 3790 1661 τέκτο-

542 1720 651 1760 non
683 1718 842 1758 secus
870 1718 934 1758 ac
974 1717 1071 1771 per
1121 1695 1431 1755 Coccineam
1491 1697 1630 1751 fabri
1668 1697 1864 1750 lineam
1908 1695 1975 1758 is,
2019 1695 2106 1760 qui

2214 1711 2322 1760 νος
2357 1696 2820 1766 προσαγορευθεὶς
2853 1698 3004 1764 υἱὸς,
3051 1701 3077 1750 ὁ
3113 1701 3210 1769 τῆς
3253 1700 3583 1769 Ἐκκλησιας
3612 1701 3787 1770 δομή-

544 1757 687 1864 fabri
729 1757 1075 1864 nuncupat-tur
1123 1794 1268 1861 filius
1304 1794 1376 1854 '9,
1424 1789 1679 1844 Ecclesia:
1733 1785 1911 1856 opifex
1952 1757 2106 1840 Cltri-

2215 1757 2326 1854 τωρ
2389 1757 2652 1858 Χριστὸς,
2717 1757 2812 1843 διὰή
2867 1757 3003 1843 τῶν
3046 1757 3334 1864 μακαρίων
3397 1757 3620 1864 χειλέων
3677 1757 3789 1862 ,τῖίς

544 1897 688 1950 stus,
719 1880 1291 1957 perbeatainculpatae
1343 1881 1581 1952 Virginis
1635 1879 1796 1944 labia,
1857 1878 2108 1933 decoram

545 1978 690 2031 illam
719 1977 901 2032 emisit
932 1992 1115 2033 vocem
1157 1978 1329 2033 :Ecce
1361 1977 1520 2040 enim,
1558 1986 1620 2026 ex
1647 1972 1742 2024 hoc
1773 1972 1978 2025 beatam
2032 1986 2112 2024 me
2153 2037 2156 2040 ἢ

542 2072 711 2124 dicent
770 2086 945 2124 omnes
992 2071 1349 2140 generationes
1379 2068 1446 2119 ‘°.

1218 2159 1421 2215 CANT.

613 2253 766 2308 Sicut
799 2253 1036 2321 fragmen
1106 2251 1236 2305 ntali
1269 2251 1446 2321 punici
1481 2250 1623 2303 mala
1648 2259 1764 2317 tua,
1820 2254 1974 2301 extra
2031 2245 2110 2298 si-

539 2347 760 2402 lentium
791 2357 881 2398 tua
891 2361 962 2398 nt.

1164 2433 1475 2490 SCHOLIA.

612 2530 889 2585 Ruborem
926 2527 1143 2582 scilicet
1178 2523 1362 2578 vultus
1411 2521 1528 2594 ejus
1577 2521 1769 2576 cortici
1823 2518 1952 2573 mali
2009 2535 2108 2590 pu-

540 2623 650 2677 nici
672 2622 905 2676 similem
934 2632 1056 2674 esse
1085 2615 1372 2686 perhibet;
1405 2613 1543 2668 mala
1579 2614 1726 2668 enim
1767 2611 1945 2666 media
1981 2625 2109 2682 pars

536 2724 621 2768 est
643 2715 846 2768 vultus.
877 2710 996 2776 Vel,
1024 2725 1091 2763 ex
1131 2704 1355 2776 Virgine
1403 2715 1589 2760 natum
1647 2705 1842 2769 lilium,
1894 2702 2105 2759 Jesum.

537 2800 680 2854 sicut
704 2801 868 2855 etiam
904 2797 1063 2868 paulo
1092 2805 1238 2861 ante,
1269 2794 1324 2848 in
1357 2795 1534 2850 medio
1554 2794 1824 2864 lignorum
1850 2793 1997 2846 silvae
2014 2807 2109 2862 po-

539 2908 688 2945 mum
727 2908 851 2947 esse
915 2891 1252 2954 declaravit;
1290 2897 1345 2942 et
1387 2889 1527 2942 sicut
1555 2887 1767 2942 coccini
1817 2886 1948 2941 mali
2002 2901 2106 2956 pu-

539 2983 644 3038 nici
682 2984 901 3036 rubram
938 2982 1175 3036 induunt
1219 2980 1516 3043 corticem,
1552 2981 1631 3034 sic
1692 2979 1855 3034 etiam
1903 2978 1998 3034 Dei
2053 2985 2106 3032 et

2215 1877 2448 1948 ἀμώμου
2499 1880 2775 1949 Παρθένου
2820 1881 2918 1950 τὴν
2979 1883 3188 1952 ὡραίαν
3242 1885 3497 1955 ἐπαφῆκε
3560 1885 3784 1955 φωνὴνο

2227 1968 2374 2024 Ἰδοὺ
2424 1971 2534 2040 γὰρ
2559 1972 2676 2027 ἀπὸ
2709 1974 2812 2028 τοῦ
2842 1974 2959 2029 νῦν
2989 1975 3352 2045 μακαριοῦσί
3378 1993 3456 2046 με
3503 1976 3689 2033 πᾶσαι
3722 1979 3786 2030 al

2216 2063 2418 2130 γενεαί
2421 2099 2437 2116 .

2872 2155 3113 2231 utam.

2293 2247 2393 2318 Ὠς
2413 2251 2681 2320 λέπυρον
2692 2249 2844 2319 ῥοᾶς
2859 2251 3064 2322 μῆλόν
3084 2269 3221 2318 σου,
3238 2254 3412 2321 ἐκτὸς
3430 2253 3782 2322 σιωπήσεὼς

2211 2355 2351 2396 σου.

2862 2437 3136 2492 ΣΧΟΛΙΑ.

2285 2529 2512 2596 Ἧγουν,
2530 2529 2593 2584 τὸ
2615 2530 2708 2583 τοῦ
2739 2529 3036 2600 προσώπου
3067 2546 3159 2584 σου
3181 2529 3435 2602 ἐρύθημα
3467 2532 3593 2600 ῥοᾶς
3612 2529 3774 2600 φλοιῷ

2211 2621 2590 2690 προσεοικέναι
2637 2623 2800 2691 φησι·
2837 2622 3006 2692 μῆλον
3034 2620 3144 2692 γὰρ
3197 2620 3260 2674 τὸ
3306 2621 3626 2692 μεσαίτατόν
3663 2623 3775 2673 ἐστι

2209 2715 2306 2768 τοῦ
2327 2713 2639 2785 προσώπου·
2669 2715 2818 2785 ἢτδν
2847 2716 2907 2780 ἐξ
2935 2715 3106 2786 αὐτῆς
3137 2715 3397 2786 τεχθέντα
3427 2715 3540 2768 υἱὸν
3569 2714 3778 2786 Ἰησοῦν

2207 2807 2283 2872 ὡς
2321 2808 2415 2862 καὶ
2453 2809 2710 2879 ἀνωτέρω
2746 2809 2916 2880 μῆλον
2959 2811 3018 2864 ὲν
3048 2811 3159 2872 τοῖς
3212 2809 3390 2877 ξύλοις
3434 2797 3538 2862 ἶτοῦ
3574 2809 3776 2879 δρυμοῦ

2207 2899 2504 2970 δεδήλωκε·
2533 2900 2626 2954 καὶ
2649 2901 2838 2971 ὥσπερ
2865 2900 2914 2952 οἱ
2947 2900 3137 2953 κόκκοι
3155 2900 3256 2968 τῆς
3293 2901 3448 2971 ῥοιᾶς
3475 2900 3533 2953 τὸ
3548 2899 3778 2967 λὲπυρον

2209 2988 2442 3058 ἐρυθρὸν
2487 2990 2944 3058 περιϐάλλονται,
2979 2989 3124 3043 οὕτω
3175 2992 3270 3043 καὶ
3302 2993 3330 3044 ὁ
3368 2991 3460 3044 τοῦ
3507 2989 3641 3043 Θεοῦ
3686 2989 3779 3043 καὶ

539 3075 716 3129 Patris
754 3074 1065 3142 unigenitus
1097 3072 1289 3136 Filius,
1321 3070 1498 3125 induit
1531 3069 1820 3126 formatam
1853 3087 1919 3125 ex
1979 3087 2100 3127 san-

2211 3078 2425 3149 Πατρὸς
2479 3079 2606 3142 Υἱὸς
2664 3079 2956 3149 μονογενὴς
2995 3081 3316 3148 ήμφιάσατο
3354 3082 3452 3149 τὴν
3496 3076 3778 3149 αἱματώδη

469 3154 472 3157 ’
536 3168 699 3235 guine
717 3179 965 3228 carnem,
989 3164 1054 3218 de
1083 3179 1190 3233 qua
1219 3162 1648 3217 admirabundus
1666 3162 1834 3216 Isaias
1860 3164 2104 3218 dixerat:

537 3257 801 3321 Quorsum
837 3256 997 3309 rubra
1035 3255 1130 3308 tibi
1193 3263 1316 3308 sunt
1372 3254 1702 3319 uestimenta,
1757 3263 2007 3323 tanquam
2042 3268 2108 3308 ea:

537 3345 750 3400 Basor?
775 3345 1008 3401 Carnem
1047 3347 1231 3415 utique
1277 3360 1374 3415 per
1409 3344 1730 3405 vestimenta
1767 3344 1953 3409 rubra,
2008 3345 2105 3400 ob-

537 3453 701 3493 scuro
723 3439 825 3492 sub
863 3440 1147 3493 involucro
1180 3436 1468 3505 expressit.
1494 3433 1665 3488 Extra
1696 3436 1835 3505 quod
1859 3433 1922 3488 de
1956 3443 2003 3489 te
2029 3436 2105 3489 si-

535 3533 693 3596 lelur,
730 3529 1234 3600 incomprehensam
1252 3528 1460 3583 scilicet
1490 3537 1680 3597 partus
1708 3527 1786 3582 tui
1814 3526 2102 3583 rationem.

1203 3641 1414 3698 CANT.

613 3765 664 3818 lt.
695 3763 902 3818 Collum
938 3754 1095 3814 tuum
1134 3761 1270 3813 sicut
1323 3761 1485 3813 turris
1532 3756 1703 3814 David
1734 3761 2004 3831 wdiﬁcata
2048 3762 2104 3817 in

539 3854 1032 3924 Tltalpioth;mille
1063 3852 1230 3922 σιειρεὶ
1255 3852 1479 3921 pendent
1528 3867 1676 3922 super
1722 3868 1872 3917 .eam,
1923 3854 2104 3908 omnia

534 3949 758 4005 missilia
798 3939 1042 4016 fortium.

1167 4055 1475 4113 SCHOLIA.

603 4176 933 4235 Nominatim
964 4185 1144 4227 autem
1162 4171 1461 4236 recensuit,
1491 4169 1728 4238 Virginis
1752 4187 1973 4244 quoque
1987 4173 2104 4228 col-

533 4275 646 4326 lum
677 4269 904 4344 perinde
934 4280 1058 4320 esse
1089 4278 1152 4317 ac
1182 4261 1366 4315 Turris
1385 4263 1556 4315 David
1572 4261 1844 4330 aedificata
1866 4265 1925 4318 in
1943 4263 2104 4319 Thal-

2211 3171 2391 3240 σάρκα
2417 3185 2432 3202 ·
2465 3170 2602 3241 πρὸς
2653 3171 2720 3240 ἢν
2765 3171 2992 3233 Ἡσαΐας
3031 3171 3457 3240 ἐκπληττόμενος
3487 3170 3728 3236 ἔφασκεν
3757 3187 3774 3199 ⁸

2212 3265 2343 3317 Ἵνα
2374 3263 2430 3316 τί
2467 3275 2582 3316 σου
2608 3261 2828 3332 ἐρυθρὰ
2851 3261 2925 3316 τὰ
2954 3263 3148 3332 ἱμάτια
3177 3263 3258 3327 ὡς
3284 3261 3352 3314 ἐκ
3380 3260 3625 3326 Βοσώρ;
3663 3261 3768 3328 τὴν

2209 3356 2387 3424 σάρκα
2403 3354 2626 3426 δηλαδὴ,
2651 3355 2742 3408 διὰ
2769 3355 2828 3408 τὸ
2852 3355 3102 3426 ἐρύθημα
3129 3354 3234 3407 τῶν
3256 3355 3505 3424 ἱματίων,
3532 3353 3770 3407 alinub-

2210 3463 2388 3518 μενος.
2433 3447 2635 3512 Ἐκτὸς
2673 3446 2782 3515 τῇς
2813 3446 3172 3513 σιωπήσεώς
3219 3460 3333 3500 σου
3359 3461 3373 3477 ο
3408 3445 3652 3498 τουτέστι
3673 3443 3776 3514 τῆς

2205 3540 2586 3609 ἀκαταληψίας
2611 3538 2703 3592 τοῦ
2731 3540 2893 3593 τόκου
2928 3556 3046 3594 σου.

2871 3651 3109 3724 τᾼΣΜΑ.

2292 3771 2386 3836 Ὧς
2418 3771 2644 3838 πύργος
2663 3768 2840 3823 Δαΰὶδ
2870 3768 3170 3837 τράχηλός
3190 3783 3308 3823 σου
3327 3766 3779 3837 ᾠκοδομημένος

2204 3865 2275 3918 ἐν
2305 3862 2582 3918 Salamin?
2610 3879 2622 3892 ·
2657 3863 2837 3929 χΙλιοι
2861 3862 3055 3928 θυρεοὶ
3089 3861 3410 3930 κρέμανται
3441 3861 3533 3914 ἐπ’
3558 3861 3772 3914 αὐτόν·

2205 3955 2397 4014 πᾶσαι
2427 3959 2484 4010 al
2503 3953 2748 4020 ,βολίδες
2775 3951 2892 4005 τῶν
2921 3952 3219 4008 δυνατῶν.

2867 4069 3142 4123 ΣΧΟΛΙΑ.

2266 4159 2551 4250 ”Ωνόμασε
2600 4178 2656 4231 δὲ
2693 4178 2904 4232 καὶτὸν
2943 4177 3115 4248 αὐτῆς
3141 4175 3413 4247 τράχηλον
3442 4175 3518 4238 ὡς
3543 4176 3773 4244 πύργον

2203 4269 2384 4324 Δαϐὶδ
2437 4267 2903 4338 ᾠκοδομημένον
2941 4268 3009 4322 ἐν
3048 4268 3347 4322 Θαλπιώθ.
3381 4267 3493 4320 Καὶ
3519 4265 3769 4320 Θαλπιὼθ

531 4363 696 4434 piotlt.
733 4357 902 4411 Porro
941 4352 1220 4422 Tltalpiotlt
1265 4361 1348 4406 est
1378 4366 1476 4404 arx
1508 4351 1808 4418 Bethleem,
1857 4369 1978 4422 qua:
2003 4355 2102 4407 do-

2209 4361 2306 4432 μὲν
2340 4363 2373 4432 ἡ
2400 4361 2498 4430 τῆς
2530 4360 2766 4429 Βεθλεὴι
2789 4362 2934 4412 ἔστιν
2967 4359 3260 4428 ἀκρόπολις
3285 4375 3300 4388 '
3317 4353 3487 4413 οἷκον
3513 4359 3565 4411 δὲ
3590 4359 3771 4426 ἄρτου

535 4421 649 4506 inus
677 4450 854 4520 panis,
896 4445 1126 4500 Hebraeo
1177 4443 1567 4512 interpretatur
1615 4456 1867 4497 sermone
1896 4459 1912 4510 ;
1940 4445 2098 4514 panis

2206 4421 2274 4522 τῇ
2329 4421 2575 4519 Ἐϐραΐδι
2613 4421 2870 4519 σημαίνει
2911 4421 3204 4518 διαλέκτῳ·
3245 4449 3407 4520 ἄρτος
3443 4449 3499 4502 δέ
3555 4421 3704 4501 ἐστιν
3744 4450 3773 4500 ὁ

533 4555 712 4600 autem
752 4550 836 4597 est
865 4540 1116 4595 Salvator
1147 4543 1334 4590 noster
1358 4532 1540 4599 Jesus,
1563 4544 1624 4589 ut
1653 4537 1768 4604 ipse
1792 4535 1929 4591 dixit
1953 4553 1966 4592 :
1991 4532 2098 4608 Ερο

2210 4541 2400 4612 Σωτὴρ
2431 4542 2588 4611 ἡμῶν
2629 4541 2866 4614 Ἰησοῦς,
2905 4541 2982 4604 ὡς
3029 4542 3190 4604 αὐτὸς
3221 4542 3539 4612 ἀπεφήνατο
3563 4554 3576 4569 '
3627 4540 3774 4608 Ἐγώ

531 4653 646 4692 sum
693 4635 848 4704 panis
881 4635 968 4703 qui
1017 4629 1080 4683 de
1104 4627 1231 4682 calo
1279 4626 1523 4682 descendi
1553 4627 1619 4679 ⁸².
1656 4626 1859 4682 Domus
1914 4639 2098 4684 autem

2209 4635 2324 4702 ειμι
2351 4637 2384 4688 ὁ
2418 4633 2618 4703 ἄρτος,
2653 4637 2685 4689 ό
2707 4635 2775 4688 ἐκ
2803 4635 2910 4689 τοῦ
2935 4635 3194 4704 οὐρανοῦ
3225 4633 3503 4700 καταϐάς.
3535 4629 3694 4696 Οἶκος
3727 4634 3772 4686 δ’

531 4723 907 4796 ipsiusvocari
959 4722 1155 4792 peterit
1215 4719 1376 4787 Virgo
1438 4717 1628 4772 Maria.
1678 4715 1872 4773 Merito
1914 4720 2099 4789 itaque

2209 4727 2277 4780 ἂν
2307 4725 2474 4780 αὑτοῦ
2521 4726 2738 4780 καλοῖτο
2775 4729 2806 4797 ἡ
2844 4727 3116 4796 Παρθένος
3169 4726 3372 4796 Μαρία.
3406 4726 3642 4790 Εἰκότως
3679 4721 3773 4780 οὖν

533 4818 772 4887 Virginis
825 4815 1018 4871 collum
1077 4813 1272 4867 turrim
1326 4812 1377 4864 in
1427 4808 1718 4880 Thalpioth
1781 4813 2092 4881 appellavit.

2206 4820 2296 4872 τὸν
2325 4819 2539 4888 ἐκείνης
2569 4819 2840 4889 τράχηλον
2889 4819 3093 4890 πύργον
3119 4821 3178 4872 ὲν
3207 4818 3464 4872 Θαλπιὼθ
3497 4819 3773 4888 προσηγό-

527 4911 668 4962 Mille
717 4909 881 4978 clypei
918 4907 1139 4976 pendent
1157 4919 1313 4972 super
1340 4919 1475 4966 eam,
1508 4903 1685 4956 omnia
1716 4903 1935 4971 fortiunt
1967 4906 2096 4957 mis-

2206 4927 2386 4982 ρευσε.
2415 4912 2606 4964 Χίλιοι
2632 4911 2830 4978 θυρεοὶ
2855 4912 3178 4979 κρέμανται
3204 4911 3298 4963 ἐπ’
3322 4911 3512 4964 αὐτόν
3529 4925 3547 4941 ο
3578 4909 3772 4965 πᾶσαι

525 5002 648 5057 eilia
679 5020 690 5054 :
726 5016 820 5070 per
855 5001 969 5054 haec
994 5014 1098 5052 non
1146 4999 1381 5052 obscure
1435 4997 1672 5050 ostendit
1700 5010 1883 5050 arcem
1920 4998 1972 5050 in
2011 5007 2095 5050 tu-

527 5105 581 5146 to
616 5094 748 5158 fore,
785 5091 1024 5160 undique
1057 5089 1362 5143 munitione
1405 5088 1682 5150 vallatam,
1711 5096 1875 5158 atque
1905 5087 2094 5156 praesi-

522 5187 614 5241 dio
654 5185 917 5238 munitam
946 5199 960 5248 ;
993 5197 1089 5237 nec
1104 5179 1460 5235 eamomnino
1480 5178 1717 5234 hostium
1743 5189 1932 5246 patere
1952 5179 2090 5233 insi-

521 5281 646 5335 diis.
685 5274 964 5347 ΕῙιιμηιούί
994 5289 1158 5345 porro
1193 5282 1311 5327 erat
1335 5273 1426 5326 illa
1450 5287 1668 5340 quoque
1693 5272 1938 5326 sanctior
1963 5273 2090 5326 uni-

520 5369 697 5425 versis
726 5366 895 5420 Mater
929 5366 1086 5427 Virgo
1113 5382 1126 5418 :
1159 5379 1278 5432 qum
1309 5362 1471 5415 nullis
1502 5377 1740 5430 unquam
1775 5361 1879 5415 fuit
1911 5379 2090 5433 Lexpo-

517 5465 623 5520 sita
647 5460 882 5520 insidiis,
919 5468 1081 5528 atque
1105 5457 1171 5510 ab
1192 5456 1336 5508 omni
1367 5469 1597 5523 prorsus
1626 5453 1852 5508 subdola
1886 5457 2088 5511 versuti

514 5555 660 5609 illius
690 5553 876 5607 fraude
914 5551 1089 5604 aliena
1125 5549 1386 5620 perstitit.

598 5734 643 5766 ⁸⁹
670 5732 861 5788 Matth.
897 5747 1012 5797 xm,
1045 5729 1134 5785 55.
1211 5731 1253 5761 ⁸ο
1305 5729 1437 5783 an.
1469 5744 1507 5795 ι,
1543 5729 1632 5782 48.
1710 5729 1751 5761 ⁶¹
1787 5727 1890 5782 lsa.
1919 5741 2074 5796 unt,
2113 5726 2165 5782 2.

2198 5004 2257 5055 al
2276 5002 2528 5067 ,βολίδες
2561 5000 2674 5054 τῶν
2701 5001 3006 5055 δυνατῶν’
3043 5004 3142 5072 τὴν
3168 5000 3506 5071 πανταχόθεν
3529 5001 3618 5054 δια
3643 5001 3772 5052 τού-

2197 5108 2304 5145 των
2340 5093 2438 5160 τῆς
2477 5090 2826 5160 ἀκροπόλεως
2857 5092 3159 5160 ἀσφάλειαν
3205 5091 3506 5161 δεδήλωκε,
3562 5091 3657 5143 καὶ
3709 5091 3774 5143 τὸ

2195 5183 2391 5252 ἐχυρόν
2443 5197 2505 5235 τε
2535 5185 2628 5237 καὶ
2653 5183 3102 5253 ἀπροσπέλαστον
3135 5183 3248 5246 τοῖς
3290 5183 3463 5254 ταύτῃ
3507 5183 3768 5252 βεϐουληε-

2201 5275 2384 5342 μένοις
2406 5273 2798 5338 ἐπιϐουλεύειν.
2827 5274 3063 5346 Τοιαύτη
3084 5274 3139 5327 δὲ
3171 5274 3266 5328 καὶ
3295 5275 3327 5344 ἠ
3361 5275 3583 5327 πάντων
3603 5275 3776 5339 ἁγιω-

2201 5366 2333 5435 τέρα
2358 5368 2541 5434 μήτηρ
2575 5365 2847 5431 Παρθένος
2869 5380 2884 5394 ⁸
2909 5364 3357 5426 ἀνεπιϐούλευτος
3378 5363 3486 5433 γὰρ
3513 5362 3778 5427 καθάπαξ

2202 5459 2296 5509 καὶ
2313 5457 2768 5523 άπροτπέλαστος
2801 5457 2980 5527 πάσης
3007 5455 3327 5527 ἡστινοσοῦν
3349 5453 3645 5524 ἐπιϐουλῆς
3669 5454 3774 5506 τοῦ

2197 5549 2434 5618 πονηροῦ
2465 5549 2887 5619 διαμεμένηκεν.

2244 5729 2288 5759 ⁶¹
2323 5726 2484 5784 J0ttn.
2505 5744 2577 5793 Vl,
2635 5731 2694 5784 M
2711 5770 2722 5782 .
