4028 6270
205 343 330 406 1037

863 453 1080 511 ἈΣΜΔ
1092 497 1107 512 .

270 552 378 604 Δύο
401 549 629 619 μαστοί
653 559 794 611 σου,
819 547 898 613 ὡς
918 547 1028 602 δύο
1060 548 1257 616 νεϐροὶ
1278 547 1514 614 δίδυμοι
1547 542 1763 610 δορκά-

203 642 317 708 δος,
355 642 409 696 οι
434 640 746 708 νεμόμενοι
766 638 835 691 ἐν
861 637 1110 705 κρίνοις.

846 728 1117 783 ΣΧΟΛΙΑ.

271 827 376 879 Οὐκ
408 820 552 887 εἷπε,
579 825 693 878 Δύο
707 824 933 892 μαστοί
958 836 1097 886 σου,
1129 821 1202 883 ὡς
1225 818 1318 870 δύο
1349 816 1545 886 μαστοὶ
1573 813 1766 883 δορκά-

205 917 302 980 δος,
329 915 482 979 ἀλλὰ,
514 915 628 968 Δύο
647 915 872 983 μαστοί
892 926 1032 976 σου,
1061 912 1140 978 ὡς
1170 911 1278 965 δύο
1303 908 1498 975 νεϐροὶ
1527 906 1765 974 δίδυμοι

205 1006 483 1075 δορκάδος
504 1021 520 1037 ο
554 1004 622 1057 ἵν’
655 1004 908 1058 ἐντεῦθεν
931 1004 1279 1073 ἁναχθῶμεν,
1305 1001 1393 1053 διὰ
1424 1000 1531 1052 τῶν
1556 997 1649 1050 δύο
1675 1013 1764 1050 νε-

204 1100 338 1169 ϐρῶν
369 1099 478 1152 τῶν
510 1098 746 1168 διδύμων
776 1098 878 1166 τὴν
910 1095 1032 1150 καθ’
1072 1097 1223 1164 ἡμᾶς
1259 1091 1466 1162 ταύτην
1493 1091 1620 1144 νέαν
1669 1089 1764 1156 δη-

203 1191 414 1244 λοῦσθαι
443 1190 913 1258 Σιών.⁹Ωμοίωται
942 1189 997 1242 δὲ
1021 1189 1134 1250 τοῖς
1164 1187 1379 1254 ἐκείνης
1413 1185 1661 1252 μαστοῖς,
1683 1181 1762 1244 ὡς

197 1285 254 1348 ἐξ
286 1285 460 1335 αὐτῶν
481 1284 580 1352 τὴν
612 1281 787 1351 ἀρχὴν
811 1281 902 1333 τοῦ
929 1277 1069 1332 εἶναι
1096 1262 1368 1348 λαχοῦσαθ
1397 1275 1627 1345 ὲθήλασε
1653 1273 1762 1344 γὰρ

199 1377 257 1439 ἐξ
287 1375 460 1428 αὐτῶν
490 1375 550 1426 τὸ
585 1373 913 1442 προαιώνιον
961 1371 1161 1441 βρέφος
1208 1370 1268 1422 τὸ
1298 1369 1440 1436 γάλα
1473 1369 1570 1437 τῆς
1601 1367 1762 1436 ἡμῶν

199 1469 357 1538 ζωῆς.
408 1469 470 1518 οι
509 1468 822 1535 νεμόμενοι
869 1465 940 1517 ἐν
982 1464 1231 1531 κρίνοις.
1276 1462 1386 1533 Τὴν
1433 1459 1762 1528 ἐπιπόθησιν

200 1559 287 1611 καὶ
329 1557 638 1628 προθυμίαν
667 1557 774 1610 τῶν
830 1557 1131 1626 ἀρτιγενῶν
1169 1554 1304 1623 πρὸς
1346 1553 1629 1606 εὐσέϐειαν
1672 1551 1761 1604 διὰ

201 1651 399 1703 τούτων
433 1649 604 1717 δηλοῖ.
635 1648 804 1702 Εῖωθε
829 1649 939 1718 γὰρ
962 1648 1102 1718 πρὸς
1140 1649 1259 1710 ταῖς
1292 1650 1496 1716 πηγαῖς
1519 1644 1760 1713 ἀναφύε-

201 1740 316 1793 σθαι
356 1739 423 1792 τὰ
456 1739 635 1809 κρίνα.
685 1741 867 1809 Ταύτῃ
921 1756 1001 1791 τοι
1051 1739 1142 1792 καὶ
1175 1742 1202 1791 ὁ
1255 1739 1538 1808 θεοπάτωρ
1599 1735 1761 1789 Δαὸὶδ

1146 339 1550 404 ΟΟΜΜΕΝΤ.
1591 339 1670 396 IN
1715 335 2112 396 CANTICUM
2154 337 2447 398 CANTIC.

3311 339 3458 406 1038

2585 453 2788 509 CANT.

1943 546 1996 598 5.
2024 544 2136 596 Duo
2172 545 2328 597 ubera
2360 556 2450 598 tua
2469 548 2605 599 sicut
2633 549 2736 600 duo
2761 549 2968 604 hinnuli
2995 555 3204 622 gemelli
3229 573 3455 626 caprea,

1873 638 1962 705 qui
1994 645 2286 706 pascuntur
2332 639 2384 690 in
2413 638 2566 692 (iliis.

2511 728 2830 787 SCHOLIA.

1940 821 2058 875 Non
2093 823 2254 886 dixit,
2285 822 2399 875 Duo
2428 822 2590 875 ubera
2624 834 2740 888 tua,
2791 827 2932 881 sicut
2985 827 3095 883 duo
3145 832 3314 886 ubera
3363 850 3455 890 ca-

1871 929 2054 982 preae;
2089 915 2210 977 sed,
2245 914 2360 968 Duo
2394 915 2556 968 ubera
2590 925 2704 982 tua,
2733 919 2870 971 sicut
2901 920 3005 973 duo
3029 923 3236 975 hinnuli
3252 927 3458 992 gemelli

1869 1021 2070 1073 caprea:
2094 1021 2113 1058 :
2159 1016 2215 1059 ut
2241 1007 2366 1061 hinc
2415 1007 2841 1075 adduceremur,
2893 1026 2988 1079 per
3008 1011 3148 1067 duos
3197 1015 3460 1072 hinnulos

1869 1095 2132 1164 gemellos
2165 1096 2311 1150 clare
2344 1113 2541 1150 novam
2579 1098 2723 1152 hanc
2780 1110 3025 1156 nostram
3083 1104 3453 1172 signiﬁcatam

1868 1201 1996 1241 esse
2037 1186 2194 1242 Sion.
2233 1187 2583 1242 Assimilatur
2613 1199 2795 1244 aut-em
2834 1192 3098 1247 uberibus
3131 1194 3301 1258 illius,
3331 1197 3459 1266 quia

1867 1294 1932 1332 ex
1957 1280 2091 1348 ipsis
2123 1280 2242 1334 vitae
2271 1281 2601 1350 principium
2639 1285 2847 1349 traxit;
2877 1285 3025 1339 suxit
3055 1289 3199 1340 enim
3231 1303 3295 1342 ex
3324 1290 3460 1358 ipsis

1866 1379 2110 1425 aeternus
2160 1371 2248 1424 ille
2307 1373 2600 1428 infanslnc
2647 1376 2770 1428 vitae
2804 1387 3024 1430 nostrae.
3085 1379 3190 1444 Qui
3226 1395 3459 1448 pascun-

1867 1473 1952 1514 tur
1974 1463 2026 1515 in
2046 1461 2194 1514 (iliis.
2218 1462 2395 1530 Ipsum
2424 1463 2640 1532 pietatis
2663 1464 3022 1532 desiderium,
3063 1470 3462 1540 religionisque

1864 1554 2104 1611 studium
2143 1555 2660 1623 nupergenitorum,
2693 1572 2791 1626 per
2855 1558 2970 1612 haec
3025 1560 3140 1628 ipsa
3193 1563 3458 1616 declarat.

1866 1645 2144 1714 Siquidem
2190 1662 2349 1701 secus
2391 1649 2540 1716 ipsos
2597 1648 2778 1703 fontes
2819 1651 3020 1704 exoriri
3079 1652 3257 1706 solent
3309 1655 3456 1719 lilia;

1863 1741 1992 1796 hinc
2016 1755 2232 1809 quoque
2291 1740 2508 1795 divinus
2536 1753 2688 1810 pater
2745 1743 2911 1797 David
2952 1743 3134 1798 dixit:
3187 1745 3456 1810 Quemad-

198 1834 413 1902 εἴρηκεν
433 1847 446 1862 ο
485 1834 596 1885 ὀν
627 1833 850 1898 τρόπον
893 1830 1173 1884 ἐπιποθεῖ
1206 1831 1243 1899 ὴ
1271 1829 1498 1898 ἔλαφος
1526 1827 1626 1881 ἐπὶ
1657 1827 1763 1892 τὰς

1879 1834 2080 1887 modum
2143 1833 2411 1887 desiderat
2467 1850 2619 1887 cerva
2681 1835 2751 1888 ad
2795 1835 2964 1902 fontes
3021 1853 3320 1908 aquarum,
3377 1842 3458 1896 ita

197 1922 384 1992 πηγὰς
415 1923 536 1976 τῶν
569 1921 828 1990 ὑδάτων,
844 1923 1032 1989 οὕτως
1059 1921 1334 1976 ἐπιποθεῖ
1371 1921 1408 1988 ri
1445 1920 1617 1989 ψυχή
1644 1935 1764 1988 μου

195 2015 339 2082 πρὸς
375 2013 474 2080 σὲ,
515 2016 548 2068 ό
577 2015 742 2080 Θεός.

856 2098 1096 2174 ᾌΣΜΛ.

265 2195 417 2259 Ἕως
471 2196 813 2264 διαπνεύσῃ
865 2197 904 2263 ὴ
943 2197 1156 2266 ἡμέρα,
1194 2197 1292 2250 καὶ
1337 2195 1667 2263 κινηθῶσιν
1707 2198 1767 2250 αι

194 2288 378 2343 σκιαί.

839 2380 1116 2434 ΣΧΟΛΙΑ.

275 2472 560 2537 Ἀπόθεσις
589 2473 690 2544 τῆς
739 2473 883 2527 κατὰ
912 2473 1074 2527 τοῦτο
1101 2472 1161 2526 τὸ
1193 2474 1358 2547 μέρος
1408 2473 1575 2545 ᾠδῆς,
1614 2474 1767 2543 κοινῇ

190 2570 300 2626 τῆς
327 2563 542 2634 ᾅδουσιν
559 2555 1028 2636 ἀντιφωνουμένη.

853 2654 1095 2731 ’ᾼΣΜΑ.

267 2751 643 2819 Πορεύσομαι
694 2748 930 2820 ἐμαυτῷ
966 2753 1116 2818 πρὸς
1161 2753 1228 2805 τὸ
1257 2751 1395 2820 ὅρος
1437 2750 1548 2820 τῆς
1583 2753 1773 2820 σμύρ-

194 2859 326 2908 νης,
357 2842 453 2894 καὶ
482 2842 632 2910 πρὸς
643 2844 750 2896 τὸν
767 2843 1007 2906 βουνὸν
1030 2841 1136 2897 τοῦ
1157 2841 1596 2911 λιϐάνου.⁹ολη
1613 2843 1774 2911 καλὴ

196 2935 234 3001 ἡ
262 2933 532 3001 πλησίον
554 2951 698 3002 μου,
729 2933 829 2986 καὶ
863 2933 1064 3004 μῶμος
1089 2935 1200 2988 οὐκ
1231 2933 1406 2988 ἔστιν
1443 2933 1515 2986 ἐν
1544 2933 1668 2988 σοι.

844 3027 1118 3095 axona,

263 3120 372 3172 Καὶ
416 3121 475 3173 ὲν
521 3120 694 3191 ἑτέρῳ
746 3120 846 3187 τὴν
890 3120 1168 3191 Παρθένον
1204 3119 1460 3187 βουνὸν,
1493 3120 1590 3174 καὶ
1637 3119 1775 3187 ὅρος

1867 1927 2132 1983 desiderat
2169 1929 2347 1980 anima
2365 1943 2481 1980 mea
2503 1928 2573 1980 ad
2602 1937 2669 1993 te,
2700 1927 2836 1980 Deus
2861 1928 2925 1982 ⁸³.

2542 2103 2757 2159 CANT.

1941 2199 1992 2252 6.
2023 2196 2195 2251 Donec
2212 2197 2412 2266 aspiret
2459 2197 2659 2262 dies,et
2684 2198 3004 2254 inclinentur
3033 2201 3253 2256 um’brw.

2495 2381 2810 2438 SCHOLIA.

1936 2475 2259 2545 Complexio
2279 2483 2361 2530 est
2392 2474 2560 2542 hujus
2589 2475 2707 2528 oua:
2737 2473 2932 2543 partis.
2973 2477 3194 2530 canenti
3231 2489 3452 2547 sponsa:

1873 2567 2233 2638 respondens,
2258 2580 2377 2636 quae
2423 2564 2716 2621 familiaris
2737 2565 3053 2622 cantoribus
3075 2574 3181 2623 est.

2527 2654 2736 2710 CANT.

1946 2752 2000 2814 6,
2027 2751 2078 2804 7.
2117 2748 2317 2804 Vadam
2349 2765 2442 2818 per
2464 2765 2543 2802 me
2563 2749 2738 2816 ipsum
2770 2749 2840 2802 ad
2859 2759 3084 2803 montem
3119 2750 3368 2819 myrrhae,
3403 2760 3454 2804 et

1877 2844 1945 2895 ad
1967 2841 2153 2896 collem
2173 2841 2363 2895 thuris.
2397 2845 2526 2896 Tota
2543 2840 2792 2910 pulchra.
2820 2841 3065 2909 proxima
3091 2857 3229 2906 mea,
3252 2853 3306 2895 et
3335 2858 3455 2895 ma-

1877 2938 1999 2990 cula
2017 2953 2117 2989 non
2147 2945 2224 2990 est
2255 2937 2310 2990 in
2335 2944 2402 2988 te.

2501 3021 2821 3080 SCHOLIA.

1951 3122 2008 3176 In
2058 3119 2167 3173 alio
2213 3132 2432 3188 quoque
2473 3117 2594 3172 loco
2636 3115 2916 3187 Virginem
2956 3117 3140 3170 collem
3191 3125 3246 3172 et
3300 3136 3455 3174 mo..-

189 3212 465 3280 ὠνόμασε,
499 3214 592 3264 καὶ
617 3210 850 3266 ἐνταῦθα
885 3211 1025 3280 ὄρος
1062 3211 1173 3279 τῆς
1204 3212 1502 3282 σμύρνης,
1534 3211 1628 3265 καὶ
1657 3210 1763 3264 τοῦ

1879 3227 1992 3278 rem,
2032 3213 2376 3266 nominavit:
2409 3220 2465 3264 at
2502 3211 2612 3275 hic,
2647 3217 2880 3263 montem
2925 3210 3155 3280 myrrha
3185 3220 3236 3265 et
3266 3211 3455 3266 collem

185 3304 442 3360 .l:6drov
475 3305 730 3370 βουνόν.
763 3305 1098 3375 Βουλόμενος
1132 3300 1226 3359 οὖν
1254 3305 1314 3358 τὸ
1341 3304 1472 3376 ὕψος
1497 3305 1596 3375 τῆς
1617 3306 1763 3358 ὲκεί-

188 3415 285 3466 νης
309 3397 592 3466 δυνάμεως
609 3395 882 3463 διεξιέναι,
904 3400 1301 3468 Πορεύσομαι,
1324 3400 1513 3469 φησιν,
1529 3395 1766 3467 ἐμαυτῷ

189 3489 341 3556 πρὸς
388 3493 454 3543 τὸ
491 3489 625 3556 ὅρος
656 3488 765 3558 τῆς
813 3491 1108 3558 σμύρνης.
1156 3491 1343 3545 Ταῦτα
1391 3493 1486 3545 καὶ
1533 3491 1766 3551 Ἡσαΐας

190 3581 443 3651 ὕστερον,
465 3581 662 3646 Δεῦτε,
682 3582 782 3635 καὶ
814 3581 1126 3651 ἀναδῶμεν
1157 3587 1243 3648 εις
1263 3583 1330 3636 τὸ
1359 3582 1490 3651 ὄρος
1523 3583 1763 3649 Κυρίου,

188 3673 292 3726 καὶ
325 3674 414 3738 είς
447 3671 553 3724 τὸν
582 3669 752 3726 οἷκον
781 3673 887 3726 τοῦ
913 3672 1060 3726 Θεοῦ
1101 3673 1338 3727 Ἰακώϐ·
1381 3675 1480 3726 καὶ
1517 3673 1768 3743 ἀναγγε-

184 3763 288 3817 λεῖ
332 3763 474 3832 ἡμῖν
514 3762 630 3830 τὴν
681 3761 823 3816 ὁδὸν
853 3761 1060 3828 αὑτοῦ,
1105 3761 1204 3816 και
1254 3763 1670 3830 πορευσόμεθα
1702 3763 1771 3814 ἐν

184 3851 371 3918 αὐτῇ,
421 3851 550 3920 περὶ
586 3851 788 3920 ταύτης
839 3851 1176 3920 διαπρυσίως
1235 3852 1553 3920 εφθὲγγετο.
1594 3854 1771 3921 Ὄρος

174 3944 245 3996 δὲ
277 3943 577 4010 σμύρνης,
604 3943 697 3994 καὶ
721 3942 958 4005 ,ϐουνὸν
980 3943 1255 4007 λιϐάνου,
1299 3945 1420 3997 κατ’
1443 3943 1612 4013 ἄμφω
1643 3943 1772 3998 ταύ-

184 4051 294 4104 την
332 4030 508 4100 εἶπεν,
538 4034 614 4096 ὡς
633 4034 1054 4104 χρηματίσασαν
1083 4033 1180 4088 τοῦ
1216 4035 1569 4106 υεανθρὼπου
1592 4037 1769 4104 Λόγου

187 4127 414 4198 μητέρα
441 4143 456 4158 ο
488 4126 583 4180 καὶ
640 4126 860 4178 λιὸάνου
915 4126 1033 4197 μὲν,
1083 4124 1156 4189 ὡς
1194 4125 1334 4178 Θεοῦ
1375 4125 1770 4194 θυσιαζομένου

186 4221 410 4291 βουνδς,
451 4210 699 4289 σμύρνης
737 4218 814 4284 δὲ,
851 4216 926 4280 ὡς
985 4217 1234 4288 βροτείαν
1296 4216 1476 4287 σάρκα
1516 4217 1582 4270 δι’
1623 4218 1772 4286 ἡμᾶς

181 4314 442 4384 παθητὴν
471 4312 842 4382 ἁνειληφότος,
867 4311 992 4382 ὅρος
1022 4311 1363 4380 ὑπάρξασαν.
1397 4313 1772 4380 Πορεύσομαι

182 4408 245 4459 δὲ
285 4405 522 4475 ἐμαυτῷ
554 4406 702 4473 πρὸς
745 4405 813 4459 τὸ
856 4407 995 4475 ὄρος
1021 4423 1034 4437 ·
1060 4407 1250 4475 ἡγουν,
1290 4407 1634 4476 κατανοήσω,
1676 4407 1772 4459 καὶ

187 4496 336 4561 πρὸς
393 4495 626 4562 ἐμαυτὸν
685 4497 1086 4548 ἀποσκοπεύσω
1140 4500 1240 4568 τῆς
1295 4496 1620 4566 θεανδρικῆς
1671 4493 1769 4548 τοῦ

189 4579 335 4632 Θεοῦ
367 4581 538 4648 Λόγου
565 4583 916 4649 σαρκώσεως,
954 4584 1047 4636 καὶ
1071 4585 1163 4637 τοῦ
1196 4587 1314 4637 κατ’
1351 4587 1521 4654 αὐτὴν
1560 4602 1770 4656 μυστη-
1798 4587 1804 4604 ‘

195 4674 325 4743 ρίου
359 4673 417 4723 τὸ
449 4671 606 4740 ὕψος.
638 4674 1000 4742 Κατανοήσας
1027 4675 1074 4727 δ’
1106 4676 1275 4746 αὐτὴν
1307 4677 1403 4747 τῆς
1428 4678 1772 4747 παγκοτμίου

191 4764 481 4834 σωτηρίας
507 4765 882 4834 ὑπεράμωμον
905 4766 1190 4831 Θεοτὸκον,
1220 4769 1292 4830 ὡς
1322 4769 1506 4822 αἰτίαν
1542 4786 1774 4838 γεγενη-

189 4857 394 4925 μένην,
415 4854 553 4924 πρὸς
579 4856 751 4926 αὐτὴν
770 4856 1110 4926 διαπρυσίως
1127 4858 1352 4927 ἐϐόησεν
1372 4875 1385 4888 ·
1413 4860 1564 4930 Ὄλη
1591 4861 1772 4930 καλὴ,

184 4951 228 5015 ἡ
265 4949 542 5017 πλησίον
565 4964 710 5018 μου,
736 4949 832 5003 καὶ
858 4949 1060 5019 μῶμος
1094 4951 1202 5004 οὐκ
1228 4951 1400 5004 ἐστιν
1438 4953 1506 5005 ἐν
1531 4955 1654 5006 σοι.

888 5214 1107 5288 quam

267 5315 454 5382 Δεῦρο
500 5313 621 5369 ἀπὸ
651 5313 933 5378 Λιϐάνου,
965 5314 1168 5383 νύμφη
1192 5331 1206 5346 ·
1241 5315 1421 5384 δεῦρο
1455 5315 1575 5370 ἀπὸ
1602 5317 1777 5370 Λιϐά-

184 5423 313 5461 νου
338 5421 352 5436 °
389 5407 618 5474 ἐλεύσῃ
658 5406 756 5459 καί
798 5405 1084 5474 διελεύσῃ
1120 5406 1223 5459 ἀπ’
1265 5407 1459 5476 ἀρχῆς
1490 5408 1771 5475 πίστεως,

184 5499 322 5556 ἀπὸ
378 5499 643 5567 κεφαλῆς
699 5502 936 5566 Σανιειρ
983 5499 1080 5552 καὶ
1131 5499 1413 5568 ’Λετρμώνο
1454 5501 1574 5556 ἀπὸ
1621 5517 1770 5572 μαν-

181 5591 363 5660 ὃρῶν
398 5592 684 5658 λεόντων,
715 5591 832 5646 ἀπὸ
862 5589 1048 5658 ὀρέων
1073 5591 1448 5659 παρδάλεων.

268 5773 325 5804 ⁸³
384 5771 533 5828 Psal.
581 5788 691 5837 xu,
731 5771 816 5826 2|.
897 5773 1077 5828 “lsa.
1110 5787 1175 5840 It,
1204 5772 1258 5826 ὅ.

1873 3306 2064 3360 thuris.
2098 3304 2301 3360 Volens
2346 3306 2531 3373 itaque
2587 3302 2942 3358 altitudinem
2995 3303 3174 3371 ipsius
3237 3304 3457 3358 virtutis

1873 3414 2178 3466 recensere,
2217 3397 2444 3462 Vadam,
2480 3397 2684 3467 inquit,
2711 3411 2795 3450 nte
2828 3397 2940 3449 solo
2963 3395 3032 3448 ad
3057 3406 3287 3448 montem
3312 3411 3458 3466 myr-

1874 3494 1997 3547 rhas.
2046 3490 2182 3557 Quae
2235 3489 2406 3545 Isaias
2458 3489 2623 3544 etiam
2671 3488 2863 3542 dicem
2895 3497 3080 3556 postea
3116 3505 3133 3541 :
3177 3487 3370 3552 Venite,
3403 3497 3456 3542 et

1873 3583 2220 3637 ascendamus
2265 3582 2333 3634 ad
2375 3589 2600 3634 montem
2651 3577 2886 3643 Domini,
2923 3586 2972 3632 et
3006 3577 3074 3630 ad
3109 3578 3324 3631 domum
3359 3577 3456 3633 Dei

1872 3673 2063 3739 Jacob,
2096 3681 2146 3728 et
2178 3672 2512 3726 annuntiabit
2567 3671 2712 3723 nobis
2751 3671 2890 3723 uiam
2948 3685 3124 3730 suam,
3157 3678 3208 3722 et
3261 3670 3453 3723 amou-

1874 3764 2104 3819 labimus
2158 3764 2214 3817 in
2244 3779 2305 3816 ea
2333 3762 2506 3827 “,de
2562 3759 2782 3831 Virgine
2836 3760 3026 3828 utique
3085 3761 3207 3828 bac,
3269 3763 3480 3836 divino,

1877 3869 2178 3911 succensus
2209 3853 2332 3924 igne
2356 3853 2703 3923 loquebatur.
2731 3850 2981 3923 Utroque
3000 3866 3162 3922 porro
3175 3853 3449 3908 vocabulo

1876 3946 2068 4000 montis
2101 3944 2352 4014 myrrha,
2387 3952 2440 3998 et
2474 3942 2631 3996 collis
2661 3942 2851 4008 thuris,
2907 3957 3026 3997 eam
3056 3942 3228 4011 ipsam
3289 3944 3454 4014 signi-

1879 4037 2100 4098 licavit;
2132 4036 2288 4107 quasi
2313 4050 2380 4090 ex
2418 4033 2646 4088 oracqu
2702 4042 3016 4102 nuncupata
3045 4031 3189 4087 foret
3230 4033 3322 4087 Dei
3349 4033 3452 4088 bo~

1878 4129 2152 4199 minisque
2178 4127 2336 4182 Verbi
2379 4139 2575 4188 mater,
2610 4137 2800 4196 utpote
2837 4141 2960 4196 qua:
3013 4127 3170 4181 collis
3227 4128 3449 4196 quidem

1878 4222 2054 4276 thuris
2099 4230 2264 4286 esset,
2318 4221 2408 4274 Dei
2462 4220 2724 4273 nimirum
2768 4220 3066 4288 immolati,
3107 4235 3266 4275 mons
3321 4235 3452 4274 vero

1878 4317 2134 4387 myrrhae,
2167 4315 2285 4382 ejus
2320 4315 2602 4377 nimirum,
2633 4313 2724 4380 qni
2757 4313 3044 4366 mortalem
3071 4329 3291 4368 carnem
3326 4329 3454 4384 pro-

1877 4417 1996 4480 pter
2050 4421 2152 4462 nos
2209 4404 2487 4475 patibilem
2554 4405 2936 4475 assumpseri‘t.
3003 4402 3208 4458 Vadam
3267 4416 3451 4460 autem

1878 4517 1956 4554 me
1979 4499 2112 4563 solo,
2144 4498 2212 4552 ad
2245 4506 2491 4559 montem,
2517 4496 2784 4560 videlicet,
2803 4496 3190 4561 considerabo,
3225 4506 3280 4550 et
3306 4497 3453 4566 apud

1877 4609 1963 4647 me
2027 4593 2205 4662 ipsum
2259 4588 2682 4658 contemplabor
2736 4588 2977 4642 divinam
3044 4590 3452 4658 humanamque

1879 4684 2040 4738 Verbi
2069 4683 2159 4737 Dei
2193 4697 2316 4736 cum
2357 4695 2521 4734 carne
2547 4680 2830 4745 unionem,
2861 4689 2918 4734 et
2949 4694 3014 4734 ex
3064 4680 3204 4749 ipsa,
3248 4690 3452 4749 myste-

1879 4778 1942 4831 rii
1977 4775 2345 4830 altitudinem.
2379 4773 2752 4828 Considerans
2817 4783 2994 4826 autem
3057 4773 3232 4841 ipsam
3287 4774 3454 4828 totius

1880 4880 2106 4936 prorsus
2173 4865 2312 4918 labis
2375 4874 2658 4934 expertem
2725 4863 3013 4934 Deiparam
3067 4864 3238 4919 totius
3302 4867 3454 4920 orbis

1878 4971 2100 5012 causam
2130 4957 2299 5012 fuisse
2329 4957 2542 5020 salutis,
2575 4957 2644 5010 ad
2694 4957 2864 5024 ipsam
2916 4957 3104 5012 divino
3149 4974 3451 5015 succensus

1883 5046 2090 5116 Spiritu
2148 5048 2495 5112 exclamavit,
2534 5049 2771 5104 dicens:
2824 5049 2904 5103 En
2950 5058 3058 5103 tota
3105 5050 3325 5118 pulchra
3372 5070 3449 5120 es,

1879 5141 2126 5208 proxima
2159 5157 2292 5206 mea,
2333 5150 2384 5195 et
2422 5141 2635 5194 macula
2671 5158 2774 5196 non
2803 5150 2878 5196 est
2910 5143 3052 5196 inte.

1947 5236 1954 5242 ’
2581 5233 2664 5288 CA
2675 5234 2786 5289 NT.

1949 5325 2000 5380 8.
2039 5325 2168 5380 Veni
2198 5344 2228 5380 a
2261 5325 2482 5393 Libano,
2517 5343 2731 5396 sponsa,
2763 5329 2878 5381 veni
2899 5344 2930 5380 a
2967 5326 3167 5381 Libano
3194 5342 3215 5392 ,°
3242 5325 3410 5380 venies
3433 5367 3449 5392 ,

1879 5428 1928 5472 et
1958 5419 2222 5487 pervenies
2254 5436 2284 5472 a
2315 5421 2506 5473 vertice
2536 5417 2679 5488 ﬁdei,
2709 5437 2741 5474 a
2773 5421 2946 5490 capite
2996 5419 3184 5474 Saniir
3218 5425 3269 5470 et
3320 5417 3452 5471 Aer-

1882 5527 2039 5576 mon;
2074 5529 2106 5566 a
2138 5510 2398 5566 cubilibus
2433 5512 2662 5579 leonum,
2690 5529 2721 5566 a
2748 5513 3006 5566 montibus
3031 5512 3339 5581 pardoruns.
