4028 6270
569 366 706 429 Ῑθῖθ

1193 471 1509 526 SCHOLIA.
1529 525 1541 536 ,

631 565 823 620 Omnis
853 564 1027 618 virtus
1058 573 1112 619 et
1151 566 1393 634 operatio
1439 563 1773 620 sanctissimi
1801 562 2038 633 Spiritus
2067 562 2123 614 in

564 655 946 728 beataVirgine
966 657 1246 711 habitavit.
1262 657 1528 723 Quocirca
1547 657 1813 726 propheta
1833 655 2126 712 variislau-

563 751 690 802 dum
721 747 1038 802 nominibus
1092 749 1262 816 ipsam
1313 747 1610 802 celebravit
1655 746 1858 804 :modo
1904 745 2124 814 quidem

560 841 840 909 appellans
891 839 1117 903 lectum,
1149 838 1312 893 modo
1357 839 1602 903 domum,
1660 847 1720 894 et
1760 839 1888 892 alibi
1946 837 2122 890 aliter.

560 929 658 983 llic
695 944 819 983 vero
845 943 1100 998 sponsam
1122 929 1434 988 nominans.
1470 929 1601 982 dicit
1633 945 1646 980 :
1675 926 1815 983 «.Veni
1840 944 1870 979 a
1901 925 2123 989 Libano,

557 1037 768 1087 sponsa.
795 1019 925 1087 Quae
944 1019 1194 1091 videlicet
1209 1036 1237 1072 a
1255 1019 1361 1074 Deo
1372 1019 1777 1089 generationem
1798 1017 2056 1080 habuisti,
2075 1027 2127 1071 et

558 1121 667 1166 tota
700 1111 792 1165 Dei
822 1111 1012 1167 eilecta
1035 1127 1094 1166 es
1109 1120 1272 1180 atque
1291 1111 1507 1164 divina;
1524 1111 1628 1164 Per
1647 1111 1912 1168 Libanum
1943 1119 2124 1181 autem

559 1205 644 1258 hic
659 1217 874 1272 quoque
895 1202 1438 1266 Deumintellexisse,
1471 1203 1639 1256 Isaias
1665 1202 1717 1255 in
1751 1217 1991 1271 przesens
2024 1214 2125 1255 suo

555 1295 820 1362 approbet
841 1295 1187 1362 testimonio;
1204 1295 1279 1348 ait
1296 1295 1440 1348 enim
1464 1311 1481 1346 ι
1502 1291 1886 1348 GloriaLibani
1907 1294 2036 1346 data
2048 1302 2124 1345 est

553 1390 600 1441 ei
615 1389 694 1452 '5;
718 1388 938 1457 perinde
957 1403 1019 1442 ac
1039 1387 1266 1452 diceret,
1297 1388 1354 1440 Ei
1372 1387 1537 1441 cessit
1567 1387 1620 1440 in
1639 1394 1843 1440 sortem
1862 1385 2121 1440 Libanus.

559 1480 759 1544 Venies,
785 1489 835 1533 et
863 1482 1126 1549 pervenies
1161 1497 1192 1533 a
1235 1481 1422 1534 vertice
1480 1480 1604 1548 ﬁdei
1621 1497 1640 1544 ;
1698 1479 1842 1534 ac-si
1870 1479 2078 1534 diceret
2106 1496 2120 1533 :

555 1571 656 1634 Tu,
697 1587 816 1640 quae
845 1573 961 1626 sola
1007 1571 1180 1636 fuisti,
1217 1580 1478 1642 tanquam
1515 1572 1799 1626 invertiee
1830 1571 1978 1638 ﬁdei,
2037 1585 2121 1624 ve-

555 1665 660 1717 nies
691 1664 756 1718 ad
793 1665 980 1728 vitam,
1009 1678 1108 1718 nec
1135 1664 1200 1716 ad
1231 1662 1392 1731 hujus
1454 1667 1579 1718 vitae
1637 1663 1779 1718 mala
1829 1662 2116 1731 pervenies.

556 1754 671 1817 Vel,
699 1756 742 1808 Δ
776 1755 961 1808 vertice
1007 1755 1134 1823 ﬁdei
1163 1755 1359 1818 venies,
1396 1764 1449 1808 et
1472 1755 1546 1810 nil
1572 1753 1778 1811 {mdum
1834 1763 1929 1809 aut
1983 1753 2123 1807 indi-
2152 1795 2194 1852 Β

553 1862 719 1915 gnum
762 1846 872 1904 Deo
897 1862 961 1903 ex
1000 1858 1051 1902 te
1072 1857 1199 1902 nato
1221 1847 1612 1916 suspicaberis.
1649 1847 1921 1900 Pervenies
1944 1864 1977 1900 a
2029 1861 2120 1900 ca-

554 1941 661 2003 pite
683 1937 886 2001 Saniir,
911 1948 958 1992 et
988 1939 1240 1994 Aer-mon.
1264 1939 1438 1995 llosce
1475 1940 1541 1994 ad
1573 1948 1784 1994 montes
1812 1938 2119 2008 patriarcha

553 2031 797 2100 confugit
826 2029 1014 2095 Jacob,
1046 2033 1264 2102 quando
1288 2033 1723 2101 persequebatur
1750 2046 1873 2086 eum
1911 2031 2118 2096 Laban,

554 2125 806 2179 contritis
845 2126 998 2195 prius
1040 2125 1092 2179 in
1127 2125 1327 2180 Galaad
1370 2124 1502 2192 ipsis
1531 2123 1839 2178 daemonum
1885 2122 2121 2176 simula-

551 2217 683 2270 cris.
707 2215 841 2278 Cum
877 2217 1060 2285 itaque
1089 2215 1348 2270 laudibus
1371 2229 1593 2284 quoque
1652 2214 1950 2269 celebraret
2001 2213 2120 2268 Vir-

553 2308 756 2373 ginem,
803 2322 923 2376 quae
951 2307 1318 2360 debellaverat
1356 2305 1657 2359 adversarii
1685 2304 1796 2356 vim
1829 2314 1992 2372 atque
2017 2318 2119 2372 po-

553 2399 800 2460 tentiam,
834 2405 888 2451 et
921 2395 1240 2464 confugerat
1274 2395 1329 2450 in
1359 2394 1701 2450 altitudinem
1746 2394 2063 2458 divinitatis,
2089 2409 2118 2446 a

553 2489 831 2545 montibus
857 2496 1094 2552 revocat,
1127 2487 1352 2543 dicens:
1392 2487 1522 2542 Veni
1555 2503 1588 2540 α
1615 2487 1787 2555 capite
1835 2484 2020 2538 Saniir
2068 2492 2118 2537 et

550 2582 798 2647 Aermon,
834 2596 867 2633 a
896 2579 1151 2634 cubilibus
1184 2576 1421 2641 leonum,
1454 2595 1485 2630 a
1527 2577 1791 2630 montibus
1831 2575 2120 2644 pardorum

551 2682 738 2742 utpote
789 2687 947 2741 quae,
1015 2686 1138 2726 cum
1199 2685 1265 2724 ex
1326 2669 1478 2739 regio
1543 2681 1742 2738 genere
1793 2675 1850 2720 et
1903 2663 2119 2718 Judaeo-

550 2780 671 2818 rum
709 2763 1000 2834 synagogis
1044 2762 1424 2828 descenderet,
1456 2759 1900 2818 cacodzemonum
1935 2765 2118 2812 tamen

549 2854 840 2910 debellavit
910 2853 1272 2918 violentiam,
1328 2849 1766 2921 quandoquidem
1825 2862 2000 2917 usque
2050 2847 2117 2902 ad

538 2945 778 3008 Christi,
813 2959 879 2998 ex
912 2944 1030 3012 ipsa
1067 2941 1293 3012 Virgine
1333 2943 1470 3006 nati,
1509 2943 1830 3009 adventum,
1862 2956 1971 2996 non
2028 2957 2118 2996 se-

549 3053 648 3089 cus
667 3051 728 3088 ac
754 3035 876 3104 agni
913 3048 940 3086 a
976 3033 1190 3102 laqueis
1252 3031 1498 3097 leonum,
1527 3032 1983 3089 adversariorum
2036 3032 2118 3086 ni-

551 3127 750 3180 mirum
786 3124 1048 3188 hostium,
1079 3123 1246 3177 vincti
1270 3121 1584 3182 fueramus;
1614 3138 1752 3193 quos
1771 3124 1970 3179 bestias
1991 3124 2112 3191 qui-
2148 3131 2188 3187 c

550 3218 673 3271 dem
713 3230 854 3278 esse,
891 3228 987 3284 per
1039 3213 1257 3268 beatum
1278 3213 1400 3276 Job,
1457 3213 1598 3268 Deus
1654 3215 1771 3283 ipse
1825 3214 2114 3284 praedixit:

553 3309 690 3364 Ecce
722 3323 859 3362 nunc
901 3307 1148 3376 adjacent
1179 3307 1271 3360 tibi
1297 3304 1579 3372 bestiae“;
1621 3315 1676 3360 et
1709 3306 1927 3362 divin-us
1965 3317 2118 3380 pater

553 3399 720 3454 David
774 3399 966 3452 bestias
995 3399 1287 3469 arundinis
1328 3397 1636 3452 nominavit
1667 3398 1756 3465 ‘7;
1806 3407 1973 3467 atque
2017 3399 2116 3454 ite-

548 3510 668 3549 rum
699 3493 829 3548 dicit
865 3511 879 3546 :
914 3490 997 3547 Ne
1050 3491 1236 3547 tradas
1269 3491 1448 3546 bestiis
1488 3491 1728 3546 animam
1776 3492 2115 3559 conﬁtentem

551 3587 642 3642 tibi
671 3587 734 3641 ⁸⁸.
771 3584 837 3640 Ει
863 3585 1036 3641 Isaias
1067 3585 1172 3640 hoc
1205 3585 1366 3641 modo
1411 3585 1478 3640 de
1512 3585 1632 3655 ipsa
1698 3585 1912 3640 dixerat
1942 3603 1955 3640 :
1989 3584 2116 3638 Non

545 3680 644 3732 erit
668 3679 741 3732 ibi
770 3679 871 3742 leo,
913 3692 1076 3748 neque
1104 3677 1216 3731 ulla
1251 3677 1520 3732 malarum
1545 3677 1836 3731 bestiarum
1873 3677 2118 3730 ascendet

546 3771 1005 3826 adversuseam".
1047 3767 1327 3840 Virginem
1358 3769 1523 3839 igitur
1550 3769 1747 3839 ipsam,
1780 3777 1966 3838 utpote
1994 3784 2117 3840 quae

546 3865 721 3933 prima
753 3863 970 3918 illorum
1018 3862 1460 3918 cacodazmouum
1522 3860 1747 3930 laqueos
1802 3862 2019 3926 vitarat,
2079 3874 2109 3914 a

548 3957 807 4010 cubilibus
835 3957 1064 4021 leonum,
1091 3967 1139 4009 et
1170 3972 1202 4009 a
1240 3955 1503 4010 montibus
1544 3955 1860 4024 par-dorum,
1906 3954 2117 4009 scilicet

547 4063 576 4101 a
607 4049 1052 4103 cacodacmonum
1089 4049 1324 4116 laqueis,
1368 4062 1671 4116 eorumque
1708 4048 1893 4104 taveis
1933 4058 1985 4101 et
2020 4048 2116 4114 jn-

548 4139 777 4203 stitutis,
809 4139 915 4194 huc
942 4148 1002 4194 ut
1025 4140 1203 4193 veniat
1232 4148 1410 4196 vocat.

1218 4315 1424 4370 CANT.

617 4407 674 4462 9.
723 4404 1033 4460 Vulnerasti
1083 4421 1199 4471 nos,
1225 4423 1377 4461 soror
1410 4422 1524 4461 mea
1555 4425 1776 4478 sponsa,
1825 4409 2117 4466 vulnerasti

548 4513 664 4565 nos,
697 4513 802 4551 uno
830 4499 893 4552 ab
924 4498 1090 4552 oculis
1119 4499 1244 4563 tuis,
1274 4501 1332 4553 in
1357 4515 1472 4554 una
1485 4499 1608 4554 colli
1644 4503 1720 4554 tui
1755 4503 2024 4562 insitione.

1171 4675 1487 4734 SCHOLIA.

615 4766 676 4820 ln
698 4767 954 4824 cordibus
983 4768 1185 4823 nostris
1219 4769 1464 4824 insevisti
1494 4769 1654 4824 unius
1681 4769 1933 4826 videlicet
1961 4769 2112 4826 trinae

548 4859 910 4914 subsistentia:
971 4859 1066 4915 Dei
1131 4861 1472 4930 splendorem
1533 4860 1888 4929 purissimum
1935 4878 1950 4917 :
2007 4878 2110 4917 uno

548 4951 714 5014 enim,
747 4960 801 5004 et
828 4951 881 5003 in
911 4967 1020 5003 una
1051 4951 1258 5017 dicens,
1292 4952 1357 5004 ad
1385 4949 1756 5021 theologicam
1808 4966 1910 5006 nos
1939 4951 2114 5006 elevat

549 5042 1084 5110 contemplationem.
1113 5041 1266 5098 Sicut
1294 5044 1439 5098 enim
1475 5043 1614 5098 oculi
1660 5044 1954 5113 purissima
1987 5054 2116 5100 sunt

549 5133 797 5201 corporis
827 5149 976 5202 pars.
1016 5143 1069 5186 et
1097 5134 1296 5188 collum
1326 5143 1411 5189 est
1439 5133 1636 5204 capitis
1661 5135 1896 5190 linitima
1941 5135 2109 5202 basis,

553 5225 624 5278 ita
659 5234 712 5278 et
747 5239 776 5277 a
811 5224 961 5292 puris
991 5225 1520 5281 considerationibus
1550 5225 1810 5294 Virginis,
1843 5237 1897 5282 et
1925 5227 2114 5282 incon-

553 5317 732 5370 cussis
765 5315 1046 5384 llrmisque
1081 5316 1198 5386 ejus
1241 5316 1571 5384 virginitatis
1618 5317 1868 5382 basibus.
1903 5319 1958 5373 in
1995 5318 2106 5372 ani-

554 5425 702 5473 mum
743 5407 1082 5473 inducemus,
1115 5423 1281 5461 unum
1304 5410 1491 5473 Deum,
1527 5410 1727 5464 trinum
1761 5412 1812 5464 in
1845 5425 2114 5481 personis,

555 5501 608 5550 in
637 5514 742 5551 una
768 5499 1003 5554 essentia
1041 5499 1155 5554 fore
1173 5500 1535 5557 adorandum.

1727 359 2083 422 ΜΑΤΤΗᾸΞΙ
2122 359 2616 421 CANTACUZEN
2627 360 2648 418 Ι

2152 475 2201 532 Α

3656 363 3785 428 10ίο

2881 473 3127 528 ΣΧΟΔῙΑ
3139 512 3152 524 .

2301 562 2455 614 Πᾶσα
2475 561 2702 632 δύναμις
2729 563 2822 616 καὶ
2847 564 3100 633 ἐνέργεια
3129 562 3224 617 τοῦ
3257 567 3527 633 παναγίου
3549 567 3784 638 Πνεῦμα-

2226 669 2319 714 τος
2353 654 2411 704 ἐν
2440 655 2504 722 τῇ
2557 653 2803 724 μακαρίᾳ
2835 656 3097 724 Παρθένῳ
3136 657 3426 726 κατῴκησε
3452 674 3468 689 ⁸
3513 660 3676 729 ταύτῃ
3706 677 3781 714 τοι

2228 743 2321 794 καὶ
2345 744 2373 794 ὁ
2393 744 2681 813 προφήτης
2701 745 2964 808 ποικίλοις
2992 748 3162 817 αὐτὴν
3192 747 3496 820 ἐξύμνησεν
3529 749 3741 820 ὀνόμασι
3767 767 3779 782 ·

2229 831 2362 884 ποτὶ
2414 834 2510 903 μὲν
2549 834 2738 904 κλίνην
2761 877 2776 901 ,
2816 836 3005 890 ἄλλοτε
3051 838 3108 892 δὲ
3144 835 3331 905 οἷκον,
3385 842 3477 894 καὶ
3513 845 3570 894 ἐν
3616 841 3783 904 ἄλλοις

2228 925 2396 990 ἄλλα,
2451 926 2684 980 ἐνταῦθα
2727 928 2783 980 δὲ
2824 928 3041 999 νύμφην
3078 932 3384 1001 ὀνομάζων,
3417 936 3550 1003 φησί
3574 950 3588 964 '
3617 935 3784 1002 Δεῦρο

2226 1017 2347 1070 ἀπὸ
2372 1016 2656 1080 Λιϐάνου,
2677 1019 2908 1087 νύμφη,
2941 1023 2972 1089 ή
3006 1023 3070 1075 ἐκ
3103 1022 3241 1076 Θεοῦ
3269 1023 3512 1092 δηλονότι
3531 1025 3624 1095 τὴν
3645 1028 3786 1094 γένε-

2231 1123 2317 1158 σιν
2347 1107 2629 1176 ἐσχηκυῖα,
2676 1109 2771 1161 καὶ
2803 1109 2899 1178 ὅλη
2924 1125 2982 1162 τε
3020 1112 3267 1182 θεωμένη
3299 1115 3781 1184 τυγχάνουσα.’οτι

2227 1195 2282 1250 δὲ
2337 1197 2424 1248 διὰ
2477 1197 2573 1250 τοῦ
2631 1197 2867 1251 Λιϐάνου
2931 1200 3211 1255 κάνταῦθα
3265 1201 3399 1256 Θεὸν
3457 1203 3782 1273 δεδήλωκεν,

2237 1288 2468 1350 Ἡσαΐας
2497 1288 2686 1358 παρὼν
2715 1292 3202 1362 συμμαρτυρείτω.
3243 1294 3454 1361 Ἐδόθη
3483 1296 3592 1363 γὰρ
3614 1297 3784 1364 αὐτῷ,

2228 1381 2414 1447 φησὶν,
2475 1380 2514 1448 ἡ
2579 1379 2731 1444 δόξα
2778 1381 2887 1435 τοῦ
2932 1383 3216 1438 Λιϐάνου.
3268 1382 3434 1437 Ὠσὰν
3477 1388 3526 1439 ει
3574 1388 3782 1455 ἔλεγεν·

2237 1471 2570 1540 ’Δφώρισται
2620 1473 2768 1541 αὐτῷ
2809 1474 2889 1537 είς
2929 1473 3132 1544 κλῆρον
3157 1475 3186 1527 ὁ
3233 1474 3486 1538 Λίϐανος.
3535 1477 3783 1548 Ἔλεῠσῃ

2227 1565 2326 1617 καί
2372 1563 2659 1633 διελεύσῃ
2709 1567 2813 1619 ἀπ’
2855 1563 3047 1634 ἀρχῆς
3077 1568 3368 1634 πίστεωςο
3414 1570 3536 1622 ἀντὶ
3567 1570 3676 1632 τοῦ,
3718 1573 3783 1622 Σὺ

2230 1655 2364 1725 μόνη
2406 1660 2481 1719 ῶς
2529 1655 2633 1710 ἀπ’
2690 1655 2887 1725 ἀρχῆς
2935 1657 3045 1726 τῆς
3079 1657 3345 1725 πίστεως
3392 1660 3523 1712 οὖσα
3570 1661 3784 1729 ἀλούσῃ

2227 1748 2362 1817 πρὸς
2399 1747 2489 1800 τὸν
2543 1748 2675 1819 βίον,
2719 1749 2812 1802 καὶ
2859 1749 2968 1801 τῶν
3005 1750 3196 1803 τούτου
3247 1750 3456 1814 κακῶν,
3505 1753 3785 1823 ἀπείρατος

2223 1838 2549 1907 διελεύσῃ·
2591 1840 2646 1911 ἢ,
2700 1840 2820 1894 ἀπὸ
2871 1840 3066 1909 ἀρχῆς
3100 1841 3360 1908 πίστεως
3400 1843 3658 1912 ἀλούσῃ,
3699 1847 3786 1896 καὶ

2227 1928 2392 1998 μηδὲν
2421 1929 2768 2000 ὐπονοήσασα
2799 1930 3056 2000 χαλεπὸν,
3096 1931 3221 2002 μηδ’
3255 1931 3469 1997 ἀνάξιον
3516 1932 3609 1986 τοῦ
3646 1934 3786 2003 παρὰ

2224 2021 2318 2075 σοῦ
2368 2022 2652 2092 τεχθέντος
2681 2022 2839 2076 Θεοῦ.
2899 2024 3193 2093 Διελεύση
3229 2025 3348 2078 ἀπὸ
3381 2024 3649 2094 κεφαλῆς
3677 2030 3784 2080 Σα-

2221 2114 2372 2182 νιεὶρ
2407 2115 2507 2168 καί
2535 2115 2808 2184 Ἀερμών.
2852 2115 2946 2176 Ἐν
2981 2116 3162 2179 αὐτοῖς
3189 2118 3303 2180 τοῖς
3333 2117 3518 2188 δρεσιν
3545 2119 3574 2171 δ
3599 2136 3784 2190 πατρι-

2223 2207 2398 2274 άρχης
2443 2206 2784 2278 ἐφυγαδεύθη
2847 2207 3042 2261 Ἰακὼϐ
3105 2207 3438 2278 διωκόμενος
3491 2212 3642 2277 παρὰ
3693 2210 3782 2263 τοῦ

2221 2299 2431 2363 Λάϐαν,
2483 2299 2782 2362 συνθλάσας
2828 2302 3092 2371 πρότερον
3122 2300 3181 2354 ἐν
3218 2301 3434 2355 Γαλαὰδ
3483 2303 3552 2356 τὰ
3595 2303 3782 2374 ὁμοιὼ-

2226 2408 2371 2460 ματα
2406 2390 2514 2445 τῶν
2545 2392 2835 2460 δαιμόνων.
2884 2393 3163 2462 Ἐξυμνῶν
3190 2388 3282 2447 οὖν
3325 2396 3419 2448 καὶ
3453 2395 3554 2462 τὴν
3585 2398 3782 2468 Παρθέ-

2221 2500 2333 2548 νον,
2386 2483 2464 2548 ὡς,
2496 2483 2942 2538 καταϐάλλουσαν
2968 2485 3062 2538 τοῦ
3107 2487 3490 2558 ἀντικειμένου
3513 2490 3610 2556 τὴν
3635 2491 3784 2544 δύνα-

2224 2590 2335 2642 μιν,
2366 2575 2460 2627 καὶ
2483 2575 2910 2642 φυγαδευθείσαν
2935 2577 2993 2628 ἐν
3018 2575 3094 2646 τῷ
3118 2575 3242 2646 ὕψει
3271 2580 3368 2649 τῆς
3391 2578 3662 2651 θεότητος,
3685 2581 3783 2635 ἀπὸ

2219 2665 2329 2717 τῶν
2394 2666 2566 2734 ὁρέων
2618 2666 2792 2728 καλεῖ,
2844 2667 3054 2736 λέγων’
3115 2669 3298 2738 Δεῦρο
3354 2670 3475 2725 ἀπὸ
3524 2672 3784 2742 κεφαλῆς

2221 2755 2458 2826 Σανιείρ
2485 2758 2584 2812 καί
2623 2759 2894 2827 Ἅερμὼν,
2927 2760 3046 2814 ἀπὸ
3063 2762 3346 2830 μανδρῶν
3375 2763 3656 2830 λεόντων,
3674 2767 3786 2822 ἀπὸ

2220 2849 2404 2916 ὀρέων
2423 2849 2780 2919 παρδάλεων
2801 2867 2814 2881 ·
2850 2852 2991 2923 ἦτοι,
3027 2855 3092 2908 ἐκ
3123 2855 3217 2908 τοῦ
3245 2855 3530 2925 βασιλικοῦ
3565 2877 3789 2929 καταγο-

2223 2940 2356 3009 μένη
2389 2941 2604 3008 γένους,
2636 2945 2730 2996 καὶ
2756 2942 2865 2996 τῶν
2898 2944 3205 2999 Ἰουδαϊκῶν
3226 2950 3560 3017 συναγωγῶν
3579 2989 3594 3014 ,
3621 2951 3653 3021 ἢ
3679 2951 3787 3004 τῶν

2222 3029 2474 3098 πονηρῶν
2529 3031 2802 3100 δαιμόνων
2859 3034 2895 3102 ἠ
2950 3034 3286 3104 διαδράσασα
3333 3038 3434 3110 τὴν
3487 3041 3782 3110 ἐπήρειαν*

2223 3120 2350 3191 ἄχρι
2385 3121 2494 3190 γὰρ
2540 3124 2640 3192 τῆς
2679 3125 2984 3192 παρουσίας
3015 3124 3108 3178 τοῦ
3141 3126 3312 3200 ταύτῃ
3351 3130 3622 3199 τεχθέντος
3643 3133 3781 3200 Χρι-

2221 3212 2368 3274 στοῦ,
2399 3212 2474 3277 ὡς
2497 3212 2660 3287 ἄρνες
2692 3214 2796 3270 ὑπὸ
2826 3215 3056 3270 λεόντων
3081 3219 3461 3290 ἐδεσμούμεθα,
3489 3221 3593 3288 τῶν
3621 3223 3774 3273 ἀντι-

2219 3303 2488 3373 κειμένων
2517 3304 2727 3374 ἐχθρῶν
2749 3322 2762 3337 ·
2794 3305 2888 3368 οὒς
2919 3308 3012 3360 καὶ
3041 3307 3211 3378 θηρία
3233 3309 3314 3380 διὰ
3339 3308 3428 3362 τοῦ
3458 3311 3759 3379 μακαρίτου

2230 3392 2350 3444 Ἰὼϐ
2379 3394 2407 3446 ὀ
2454 3393 2584 3457 Θεὸς
2618 3396 3003 3467 προσείρηκεν.
3048 3398 3210 3454 Ἰδοὺ
3253 3399 3360 3454 νῦν
3394 3398 3775 3468 παράκεινται

2219 3501 2318 3538 σοι
2348 3486 2523 3554 θηρία
2541 3501 2554 3514 ³
2586 3488 2682 3540 καὶ
2711 3490 2738 3541 ὁ
2765 3489 3049 3562 θεοπάτωρ
3077 3493 3243 3546 Δαϐὶδ
3271 3493 3440 3560 θηρία
3462 3493 3565 3548 τοῦ
3593 3496 3783 3550 καλά-

2213 3593 2334 3644 μου
2365 3575 2616 3646 ὠνόμασε
2641 3594 2655 3608 ·
2679 3580 2771 3632 καὶ
2799 3579 2952 3644 αὖθίς
2986 3599 3119 3653 φησι
3139 3601 3152 3614 ·
3184 3584 3282 3653 Μὴ
3322 3585 3634 3654 παραδῴης
3662 3587 3790 3656 τοῖς

2217 3669 2446 3736 θηρίοις
2462 3669 2674 3738 ψυχὴν
2696 3670 3272 3744 ἐξομολογουμένην
3293 3691 3414 3731 σοι·
3440 3677 3532 3732 καὶ
3563 3677 3790 3743 Ἡσαΐας

2217 3756 2360 3810 οὕτω
2395 3759 2521 3828 περὶ
2568 3759 2739 3829 αὐτῆς
2777 3761 3000 3832 εἴρηκεν
3027 3781 3040 3797 ο
3077 3769 3199 3820 Οὐκ
3231 3767 3407 3822 ἔσται
3453 3768 3585 3823 ἐκεῖ
3609 3770 3789 3834 λέων,

2218 3847 2360 3902 οὐδὲ
2389 3848 2508 3903 τῶν
2547 3852 2770 3919 θηριων
2799 3852 2916 3906 τῶν
2941 3855 3225 3924 πονηρῶν
3257 3861 3330 3913 οὺ
3357 3858 3444 3929 μὴ
3476 3861 3674 3930 ἀναθῇ
3710 3864 3795 3925 εὶς

2217 3939 2412 4004 αὐτήν
2437 3956 2449 3970 ·
2471 3942 2547 4005 ὡς
2578 3938 2673 3996 οὖν
2701 3943 2926 4014 πρώτην
2952 3946 3050 4016 τὴν
3079 3948 3377 4019 Παρθένον,
3411 3953 3539 4014 τοὺς
3572 3953 3795 4006 ἐκείνων

2215 4031 2582 4100 διαφυγοῦσαν
2630 4033 2884 4104 δεσμοὺς,
2915 4038 3035 4093 ἀπὸ
3073 4040 3360 4109 μανδρῶν
3389 4044 3660 4096 λεόντων
3697 4047 3796 4098 aut

2217 4123 2404 4191 ὀρέων
2445 4125 2799 4192 παρδάλεων
2819 4169 2833 4193 ,
2863 4130 2980 4198 ἤτοι
3014 4132 3122 4185 τῶν
3146 4132 3360 4202 δεσμῶν
3411 4134 3663 4202 ἐκείνων,
3705 4137 3803 4188 καὶ

2216 4216 2323 4270 τῶν
2353 4218 2474 4269 κατ’
2505 4219 2700 4281 αὐτοὺς
2725 4218 3068 4292 διαιτήσεων,
3102 4224 3276 4297 αὐτὴν
3305 4225 3469 4296 δεῦρο
3504 4227 3692 4283 καλεῖ.

2897 4315 3108 4385 ᾼΣΜΑ.

2303 4405 2707 4474 Ἐκαρδίωσας
2737 4409 2913 4477 ἡμᾶς,
2948 4409 3180 4479 ἀδελφή
3207 4427 3326 4480 μου
3357 4414 3584 4482 νύμφη»
3621 4415 3813 4484 ἔειφ’

2219 4497 2448 4565 διωσας
2478 4499 2636 4568 ἡμᾶς
2663 4502 2754 4555 ἐνὶ
2785 4503 2902 4557 ἀπὸ
2935 4503 3260 4574 ὀφθαλμῶν
3288 4519 3405 4560 σου
3424 4546 3440 4571 ,
3467 4507 3538 4561 ἐν
3559 4506 3685 4578 μιᾷ
3715 4511 3815 4563 ἐν·

2221 4589 2425 4660 θέματι
2454 4592 2560 4658 τοῦ
2592 4593 2896 4662 τραχήλου
2927 4611 3066 4650 σου.

2865 4687 3143 4743 ΣΧΟΛΙΛ.

2292 4775 2388 4840 Εἰς
2427 4769 2525 4840 τὰς
2581 4777 2808 4849 καρδίας
2865 4780 3022 4849 ήμῶν
3063 4779 3328 4850 ἐνέθηκας
3381 4781 3480 4852 τὴν
3529 4781 3636 4836 τοῦ
3702 4785 3818 4848 ἐνὸς

2219 4868 2653 4937 τρισυποστάτου
2710 4870 2846 4924 Θεοῦ
2897 4872 3142 4940 δηλονότι
3195 4873 3599 4944 καθαρωτάτην
3656 4877 3822 4930 διαύ-

2217 4975 2402 5026 γειαν..
2430 4957 2557 5014 Ἑνὶ
2598 4962 2705 5032 γὰρ
2741 4962 2835 5016 καὶ
2867 4964 2939 5018 ἐν
2965 4963 3073 5033 μιᾷ
3109 4966 3286 5036 φήσας
3307 5004 3322 5029 ,
3356 4968 3434 5030 είς
3477 4968 3821 5038 θεολογικὴν

2216 5047 2364 5116 ἡμᾶς
2409 5049 2682 5118 ἀνήγαγεν
2722 5051 2952 5108 ἔννοιαν.
2978 5041 3191 5124 Ὥσπερ
3233 5054 3290 5107 δέ
3335 5055 3384 5107 oi
3427 5055 3720 5127 ὀφθαλμοὶ
3765 5058 3827 5109 τὸ

2218 5140 2611 5211 καθαρώτατόν
2645 5146 2761 5198 ἐστι
2790 5147 2883 5200 τοῦ
2919 5147 3168 5213 σώματος
3202 5149 3413 5220 μόριον,
3443 5151 3471 5203 ὁ
3499 5152 3556 5204 δὲ
3593 5155 3828 5223 τράχη·

2213 5232 2305 5295 λος
2345 5233 2381 5301 ἡ
2418 5233 2518 5302 τῆς
2559 5237 2803 5307 κεφαλῆς
2850 5239 3122 5309 προσεχὴς
3160 5241 3293 5307 ἕδρα
3319 5258 3335 5274 ·
3376 5240 3520 5294 οὔτω
3556 5246 3669 5296 καὶ
3717 5242 3832 5294 ἀπὸ

2222 5324 2330 5378 τῶν
2356 5327 2612 5399 καθαρῶν
2639 5328 2916 5401 λογισμῶν
2942 5333 3040 5400 τῆς
3072 5317 3373 5401 Παρθένου,
3401 5333 3496 5386 καὶ
3522 5328 3644 5387 τῶν
3677 5338 3834 5404 ἀμε-

2224 5419 2531 5487 τακινήτων
2563 5417 2662 5487 τῆς
2702 5421 2999 5490 παρθενίας
3042 5422 3213 5493 αὐτῆς
3253 5423 3554 5493 ἐδράσεων,
3597 5429 3694 5489 εἰς
3741 5426 3837 5479 ιν-

2225 5523 2375 5560 νοιαν
2406 5507 2642 5578 ήλθομεν
2671 5508 2766 5564 ἕνα
2786 5512 2916 5567 Θεὸν
2946 5515 3377 5584 τρισυπόστατον
3405 5517 3466 5569 ἐν
3499 5517 3604 5587 μιᾷ
3632 5531 3827 5585 προσ-

2227 5599 2411 5652 κυνεῖν
2439 5597 2618 5670 οὐσίᾳ.

637 5754 679 5785 ⁸³
708 5753 808 5807 lsa‘.
841 5771 1003 5821 xxxv,
1037 5755 1093 5810 2.
1155 5759 1214 5788 ⁷⁸⁸
1245 5755 1350 5810 Job
1411 5770 1488 5819 ιι,
1525 5759 1619 5816 1οη.
1691 5754 1734 5786 ⁸⁷
1769 5755 1914 5814 Psal.
1957 5776 2121 5832 uvtt,

2224 5809 2252 5822 ..
2333 5771 2377 5804 °'
2413 5771 2562 5830 Psal.
2589 5792 2788 5843 usui,
2830 5778 2917 5835 l9.
2999 5779 3042 5812 ⁶⁹
3087 5781 3193 5836 lsa.
3234 5783 3475 5842 xxxv.9.
