  <div class='ocr_page' id='page_1' title='image "/cluster/home/n/w/nwhite01/storage/ocr_20150623/152/mdp.39015078384735/528.png"; bbox 0 0 4028 6270; ppageno 0'>
   <div class='ocr_carea' id='block_1_1' title="bbox 308 400 546 468">
    <p class='ocr_par' dir='ltr' id='par_1_1' title="bbox 308 400 546 468">
     <span class='ocr_line' id='line_1_1' title="bbox 308 400 546 468; baseline 0.017 -3"><span class='ocrx_word' id='word_1_1' title='bbox 308 400 443 468; x_wconf 76' lang='grc'><strong>1041</strong></span> <span class='ocrx_word' id='word_1_2' title='bbox 533 413 546 426; x_wconf 80' lang='grc'><strong><em>⁵</em></strong></span> 
     </span>
    </p>
   </div>
   <div class='ocr_carea' id='block_1_2' title="bbox 982 521 1220 595">
    <p class='ocr_par' dir='ltr' id='par_1_2' title="bbox 982 521 1220 595">
     <span class='ocr_line' id='line_1_2' title="bbox 982 521 1220 595; baseline 0.029 -20"><span class='ocrx_word' id='word_1_3' title='bbox 982 521 1220 595; x_wconf 39' lang='grc' dir='ltr'><strong>’ᾼΣΜΑἎ</strong></span> 
     </span>
    </p>
   </div>
   <div class='ocr_carea' id='block_1_3' title="bbox 371 607 1866 694">
    <p class='ocr_par' dir='ltr' id='par_1_3' title="bbox 371 607 1866 694">
     <span class='ocr_line' id='line_1_3' title="bbox 371 607 1866 694; baseline 0.015 -34"><span class='ocrx_word' id='word_1_4' title='bbox 371 607 435 661; x_wconf 86' lang='grc' dir='ltr'><strong>Τί</strong></span> <span class='ocrx_word' id='word_1_5' title='bbox 486 608 946 677; x_wconf 75' lang='grc' dir='ltr'><strong>ἐκαλλιώθησαν</strong></span> <span class='ocrx_word' id='word_1_6' title='bbox 988 619 1213 682; x_wconf 68' lang='grc' dir='ltr'><strong>μαστοὶ</strong></span> <span class='ocrx_word' id='word_1_7' title='bbox 1263 635 1414 686; x_wconf 89' lang='grc' dir='ltr'><strong>σου,</strong></span> <span class='ocrx_word' id='word_1_8' title='bbox 1465 623 1699 692; x_wconf 69' lang='grc' dir='ltr'><strong>ἀδελφή</strong></span> <span class='ocrx_word' id='word_1_9' title='bbox 1750 645 1866 694; x_wconf 82' lang='grc' dir='ltr'><strong>μου</strong></span> 
     </span>
    </p>
   </div>
   <div class='ocr_carea' id='block_1_4' title="bbox 296 700 1866 783">
    <p class='ocr_par' dir='ltr' id='par_1_4' title="bbox 296 700 1866 783">
     <span class='ocr_line' id='line_1_4' title="bbox 296 700 1866 783; baseline 0.015 -32"><span class='ocrx_word' id='word_1_10' title='bbox 296 701 498 768; x_wconf 73' lang='grc' dir='ltr'><strong>νύμφη</strong></span> <span class='ocrx_word' id='word_1_11' title='bbox 519 700 540 753; x_wconf 89' lang='lat'><strong><em>!</em></strong></span> <span class='ocrx_word' id='word_1_12' title='bbox 565 702 624 754; x_wconf 81' lang='grc' dir='ltr'><strong>τί</strong></span> <span class='ocrx_word' id='word_1_13' title='bbox 653 703 1113 776; x_wconf 73' lang='grc' dir='ltr'><strong>ἐκαλλιὼθησαν</strong></span> <span class='ocrx_word' id='word_1_14' title='bbox 1131 715 1357 778; x_wconf 76' lang='grc' dir='ltr'><strong>μαστοι</strong></span> <span class='ocrx_word' id='word_1_15' title='bbox 1381 732 1498 768; x_wconf 89' lang='grc' dir='ltr'><strong>σου</strong></span> <span class='ocrx_word' id='word_1_16' title='bbox 1527 717 1645 770; x_wconf 82' lang='grc' dir='ltr'><strong>ἀπὸ</strong></span> <span class='ocrx_word' id='word_1_17' title='bbox 1675 720 1866 783; x_wconf 79' lang='grc' dir='ltr'><strong>οινου,</strong></span> 
     </span>
    </p>
   </div>
   <div class='ocr_carea' id='block_1_5' title="bbox 298 791 1865 878">
    <p class='ocr_par' dir='ltr' id='par_1_5' title="bbox 298 791 1865 878">
     <span class='ocr_line' id='line_1_5' title="bbox 298 791 1865 878; baseline 0.015 -36"><span class='ocrx_word' id='word_1_18' title='bbox 298 792 393 844; x_wconf 77' lang='grc' dir='ltr'><strong>καὶ</strong></span> <span class='ocrx_word' id='word_1_19' title='bbox 431 791 596 862; x_wconf 76' lang='grc' dir='ltr'><strong>ὀσμὴ</strong></span> <span class='ocrx_word' id='word_1_20' title='bbox 627 794 872 865; x_wconf 75' lang='grc' dir='ltr'><strong>ἱματίων</strong></span> <span class='ocrx_word' id='word_1_21' title='bbox 900 815 1018 854; x_wconf 90' lang='grc' dir='ltr'><strong>σου</strong></span> <span class='ocrx_word' id='word_1_22' title='bbox 1051 799 1204 868; x_wconf 79' lang='grc' dir='ltr'><strong>ὑπὲρ</strong></span> <span class='ocrx_word' id='word_1_23' title='bbox 1239 804 1436 860; x_wconf 80' lang='grc' dir='ltr'><strong>πάντα</strong></span> <span class='ocrx_word' id='word_1_24' title='bbox 1465 807 1536 860; x_wconf 80' lang='grc' dir='ltr'><strong>τὰ</strong></span> <span class='ocrx_word' id='word_1_25' title='bbox 1567 809 1865 878; x_wconf 80' lang='grc' dir='ltr'><strong>ἀρώματα.</strong></span> 
     </span>
    </p>
   </div>
   <div class='ocr_carea' id='block_1_6' title="bbox 945 984 1218 1040">
    <p class='ocr_par' dir='ltr' id='par_1_6' title="bbox 945 984 1218 1040">
     <span class='ocr_line' id='line_1_6' title="bbox 945 984 1218 1040; baseline 0.018 -5"><span class='ocrx_word' id='word_1_26' title='bbox 945 984 1218 1040; x_wconf 80' lang='grc' dir='ltr'><strong>ΣΧΟΛΙᾹ.</strong></span> 
     </span>
    </p>
   </div>
   <div class='ocr_carea' id='block_1_7' title="bbox 370 1064 1870 1152">
    <p class='ocr_par' dir='ltr' id='par_1_7' title="bbox 370 1064 1870 1152">
     <span class='ocr_line' id='line_1_7' title="bbox 370 1064 1870 1152; baseline 0.013 -34"><span class='ocrx_word' id='word_1_27' title='bbox 370 1064 508 1129; x_wconf 81' lang='grc' dir='ltr'><strong>Τοὺς</strong></span> <span class='ocrx_word' id='word_1_28' title='bbox 549 1068 648 1139; x_wconf 78' lang='grc' dir='ltr'><strong>τὴν</strong></span> <span class='ocrx_word' id='word_1_29' title='bbox 690 1071 895 1142; x_wconf 81' lang='grc' dir='ltr'><strong>τροφὴν</strong></span> <span class='ocrx_word' id='word_1_30' title='bbox 936 1072 1031 1126; x_wconf 80' lang='grc' dir='ltr'><strong>τοῦ</strong></span> <span class='ocrx_word' id='word_1_31' title='bbox 1082 1075 1292 1146; x_wconf 83' lang='grc' dir='ltr'><strong>κόσμου</strong></span> <span class='ocrx_word' id='word_1_32' title='bbox 1339 1078 1716 1150; x_wconf 80' lang='grc' dir='ltr'><strong>θρεψαμένους</strong></span> <span class='ocrx_word' id='word_1_33' title='bbox 1765 1101 1870 1152; x_wconf 82' lang='grc' dir='ltr'><strong>μα-</strong></span> 
     </span>
    </p>
   </div>
   <div class='ocr_carea' id='block_1_8' title="bbox 1263 415 2521 486">
    <p class='ocr_par' dir='ltr' id='par_1_8' title="bbox 1263 415 2521 486">
     <span class='ocr_line' id='line_1_8' title="bbox 1263 415 2521 486; baseline 0.011 -14"><span class='ocrx_word' id='word_1_34' title='bbox 1263 415 1644 478; x_wconf 76' lang='lat' dir='ltr'><strong>COMMENT.</strong></span> <span class='ocrx_word' id='word_1_35' title='bbox 1688 420 1766 480; x_wconf 83' lang='lat' dir='ltr'><strong>IN</strong></span> <span class='ocrx_word' id='word_1_36' title='bbox 1796 421 2187 483; x_wconf 67' lang='lat' dir='ltr'><strong>CANTICUM</strong></span> <span class='ocrx_word' id='word_1_37' title='bbox 2228 425 2521 486; x_wconf 78' lang='lat' dir='ltr'><strong>CANTlC.</strong></span> 
     </span>
    </p>
   </div>
   <div class='ocr_carea' id='block_1_9' title="bbox 1893 556 1942 609">
    <p class='ocr_par' dir='ltr' id='par_1_9' title="bbox 1893 556 1942 609">
     <span class='ocr_line' id='line_1_9' title="bbox 1893 556 1942 609; baseline 0 0"><span class='ocrx_word' id='word_1_38' title='bbox 1893 556 1942 609; x_wconf 67' lang='grc' dir='ltr'><strong>Δ</strong></span> 
     </span>
    </p>
   </div>
   <div class='ocr_carea' id='block_1_10' title="bbox 3411 426 3562 490">
    <p class='ocr_par' dir='ltr' id='par_1_10' title="bbox 3411 426 3562 490">
     <span class='ocr_line' id='line_1_10' title="bbox 3411 426 3562 490; baseline -0.02 0"><span class='ocrx_word' id='word_1_39' title='bbox 3411 426 3562 490; x_wconf 68' lang='grc'>1042</span> 
     </span>
    </p>
   </div>
   <div class='ocr_carea' id='block_1_11' title="bbox 2657 533 2859 590">
    <p class='ocr_par' dir='ltr' id='par_1_11' title="bbox 2657 533 2859 590">
     <span class='ocr_line' id='line_1_11' title="bbox 2657 533 2859 590; baseline 0.01 -2"><span class='ocrx_word' id='word_1_40' title='bbox 2657 533 2859 590; x_wconf 79' lang='lat' dir='ltr'><strong>CANT’.</strong></span> 
     </span>
    </p>
   </div>
   <div class='ocr_carea' id='block_1_12' title="bbox 2044 626 3555 695">
    <p class='ocr_par' dir='ltr' id='par_1_12' title="bbox 2044 626 3555 695">
     <span class='ocr_line' id='line_1_12' title="bbox 2044 626 3555 695; baseline 0.003 -16"><span class='ocrx_word' id='word_1_41' title='bbox 2044 626 2129 679; x_wconf 67' lang='lat'><strong>10.</strong></span> <span class='ocrx_word' id='word_1_42' title='bbox 2153 626 2325 692; x_wconf 85' lang='lat' dir='ltr'><strong>Quam</strong></span> <span class='ocrx_word' id='word_1_43' title='bbox 2359 627 2588 693; x_wconf 72' lang='lat' dir='ltr'><strong>pulchrae</strong></span> <span class='ocrx_word' id='word_1_44' title='bbox 2617 626 2779 695; x_wconf 66' lang='lat' dir='ltr'><strong>facta:</strong></span> <span class='ocrx_word' id='word_1_45' title='bbox 2811 635 2935 679; x_wconf 81' lang='lat' dir='ltr'><strong>sunt</strong></span> <span class='ocrx_word' id='word_1_46' title='bbox 2973 642 3216 680; x_wconf 77' lang='lat' dir='ltr'><strong>mamma:</strong></span> <span class='ocrx_word' id='word_1_47' title='bbox 3239 636 3366 692; x_wconf 70' lang='lat' dir='ltr'><strong>lure,</strong></span> <span class='ocrx_word' id='word_1_48' title='bbox 3399 646 3555 683; x_wconf 88' lang='lat' dir='ltr'><strong>soror</strong></span> 
     </span>
    </p>
   </div>
   <div class='ocr_carea' id='block_1_13' title="bbox 1974 717 3553 785">
    <p class='ocr_par' dir='ltr' id='par_1_13' title="bbox 1974 717 3553 785">
     <span class='ocr_line' id='line_1_13' title="bbox 1974 717 3553 785; baseline 0.001 -15"><span class='ocrx_word' id='word_1_49' title='bbox 1974 734 2088 771; x_wconf 88' lang='lat' dir='ltr'><strong>mea</strong></span> <span class='ocrx_word' id='word_1_50' title='bbox 2126 717 2358 785; x_wconf 84' lang='lat' dir='ltr'><strong>sponsa!</strong></span> <span class='ocrx_word' id='word_1_51' title='bbox 2391 734 2545 785; x_wconf 81' lang='lat' dir='ltr'><strong>quam</strong></span> <span class='ocrx_word' id='word_1_52' title='bbox 2589 717 2822 780; x_wconf 66' lang='lat' dir='ltr'><strong>pulchrae</strong></span> <span class='ocrx_word' id='word_1_53' title='bbox 2854 717 3008 784; x_wconf 71' lang='lat' dir='ltr'><strong>factm</strong></span> <span class='ocrx_word' id='word_1_54' title='bbox 3037 726 3159 769; x_wconf 88' lang='lat' dir='ltr'><strong>sunt</strong></span> <span class='ocrx_word' id='word_1_55' title='bbox 3191 731 3553 772; x_wconf 74' lang='lat' dir='ltr'><strong>mammwtum</strong></span> 
     </span>
    </p>
   </div>
   <div class='ocr_carea' id='block_1_14' title="bbox 1973 810 3578 878">
    <p class='ocr_par' dir='ltr' id='par_1_14' title="bbox 1973 810 3578 878">
     <span class='ocr_line' id='line_1_14' title="bbox 1973 810 3578 878; baseline 0.001 -16"><span class='ocrx_word' id='word_1_56' title='bbox 1973 826 2004 862; x_wconf 90' lang='lat' dir='ltr'><strong>a</strong></span> <span class='ocrx_word' id='word_1_57' title='bbox 2036 810 2173 872; x_wconf 75' lang='lat' dir='ltr'><strong>vino,</strong></span> <span class='ocrx_word' id='word_1_58' title='bbox 2208 820 2254 862; x_wconf 89' lang='lat' dir='ltr'><strong>et</strong></span> <span class='ocrx_word' id='word_1_59' title='bbox 2295 818 2424 863; x_wconf 91' lang='lat' dir='ltr'><strong>odor</strong></span> <span class='ocrx_word' id='word_1_60' title='bbox 2463 812 2898 863; x_wconf 75' lang='lat' dir='ltr'><strong>vestimentorum</strong></span> <span class='ocrx_word' id='word_1_61' title='bbox 2927 821 3137 860; x_wconf 85' lang='lat' dir='ltr'><strong>tuorum</strong></span> <span class='ocrx_word' id='word_1_62' title='bbox 3178 815 3333 878; x_wconf 79' lang='lat' dir='ltr'><strong>super</strong></span> <span class='ocrx_word' id='word_1_63' title='bbox 3371 811 3578 864; x_wconf 62' lang='lat' dir='ltr'><strong>omnia:</strong></span> 
     </span>
    </p>
   </div>
   <div class='ocr_carea' id='block_1_15' title="bbox 1978 912 2252 954">
    <p class='ocr_par' dir='ltr' id='par_1_15' title="bbox 1978 912 2252 954">
     <span class='ocr_line' id='line_1_15' title="bbox 1978 912 2252 954; baseline 0.004 -1"><span class='ocrx_word' id='word_1_64' title='bbox 1978 912 2252 954; x_wconf 88' lang='lat' dir='ltr'><strong>aromata.</strong></span> 
     </span>
    </p>
   </div>
   <div class='ocr_carea' id='block_1_16' title="bbox 2603 993 2916 1051">
    <p class='ocr_par' dir='ltr' id='par_1_16' title="bbox 2603 993 2916 1051">
     <span class='ocr_line' id='line_1_16' title="bbox 2603 993 2916 1051; baseline 0 -1"><span class='ocrx_word' id='word_1_65' title='bbox 2603 993 2916 1051; x_wconf 81' lang='lat' dir='ltr'><strong>SCHOLIA.</strong></span> 
     </span>
    </p>
   </div>
   <div class='ocr_carea' id='block_1_17' title="bbox 2047 1082 3555 1156">
    <p class='ocr_par' dir='ltr' id='par_1_17' title="bbox 2047 1082 3555 1156">
     <span class='ocr_line' id='line_1_17' title="bbox 2047 1082 3555 1156; baseline 0.001 -22"><span class='ocrx_word' id='word_1_66' title='bbox 2047 1082 2284 1153; x_wconf 80' lang='lat' dir='ltr'><strong>Virginis</strong></span> <span class='ocrx_word' id='word_1_67' title='bbox 2313 1100 2590 1149; x_wconf 56' lang='lat' dir='ltr'><strong>mamma,</strong></span> <span class='ocrx_word' id='word_1_68' title='bbox 2621 1088 2797 1156; x_wconf 90' lang='lat' dir='ltr'><strong>ipsum</strong></span> <span class='ocrx_word' id='word_1_69' title='bbox 2825 1085 3133 1140; x_wconf 87' lang='lat' dir='ltr'><strong>nutrientes</strong></span> <span class='ocrx_word' id='word_1_70' title='bbox 3158 1082 3343 1137; x_wconf 89' lang='lat' dir='ltr'><strong>mundi</strong></span> <span class='ocrx_word' id='word_1_71' title='bbox 3378 1083 3555 1137; x_wconf 83' lang='lat' dir='ltr'><strong>nutri-</strong></span> 
     </span>
    </p>
   </div>
   <div class='ocr_carea' id='block_1_18' title="bbox 301 1157 1870 1247">
    <p class='ocr_par' dir='ltr' id='par_1_18' title="bbox 301 1157 1869 1244">
     <span class='ocr_line' id='line_1_18' title="bbox 301 1157 1869 1244; baseline 0.013 -38"><span class='ocrx_word' id='word_1_72' title='bbox 301 1157 459 1219; x_wconf 79' lang='grc' dir='ltr'><strong>στοὺς</strong></span> <span class='ocrx_word' id='word_1_73' title='bbox 505 1161 602 1228; x_wconf 84' lang='grc' dir='ltr'><strong>τῆς</strong></span> <span class='ocrx_word' id='word_1_74' title='bbox 652 1159 966 1232; x_wconf 79' lang='grc' dir='ltr'><strong>Παρθένου,</strong></span> <span class='ocrx_word' id='word_1_75' title='bbox 1011 1164 1106 1228; x_wconf 84' lang='grc' dir='ltr'><strong>οὒς</strong></span> <span class='ocrx_word' id='word_1_76' title='bbox 1151 1169 1180 1220; x_wconf 89' lang='grc' dir='ltr'><strong>ό</strong></span> <span class='ocrx_word' id='word_1_77' title='bbox 1222 1169 1331 1221; x_wconf 82' lang='grc' dir='ltr'><strong>τῶν</strong></span> <span class='ocrx_word' id='word_1_78' title='bbox 1372 1173 1593 1241; x_wconf 82' lang='grc' dir='ltr'><strong>ἡμερῶν</strong></span> <span class='ocrx_word' id='word_1_79' title='bbox 1636 1172 1869 1244; x_wconf 80' lang='grc' dir='ltr'><strong>ὲθήλασε</strong></span> 
     </span>
    </p>
   </div>
   <div class='ocr_carea' id='block_1_19' title="bbox 1979 1157 3617 1247">
    <p class='ocr_par' dir='ltr' id='par_1_19' title="bbox 1979 1175 3617 1247">
     <span class='ocr_line' id='line_1_19' title="bbox 1979 1175 3617 1247; baseline 0 -20"><span class='ocrx_word' id='word_1_80' title='bbox 1979 1184 2241 1240; x_wconf 89' lang='lat' dir='ltr'><strong>mentum,</strong></span> <span class='ocrx_word' id='word_1_81' title='bbox 2298 1185 2352 1230; x_wconf 89' lang='lat' dir='ltr'><strong>et</strong></span> <span class='ocrx_word' id='word_1_82' title='bbox 2381 1192 2501 1246; x_wconf 75' lang='lat' dir='ltr'><strong>quae</strong></span> <span class='ocrx_word' id='word_1_83' title='bbox 2530 1177 2802 1247; x_wconf 82' lang='lat' dir='ltr'><strong>Antiquus</strong></span> <span class='ocrx_word' id='word_1_84' title='bbox 2857 1180 3070 1231; x_wconf 88' lang='lat' dir='ltr'><strong>dierum</strong></span> <span class='ocrx_word' id='word_1_85' title='bbox 3103 1177 3156 1230; x_wconf 93' lang='lat' dir='ltr'><strong>in</strong></span> <span class='ocrx_word' id='word_1_86' title='bbox 3191 1184 3375 1229; x_wconf 81' lang='lat' dir='ltr'><strong>tenera</strong></span> <span class='ocrx_word' id='word_1_87' title='bbox 3411 1175 3555 1228; x_wconf 76' lang='lat' dir='ltr'><strong>suxit</strong></span> <span class='ocrx_word' id='word_1_88' title='bbox 3613 1217 3617 1228; x_wconf 82' lang='lat'><strong>.</strong></span> 
     </span>
    </p>
   </div>
   <div class='ocr_carea' id='block_1_20' title="bbox 301 1247 1870 1339">
    <p class='ocr_par' dir='ltr' id='par_1_20' title="bbox 301 1247 1870 1336">
     <span class='ocr_line' id='line_1_20' title="bbox 301 1247 1870 1336; baseline 0.016 -38"><span class='ocrx_word' id='word_1_89' title='bbox 301 1247 534 1311; x_wconf 77' lang='grc' dir='ltr'><strong>Παλαιὸς</strong></span> <span class='ocrx_word' id='word_1_90' title='bbox 555 1251 612 1303; x_wconf 81' lang='grc' dir='ltr'><strong>ὲν</strong></span> <span class='ocrx_word' id='word_1_91' title='bbox 633 1252 820 1324; x_wconf 76' lang='grc' dir='ltr'><strong>ἡλικίᾳ</strong></span> <span class='ocrx_word' id='word_1_92' title='bbox 836 1257 900 1326; x_wconf 78' lang='grc' dir='ltr'><strong>τῇ</strong></span> <span class='ocrx_word' id='word_1_93' title='bbox 929 1256 1190 1328; x_wconf 81' lang='grc' dir='ltr'><strong>βρεφικῇ,</strong></span> <span class='ocrx_word' id='word_1_94' title='bbox 1223 1259 1732 1332; x_wconf 73' lang='grc' dir='ltr'><strong>Ἑκαλλιώθησαν,</strong></span> <span class='ocrx_word' id='word_1_95' title='bbox 1765 1283 1870 1336; x_wconf 82' lang='grc' dir='ltr'><strong>φη-</strong></span> 
     </span>
    </p>
   </div>
   <div class='ocr_carea' id='block_1_21' title="bbox 1979 1247 3614 1339">
    <p class='ocr_par' dir='ltr' id='par_1_21' title="bbox 1979 1267 3614 1339">
     <span class='ocr_line' id='line_1_21' title="bbox 1979 1267 3614 1339; baseline 0 -20"><span class='ocrx_word' id='word_1_96' title='bbox 1979 1274 2151 1329; x_wconf 77' lang='lat' dir='ltr'><strong>tetate,</strong></span> <span class='ocrx_word' id='word_1_97' title='bbox 2203 1269 2457 1336; x_wconf 61' lang='lat' dir='ltr'><strong>pulchra},</strong></span> <span class='ocrx_word' id='word_1_98' title='bbox 2493 1269 2692 1339; x_wconf 78' lang='lat' dir='ltr'><strong>inquit,</strong></span> <span class='ocrx_word' id='word_1_99' title='bbox 2727 1270 2884 1338; x_wconf 66' lang='lat' dir='ltr'><strong>facta</strong></span> <span class='ocrx_word' id='word_1_100' title='bbox 2934 1280 3053 1323; x_wconf 85' lang='lat' dir='ltr'><strong>sunt</strong></span> <span class='ocrx_word' id='word_1_101' title='bbox 3081 1287 3112 1321; x_wconf 93' lang='lat' dir='ltr'><strong>a</strong></span> <span class='ocrx_word' id='word_1_102' title='bbox 3143 1271 3282 1332; x_wconf 80' lang='lat' dir='ltr'><strong>vino,</strong></span> <span class='ocrx_word' id='word_1_103' title='bbox 3317 1267 3421 1322; x_wconf 90' lang='lat' dir='ltr'><strong>hoc</strong></span> <span class='ocrx_word' id='word_1_104' title='bbox 3451 1285 3551 1332; x_wconf 68' lang='grc' dir='ltr'><strong>ρει,</strong></span> <span class='ocrx_word' id='word_1_105' title='bbox 3608 1301 3614 1326; x_wconf 59' lang='grc' dir='ltr'><strong>ι</strong></span> 
     </span>
    </p>
   </div>
   <div class='ocr_carea' id='block_1_22' title="bbox 304 1339 1870 1428">
    <p class='ocr_par' dir='ltr' id='par_1_22' title="bbox 304 1339 1870 1421">
     <span class='ocr_line' id='line_1_22' title="bbox 304 1339 1870 1421; baseline 0.013 -32"><span class='ocrx_word' id='word_1_106' title='bbox 304 1339 416 1404; x_wconf 77' lang='grc' dir='ltr'><strong>σὶν,</strong></span> <span class='ocrx_word' id='word_1_107' title='bbox 463 1341 583 1394; x_wconf 73' lang='grc' dir='ltr'><strong>ἀπὸ</strong></span> <span class='ocrx_word' id='word_1_108' title='bbox 629 1343 800 1399; x_wconf 75' lang='grc' dir='ltr'><strong>οἴνου</strong></span> <span class='ocrx_word' id='word_1_109' title='bbox 829 1362 842 1378; x_wconf 90' lang='grc'><strong>·</strong></span> <span class='ocrx_word' id='word_1_110' title='bbox 891 1349 1138 1402; x_wconf 77' lang='grc' dir='ltr'><strong>τουτέστι</strong></span> <span class='ocrx_word' id='word_1_111' title='bbox 1185 1351 1438 1416; x_wconf 76' lang='grc' dir='ltr'><strong>καλλίους</strong></span> <span class='ocrx_word' id='word_1_112' title='bbox 1487 1355 1733 1421; x_wconf 69' lang='grc' dir='ltr'><strong>ἐγένοντο</strong></span> <span class='ocrx_word' id='word_1_113' title='bbox 1777 1357 1870 1410; x_wconf 84' lang='grc' dir='ltr'><strong>τοῦ</strong></span> 
     </span>
    </p>
   </div>
   <div class='ocr_carea' id='block_1_23' title="bbox 1979 1339 3552 1428">
    <p class='ocr_par' dir='ltr' id='par_1_23' title="bbox 1979 1351 3552 1428">
     <span class='ocr_line' id='line_1_23' title="bbox 1979 1351 3552 1428; baseline 0.003 -19"><span class='ocrx_word' id='word_1_114' title='bbox 1979 1357 2324 1424; x_wconf 83' lang='lat' dir='ltr'><strong>pulchriores</strong></span> <span class='ocrx_word' id='word_1_115' title='bbox 2350 1359 2503 1414; x_wconf 70' lang='lat' dir='ltr'><strong>facta:</strong></span> <span class='ocrx_word' id='word_1_116' title='bbox 2532 1351 2682 1425; x_wconf 77' lang='lat' dir='ltr'><strong>sunt,</strong></span> <span class='ocrx_word' id='word_1_117' title='bbox 2716 1360 2893 1414; x_wconf 80' lang='lat' dir='ltr'><strong>fructu</strong></span> <span class='ocrx_word' id='word_1_118' title='bbox 2945 1361 3230 1413; x_wconf 87' lang='lat' dir='ltr'><strong>vinearum</strong></span> <span class='ocrx_word' id='word_1_119' title='bbox 3269 1374 3552 1428; x_wconf 74' lang='lat' dir='ltr'><strong>synagoga:</strong></span> 
     </span>
    </p>
   </div>
   <div class='ocr_carea' id='block_1_24' title="bbox 303 1432 1870 1517">
    <p class='ocr_par' dir='ltr' id='par_1_24' title="bbox 303 1432 1870 1516">
     <span class='ocr_line' id='line_1_24' title="bbox 303 1432 1870 1516; baseline 0.014 -35"><span class='ocrx_word' id='word_1_120' title='bbox 303 1432 513 1500; x_wconf 81' lang='grc' dir='ltr'><strong>καρποῦ</strong></span> <span class='ocrx_word' id='word_1_121' title='bbox 555 1433 664 1486; x_wconf 81' lang='grc' dir='ltr'><strong>τῶν</strong></span> <span class='ocrx_word' id='word_1_122' title='bbox 706 1437 1048 1506; x_wconf 80' lang='grc' dir='ltr'><strong>ἀμπελώνων</strong></span> <span class='ocrx_word' id='word_1_123' title='bbox 1087 1442 1184 1510; x_wconf 80' lang='grc' dir='ltr'><strong>τῆς</strong></span> <span class='ocrx_word' id='word_1_124' title='bbox 1235 1445 1558 1516; x_wconf 81' lang='grc' dir='ltr'><strong>συναγωγῆς</strong></span> <span class='ocrx_word' id='word_1_125' title='bbox 1599 1447 1705 1501; x_wconf 87' lang='grc' dir='ltr'><strong>τῶν</strong></span> <span class='ocrx_word' id='word_1_126' title='bbox 1744 1445 1870 1502; x_wconf 88' lang='grc' dir='ltr'><strong>’ῐου-</strong></span> 
     </span>
    </p>
   </div>
   <div class='ocr_carea' id='block_1_25' title="bbox 1979 1432 3551 1517">
    <p class='ocr_par' dir='ltr' id='par_1_25' title="bbox 1979 1443 3551 1517">
     <span class='ocr_line' id='line_1_25' title="bbox 1979 1443 3551 1517; baseline -0.001 -18"><span class='ocrx_word' id='word_1_127' title='bbox 1979 1443 2308 1502; x_wconf 69' lang='grc' dir='ltr'><strong>Ιιιόεεοιυιιι.</strong></span> <span class='ocrx_word' id='word_1_128' title='bbox 2334 1449 2426 1503; x_wconf 86' lang='lat' dir='ltr'><strong>Bis</strong></span> <span class='ocrx_word' id='word_1_129' title='bbox 2456 1458 2636 1502; x_wconf 85' lang='lat' dir='ltr'><strong>autem</strong></span> <span class='ocrx_word' id='word_1_130' title='bbox 2681 1448 2912 1513; x_wconf 90' lang='lat' dir='ltr'><strong>idcirco,</strong></span> <span class='ocrx_word' id='word_1_131' title='bbox 2940 1447 3187 1513; x_wconf 73' lang='lat' dir='ltr'><strong>Pulchra:</strong></span> <span class='ocrx_word' id='word_1_132' title='bbox 3219 1457 3378 1517; x_wconf 66' lang='lat' dir='ltr'><strong>facta</strong></span> <span class='ocrx_word' id='word_1_133' title='bbox 3408 1459 3551 1512; x_wconf 85' lang='lat' dir='ltr'><strong>sunt,</strong></span> 
     </span>
    </p>
   </div>
   <div class='ocr_carea' id='block_1_26' title="bbox 299 1519 1870 1609">
    <p class='ocr_par' dir='ltr' id='par_1_26' title="bbox 299 1519 1870 1609">
     <span class='ocr_line' id='line_1_26' title="bbox 299 1519 1870 1609; baseline 0.013 -37"><span class='ocrx_word' id='word_1_134' title='bbox 299 1519 485 1576; x_wconf 84' lang='grc' dir='ltr'><strong>δαίων.</strong></span> <span class='ocrx_word' id='word_1_135' title='bbox 527 1525 620 1586; x_wconf 75' lang='grc' dir='ltr'><strong>Δὶς</strong></span> <span class='ocrx_word' id='word_1_136' title='bbox 646 1525 808 1592; x_wconf 77' lang='grc' dir='ltr'><strong>δὲτὸ,</strong></span> <span class='ocrx_word' id='word_1_137' title='bbox 833 1528 1313 1599; x_wconf 70' lang='grc' dir='ltr'><strong>ἐκαλλιώθησαν,</strong></span> <span class='ocrx_word' id='word_1_138' title='bbox 1351 1534 1584 1606; x_wconf 73' lang='grc' dir='ltr'><strong>τίθησιν,</strong></span> <span class='ocrx_word' id='word_1_139' title='bbox 1627 1537 1686 1590; x_wconf 77' lang='grc' dir='ltr'><strong>τὸ</strong></span> <span class='ocrx_word' id='word_1_140' title='bbox 1718 1538 1870 1609; x_wconf 82' lang='grc' dir='ltr'><strong>ὕπερ-</strong></span> 
     </span>
    </p>
   </div>
   <div class='ocr_carea' id='block_1_27' title="bbox 1979 1519 3548 1609">
    <p class='ocr_par' dir='ltr' id='par_1_27' title="bbox 1980 1536 3548 1608">
     <span class='ocr_line' id='line_1_27' title="bbox 1980 1536 3548 1608; baseline 0.001 -18"><span class='ocrx_word' id='word_1_141' title='bbox 1980 1536 2178 1604; x_wconf 84' lang='lat' dir='ltr'><strong>inquit,</strong></span> <span class='ocrx_word' id='word_1_142' title='bbox 2226 1539 2292 1593; x_wconf 88' lang='lat' dir='ltr'><strong>ad</strong></span> <span class='ocrx_word' id='word_1_143' title='bbox 2333 1539 2819 1594; x_wconf 88' lang='lat' dir='ltr'><strong>demonstrandam</strong></span> <span class='ocrx_word' id='word_1_144' title='bbox 2854 1555 3105 1608; x_wconf 87' lang='lat' dir='ltr'><strong>magnam</strong></span> <span class='ocrx_word' id='word_1_145' title='bbox 3169 1539 3548 1593; x_wconf 74' lang='lat' dir='ltr'><strong>similitudinis</strong></span> 
     </span>
    </p>
   </div>
   <div class='ocr_carea' id='block_1_28' title="bbox 300 1610 1870 1702">
    <p class='ocr_par' dir='ltr' id='par_1_28' title="bbox 300 1610 1870 1702">
     <span class='ocr_line' id='line_1_28' title="bbox 300 1610 1870 1702; baseline 0.016 -41"><span class='ocrx_word' id='word_1_146' title='bbox 300 1610 496 1667; x_wconf 79' lang='grc' dir='ltr'><strong>ϐάλλον</strong></span> <span class='ocrx_word' id='word_1_147' title='bbox 531 1617 947 1689; x_wconf 76' lang='grc' dir='ltr'><strong>ἐνδεικνύμενος</strong></span> <span class='ocrx_word' id='word_1_148' title='bbox 980 1623 1078 1690; x_wconf 84' lang='grc' dir='ltr'><strong>τῆς</strong></span> <span class='ocrx_word' id='word_1_149' title='bbox 1112 1625 1454 1695; x_wconf 75' lang='grc' dir='ltr'><strong>συγκρίσεως</strong></span> <span class='ocrx_word' id='word_1_150' title='bbox 1479 1645 1492 1659; x_wconf 87' lang='grc'><strong>·</strong></span> <span class='ocrx_word' id='word_1_151' title='bbox 1527 1630 1870 1702; x_wconf 83' lang='grc' dir='ltr'><strong>ἀσυγκρίτως</strong></span> 
     </span>
    </p>
   </div>
   <div class='ocr_carea' id='block_1_29' title="bbox 1979 1610 3551 1702">
    <p class='ocr_par' dir='ltr' id='par_1_29' title="bbox 1980 1629 3551 1699">
     <span class='ocr_line' id='line_1_29' title="bbox 1980 1629 3551 1699; baseline 0.003 -21"><span class='ocrx_word' id='word_1_152' title='bbox 1980 1629 2462 1696; x_wconf 77' lang='lat' dir='ltr'><strong>exsuperantiam;</strong></span> <span class='ocrx_word' id='word_1_153' title='bbox 2505 1645 2630 1684; x_wconf 81' lang='lat' dir='ltr'><strong>nam</strong></span> <span class='ocrx_word' id='word_1_154' title='bbox 2660 1631 2778 1684; x_wconf 88' lang='lat' dir='ltr'><strong>sine</strong></span> <span class='ocrx_word' id='word_1_155' title='bbox 2813 1629 3220 1699; x_wconf 80' lang='lat' dir='ltr'><strong>comparatione</strong></span> <span class='ocrx_word' id='word_1_156' title='bbox 3265 1629 3394 1693; x_wconf 77' lang='lat' dir='ltr'><strong>ulla,</strong></span> <span class='ocrx_word' id='word_1_157' title='bbox 3436 1629 3551 1697; x_wconf 86' lang='lat' dir='ltr'><strong>ipsa</strong></span> 
     </span>
    </p>
   </div>
   <div class='ocr_carea' id='block_1_30' title="bbox 300 1703 1873 1789">
    <p class='ocr_par' dir='ltr' id='par_1_30' title="bbox 300 1703 1873 1789">
     <span class='ocr_line' id='line_1_30' title="bbox 300 1703 1873 1789; baseline 0.014 -35"><span class='ocrx_word' id='word_1_158' title='bbox 300 1703 410 1773; x_wconf 80' lang='grc' dir='ltr'><strong>γὰρ</strong></span> <span class='ocrx_word' id='word_1_159' title='bbox 451 1703 588 1774; x_wconf 80' lang='grc' dir='ltr'><strong>αὕτη</strong></span> <span class='ocrx_word' id='word_1_160' title='bbox 633 1709 978 1780; x_wconf 82' lang='grc' dir='ltr'><strong>καλλιωτέρα</strong></span> <span class='ocrx_word' id='word_1_161' title='bbox 1013 1715 1274 1784; x_wconf 83' lang='grc' dir='ltr'><strong>τυγχάνει</strong></span> <span class='ocrx_word' id='word_1_162' title='bbox 1307 1719 1415 1772; x_wconf 85' lang='grc' dir='ltr'><strong>τῶν</strong></span> <span class='ocrx_word' id='word_1_163' title='bbox 1449 1723 1690 1789; x_wconf 79' lang='grc' dir='ltr'><strong>νομικῶν</strong></span> <span class='ocrx_word' id='word_1_164' title='bbox 1726 1724 1873 1777; x_wconf 75' lang='grc' dir='ltr'><strong>ἑκεί-</strong></span> 
     </span>
    </p>
   </div>
   <div class='ocr_carea' id='block_1_31' title="bbox 1976 1719 3566 1794">
    <p class='ocr_par' dir='ltr' id='par_1_31' title="bbox 1976 1719 3566 1794">
     <span class='ocr_line' id='line_1_31' title="bbox 1976 1719 3566 1794; baseline -0.002 -21"><span class='ocrx_word' id='word_1_165' title='bbox 1976 1721 2267 1794; x_wconf 81' lang='lat' dir='ltr'><strong>pnlchrior</strong></span> <span class='ocrx_word' id='word_1_166' title='bbox 2289 1729 2368 1775; x_wconf 87' lang='lat' dir='ltr'><strong>est</strong></span> <span class='ocrx_word' id='word_1_167' title='bbox 2395 1721 2501 1777; x_wconf 89' lang='lat' dir='ltr'><strong>illis</strong></span> <span class='ocrx_word' id='word_1_168' title='bbox 2533 1721 2796 1791; x_wconf 79' lang='lat' dir='ltr'><strong>legalibus</strong></span> <span class='ocrx_word' id='word_1_169' title='bbox 2840 1719 3154 1774; x_wconf 68' lang='lat' dir='ltr'><strong>Judreorum</strong></span> <span class='ocrx_word' id='word_1_170' title='bbox 3207 1719 3566 1772; x_wconf 84' lang='lat' dir='ltr'><strong>constitutio--</strong></span> 
     </span>
    </p>
   </div>
   <div class='ocr_carea' id='block_1_32' title="bbox 305 1795 1870 1878">
    <p class='ocr_par' dir='ltr' id='par_1_32' title="bbox 305 1795 1870 1878">
     <span class='ocr_line' id='line_1_32' title="bbox 305 1795 1870 1878; baseline 0.014 -31"><span class='ocrx_word' id='word_1_171' title='bbox 305 1810 406 1847; x_wconf 80' lang='grc' dir='ltr'><strong>νων</strong></span> <span class='ocrx_word' id='word_1_172' title='bbox 429 1795 748 1862; x_wconf 79' lang='grc' dir='ltr'><strong>διατάξεων.</strong></span> <span class='ocrx_word' id='word_1_173' title='bbox 774 1801 883 1854; x_wconf 80' lang='grc' dir='ltr'><strong>Καὶ</strong></span> <span class='ocrx_word' id='word_1_174' title='bbox 909 1802 1069 1871; x_wconf 82' lang='grc' dir='ltr'><strong>ὀσμὴ</strong></span> <span class='ocrx_word' id='word_1_175' title='bbox 1097 1806 1342 1873; x_wconf 76' lang='grc' dir='ltr'><strong>ἱματίων</strong></span> <span class='ocrx_word' id='word_1_176' title='bbox 1359 1824 1477 1862; x_wconf 88' lang='grc' dir='ltr'><strong>σου</strong></span> <span class='ocrx_word' id='word_1_177' title='bbox 1502 1812 1654 1878; x_wconf 84' lang='grc' dir='ltr'><strong>ὑπὲρ</strong></span> <span class='ocrx_word' id='word_1_178' title='bbox 1678 1813 1870 1868; x_wconf 85' lang='grc' dir='ltr'><strong>πάντα</strong></span> 
     </span>
    </p>
   </div>
   <div class='ocr_carea' id='block_1_33' title="bbox 1979 1795 3544 1878">
    <p class='ocr_par' dir='ltr' id='par_1_33' title="bbox 1979 1811 3544 1876">
     <span class='ocr_line' id='line_1_33' title="bbox 1979 1811 3544 1876; baseline -0.006 -6"><span class='ocrx_word' id='word_1_179' title='bbox 1979 1819 2156 1872; x_wconf 84' lang='lat' dir='ltr'><strong>nibus.</strong></span> <span class='ocrx_word' id='word_1_180' title='bbox 2193 1815 2259 1868; x_wconf 88' lang='lat' dir='ltr'><strong>Et</strong></span> <span class='ocrx_word' id='word_1_181' title='bbox 2291 1816 2421 1869; x_wconf 80' lang='lat' dir='ltr'><strong>odOr</strong></span> <span class='ocrx_word' id='word_1_182' title='bbox 2446 1815 2872 1867; x_wconf 79' lang='lat' dir='ltr'><strong>vestimentorum</strong></span> <span class='ocrx_word' id='word_1_183' title='bbox 2913 1823 3120 1864; x_wconf 87' lang='lat' dir='ltr'><strong>tuorum</strong></span> <span class='ocrx_word' id='word_1_184' title='bbox 3179 1827 3336 1876; x_wconf 85' lang='lat' dir='ltr'><strong>super</strong></span> <span class='ocrx_word' id='word_1_185' title='bbox 3366 1811 3544 1861; x_wconf 85' lang='lat' dir='ltr'><strong>omnia</strong></span> 
     </span>
    </p>
   </div>
   <div class='ocr_carea' id='block_1_34' title="bbox 300 1881 1870 1974">
    <p class='ocr_par' dir='ltr' id='par_1_34' title="bbox 300 1884 1870 1970">
     <span class='ocr_line' id='line_1_34' title="bbox 300 1884 1870 1970; baseline 0.014 -35"><span class='ocrx_word' id='word_1_186' title='bbox 300 1884 374 1936; x_wconf 84' lang='grc' dir='ltr'><em>τὰ</em></span> <span class='ocrx_word' id='word_1_187' title='bbox 397 1884 676 1953; x_wconf 80' lang='grc' dir='ltr'><strong>ἀρώματα</strong></span> <span class='ocrx_word' id='word_1_188' title='bbox 697 1907 709 1919; x_wconf 85' lang='grc'><strong>·</strong></span> <span class='ocrx_word' id='word_1_189' title='bbox 738 1891 927 1960; x_wconf 70' lang='grc' dir='ltr'><strong>ἤγουν,</strong></span> <span class='ocrx_word' id='word_1_190' title='bbox 957 1893 990 1962; x_wconf 78' lang='grc' dir='ltr'>ἡ</span> <span class='ocrx_word' id='word_1_191' title='bbox 1019 1895 1354 1968; x_wconf 68' lang='grc' dir='ltr'><strong>ἐνοικήσασά</strong></span> <span class='ocrx_word' id='word_1_192' title='bbox 1381 1917 1462 1952; x_wconf 90' lang='grc' dir='ltr'><strong>σοι</strong></span> <span class='ocrx_word' id='word_1_193' title='bbox 1487 1903 1580 1954; x_wconf 83' lang='grc' dir='ltr'><strong>τοῦ</strong></span> <span class='ocrx_word' id='word_1_194' title='bbox 1607 1905 1870 1970; x_wconf 78' lang='grc' dir='ltr'><strong>παναγίου</strong></span> 
     </span>
    </p>
   </div>
   <div class='ocr_carea' id='block_1_35' title="bbox 1979 1881 3557 1974">
    <p class='ocr_par' dir='ltr' id='par_1_35' title="bbox 1979 1885 3557 1974">
     <span class='ocr_line' id='line_1_35' title="bbox 1979 1885 3557 1974; baseline -0.005 -11"><span class='ocrx_word' id='word_1_195' title='bbox 1979 1918 2220 1962; x_wconf 89' lang='lat' dir='ltr'><strong>aromata</strong></span> <span class='ocrx_word' id='word_1_196' title='bbox 2258 1925 2271 1960; x_wconf 87' lang='lat'><strong>:</strong></span> <span class='ocrx_word' id='word_1_197' title='bbox 2304 1907 2356 1960; x_wconf 89' lang='lat' dir='ltr'><strong>id</strong></span> <span class='ocrx_word' id='word_1_198' title='bbox 2391 1915 2494 1968; x_wconf 88' lang='lat' dir='ltr'><strong>est,</strong></span> <span class='ocrx_word' id='word_1_199' title='bbox 2533 1907 2704 1974; x_wconf 88' lang='lat' dir='ltr'><strong>gratia</strong></span> <span class='ocrx_word' id='word_1_200' title='bbox 2759 1904 3093 1959; x_wconf 78' lang='lat' dir='ltr'><strong>sanctissimi</strong></span> <span class='ocrx_word' id='word_1_201' title='bbox 3141 1902 3399 1972; x_wconf 86' lang='lat' dir='ltr'><strong>Spiritus,</strong></span> <span class='ocrx_word' id='word_1_202' title='bbox 3435 1885 3557 1971; x_wconf 71' lang='lat' dir='ltr'><strong>quae</strong></span> 
     </span>
    </p>
   </div>
   <div class='ocr_carea' id='block_1_36' title="bbox 301 1975 1872 2062">
    <p class='ocr_par' dir='ltr' id='par_1_36' title="bbox 301 1975 1872 2062">
     <span class='ocr_line' id='line_1_36' title="bbox 301 1975 1872 2062; baseline 0.014 -36"><span class='ocrx_word' id='word_1_203' title='bbox 301 1975 617 2044; x_wconf 83' lang='grc' dir='ltr'><strong>Πνεύματος</strong></span> <span class='ocrx_word' id='word_1_204' title='bbox 653 1981 813 2052; x_wconf 79' lang='grc' dir='ltr'><strong>χάρις</strong></span> <span class='ocrx_word' id='word_1_205' title='bbox 848 1984 986 2055; x_wconf 80' lang='grc' dir='ltr'><strong>ὑπὲρ</strong></span> <span class='ocrx_word' id='word_1_206' title='bbox 1025 1991 1202 2044; x_wconf 80' lang='grc' dir='ltr'><strong>πᾶσαν</strong></span> <span class='ocrx_word' id='word_1_207' title='bbox 1238 1989 1373 2044; x_wconf 81' lang='grc' dir='ltr'><strong>οὖσα</strong></span> <span class='ocrx_word' id='word_1_208' title='bbox 1405 1994 1666 2062; x_wconf 80' lang='grc' dir='ltr'><strong>τυγχάνει</strong></span> <span class='ocrx_word' id='word_1_209' title='bbox 1703 2013 1872 2048; x_wconf 76' lang='grc' dir='ltr'><strong>πνευο</strong></span> 
     </span>
    </p>
   </div>
   <div class='ocr_carea' id='block_1_37' title="bbox 304 2069 1877 2159">
    <p class='ocr_par' dir='ltr' id='par_1_37' title="bbox 304 2069 1877 2159">
     <span class='ocr_line' id='line_1_37' title="bbox 304 2069 1877 2159; baseline 0.015 -41"><span class='ocrx_word' id='word_1_210' title='bbox 304 2069 540 2140; x_wconf 79' lang='grc' dir='ltr'><strong>ματικὴν</strong></span> <span class='ocrx_word' id='word_1_211' title='bbox 567 2073 855 2129; x_wconf 74' lang='grc' dir='ltr'><strong>εὐωδίασιν</strong></span> <span class='ocrx_word' id='word_1_212' title='bbox 879 2093 894 2108; x_wconf 88' lang='grc'><strong>·</strong></span> <span class='ocrx_word' id='word_1_213' title='bbox 921 2078 1045 2131; x_wconf 79' lang='grc' dir='ltr'><strong>οὐδὲ</strong></span> <span class='ocrx_word' id='word_1_214' title='bbox 1072 2081 1178 2150; x_wconf 84' lang='grc' dir='ltr'><strong>γὰρ</strong></span> <span class='ocrx_word' id='word_1_215' title='bbox 1203 2079 1376 2146; x_wconf 80' lang='grc' dir='ltr'><strong>οὕτως</strong></span> <span class='ocrx_word' id='word_1_216' title='bbox 1403 2085 1460 2137; x_wconf 77' lang='grc' dir='ltr'><strong>ἐν</strong></span> <span class='ocrx_word' id='word_1_217' title='bbox 1486 2087 1623 2155; x_wconf 83' lang='grc' dir='ltr'><strong>αὐτῇ</strong></span> <span class='ocrx_word' id='word_1_218' title='bbox 1651 2088 1712 2139; x_wconf 78' lang='grc' dir='ltr'><strong>τὸ</strong></span> <span class='ocrx_word' id='word_1_219' title='bbox 1739 2087 1877 2159; x_wconf 87' lang='grc' dir='ltr'><strong>πλή-</strong></span> 
     </span>
    </p>
   </div>
   <div class='ocr_carea' id='block_1_38' title="bbox 306 2162 1875 2250">
    <p class='ocr_par' dir='ltr' id='par_1_38' title="bbox 306 2162 1875 2250">
     <span class='ocr_line' id='line_1_38' title="bbox 306 2162 1875 2250; baseline 0.015 -41"><span class='ocrx_word' id='word_1_220' title='bbox 306 2175 468 2230; x_wconf 85' lang='grc' dir='ltr'><strong>ρωμα</strong></span> <span class='ocrx_word' id='word_1_221' title='bbox 496 2162 594 2230; x_wconf 84' lang='grc' dir='ltr'><strong>τῆς</strong></span> <span class='ocrx_word' id='word_1_222' title='bbox 627 2163 880 2236; x_wconf 77' lang='grc' dir='ltr'><strong>θεότητος</strong></span> <span class='ocrx_word' id='word_1_223' title='bbox 913 2171 1192 2241; x_wconf 74' lang='grc' dir='ltr'><strong>ἐνοικῆσαι</strong></span> <span class='ocrx_word' id='word_1_224' title='bbox 1227 2173 1552 2244; x_wconf 83' lang='grc' dir='ltr'><strong>εὐδόκησεν,</strong></span> <span class='ocrx_word' id='word_1_225' title='bbox 1589 2179 1780 2250; x_wconf 83' lang='grc' dir='ltr'><strong>ὥσπερ</strong></span> <span class='ocrx_word' id='word_1_226' title='bbox 1817 2181 1875 2233; x_wconf 74' lang='grc' dir='ltr'><strong>ὲν</strong></span> 
     </span>
    </p>
   </div>
   <div class='ocr_carea' id='block_1_39' title="bbox 303 2252 1876 2334">
    <p class='ocr_par' dir='ltr' id='par_1_39' title="bbox 303 2252 1876 2334">
     <span class='ocr_line' id='line_1_39' title="bbox 303 2252 1876 2334; baseline 0.015 -32"><span class='ocrx_word' id='word_1_227' title='bbox 303 2253 415 2314; x_wconf 72' lang='grc' dir='ltr'><strong>τοῖς</strong></span> <span class='ocrx_word' id='word_1_228' title='bbox 436 2252 655 2324; x_wconf 74' lang='grc' dir='ltr'><strong>ἑτέροις</strong></span> <span class='ocrx_word' id='word_1_229' title='bbox 687 2259 904 2324; x_wconf 76' lang='grc' dir='ltr'><strong>ἐνοικεῖ,</strong></span> <span class='ocrx_word' id='word_1_230' title='bbox 931 2259 1006 2324; x_wconf 83' lang='grc' dir='ltr'><strong>ὡς</strong></span> <span class='ocrx_word' id='word_1_231' title='bbox 1037 2261 1149 2332; x_wconf 79' lang='grc' dir='ltr'><strong>ἔχει</strong></span> <span class='ocrx_word' id='word_1_232' title='bbox 1175 2264 1234 2316; x_wconf 88' lang='grc' dir='ltr'><strong>τό</strong></span> <span class='ocrx_word' id='word_1_233' title='bbox 1255 2281 1268 2294; x_wconf 88' lang='grc'><strong>·</strong></span> <span class='ocrx_word' id='word_1_234' title='bbox 1308 2267 1647 2334; x_wconf 73' lang='grc' dir='ltr'><strong>Ἐνοικήσω</strong></span> <span class='ocrx_word' id='word_1_235' title='bbox 1675 2271 1746 2323; x_wconf 76' lang='grc' dir='ltr'><strong>ἐν</strong></span> <span class='ocrx_word' id='word_1_236' title='bbox 1773 2274 1876 2326; x_wconf 79' lang='grc' dir='ltr'><strong>αὺ-</strong></span> 
     </span>
    </p>
   </div>
   <div class='ocr_carea' id='block_1_40' title="bbox 302 2345 1874 2429">
    <p class='ocr_par' dir='ltr' id='par_1_40' title="bbox 302 2345 1874 2429">
     <span class='ocr_line' id='line_1_40' title="bbox 302 2345 1874 2429; baseline 0.013 -32"><span class='ocrx_word' id='word_1_237' title='bbox 302 2345 449 2410; x_wconf 82' lang='grc' dir='ltr'><strong>τοῖς,</strong></span> <span class='ocrx_word' id='word_1_238' title='bbox 498 2348 594 2401; x_wconf 76' lang='grc' dir='ltr'><strong>καὶ</strong></span> <span class='ocrx_word' id='word_1_239' title='bbox 643 2349 1104 2419; x_wconf 77' lang='grc' dir='ltr'><strong>ἐμπεριπατήσω</strong></span> <span class='ocrx_word' id='word_1_240' title='bbox 1128 2371 1144 2386; x_wconf 91' lang='grc'><strong>·</strong></span> <span class='ocrx_word' id='word_1_241' title='bbox 1191 2356 1306 2408; x_wconf 81' lang='grc' dir='ltr'>ἀλλ’</span> <span class='ocrx_word' id='word_1_242' title='bbox 1331 2359 1472 2429; x_wconf 73' lang='grc' dir='ltr'><strong>ὑπὲρ</strong></span> <span class='ocrx_word' id='word_1_243' title='bbox 1519 2362 1698 2415; x_wconf 72' lang='grc' dir='ltr'><strong>πάντα</strong></span> <span class='ocrx_word' id='word_1_244' title='bbox 1749 2363 1874 2417; x_wconf 75' lang='grc' dir='ltr'><strong>νοῦν</strong></span> 
     </span>
    </p>
   </div>
   <div class='ocr_carea' id='block_1_41' title="bbox 303 2436 1874 2527">
    <p class='ocr_par' dir='ltr' id='par_1_41' title="bbox 303 2436 1874 2527">
     <span class='ocr_line' id='line_1_41' title="bbox 303 2436 1874 2527; baseline 0.014 -40"><span class='ocrx_word' id='word_1_245' title='bbox 303 2436 425 2527; x_wconf 85' lang='grc' dir='ltr'><strong>καθ’</strong></span> <span class='ocrx_word' id='word_1_246' title='bbox 455 2437 750 2494; x_wconf 81' lang='grc' dir='ltr'><strong>ὑπόστασιν</strong></span> <span class='ocrx_word' id='word_1_247' title='bbox 794 2442 976 2513; x_wconf 82' lang='grc' dir='ltr'><strong>ήνώθη</strong></span> <span class='ocrx_word' id='word_1_248' title='bbox 1023 2448 1086 2516; x_wconf 82' lang='grc' dir='ltr'><strong>τῇ</strong></span> <span class='ocrx_word' id='word_1_249' title='bbox 1139 2446 1200 2511; x_wconf 75' lang='grc' dir='ltr'><strong>ἑξ</strong></span> <span class='ocrx_word' id='word_1_250' title='bbox 1244 2450 1417 2519; x_wconf 75' lang='grc' dir='ltr'><strong>αὐτῆς</strong></span> <span class='ocrx_word' id='word_1_251' title='bbox 1465 2453 1874 2527; x_wconf 82' lang='grc' dir='ltr'><strong>προσληφθείσῃ</strong></span> 
     </span>
    </p>
   </div>
   <div class='ocr_carea' id='block_1_42' title="bbox 302 2526 1526 2606">
    <p class='ocr_par' dir='ltr' id='par_1_42' title="bbox 302 2526 1526 2606">
     <span class='ocr_line' id='line_1_42' title="bbox 302 2526 1526 2606; baseline 0.013 -26"><span class='ocrx_word' id='word_1_252' title='bbox 302 2526 435 2598; x_wconf 76' lang='grc' dir='ltr'><strong>ἁγίᾳ</strong></span> <span class='ocrx_word' id='word_1_253' title='bbox 469 2531 653 2600; x_wconf 81' lang='grc' dir='ltr'><strong>σαρκὶ,</strong></span> <span class='ocrx_word' id='word_1_254' title='bbox 685 2531 778 2586; x_wconf 79' lang='grc' dir='ltr'><strong>τοῦ</strong></span> <span class='ocrx_word' id='word_1_255' title='bbox 809 2533 1015 2606; x_wconf 78' lang='grc' dir='ltr'><strong>ταύτης</strong></span> <span class='ocrx_word' id='word_1_256' title='bbox 1047 2537 1204 2605; x_wconf 79' lang='grc' dir='ltr'><strong>Υῑοῦ,</strong></span> <span class='ocrx_word' id='word_1_257' title='bbox 1236 2541 1330 2593; x_wconf 75' lang='grc' dir='ltr'><strong>καὶ</strong></span> <span class='ocrx_word' id='word_1_258' title='bbox 1358 2541 1526 2597; x_wconf 83' lang='grc' dir='ltr'><strong>Θεοῦ.</strong></span> 
     </span>
    </p>
   </div>
   <div class='ocr_carea' id='block_1_43' title="bbox 977 2623 1222 2699">
    <p class='ocr_par' dir='ltr' id='par_1_43' title="bbox 977 2623 1222 2699">
     <span class='ocr_line' id='line_1_43' title="bbox 977 2623 1222 2699; baseline 0.02 -20"><span class='ocrx_word' id='word_1_259' title='bbox 977 2623 1222 2699; x_wconf 77' lang='grc' dir='ltr'><strong>’ᾼΣΜΑ.</strong></span> 
     </span>
    </p>
   </div>
   <div class='ocr_carea' id='block_1_44' title="bbox 375 2711 1878 2797">
    <p class='ocr_par' dir='ltr' id='par_1_44' title="bbox 375 2711 1878 2797">
     <span class='ocr_line' id='line_1_44' title="bbox 375 2711 1878 2797; baseline 0.014 -34"><span class='ocrx_word' id='word_1_260' title='bbox 375 2711 598 2777; x_wconf 75' lang='lat' dir='ltr'><strong>Knpior</strong></span> <span class='ocrx_word' id='word_1_261' title='bbox 626 2712 1034 2777; x_wconf 65' lang='lat' dir='ltr'><strong>daodeavm</strong></span> <span class='ocrx_word' id='word_1_262' title='bbox 1065 2723 1241 2790; x_wconf 73' lang='grc' dir='ltr'><strong>χείλη</strong></span> <span class='ocrx_word' id='word_1_263' title='bbox 1282 2738 1420 2790; x_wconf 88' lang='grc' dir='ltr'><strong>σου,</strong></span> <span class='ocrx_word' id='word_1_264' title='bbox 1469 2727 1674 2795; x_wconf 74' lang='grc' dir='ltr'><strong>νύμφη</strong></span> <span class='ocrx_word' id='word_1_265' title='bbox 1699 2747 1713 2761; x_wconf 75' lang='grc' dir='ltr'><strong>ο</strong></span> <span class='ocrx_word' id='word_1_266' title='bbox 1739 2731 1878 2797; x_wconf 71' lang='grc' dir='ltr'><strong>μέλι</strong></span> 
     </span>
    </p>
   </div>
   <div class='ocr_carea' id='block_1_45' title="bbox 303 2799 1878 2890">
    <p class='ocr_par' dir='ltr' id='par_1_45' title="bbox 303 2799 1878 2890">
     <span class='ocr_line' id='line_1_45' title="bbox 303 2799 1878 2890; baseline 0.015 -38"><span class='ocrx_word' id='word_1_267' title='bbox 303 2799 400 2853; x_wconf 77' lang='grc' dir='ltr'><strong>καὶ</strong></span> <span class='ocrx_word' id='word_1_268' title='bbox 434 2802 590 2870; x_wconf 73' lang='grc' dir='ltr'><strong>γάλα</strong></span> <span class='ocrx_word' id='word_1_269' title='bbox 619 2806 738 2859; x_wconf 76' lang='grc' dir='ltr'><strong>ὑπὸ</strong></span> <span class='ocrx_word' id='word_1_270' title='bbox 767 2806 883 2874; x_wconf 85' lang='grc' dir='ltr'><strong>τὴν</strong></span> <span class='ocrx_word' id='word_1_271' title='bbox 911 2808 1204 2878; x_wconf 75' lang='grc' dir='ltr'><strong>γλῶσσάν</strong></span> <span class='ocrx_word' id='word_1_272' title='bbox 1229 2828 1348 2869; x_wconf 86' lang='grc' dir='ltr'><strong>σου</strong></span> <span class='ocrx_word' id='word_1_273' title='bbox 1378 2833 1391 2848; x_wconf 92' lang='grc'><strong>·</strong></span> <span class='ocrx_word' id='word_1_274' title='bbox 1425 2817 1526 2870; x_wconf 79' lang='grc' dir='ltr'><strong>καὶ</strong></span> <span class='ocrx_word' id='word_1_275' title='bbox 1556 2817 1717 2888; x_wconf 83' lang='grc' dir='ltr'><em>ὀσμὴ</em></span> <span class='ocrx_word' id='word_1_276' title='bbox 1749 2823 1878 2890; x_wconf 74' lang='grc' dir='ltr'><strong>ἱμα-</strong></span> 
     </span>
    </p>
   </div>
   <div class='ocr_carea' id='block_1_46' title="bbox 306 2894 1204 2971">
    <p class='ocr_par' dir='ltr' id='par_1_46' title="bbox 306 2894 1204 2971">
     <span class='ocr_line' id='line_1_46' title="bbox 306 2894 1204 2971; baseline 0.018 -26"><span class='ocrx_word' id='word_1_277' title='bbox 306 2894 448 2947; x_wconf 86' lang='grc' dir='ltr'><strong>τίων</strong></span> <span class='ocrx_word' id='word_1_278' title='bbox 473 2909 591 2949; x_wconf 85' lang='grc' dir='ltr'><strong>σου</strong></span> <span class='ocrx_word' id='word_1_279' title='bbox 617 2897 699 2963; x_wconf 86' lang='grc' dir='ltr'><strong>ὡς</strong></span> <span class='ocrx_word' id='word_1_280' title='bbox 727 2899 886 2971; x_wconf 83' lang='grc' dir='ltr'><strong>ὀσμὴ</strong></span> <span class='ocrx_word' id='word_1_281' title='bbox 918 2904 1204 2960; x_wconf 83' lang='grc' dir='ltr'><strong>Λιϐάνου.</strong></span> 
     </span>
    </p>
   </div>
   <div class='ocr_carea' id='block_1_47' title="bbox 953 2995 1227 3052">
    <p class='ocr_par' dir='ltr' id='par_1_47' title="bbox 953 2995 1227 3052">
     <span class='ocr_line' id='line_1_47' title="bbox 953 2995 1227 3052; baseline 0.018 -5"><span class='ocrx_word' id='word_1_282' title='bbox 953 2995 1227 3052; x_wconf 80' lang='grc' dir='ltr'><strong>ΣΧΟΛΙΑ.</strong></span> 
     </span>
    </p>
   </div>
   <div class='ocr_carea' id='block_1_48' title="bbox 376 3076 1878 3162">
    <p class='ocr_par' dir='ltr' id='par_1_48' title="bbox 376 3076 1878 3162">
     <span class='ocr_line' id='line_1_48' title="bbox 376 3076 1878 3162; baseline 0.016 -34"><span class='ocrx_word' id='word_1_283' title='bbox 376 3076 657 3148; x_wconf 83' lang='grc' dir='ltr'><strong>Τουτέστι,</strong></span> <span class='ocrx_word' id='word_1_284' title='bbox 684 3081 884 3147; x_wconf 81' lang='grc' dir='ltr'><strong>πάντες</strong></span> <span class='ocrx_word' id='word_1_285' title='bbox 913 3087 960 3138; x_wconf 89' lang='lat' dir='ltr'><strong>ol</strong></span> <span class='ocrx_word' id='word_1_286' title='bbox 995 3086 1143 3154; x_wconf 82' lang='grc' dir='ltr'><strong>λόγοι</strong></span> <span class='ocrx_word' id='word_1_287' title='bbox 1173 3089 1337 3159; x_wconf 83' lang='grc' dir='ltr'><strong>αὐτῆς</strong></span> <span class='ocrx_word' id='word_1_288' title='bbox 1371 3092 1716 3162; x_wconf 84' lang='grc' dir='ltr'><strong>γλυκασμὺς,</strong></span> <span class='ocrx_word' id='word_1_289' title='bbox 1746 3097 1878 3151; x_wconf 82' lang='grc' dir='ltr'><strong>πάν-</strong></span> 
     </span>
    </p>
   </div>
   <div class='ocr_carea' id='block_1_49' title="bbox 1985 1992 3556 2064">
    <p class='ocr_par' dir='ltr' id='par_1_49' title="bbox 1985 1992 3556 2064">
     <span class='ocr_line' id='line_1_49' title="bbox 1985 1992 3556 2064; baseline -0.006 -10"><span class='ocrx_word' id='word_1_290' title='bbox 1985 2000 2191 2054; x_wconf 88' lang='lat' dir='ltr'><strong>habitat</strong></span> <span class='ocrx_word' id='word_1_291' title='bbox 2222 1999 2275 2052; x_wconf 90' lang='lat' dir='ltr'><strong>iu</strong></span> <span class='ocrx_word' id='word_1_292' title='bbox 2305 2006 2379 2064; x_wconf 89' lang='lat' dir='ltr'><strong>te,</strong></span> <span class='ocrx_word' id='word_1_293' title='bbox 2412 2011 2626 2050; x_wconf 91' lang='lat' dir='ltr'><strong>omnem</strong></span> <span class='ocrx_word' id='word_1_294' title='bbox 2657 2005 2949 2064; x_wconf 80' lang='lat' dir='ltr'><strong>exsuperat</strong></span> <span class='ocrx_word' id='word_1_295' title='bbox 2976 1995 3274 2063; x_wconf 74' lang='lat' dir='ltr'><strong>Spirantem</strong></span> <span class='ocrx_word' id='word_1_296' title='bbox 3309 1992 3556 2061; x_wconf 81' lang='lat' dir='ltr'><strong>fragran-</strong></span> 
     </span>
    </p>
   </div>
   <div class='ocr_carea' id='block_1_50' title="bbox 1979 2084 3556 2157">
    <p class='ocr_par' dir='ltr' id='par_1_50' title="bbox 1979 2084 3556 2157">
     <span class='ocr_line' id='line_1_50' title="bbox 1979 2084 3556 2157; baseline -0.008 -11"><span class='ocrx_word' id='word_1_297' title='bbox 1979 2092 2130 2146; x_wconf 85' lang='lat' dir='ltr'><strong>tiam.</strong></span> <span class='ocrx_word' id='word_1_298' title='bbox 2170 2090 2288 2144; x_wconf 85' lang='lat' dir='ltr'><strong>Non</strong></span> <span class='ocrx_word' id='word_1_299' title='bbox 2342 2088 2486 2144; x_wconf 84' lang='lat' dir='ltr'><strong>enim</strong></span> <span class='ocrx_word' id='word_1_300' title='bbox 2518 2087 2598 2142; x_wconf 87' lang='lat' dir='ltr'><strong>sic</strong></span> <span class='ocrx_word' id='word_1_301' title='bbox 2640 2087 2693 2141; x_wconf 92' lang='lat' dir='ltr'><strong>in</strong></span> <span class='ocrx_word' id='word_1_302' title='bbox 2748 2088 2861 2157; x_wconf 85' lang='lat' dir='ltr'><strong>ipsa</strong></span> <span class='ocrx_word' id='word_1_303' title='bbox 2904 2085 3185 2155; x_wconf 86' lang='lat' dir='ltr'><strong>plenitudo</strong></span> <span class='ocrx_word' id='word_1_304' title='bbox 3249 2084 3556 2138; x_wconf 75' lang='lat' dir='ltr'><strong>Divinitatis</strong></span> 
     </span>
    </p>
   </div>
   <div class='ocr_carea' id='block_1_51' title="bbox 1981 2175 3554 2251">
    <p class='ocr_par' dir='ltr' id='par_1_51' title="bbox 1981 2175 3554 2251">
     <span class='ocr_line' id='line_1_51' title="bbox 1981 2175 3554 2251; baseline -0.006 -14"><span class='ocrx_word' id='word_1_305' title='bbox 1981 2183 2226 2238; x_wconf 82' lang='lat' dir='ltr'><strong>habitare</strong></span> <span class='ocrx_word' id='word_1_306' title='bbox 2276 2184 2468 2246; x_wconf 80' lang='lat' dir='ltr'><strong>voluit,</strong></span> <span class='ocrx_word' id='word_1_307' title='bbox 2504 2179 2964 2251; x_wconf 86' lang='lat' dir='ltr'><strong>quemadmodum</strong></span> <span class='ocrx_word' id='word_1_308' title='bbox 3032 2178 3084 2230; x_wconf 85' lang='lat' dir='ltr'><strong>in</strong></span> <span class='ocrx_word' id='word_1_309' title='bbox 3147 2177 3362 2231; x_wconf 66' lang='lat' dir='ltr'><strong>caeteris</strong></span> <span class='ocrx_word' id='word_1_310' title='bbox 3429 2175 3554 2229; x_wconf 87' lang='lat' dir='ltr'><strong>aliis</strong></span> 
     </span>
    </p>
   </div>
   <div class='ocr_carea' id='block_1_52' title="bbox 1981 2266 3555 2339">
    <p class='ocr_par' dir='ltr' id='par_1_52' title="bbox 1981 2266 3555 2339">
     <span class='ocr_line' id='line_1_52' title="bbox 1981 2266 3555 2339; baseline -0.007 -12"><span class='ocrx_word' id='word_1_311' title='bbox 1981 2275 2269 2338; x_wconf 77' lang='lat' dir='ltr'><strong>inhabitat,</strong></span> <span class='ocrx_word' id='word_1_312' title='bbox 2305 2282 2364 2326; x_wconf 90' lang='lat' dir='ltr'><strong>ut</strong></span> <span class='ocrx_word' id='word_1_313' title='bbox 2405 2273 2478 2327; x_wconf 86' lang='lat' dir='ltr'><strong>ibi</strong></span> <span class='ocrx_word' id='word_1_314' title='bbox 2533 2272 2796 2339; x_wconf 87' lang='lat' dir='ltr'><strong>scriptum</strong></span> <span class='ocrx_word' id='word_1_315' title='bbox 2831 2278 2914 2324; x_wconf 85' lang='lat' dir='ltr'><strong>est</strong></span> <span class='ocrx_word' id='word_1_316' title='bbox 2946 2285 2958 2320; x_wconf 90' lang='lat'><strong>:</strong></span> <span class='ocrx_word' id='word_1_317' title='bbox 3002 2267 3269 2322; x_wconf 83' lang='lat' dir='ltr'><strong>Habitabo</strong></span> <span class='ocrx_word' id='word_1_318' title='bbox 3298 2267 3350 2318; x_wconf 87' lang='lat' dir='ltr'><strong>in</strong></span> <span class='ocrx_word' id='word_1_319' title='bbox 3381 2266 3477 2331; x_wconf 88' lang='lat' dir='ltr'><strong>eis,</strong></span> <span class='ocrx_word' id='word_1_320' title='bbox 3506 2274 3555 2317; x_wconf 88' lang='lat' dir='ltr'><strong>et</strong></span> 
     </span>
    </p>
   </div>
   <div class='ocr_carea' id='block_1_53' title="bbox 1978 2356 3550 2429">
    <p class='ocr_par' dir='ltr' id='par_1_53' title="bbox 1978 2356 3550 2429">
     <span class='ocr_line' id='line_1_53' title="bbox 1978 2356 3550 2429; baseline -0.008 -11"><span class='ocrx_word' id='word_1_321' title='bbox 1978 2363 2318 2418; x_wconf 86' lang='lat' dir='ltr'><strong>inambulabo</strong></span> <span class='ocrx_word' id='word_1_322' title='bbox 2346 2364 2416 2427; x_wconf 82' lang='lat'><strong>&#39;°,</strong></span> <span class='ocrx_word' id='word_1_323' title='bbox 2452 2363 2542 2416; x_wconf 85' lang='lat' dir='ltr'><strong>sed</strong></span> <span class='ocrx_word' id='word_1_324' title='bbox 2613 2375 2778 2429; x_wconf 80' lang='lat' dir='ltr'><strong>super</strong></span> <span class='ocrx_word' id='word_1_325' title='bbox 2801 2373 3018 2412; x_wconf 88' lang='lat' dir='ltr'><strong>omnem</strong></span> <span class='ocrx_word' id='word_1_326' title='bbox 3052 2356 3346 2411; x_wconf 88' lang='lat' dir='ltr'><strong>sensumin</strong></span> <span class='ocrx_word' id='word_1_327' title='bbox 3385 2370 3550 2408; x_wconf 83' lang='lat' dir='ltr'><strong>unam</strong></span> 
     </span>
    </p>
   </div>
   <div class='ocr_carea' id='block_1_54' title="bbox 1979 2450 3552 2521">
    <p class='ocr_par' dir='ltr' id='par_1_54' title="bbox 1979 2450 3552 2521">
     <span class='ocr_line' id='line_1_54' title="bbox 1979 2450 3552 2521; baseline -0.006 -14"><span class='ocrx_word' id='word_1_328' title='bbox 1979 2453 2311 2507; x_wconf 88' lang='lat' dir='ltr'><strong>constitutus</strong></span> <span class='ocrx_word' id='word_1_329' title='bbox 2333 2450 2650 2521; x_wconf 81' lang='lat' dir='ltr'><strong>personam,</strong></span> <span class='ocrx_word' id='word_1_330' title='bbox 2669 2459 2858 2505; x_wconf 86' lang='lat' dir='ltr'><strong>saneta</strong></span> <span class='ocrx_word' id='word_1_331' title='bbox 2874 2464 2940 2503; x_wconf 82' lang='lat' dir='ltr'><strong>ex</strong></span> <span class='ocrx_word' id='word_1_332' title='bbox 2961 2462 3025 2502; x_wconf 84' lang='lat' dir='ltr'><strong>ea</strong></span> <span class='ocrx_word' id='word_1_333' title='bbox 3055 2454 3336 2516; x_wconf 86' lang='lat' dir='ltr'><strong>assumpta</strong></span> <span class='ocrx_word' id='word_1_334' title='bbox 3364 2460 3552 2509; x_wconf 82' lang='lat' dir='ltr'><strong>carne,</strong></span> 
     </span>
    </p>
   </div>
   <div class='ocr_carea' id='block_1_55' title="bbox 1980 2542 2660 2612">
    <p class='ocr_par' dir='ltr' id='par_1_55' title="bbox 1980 2542 2660 2612">
     <span class='ocr_line' id='line_1_55' title="bbox 1980 2542 2660 2612; baseline -0.003 -16"><span class='ocrx_word' id='word_1_335' title='bbox 1980 2543 2216 2612; x_wconf 81' lang='lat' dir='ltr'><strong>Virginis</strong></span> <span class='ocrx_word' id='word_1_336' title='bbox 2242 2542 2447 2610; x_wconf 87' lang='lat' dir='ltr'><strong>Deique</strong></span> <span class='ocrx_word' id='word_1_337' title='bbox 2470 2542 2660 2596; x_wconf 86' lang='lat' dir='ltr'><strong>Filius.</strong></span> 
     </span>
    </p>
   </div>
   <div class='ocr_carea' id='block_1_56' title="bbox 2669 2631 2877 2690">
    <p class='ocr_par' dir='ltr' id='par_1_56' title="bbox 2669 2631 2877 2690">
     <span class='ocr_line' id='line_1_56' title="bbox 2669 2631 2877 2690; baseline 0.014 -3"><span class='ocrx_word' id='word_1_338' title='bbox 2669 2631 2877 2690; x_wconf 83' lang='lat' dir='ltr'><strong>CANT.</strong></span> 
     </span>
    </p>
   </div>
   <div class='ocr_carea' id='block_1_57' title="bbox 2055 2720 3559 2790">
    <p class='ocr_par' dir='ltr' id='par_1_57' title="bbox 2055 2720 3559 2790">
     <span class='ocr_line' id='line_1_57' title="bbox 2055 2720 3559 2790; baseline -0.005 -12"><span class='ocrx_word' id='word_1_339' title='bbox 2055 2727 2143 2780; x_wconf 77' lang='lat' dir='ltr'><strong>ll.</strong></span> <span class='ocrx_word' id='word_1_340' title='bbox 2186 2723 2393 2778; x_wconf 76' lang='lat' dir='ltr'><strong>Fanum</strong></span> <span class='ocrx_word' id='word_1_341' title='bbox 2447 2725 2716 2778; x_wconf 79' lang='lat' dir='ltr'><strong>distillant</strong></span> <span class='ocrx_word' id='word_1_342' title='bbox 2786 2723 2930 2777; x_wconf 83' lang='lat' dir='ltr'><strong>labia</strong></span> <span class='ocrx_word' id='word_1_343' title='bbox 2988 2733 3103 2788; x_wconf 85' lang='lat' dir='ltr'><strong>tua,</strong></span> <span class='ocrx_word' id='word_1_344' title='bbox 3151 2721 3358 2790; x_wconf 83' lang='lat' dir='ltr'><strong>Sponsa</strong></span> <span class='ocrx_word' id='word_1_345' title='bbox 3399 2739 3416 2775; x_wconf 92' lang='lat'><strong><em>:</em></strong></span> <span class='ocrx_word' id='word_1_346' title='bbox 3452 2720 3559 2774; x_wconf 88' lang='lat' dir='ltr'><strong>mel</strong></span> 
     </span>
    </p>
   </div>
   <div class='ocr_carea' id='block_1_58' title="bbox 1982 2817 3561 2884">
    <p class='ocr_par' dir='ltr' id='par_1_58' title="bbox 1982 2817 3561 2884">
     <span class='ocr_line' id='line_1_58' title="bbox 1982 2817 3561 2884; baseline -0.004 -12"><span class='ocrx_word' id='word_1_347' title='bbox 1982 2828 2032 2872; x_wconf 80' lang='lat' dir='ltr'><strong>et</strong></span> <span class='ocrx_word' id='word_1_348' title='bbox 2065 2817 2146 2870; x_wconf 83' lang='lat' dir='ltr'><strong>lac</strong></span> <span class='ocrx_word' id='word_1_349' title='bbox 2177 2817 2270 2869; x_wconf 93' lang='lat' dir='ltr'><strong>sub</strong></span> <span class='ocrx_word' id='word_1_350' title='bbox 2304 2817 2482 2884; x_wconf 83' lang='lat' dir='ltr'><strong>lingua</strong></span> <span class='ocrx_word' id='word_1_351' title='bbox 2512 2827 2604 2868; x_wconf 86' lang='lat' dir='ltr'><strong>tua</strong></span> <span class='ocrx_word' id='word_1_352' title='bbox 2641 2830 2659 2867; x_wconf 92' lang='lat'><em>:</em></span> <span class='ocrx_word' id='word_1_353' title='bbox 2691 2825 2739 2869; x_wconf 88' lang='lat' dir='ltr'><strong>et</strong></span> <span class='ocrx_word' id='word_1_354' title='bbox 2800 2817 2932 2868; x_wconf 85' lang='lat' dir='ltr'><strong>odor</strong></span> <span class='ocrx_word' id='word_1_355' title='bbox 2985 2817 3408 2868; x_wconf 71' lang='lat' dir='ltr'><strong>vestimentorum</strong></span> <span class='ocrx_word' id='word_1_356' title='bbox 3444 2823 3561 2866; x_wconf 31' lang='lat' dir='ltr'><strong>tuo.-</strong></span> 
     </span>
    </p>
   </div>
   <div class='ocr_carea' id='block_1_59' title="bbox 1983 2907 2658 2982">
    <p class='ocr_par' dir='ltr' id='par_1_59' title="bbox 1983 2907 2658 2982">
     <span class='ocr_line' id='line_1_59' title="bbox 1983 2907 2658 2982; baseline -0.003 -20"><span class='ocrx_word' id='word_1_357' title='bbox 1983 2925 2101 2982; x_wconf 83' lang='lat' dir='ltr'><strong>rum</strong></span> <span class='ocrx_word' id='word_1_358' title='bbox 2137 2911 2268 2962; x_wconf 88' lang='lat' dir='ltr'><strong>sicut</strong></span> <span class='ocrx_word' id='word_1_359' title='bbox 2301 2910 2432 2961; x_wconf 90' lang='lat' dir='ltr'><strong>odor</strong></span> <span class='ocrx_word' id='word_1_360' title='bbox 2467 2907 2658 2960; x_wconf 88' lang='lat' dir='ltr'><strong>thuris.</strong></span> 
     </span>
    </p>
   </div>
   <div class='ocr_carea' id='block_1_60' title="bbox 2613 2997 2930 3054">
    <p class='ocr_par' dir='ltr' id='par_1_60' title="bbox 2613 2997 2930 3054">
     <span class='ocr_line' id='line_1_60' title="bbox 2613 2997 2930 3054; baseline -0.013 0"><span class='ocrx_word' id='word_1_361' title='bbox 2613 2997 2930 3054; x_wconf 81' lang='lat' dir='ltr'><strong>SCIIOLIA.</strong></span> 
     </span>
    </p>
   </div>
   <div class='ocr_carea' id='block_1_61' title="bbox 2051 3087 3557 3157">
    <p class='ocr_par' dir='ltr' id='par_1_61' title="bbox 2051 3087 3557 3157">
     <span class='ocr_line' id='line_1_61' title="bbox 2051 3087 3557 3157; baseline -0.001 -14"><span class='ocrx_word' id='word_1_362' title='bbox 2051 3089 2162 3144; x_wconf 90' lang='lat' dir='ltr'><strong>lloc</strong></span> <span class='ocrx_word' id='word_1_363' title='bbox 2215 3100 2342 3152; x_wconf 87' lang='lat' dir='ltr'><strong>est,</strong></span> <span class='ocrx_word' id='word_1_364' title='bbox 2405 3105 2595 3144; x_wconf 85' lang='lat' dir='ltr'><strong>omnes</strong></span> <span class='ocrx_word' id='word_1_365' title='bbox 2665 3087 2904 3157; x_wconf 76' lang='lat' dir='ltr'><strong>Virginis</strong></span> <span class='ocrx_word' id='word_1_366' title='bbox 2957 3102 3240 3142; x_wconf 84' lang='lat' dir='ltr'><strong>sermones</strong></span> <span class='ocrx_word' id='word_1_367' title='bbox 3289 3088 3557 3148; x_wconf 78' lang='lat' dir='ltr'><strong>dulcedo.</strong></span> 
     </span>
    </p>
   </div>
   <div class='ocr_carea' id='block_1_62' title="bbox 299 3171 1870 3270">
    <p class='ocr_par' dir='ltr' id='par_1_62' title="bbox 299 3171 1870 3270">
     <span class='ocr_line' id='line_1_62' title="bbox 299 3171 1870 3270; baseline 0.016 -54"><span class='ocrx_word' id='word_1_368' title='bbox 299 3182 390 3228; x_wconf 87' lang='grc' dir='ltr'><strong>τες</strong></span> <span class='ocrx_word' id='word_1_369' title='bbox 411 3171 590 3270; x_wconf 56' lang='grc' dir='ltr'><strong>τρυιρὴ</strong></span> <span class='ocrx_word' id='word_1_370' title='bbox 617 3171 712 3270; x_wconf 43' lang='grc' dir='ltr'><strong>καὶ</strong></span> <span class='ocrx_word' id='word_1_371' title='bbox 738 3173 957 3243; x_wconf 80' lang='grc' dir='ltr'><strong>ήδύτης.</strong></span> <span class='ocrx_word' id='word_1_372' title='bbox 985 3177 1132 3231; x_wconf 82' lang='grc' dir='ltr'><strong>Γάλα</strong></span> <span class='ocrx_word' id='word_1_373' title='bbox 1181 3179 1274 3232; x_wconf 79' lang='grc' dir='ltr'><strong>καὶ</strong></span> <span class='ocrx_word' id='word_1_374' title='bbox 1302 3182 1423 3251; x_wconf 85' lang='grc' dir='ltr'><strong>μέλι</strong></span> <span class='ocrx_word' id='word_1_375' title='bbox 1451 3183 1553 3236; x_wconf 79' lang='grc' dir='ltr'><strong>ὑπὸ</strong></span> <span class='ocrx_word' id='word_1_376' title='bbox 1575 3185 1672 3255; x_wconf 78' lang='grc' dir='ltr'><strong>τὴν</strong></span> <span class='ocrx_word' id='word_1_377' title='bbox 1697 3187 1870 3254; x_wconf 86' lang='grc' dir='ltr'>γλῶσ-</span> 
     </span>
    </p>
   </div>
   <div class='ocr_carea' id='block_1_63' title="bbox 1979 3171 3562 3270">
    <p class='ocr_par' dir='ltr' id='par_1_63' title="bbox 1980 3177 3562 3234">
     <span class='ocr_line' id='line_1_63' title="bbox 1980 3177 3562 3234; baseline -0.003 -2"><span class='ocrx_word' id='word_1_378' title='bbox 1980 3193 2170 3234; x_wconf 85' lang='lat' dir='ltr'><strong>omnes</strong></span> <span class='ocrx_word' id='word_1_379' title='bbox 2221 3179 2424 3233; x_wconf 74' lang='lat' dir='ltr'><strong>deliciae</strong></span> <span class='ocrx_word' id='word_1_380' title='bbox 2463 3187 2590 3233; x_wconf 88' lang='lat' dir='ltr'><strong>sunt</strong></span> <span class='ocrx_word' id='word_1_381' title='bbox 2633 3187 2688 3233; x_wconf 89' lang='lat' dir='ltr'><strong>et</strong></span> <span class='ocrx_word' id='word_1_382' title='bbox 2735 3181 2998 3232; x_wconf 85' lang='lat' dir='ltr'><strong>suavitas.</strong></span> <span class='ocrx_word' id='word_1_383' title='bbox 3053 3177 3161 3230; x_wconf 89' lang='lat' dir='ltr'><strong>Lac</strong></span> <span class='ocrx_word' id='word_1_384' title='bbox 3205 3188 3254 3230; x_wconf 88' lang='lat' dir='ltr'><strong>et</strong></span> <span class='ocrx_word' id='word_1_385' title='bbox 3311 3179 3411 3230; x_wconf 86' lang='lat' dir='ltr'><strong>mel</strong></span> <span class='ocrx_word' id='word_1_386' title='bbox 3448 3178 3562 3231; x_wconf 82' lang='lat' dir='ltr'><strong>‘sub</strong></span> 
     </span>
    </p>
   </div>
   <div class='ocr_carea' id='block_1_64' title="bbox 303 3261 1874 3348">
    <p class='ocr_par' dir='ltr' id='par_1_64' title="bbox 303 3261 1874 3348">
     <span class='ocr_line' id='line_1_64' title="bbox 303 3261 1874 3348; baseline 0.016 -39"><span class='ocrx_word' id='word_1_387' title='bbox 303 3273 400 3348; x_wconf 80' lang='grc' dir='ltr'><strong>σαν</strong></span> <span class='ocrx_word' id='word_1_388' title='bbox 423 3261 612 3330; x_wconf 83' lang='grc' dir='ltr'><strong>αὐτῆς.</strong></span> <span class='ocrx_word' id='word_1_389' title='bbox 639 3263 789 3334; x_wconf 77' lang='grc' dir='ltr'><strong>Αὕτη</strong></span> <span class='ocrx_word' id='word_1_390' title='bbox 814 3268 922 3336; x_wconf 83' lang='grc' dir='ltr'><strong>γάρ</strong></span> <span class='ocrx_word' id='word_1_391' title='bbox 945 3269 1096 3324; x_wconf 79' lang='grc' dir='ltr'><strong>ἐστιν</strong></span> <span class='ocrx_word' id='word_1_392' title='bbox 1119 3271 1151 3339; x_wconf 81' lang='grc' dir='ltr'><strong>ἠ</strong></span> <span class='ocrx_word' id='word_1_393' title='bbox 1179 3272 1357 3342; x_wconf 86' lang='grc' dir='ltr'><strong>ἀγαθὴ</strong></span> <span class='ocrx_word' id='word_1_394' title='bbox 1381 3276 1473 3344; x_wconf 87' lang='grc' dir='ltr'><strong>γῆ,</strong></span> <span class='ocrx_word' id='word_1_395' title='bbox 1501 3279 1533 3347; x_wconf 77' lang='grc' dir='ltr'><strong>ἡ</strong></span> <span class='ocrx_word' id='word_1_396' title='bbox 1557 3277 1647 3331; x_wconf 80' lang='grc' dir='ltr'><strong>τὸν</strong></span> <span class='ocrx_word' id='word_1_397' title='bbox 1672 3280 1874 3348; x_wconf 78' lang='grc' dir='ltr'><strong>στάχυν</strong></span> 
     </span>
    </p>
   </div>
   <div class='ocr_carea' id='block_1_65' title="bbox 302 3347 1874 3440">
    <p class='ocr_par' dir='ltr' id='par_1_65' title="bbox 302 3347 1874 3440">
     <span class='ocr_line' id='line_1_65' title="bbox 302 3347 1874 3440; baseline 0.017 -40"><span class='ocrx_word' id='word_1_398' title='bbox 302 3347 653 3440; x_wconf 76' lang='grc' dir='ltr'><strong>βλαστήσασα</strong></span> <span class='ocrx_word' id='word_1_399' title='bbox 686 3357 785 3426; x_wconf 80' lang='grc' dir='ltr'><strong>τῆς</strong></span> <span class='ocrx_word' id='word_1_400' title='bbox 822 3359 1006 3440; x_wconf 80' lang='grc' dir='ltr'><strong>ζωῆς·</strong></span> <span class='ocrx_word' id='word_1_401' title='bbox 1037 3364 1168 3433; x_wconf 78' lang='grc' dir='ltr'><strong>περὶ</strong></span> <span class='ocrx_word' id='word_1_402' title='bbox 1202 3360 1269 3438; x_wconf 81' lang='grc' dir='ltr'><strong>ἧς</strong></span> <span class='ocrx_word' id='word_1_403' title='bbox 1301 3370 1329 3422; x_wconf 80' lang='grc' dir='ltr'><strong>ό</strong></span> <span class='ocrx_word' id='word_1_404' title='bbox 1362 3371 1496 3434; x_wconf 84' lang='grc' dir='ltr'><strong>Θεὸς</strong></span> <span class='ocrx_word' id='word_1_405' title='bbox 1530 3347 1874 3440; x_wconf 75' lang='grc' dir='ltr'><strong>συμϐολικῶς</strong></span> 
     </span>
    </p>
   </div>
   <div class='ocr_carea' id='block_1_66' title="bbox 300 3439 1875 3533">
    <p class='ocr_par' dir='ltr' id='par_1_66' title="bbox 300 3439 1875 3533">
     <span class='ocr_line' id='line_1_66' title="bbox 300 3439 1875 3533; baseline 0.018 -45"><span class='ocrx_word' id='word_1_406' title='bbox 300 3439 604 3533; x_wconf 59' lang='grc' dir='ltr'><strong>ενετειλατο</strong></span> <span class='ocrx_word' id='word_1_407' title='bbox 645 3446 724 3514; x_wconf 88' lang='grc' dir='ltr'>τῷ</span> <span class='ocrx_word' id='word_1_408' title='bbox 772 3450 961 3505; x_wconf 89' lang='grc' dir='ltr'><strong>Μωσεί</strong></span> <span class='ocrx_word' id='word_1_409' title='bbox 987 3469 1002 3484; x_wconf 90' lang='grc'><strong>·</strong></span> <span class='ocrx_word' id='word_1_410' title='bbox 1047 3456 1368 3526; x_wconf 73' lang='grc' dir='ltr'><strong>Εἱσαγάγω</strong></span> <span class='ocrx_word' id='word_1_411' title='bbox 1416 3459 1574 3528; x_wconf 81' lang='grc' dir='ltr'><strong>ὑμᾶς</strong></span> <span class='ocrx_word' id='word_1_412' title='bbox 1604 3439 1706 3528; x_wconf 68' lang='lat' dir='ltr'><strong>sit;</strong></span> <span class='ocrx_word' id='word_1_413' title='bbox 1755 3463 1875 3533; x_wconf 78' lang='grc' dir='ltr'><strong>γῆν</strong></span> 
     </span>
    </p>
   </div>
   <div class='ocr_carea' id='block_1_67' title="bbox 299 3527 1870 3620">
    <p class='ocr_par' dir='ltr' id='par_1_67' title="bbox 299 3527 1870 3620">
     <span class='ocr_line' id='line_1_67' title="bbox 299 3527 1870 3620; baseline 0.018 -41"><span class='ocrx_word' id='word_1_414' title='bbox 299 3527 568 3598; x_wconf 74' lang='grc' dir='ltr'><strong>ἀγαθὴν,</strong></span> <span class='ocrx_word' id='word_1_415' title='bbox 609 3536 696 3602; x_wconf 81' lang='grc' dir='ltr'><strong>εις</strong></span> <span class='ocrx_word' id='word_1_416' title='bbox 735 3538 852 3607; x_wconf 76' lang='grc' dir='ltr'><strong>τῆν</strong></span> <span class='ocrx_word' id='word_1_417' title='bbox 865 3542 1139 3608; x_wconf 80' lang='grc' dir='ltr'><strong>ῥέουσαν</strong></span> <span class='ocrx_word' id='word_1_418' title='bbox 1160 3547 1321 3616; x_wconf 79' lang='grc' dir='ltr'><strong>γάλα</strong></span> <span class='ocrx_word' id='word_1_419' title='bbox 1363 3527 1464 3603; x_wconf 76' lang='grc' dir='ltr'><strong>και</strong></span> <span class='ocrx_word' id='word_1_420' title='bbox 1483 3551 1645 3620; x_wconf 75' lang='grc' dir='ltr'><strong>μέλι.</strong></span> <span class='ocrx_word' id='word_1_421' title='bbox 1671 3527 1738 3593; x_wconf 47' lang='grc' dir='ltr'>ᾳ</span> <span class='ocrx_word' id='word_1_422' title='bbox 1761 3527 1870 3608; x_wconf 63' lang='grc' dir='ltr'><strong>ιω</strong></span> 
     </span>
    </p>
   </div>
   <div class='ocr_carea' id='block_1_68' title="bbox 302 3621 1875 3711">
    <p class='ocr_par' dir='ltr' id='par_1_68' title="bbox 302 3621 1875 3711">
     <span class='ocr_line' id='line_1_68' title="bbox 302 3621 1875 3711; baseline 0.013 -36"><span class='ocrx_word' id='word_1_423' title='bbox 302 3621 464 3688; x_wconf 81' lang='grc' dir='ltr'><em>ὀσμὴ</em></span> <span class='ocrx_word' id='word_1_424' title='bbox 507 3625 754 3692; x_wconf 77' lang='grc' dir='ltr'><strong>ἱματίων</strong></span> <span class='ocrx_word' id='word_1_425' title='bbox 794 3645 911 3686; x_wconf 88' lang='grc' dir='ltr'><strong>σου</strong></span> <span class='ocrx_word' id='word_1_426' title='bbox 955 3633 1035 3699; x_wconf 88' lang='grc' dir='ltr'><strong>ὡς</strong></span> <span class='ocrx_word' id='word_1_427' title='bbox 1079 3636 1240 3704; x_wconf 79' lang='grc' dir='ltr'><strong>ὀσμὴ</strong></span> <span class='ocrx_word' id='word_1_428' title='bbox 1284 3639 1539 3695; x_wconf 75' lang='grc' dir='ltr'><strong>,λιϐάνου</strong></span> <span class='ocrx_word' id='word_1_429' title='bbox 1565 3659 1579 3674; x_wconf 88' lang='grc'><strong>·</strong></span> <span class='ocrx_word' id='word_1_430' title='bbox 1620 3644 1875 3711; x_wconf 83' lang='grc' dir='ltr'><strong>ἀνωτέρω</strong></span> 
     </span>
    </p>
   </div>
   <div class='ocr_carea' id='block_1_69' title="bbox 303 3711 1874 3804">
    <p class='ocr_par' dir='ltr' id='par_1_69' title="bbox 303 3711 1874 3804">
     <span class='ocr_line' id='line_1_69' title="bbox 303 3711 1874 3804; baseline 0.018 -43"><span class='ocrx_word' id='word_1_431' title='bbox 303 3711 400 3778; x_wconf 81' lang='grc' dir='ltr'><strong>μὲν</strong></span> <span class='ocrx_word' id='word_1_432' title='bbox 433 3716 583 3804; x_wconf 78' lang='grc' dir='ltr'><strong>ὑπὲρ</strong></span> <span class='ocrx_word' id='word_1_433' title='bbox 613 3717 811 3773; x_wconf 81' lang='grc' dir='ltr'><strong>πάντα</strong></span> <span class='ocrx_word' id='word_1_434' title='bbox 841 3722 912 3776; x_wconf 87' lang='grc' dir='ltr'><em>τὰ</em></span> <span class='ocrx_word' id='word_1_435' title='bbox 943 3724 1222 3794; x_wconf 80' lang='grc' dir='ltr'><strong>ἀρώματα</strong></span> <span class='ocrx_word' id='word_1_436' title='bbox 1251 3731 1518 3795; x_wconf 82' lang='grc' dir='ltr'><strong>τέθεικεν,</strong></span> <span class='ocrx_word' id='word_1_437' title='bbox 1553 3734 1787 3788; x_wconf 75' lang='grc' dir='ltr'><strong>ἐνταῦθα</strong></span> <span class='ocrx_word' id='word_1_438' title='bbox 1816 3737 1874 3789; x_wconf 82' lang='grc' dir='ltr'><strong>δὲ</strong></span> 
     </span>
    </p>
   </div>
   <div class='ocr_carea' id='block_1_70' title="bbox 299 3804 1872 3890">
    <p class='ocr_par' dir='ltr' id='par_1_70' title="bbox 299 3804 1872 3890">
     <span class='ocr_line' id='line_1_70' title="bbox 299 3804 1872 3890; baseline 0.014 -35"><span class='ocrx_word' id='word_1_439' title='bbox 299 3804 379 3870; x_wconf 88' lang='grc' dir='ltr'><strong>ὠς</strong></span> <span class='ocrx_word' id='word_1_440' title='bbox 411 3805 572 3875; x_wconf 80' lang='grc' dir='ltr'><strong>ὀσμὴ</strong></span> <span class='ocrx_word' id='word_1_441' title='bbox 602 3809 771 3864; x_wconf 68' lang='grc' dir='ltr'><strong>λιϐάν</strong></span> <span class='ocrx_word' id='word_1_442' title='bbox 785 3829 858 3866; x_wconf 90' lang='grc' dir='ltr'><strong>ου</strong></span> <span class='ocrx_word' id='word_1_443' title='bbox 881 3829 893 3843; x_wconf 71' lang='grc'><strong><em>⁸</em></strong></span> <span class='ocrx_word' id='word_1_444' title='bbox 925 3815 1009 3868; x_wconf 80' lang='grc' dir='ltr'><strong>ἵνα</strong></span> <span class='ocrx_word' id='word_1_445' title='bbox 1038 3819 1238 3885; x_wconf 82' lang='grc' dir='ltr'><strong>μᾶλλον</strong></span> <span class='ocrx_word' id='word_1_446' title='bbox 1264 3822 1324 3872; x_wconf 77' lang='grc' dir='ltr'><strong>τὸ</strong></span> <span class='ocrx_word' id='word_1_447' title='bbox 1351 3820 1580 3886; x_wconf 75' lang='grc' dir='ltr'><strong>θεοειδὲς</strong></span> <span class='ocrx_word' id='word_1_448' title='bbox 1608 3825 1709 3890; x_wconf 84' lang='grc' dir='ltr'><strong>τῆς</strong></span> <span class='ocrx_word' id='word_1_449' title='bbox 1737 3828 1872 3879; x_wconf 76' lang='grc' dir='ltr'><strong>ένοι-</strong></span> 
     </span>
    </p>
   </div>
   <div class='ocr_carea' id='block_1_71' title="bbox 301 3899 1636 3988">
    <p class='ocr_par' dir='ltr' id='par_1_71' title="bbox 301 3899 1636 3988">
     <span class='ocr_line' id='line_1_71' title="bbox 301 3899 1636 3988; baseline 0.016 -41"><span class='ocrx_word' id='word_1_450' title='bbox 301 3899 548 3968; x_wconf 75' lang='grc' dir='ltr'><strong>κησὰσης</strong></span> <span class='ocrx_word' id='word_1_451' title='bbox 579 3903 716 3972; x_wconf 82' lang='grc' dir='ltr'><strong>αὐτῇ</strong></span> <span class='ocrx_word' id='word_1_452' title='bbox 748 3902 966 3974; x_wconf 75' lang='grc' dir='ltr'><strong>χάριτος</strong></span> <span class='ocrx_word' id='word_1_453' title='bbox 999 3908 1332 3980; x_wconf 81' lang='grc' dir='ltr'><strong>σαφέστερον</strong></span> <span class='ocrx_word' id='word_1_454' title='bbox 1357 3912 1636 3988; x_wconf 74' lang='grc' dir='ltr'><strong>ἀποδείξῃ.</strong></span> 
     </span>
    </p>
   </div>
   <div class='ocr_carea' id='block_1_72' title="bbox 960 3991 1197 4069">
    <p class='ocr_par' dir='ltr' id='par_1_72' title="bbox 960 3991 1197 4069">
     <span class='ocr_line' id='line_1_72' title="bbox 960 3991 1197 4069; baseline 0.021 -20"><span class='ocrx_word' id='word_1_455' title='bbox 960 3991 1197 4069; x_wconf 71' lang='grc' dir='ltr'><strong>τᾼΣΜΑ.</strong></span> 
     </span>
    </p>
   </div>
   <div class='ocr_carea' id='block_1_73' title="bbox 371 4082 1874 4168">
    <p class='ocr_par' dir='ltr' id='par_1_73' title="bbox 371 4082 1874 4168">
     <span class='ocr_line' id='line_1_73' title="bbox 371 4082 1874 4168; baseline 0.013 -33"><span class='ocrx_word' id='word_1_456' title='bbox 371 4082 578 4152; x_wconf 79' lang='grc' dir='ltr'><strong>Κῆπος</strong></span> <span class='ocrx_word' id='word_1_457' title='bbox 611 4089 1039 4156; x_wconf 79' lang='grc' dir='ltr'><strong>κεκλεισμένος</strong></span> <span class='ocrx_word' id='word_1_458' title='bbox 1072 4091 1306 4163; x_wconf 70' lang='grc' dir='ltr'><strong>ἀδελφή</strong></span> <span class='ocrx_word' id='word_1_459' title='bbox 1337 4112 1459 4165; x_wconf 85' lang='grc' dir='ltr'><strong>μου</strong></span> <span class='ocrx_word' id='word_1_460' title='bbox 1493 4098 1728 4168; x_wconf 67' lang='grc' dir='ltr'><strong>νύμφη,</strong></span> <span class='ocrx_word' id='word_1_461' title='bbox 1765 4099 1874 4167; x_wconf 80' lang='grc' dir='ltr'><strong>κῆ-</strong></span> 
     </span>
    </p>
   </div>
   <div class='ocr_carea' id='block_1_74' title="bbox 299 4178 1873 4257">
    <p class='ocr_par' dir='ltr' id='par_1_74' title="bbox 299 4178 1873 4257">
     <span class='ocr_line' id='line_1_74' title="bbox 299 4178 1873 4257; baseline 0.013 -32"><span class='ocrx_word' id='word_1_462' title='bbox 299 4190 413 4239; x_wconf 86' lang='grc' dir='ltr'><strong>πος</strong></span> <span class='ocrx_word' id='word_1_463' title='bbox 455 4178 886 4246; x_wconf 80' lang='grc' dir='ltr'><strong>κεκλεισμένος</strong></span> <span class='ocrx_word' id='word_1_464' title='bbox 915 4223 930 4248; x_wconf 93' lang='grc'><strong>,</strong></span> <span class='ocrx_word' id='word_1_465' title='bbox 979 4183 1143 4252; x_wconf 74' lang='grc' dir='ltr'><strong>πηγὴ</strong></span> <span class='ocrx_word' id='word_1_466' title='bbox 1188 4186 1640 4257; x_wconf 74' lang='grc' dir='ltr'><strong>ἐσφραγισμένη</strong></span> <span class='ocrx_word' id='word_1_467' title='bbox 1667 4205 1681 4222; x_wconf 87' lang='grc'>⁶</span> <span class='ocrx_word' id='word_1_468' title='bbox 1724 4193 1873 4246; x_wconf 78' lang='grc' dir='ltr'><strong>ἀπο-</strong></span> 
     </span>
    </p>
   </div>
   <div class='ocr_carea' id='block_1_75' title="bbox 298 4268 1867 4349">
    <p class='ocr_par' dir='ltr' id='par_1_75' title="bbox 298 4268 1867 4349">
     <span class='ocr_line' id='line_1_75' title="bbox 298 4268 1867 4349; baseline 0.011 -31"><span class='ocrx_word' id='word_1_469' title='bbox 298 4268 516 4321; x_wconf 77' lang='grc' dir='ltr'><strong>στολαί</strong></span> <span class='ocrx_word' id='word_1_470' title='bbox 538 4283 654 4324; x_wconf 88' lang='grc' dir='ltr'><strong>σου</strong></span> <span class='ocrx_word' id='word_1_471' title='bbox 676 4272 1043 4340; x_wconf 79' lang='grc' dir='ltr'><strong>παράδεισος</strong></span> <span class='ocrx_word' id='word_1_472' title='bbox 1060 4276 1211 4344; x_wconf 86' lang='grc' dir='ltr'><strong>μετὰ</strong></span> <span class='ocrx_word' id='word_1_473' title='bbox 1234 4279 1466 4346; x_wconf 82' lang='grc' dir='ltr'><strong>καρποῦ</strong></span> <span class='ocrx_word' id='word_1_474' title='bbox 1487 4281 1834 4349; x_wconf 80' lang='grc' dir='ltr'><strong>ἀκροδρύων</strong></span> <span class='ocrx_word' id='word_1_475' title='bbox 1851 4300 1867 4317; x_wconf 79' lang='grc' dir='ltr'><strong>ο</strong></span> 
     </span>
    </p>
   </div>
   <div class='ocr_carea' id='block_1_76' title="bbox 296 4357 1865 4443">
    <p class='ocr_par' dir='ltr' id='par_1_76' title="bbox 296 4357 1865 4443">
     <span class='ocr_line' id='line_1_76' title="bbox 296 4357 1865 4443; baseline 0.012 -34"><span class='ocrx_word' id='word_1_476' title='bbox 296 4357 518 4426; x_wconf 82' lang='grc' dir='ltr'><strong>νάρδος</strong></span> <span class='ocrx_word' id='word_1_477' title='bbox 569 4362 666 4416; x_wconf 80' lang='grc' dir='ltr'><strong>καὶ</strong></span> <span class='ocrx_word' id='word_1_478' title='bbox 717 4367 968 4434; x_wconf 68' lang='grc' dir='ltr'><strong>κρόκος,</strong></span> <span class='ocrx_word' id='word_1_479' title='bbox 1019 4370 1290 4436; x_wconf 80' lang='grc' dir='ltr'><strong>κάλαμος</strong></span> <span class='ocrx_word' id='word_1_480' title='bbox 1342 4372 1440 4425; x_wconf 76' lang='grc' dir='ltr'><strong>καὶ</strong></span> <span class='ocrx_word' id='word_1_481' title='bbox 1492 4373 1865 4443; x_wconf 80' lang='grc' dir='ltr'><strong>κινάμωμον,</strong></span> 
     </span>
    </p>
   </div>
   <div class='ocr_carea' id='block_1_77' title="bbox 293 4449 1862 4536">
    <p class='ocr_par' dir='ltr' id='par_1_77' title="bbox 293 4449 1862 4536">
     <span class='ocr_line' id='line_1_77' title="bbox 293 4449 1862 4536; baseline 0.016 -38"><span class='ocrx_word' id='word_1_482' title='bbox 293 4449 444 4514; x_wconf 81' lang='grc' dir='ltr'><em>μετὰ</em></span> <span class='ocrx_word' id='word_1_483' title='bbox 465 4451 708 4508; x_wconf 82' lang='grc' dir='ltr'><strong>πάντων</strong></span> <span class='ocrx_word' id='word_1_484' title='bbox 724 4457 931 4520; x_wconf 76' lang='grc' dir='ltr'><strong>ξύλων</strong></span> <span class='ocrx_word' id='word_1_485' title='bbox 950 4461 1058 4515; x_wconf 87' lang='grc' dir='ltr'><strong>τοῦ</strong></span> <span class='ocrx_word' id='word_1_486' title='bbox 1080 4463 1340 4518; x_wconf 85' lang='grc' dir='ltr'><strong>Λιϐάνου</strong></span> <span class='ocrx_word' id='word_1_487' title='bbox 1363 4481 1376 4496; x_wconf 88' lang='grc'><strong>·</strong></span> <span class='ocrx_word' id='word_1_488' title='bbox 1404 4468 1664 4535; x_wconf 83' lang='grc' dir='ltr'><strong>σμύρνα,</strong></span> <span class='ocrx_word' id='word_1_489' title='bbox 1687 4467 1862 4536; x_wconf 75' lang='grc' dir='ltr'><strong>ἀλόη,</strong></span> 
     </span>
    </p>
   </div>
   <div class='ocr_carea' id='block_1_78' title="bbox 1979 3269 3561 3341">
    <p class='ocr_par' dir='ltr' id='par_1_78' title="bbox 1979 3269 3561 3341">
     <span class='ocr_line' id='line_1_78' title="bbox 1979 3269 3561 3341; baseline -0.001 -17"><span class='ocrx_word' id='word_1_490' title='bbox 1979 3271 2161 3341; x_wconf 80' lang='lat' dir='ltr'><strong>lingua</strong></span> <span class='ocrx_word' id='word_1_491' title='bbox 2194 3280 2309 3324; x_wconf 84' lang='lat' dir='ltr'><strong>tua.</strong></span> <span class='ocrx_word' id='word_1_492' title='bbox 2347 3269 2466 3340; x_wconf 87' lang='lat' dir='ltr'><strong>Ipsa</strong></span> <span class='ocrx_word' id='word_1_493' title='bbox 2503 3270 2649 3324; x_wconf 91' lang='lat' dir='ltr'><strong>enim</strong></span> <span class='ocrx_word' id='word_1_494' title='bbox 2710 3279 2793 3324; x_wconf 89' lang='lat' dir='ltr'><strong>est</strong></span> <span class='ocrx_word' id='word_1_495' title='bbox 2827 3281 2968 3324; x_wconf 82' lang='lat' dir='ltr'><strong>terra</strong></span> <span class='ocrx_word' id='word_1_496' title='bbox 3053 3270 3216 3332; x_wconf 85' lang='lat' dir='ltr'><strong>bona,</strong></span> <span class='ocrx_word' id='word_1_497' title='bbox 3253 3286 3374 3339; x_wconf 71' lang='lat' dir='ltr'><strong>qua:</strong></span> <span class='ocrx_word' id='word_1_498' title='bbox 3438 3271 3561 3322; x_wconf 65' lang='lat' dir='ltr'><strong>vitae</strong></span> 
     </span>
    </p>
   </div>
   <div class='ocr_carea' id='block_1_79' title="bbox 1977 3361 3559 3433">
    <p class='ocr_par' dir='ltr' id='par_1_79' title="bbox 1977 3361 3559 3433">
     <span class='ocr_line' id='line_1_79' title="bbox 1977 3361 3559 3433; baseline -0.001 -17"><span class='ocrx_word' id='word_1_499' title='bbox 1977 3365 2204 3432; x_wconf 87' lang='lat' dir='ltr'><strong>spicam-</strong></span> <span class='ocrx_word' id='word_1_500' title='bbox 2239 3364 2482 3433; x_wconf 87' lang='lat' dir='ltr'><strong>protulit,</strong></span> <span class='ocrx_word' id='word_1_501' title='bbox 2516 3365 2582 3417; x_wconf 90' lang='lat' dir='ltr'><strong>de</strong></span> <span class='ocrx_word' id='word_1_502' title='bbox 2605 3378 2711 3431; x_wconf 88' lang='lat' dir='ltr'><strong>qua</strong></span> <span class='ocrx_word' id='word_1_503' title='bbox 2764 3363 2926 3426; x_wconf 87' lang='lat' dir='ltr'><strong>Deus,</strong></span> <span class='ocrx_word' id='word_1_504' title='bbox 2963 3377 3058 3431; x_wconf 89' lang='lat' dir='ltr'><strong>per</strong></span> <span class='ocrx_word' id='word_1_505' title='bbox 3109 3361 3357 3429; x_wconf 79' lang='lat' dir='ltr'><strong>figuram,</strong></span> <span class='ocrx_word' id='word_1_506' title='bbox 3391 3361 3559 3430; x_wconf 83' lang='lat' dir='ltr'><strong>Moysi</strong></span> 
     </span>
    </p>
   </div>
   <div class='ocr_carea' id='block_1_80' title="bbox 1978 3453 3560 3526">
    <p class='ocr_par' dir='ltr' id='par_1_80' title="bbox 1978 3453 3560 3526">
     <span class='ocr_line' id='line_1_80' title="bbox 1978 3453 3560 3526; baseline -0.003 -17"><span class='ocrx_word' id='word_1_507' title='bbox 1978 3457 2030 3510; x_wconf 92' lang='lat' dir='ltr'><strong>in</strong></span> <span class='ocrx_word' id='word_1_508' title='bbox 2075 3459 2187 3526; x_wconf 86' lang='lat' dir='ltr'><strong>lege</strong></span> <span class='ocrx_word' id='word_1_509' title='bbox 2217 3457 2354 3509; x_wconf 80' lang='lat' dir='ltr'><strong>dixit</strong></span> <span class='ocrx_word' id='word_1_510' title='bbox 2381 3471 2396 3505; x_wconf 92' lang='lat'><strong>:</strong></span> <span class='ocrx_word' id='word_1_511' title='bbox 2448 3453 2793 3509; x_wconf 83' lang='lat' dir='ltr'><strong>Introducam</strong></span> <span class='ocrx_word' id='word_1_512' title='bbox 2833 3470 2922 3507; x_wconf 78' lang='lat' dir='ltr'><strong>vos</strong></span> <span class='ocrx_word' id='word_1_513' title='bbox 2951 3457 3006 3506; x_wconf 91' lang='lat' dir='ltr'><strong>in</strong></span> <span class='ocrx_word' id='word_1_514' title='bbox 3041 3463 3239 3506; x_wconf 79' lang='lat' dir='ltr'><strong>terram</strong></span> <span class='ocrx_word' id='word_1_515' title='bbox 3268 3454 3478 3518; x_wconf 86' lang='lat' dir='ltr'><strong>bonam,</strong></span> <span class='ocrx_word' id='word_1_516' title='bbox 3508 3454 3560 3505; x_wconf 81' lang='lat' dir='ltr'><strong>in</strong></span> 
     </span>
    </p>
   </div>
   <div class='ocr_carea' id='block_1_81' title="bbox 1977 3542 3559 3614">
    <p class='ocr_par' dir='ltr' id='par_1_81' title="bbox 1977 3542 3559 3614">
     <span class='ocr_line' id='line_1_81' title="bbox 1977 3542 3559 3614; baseline -0.004 -14"><span class='ocrx_word' id='word_1_517' title='bbox 1977 3557 2170 3600; x_wconf 87' lang='lat' dir='ltr'><strong>terram</strong></span> <span class='ocrx_word' id='word_1_518' title='bbox 2193 3547 2444 3614; x_wconf 80' lang='lat' dir='ltr'><strong>ﬂuentem</strong></span> <span class='ocrx_word' id='word_1_519' title='bbox 2462 3545 2544 3598; x_wconf 81' lang='lat' dir='ltr'><strong>lac</strong></span> <span class='ocrx_word' id='word_1_520' title='bbox 2568 3555 2618 3598; x_wconf 85' lang='lat' dir='ltr'><strong>et</strong></span> <span class='ocrx_word' id='word_1_521' title='bbox 2634 3545 2730 3598; x_wconf 86' lang='lat' dir='ltr'><strong>mel</strong></span> <span class='ocrx_word' id='word_1_522' title='bbox 2747 3542 2963 3598; x_wconf 80' lang='lat' dir='ltr'><strong>&quot;.-—-—Et</strong></span> <span class='ocrx_word' id='word_1_523' title='bbox 2983 3544 3113 3596; x_wconf 83' lang='lat' dir='ltr'><strong>odor</strong></span> <span class='ocrx_word' id='word_1_524' title='bbox 3135 3545 3559 3595; x_wconf 82' lang='lat' dir='ltr'><strong>vestimentorum</strong></span> 
     </span>
    </p>
   </div>
   <div class='ocr_carea' id='block_1_82' title="bbox 1983 3633 3558 3702">
    <p class='ocr_par' dir='ltr' id='par_1_82' title="bbox 1983 3633 3558 3702">
     <span class='ocr_line' id='line_1_82' title="bbox 1983 3633 3558 3702; baseline -0.003 -14"><span class='ocrx_word' id='word_1_525' title='bbox 1983 3647 2221 3700; x_wconf 80' lang='lat' dir='ltr'><strong>tuorum,</strong></span> <span class='ocrx_word' id='word_1_526' title='bbox 2251 3639 2388 3689; x_wconf 84' lang='lat' dir='ltr'><strong>sicut</strong></span> <span class='ocrx_word' id='word_1_527' title='bbox 2421 3636 2554 3690; x_wconf 86' lang='lat' dir='ltr'><strong>odor</strong></span> <span class='ocrx_word' id='word_1_528' title='bbox 2605 3636 2798 3689; x_wconf 80' lang='lat' dir='ltr'><strong>thuris.</strong></span> <span class='ocrx_word' id='word_1_529' title='bbox 2841 3633 3008 3688; x_wconf 86' lang='lat' dir='ltr'><strong>Paulo</strong></span> <span class='ocrx_word' id='word_1_530' title='bbox 3035 3634 3252 3702; x_wconf 83' lang='lat' dir='ltr'><strong>quidem</strong></span> <span class='ocrx_word' id='word_1_531' title='bbox 3285 3641 3430 3695; x_wconf 77' lang='lat' dir='ltr'><strong>ante,</strong></span> <span class='ocrx_word' id='word_1_532' title='bbox 3463 3650 3558 3684; x_wconf 81' lang='lat' dir='ltr'><strong>su-</strong></span> 
     </span>
    </p>
   </div>
   <div class='ocr_carea' id='block_1_83' title="bbox 1977 3723 3561 3794">
    <p class='ocr_par' dir='ltr' id='par_1_83' title="bbox 1977 3723 3561 3794">
     <span class='ocr_line' id='line_1_83' title="bbox 1977 3723 3561 3794; baseline -0.002 -16"><span class='ocrx_word' id='word_1_533' title='bbox 1977 3742 2068 3793; x_wconf 85' lang='lat' dir='ltr'><strong>per</strong></span> <span class='ocrx_word' id='word_1_534' title='bbox 2108 3726 2309 3788; x_wconf 87' lang='lat' dir='ltr'><strong>omnia,</strong></span> <span class='ocrx_word' id='word_1_535' title='bbox 2344 3725 2544 3794; x_wconf 87' lang='lat' dir='ltr'><strong>posuit.</strong></span> <span class='ocrx_word' id='word_1_536' title='bbox 2571 3735 2862 3790; x_wconf 84' lang='lat' dir='ltr'><strong>aromata;</strong></span> <span class='ocrx_word' id='word_1_537' title='bbox 2900 3723 2988 3777; x_wconf 89' lang='lat' dir='ltr'><strong>hic</strong></span> <span class='ocrx_word' id='word_1_538' title='bbox 3025 3731 3233 3785; x_wconf 84' lang='lat' dir='ltr'><strong>autem,</strong></span> <span class='ocrx_word' id='word_1_539' title='bbox 3264 3723 3398 3776; x_wconf 86' lang='lat' dir='ltr'><strong>sicut</strong></span> <span class='ocrx_word' id='word_1_540' title='bbox 3431 3725 3561 3775; x_wconf 81' lang='lat' dir='ltr'><strong>odor</strong></span> 
     </span>
    </p>
   </div>
   <div class='ocr_carea' id='block_1_84' title="bbox 1977 3813 3552 3886">
    <p class='ocr_par' dir='ltr' id='par_1_84' title="bbox 1977 3813 3552 3886">
     <span class='ocr_line' id='line_1_84' title="bbox 1977 3813 3552 3886; baseline -0.001 -17"><span class='ocrx_word' id='word_1_541' title='bbox 1977 3817 2170 3881; x_wconf 80' lang='lat' dir='ltr'><strong>thuris,</strong></span> <span class='ocrx_word' id='word_1_542' title='bbox 2203 3824 2263 3870; x_wconf 91' lang='lat' dir='ltr'><strong>ut</strong></span> <span class='ocrx_word' id='word_1_543' title='bbox 2299 3815 2354 3869; x_wconf 87' lang='lat' dir='ltr'><strong>in</strong></span> <span class='ocrx_word' id='word_1_544' title='bbox 2385 3817 2499 3884; x_wconf 85' lang='lat' dir='ltr'><strong>ipsa</strong></span> <span class='ocrx_word' id='word_1_545' title='bbox 2534 3816 2704 3870; x_wconf 83' lang='lat' dir='ltr'><strong>multo</strong></span> <span class='ocrx_word' id='word_1_546' title='bbox 2732 3817 2904 3886; x_wconf 85' lang='lat' dir='ltr'><strong>magis</strong></span> <span class='ocrx_word' id='word_1_547' title='bbox 2932 3813 3252 3870; x_wconf 78' lang='lat' dir='ltr'><strong>deiformem</strong></span> <span class='ocrx_word' id='word_1_548' title='bbox 3280 3816 3552 3868; x_wconf 77' lang='lat' dir='ltr'><strong>habitasse</strong></span> 
     </span>
    </p>
   </div>
   <div class='ocr_carea' id='block_1_85' title="bbox 1976 3907 2910 3975">
    <p class='ocr_par' dir='ltr' id='par_1_85' title="bbox 1976 3907 2910 3975">
     <span class='ocr_line' id='line_1_85' title="bbox 1976 3907 2910 3975; baseline 0.005 -17"><span class='ocrx_word' id='word_1_549' title='bbox 1976 3908 2203 3975; x_wconf 85' lang='lat' dir='ltr'><strong>gratiam</strong></span> <span class='ocrx_word' id='word_1_550' title='bbox 2242 3907 2446 3963; x_wconf 79' lang='lat' dir='ltr'><strong>clarius</strong></span> <span class='ocrx_word' id='word_1_551' title='bbox 2476 3907 2910 3963; x_wconf 83' lang='lat' dir='ltr'><strong>demonstraret.</strong></span> 
     </span>
    </p>
   </div>
   <div class='ocr_carea' id='block_1_86' title="bbox 2663 3999 2870 4057">
    <p class='ocr_par' dir='ltr' id='par_1_86' title="bbox 2663 3999 2870 4057">
     <span class='ocr_line' id='line_1_86' title="bbox 2663 3999 2870 4057; baseline 0.014 -3"><span class='ocrx_word' id='word_1_552' title='bbox 2663 3999 2870 4057; x_wconf 79' lang='lat' dir='ltr'><strong>CANT.</strong></span> 
     </span>
    </p>
   </div>
   <div class='ocr_carea' id='block_1_87' title="bbox 2054 4092 3558 4159">
    <p class='ocr_par' dir='ltr' id='par_1_87' title="bbox 2054 4092 3558 4159">
     <span class='ocr_line' id='line_1_87' title="bbox 2054 4092 3558 4159; baseline -0.003 -13"><span class='ocrx_word' id='word_1_553' title='bbox 2054 4093 2242 4149; x_wconf 66' lang='lat'><strong>12-15.</strong></span> <span class='ocrx_word' id='word_1_554' title='bbox 2279 4093 2482 4148; x_wconf 72' lang='lat' dir='ltr'><strong>Hortus</strong></span> <span class='ocrx_word' id='word_1_555' title='bbox 2510 4092 2788 4148; x_wconf 86' lang='lat' dir='ltr'><strong>conclusus</strong></span> <span class='ocrx_word' id='word_1_556' title='bbox 2816 4108 3098 4146; x_wconf 85' lang='lat' dir='ltr'><strong>sorormea</strong></span> <span class='ocrx_word' id='word_1_557' title='bbox 3117 4103 3345 4159; x_wconf 71' lang='lat' dir='ltr'><strong>sponsa:</strong></span> <span class='ocrx_word' id='word_1_558' title='bbox 3375 4095 3558 4143; x_wconf 82' lang='lat' dir='ltr'><strong>hortus</strong></span> 
     </span>
    </p>
   </div>
   <div class='ocr_carea' id='block_1_88' title="bbox 1974 4185 3564 4257">
    <p class='ocr_par' dir='ltr' id='par_1_88' title="bbox 1974 4185 3564 4257">
     <span class='ocr_line' id='line_1_88' title="bbox 1974 4185 3564 4257; baseline -0.003 -19"><span class='ocrx_word' id='word_1_559' title='bbox 1974 4185 2274 4248; x_wconf 86' lang='lat' dir='ltr'><strong>conclusus,</strong></span> <span class='ocrx_word' id='word_1_560' title='bbox 2307 4185 2426 4254; x_wconf 84' lang='lat' dir='ltr'><strong>fons</strong></span> <span class='ocrx_word' id='word_1_561' title='bbox 2509 4185 2774 4257; x_wconf 80' lang='lat' dir='ltr'><strong>signatus.</strong></span> <span class='ocrx_word' id='word_1_562' title='bbox 2849 4185 3171 4238; x_wconf 82' lang='lat' dir='ltr'><strong>Emissiones</strong></span> <span class='ocrx_word' id='word_1_563' title='bbox 3241 4193 3346 4237; x_wconf 70' lang='lat' dir='ltr'><strong>tua:</strong></span> <span class='ocrx_word' id='word_1_564' title='bbox 3399 4195 3564 4249; x_wconf 59' lang='lat' dir='ltr'><strong>para:</strong></span> 
     </span>
    </p>
   </div>
   <div class='ocr_carea' id='block_1_89' title="bbox 1971 4274 3557 4344">
    <p class='ocr_par' dir='ltr' id='par_1_89' title="bbox 1971 4274 3557 4344">
     <span class='ocr_line' id='line_1_89' title="bbox 1971 4274 3557 4344; baseline -0.001 -14"><span class='ocrx_word' id='word_1_565' title='bbox 1971 4279 2138 4342; x_wconf 81' lang='lat' dir='ltr'><strong>disus,</strong></span> <span class='ocrx_word' id='word_1_566' title='bbox 2200 4292 2316 4329; x_wconf 89' lang='lat' dir='ltr'><strong>cum</strong></span> <span class='ocrx_word' id='word_1_567' title='bbox 2370 4277 2548 4344; x_wconf 80' lang='lat' dir='ltr'><strong>fructu</strong></span> <span class='ocrx_word' id='word_1_568' title='bbox 2605 4292 2818 4332; x_wconf 82' lang='lat' dir='ltr'><strong>nucum.</strong></span> <span class='ocrx_word' id='word_1_569' title='bbox 2868 4274 3088 4328; x_wconf 82' lang='lat' dir='ltr'><strong>Nardus</strong></span> <span class='ocrx_word' id='word_1_570' title='bbox 3124 4285 3172 4328; x_wconf 87' lang='lat' dir='ltr'><strong>et</strong></span> <span class='ocrx_word' id='word_1_571' title='bbox 3225 4291 3427 4336; x_wconf 83' lang='lat' dir='ltr'><strong>crocus,</strong></span> <span class='ocrx_word' id='word_1_572' title='bbox 3489 4278 3557 4341; x_wconf 83' lang='lat' dir='ltr'><strong>ﬁ-</strong></span> 
     </span>
    </p>
   </div>
   <div class='ocr_carea' id='block_1_90' title="bbox 1971 4366 3553 4435">
    <p class='ocr_par' dir='ltr' id='par_1_90' title="bbox 1971 4366 3553 4435">
     <span class='ocr_line' id='line_1_90' title="bbox 1971 4366 3553 4435; baseline -0.003 -11"><span class='ocrx_word' id='word_1_573' title='bbox 1971 4373 2110 4424; x_wconf 86' lang='lat' dir='ltr'><strong>stula</strong></span> <span class='ocrx_word' id='word_1_574' title='bbox 2147 4379 2194 4423; x_wconf 82' lang='lat' dir='ltr'><strong>et</strong></span> <span class='ocrx_word' id='word_1_575' title='bbox 2240 4371 2654 4433; x_wconf 87' lang='lat' dir='ltr'><strong>cinnamomum,</strong></span> <span class='ocrx_word' id='word_1_576' title='bbox 2682 4383 2802 4421; x_wconf 88' lang='lat' dir='ltr'><strong>cum</strong></span> <span class='ocrx_word' id='word_1_577' title='bbox 2865 4368 3105 4421; x_wconf 88' lang='lat' dir='ltr'><strong>omnibus</strong></span> <span class='ocrx_word' id='word_1_578' title='bbox 3136 4367 3292 4435; x_wconf 85' lang='lat' dir='ltr'><strong>lignis</strong></span> <span class='ocrx_word' id='word_1_579' title='bbox 3323 4366 3553 4432; x_wconf 81' lang='lat' dir='ltr'><strong>Libani;</strong></span> 
     </span>
    </p>
   </div>
   <div class='ocr_carea' id='block_1_91' title="bbox 1971 4455 3551 4533">
    <p class='ocr_par' dir='ltr' id='par_1_91' title="bbox 1971 4455 3551 4533">
     <span class='ocr_line' id='line_1_91' title="bbox 1971 4455 3551 4533; baseline -0.004 -17"><span class='ocrx_word' id='word_1_580' title='bbox 1971 4462 2204 4533; x_wconf 77' lang='lat' dir='ltr'><strong>myrrha,</strong></span> <span class='ocrx_word' id='word_1_581' title='bbox 2254 4465 2368 4514; x_wconf 85' lang='lat' dir='ltr'><strong>aloe</strong></span> <span class='ocrx_word' id='word_1_582' title='bbox 2422 4475 2540 4513; x_wconf 85' lang='lat' dir='ltr'><strong>cum</strong></span> <span class='ocrx_word' id='word_1_583' title='bbox 2594 4459 2832 4514; x_wconf 88' lang='lat' dir='ltr'><strong>omnibus</strong></span> <span class='ocrx_word' id='word_1_584' title='bbox 2867 4457 3051 4526; x_wconf 84' lang='lat' dir='ltr'><strong>primis</strong></span> <span class='ocrx_word' id='word_1_585' title='bbox 3073 4458 3376 4526; x_wconf 78' lang='lat' dir='ltr'><strong>unguentis.</strong></span> <span class='ocrx_word' id='word_1_586' title='bbox 3408 4455 3551 4509; x_wconf 83' lang='lat' dir='ltr'><strong>Fons</strong></span> 
     </span>
    </p>
   </div>
   <div class='ocr_carea' id='block_1_92' title="bbox 294 4539 1870 4627">
    <p class='ocr_par' dir='ltr' id='par_1_92' title="bbox 294 4539 1865 4627">
     <span class='ocr_line' id='line_1_92' title="bbox 294 4539 1865 4627; baseline 0.019 -39"><span class='ocrx_word' id='word_1_587' title='bbox 294 4539 443 4615; x_wconf 79' lang='grc' dir='ltr'><strong>μετὰ</strong></span> <span class='ocrx_word' id='word_1_588' title='bbox 463 4540 705 4597; x_wconf 77' lang='grc' dir='ltr'><strong>πάντων</strong></span> <span class='ocrx_word' id='word_1_589' title='bbox 724 4547 967 4613; x_wconf 85' lang='grc' dir='ltr'><strong>πρώτων</strong></span> <span class='ocrx_word' id='word_1_590' title='bbox 982 4554 1205 4621; x_wconf 79' lang='grc' dir='ltr'><strong>μύρων.</strong></span> <span class='ocrx_word' id='word_1_591' title='bbox 1233 4556 1402 4625; x_wconf 66' lang='lat' dir='ltr'><strong>lim-i1</strong></span> <span class='ocrx_word' id='word_1_592' title='bbox 1418 4558 1655 4624; x_wconf 63' lang='grc' dir='ltr'><strong>κήπων.</strong></span> <span class='ocrx_word' id='word_1_593' title='bbox 1678 4559 1865 4627; x_wconf 64' lang='grc' dir='ltr'><strong>φρέαρ</strong></span> 
     </span>
    </p>
   </div>
   <div class='ocr_carea' id='block_1_93' title="bbox 1979 4539 3555 4627">
    <p class='ocr_par' dir='ltr' id='par_1_93' title="bbox 1979 4547 3555 4622">
     <span class='ocr_line' id='line_1_93' title="bbox 1979 4547 3555 4622; baseline -0.004 -14"><span class='ocrx_word' id='word_1_594' title='bbox 1979 4557 2267 4617; x_wconf 77' lang='lat' dir='ltr'><strong>hortorum,</strong></span> <span class='ocrx_word' id='word_1_595' title='bbox 2288 4563 2474 4622; x_wconf 79' lang='lat' dir='ltr'><strong>puteus</strong></span> <span class='ocrx_word' id='word_1_596' title='bbox 2522 4567 2673 4622; x_wconf 70' lang='lat' dir='ltr'><strong>aqum</strong></span> <span class='ocrx_word' id='word_1_597' title='bbox 2703 4553 2941 4615; x_wconf 74' lang='lat' dir='ltr'><strong>viventis,</strong></span> <span class='ocrx_word' id='word_1_598' title='bbox 2969 4560 3018 4606; x_wconf 85' lang='lat' dir='ltr'><strong>et</strong></span> <span class='ocrx_word' id='word_1_599' title='bbox 3040 4551 3254 4619; x_wconf 80' lang='lat' dir='ltr'><strong>ﬂuentis</strong></span> <span class='ocrx_word' id='word_1_600' title='bbox 3274 4567 3304 4602; x_wconf 91' lang='lat' dir='ltr'><strong>a</strong></span> <span class='ocrx_word' id='word_1_601' title='bbox 3330 4547 3555 4602; x_wconf 79' lang='lat' dir='ltr'><strong>Libano.</strong></span> 
     </span>
    </p>
   </div>
   <div class='ocr_carea' id='block_1_94' title="bbox 299 4629 1860 4712">
    <p class='ocr_par' dir='ltr' id='par_1_94' title="bbox 299 4629 1860 4712">
     <span class='ocr_line' id='line_1_94' title="bbox 299 4629 1860 4712; baseline 0.016 -31"><span class='ocrx_word' id='word_1_602' title='bbox 299 4629 516 4699; x_wconf 83' lang='grc' dir='ltr'><strong>ὕδατος</strong></span> <span class='ocrx_word' id='word_1_603' title='bbox 546 4633 782 4704; x_wconf 84' lang='grc' dir='ltr'><strong>ζῶντος,</strong></span> <span class='ocrx_word' id='word_1_604' title='bbox 811 4644 910 4694; x_wconf 77' lang='grc' dir='ltr'><strong>καὶ</strong></span> <span class='ocrx_word' id='word_1_605' title='bbox 934 4643 1275 4712; x_wconf 80' lang='grc' dir='ltr'><strong>ροιζοῦντος</strong></span> <span class='ocrx_word' id='word_1_606' title='bbox 1301 4649 1420 4702; x_wconf 84' lang='grc' dir='ltr'><strong>ἀπὸ</strong></span> <span class='ocrx_word' id='word_1_607' title='bbox 1446 4639 1551 4703; x_wconf 82' lang='grc' dir='ltr'><strong>τοῦ</strong></span> <span class='ocrx_word' id='word_1_608' title='bbox 1580 4651 1860 4706; x_wconf 83' lang='grc' dir='ltr'><strong>Λιϐάνου.</strong></span> 
     </span>
    </p>
   </div>
   <div class='ocr_carea' id='block_1_95' title="bbox 944 4735 1215 4790">
    <p class='ocr_par' dir='ltr' id='par_1_95' title="bbox 944 4735 1215 4790">
     <span class='ocr_line' id='line_1_95' title="bbox 944 4735 1215 4790; baseline 0.015 -5"><span class='ocrx_word' id='word_1_609' title='bbox 944 4735 1215 4790; x_wconf 81' lang='grc' dir='ltr'><strong>ΣΧΟΛΙΛ.</strong></span> 
     </span>
    </p>
   </div>
   <div class='ocr_carea' id='block_1_96' title="bbox 380 4816 1870 4906">
    <p class='ocr_par' dir='ltr' id='par_1_96' title="bbox 380 4816 1870 4906">
     <span class='ocr_line' id='line_1_96' title="bbox 380 4816 1870 4906; baseline 0.013 -38"><span class='ocrx_word' id='word_1_610' title='bbox 380 4816 443 4869; x_wconf 85' lang='grc' dir='ltr'><strong>Ἦ</strong></span> <span class='ocrx_word' id='word_1_611' title='bbox 500 4817 772 4887; x_wconf 82' lang='grc' dir='ltr'><strong>Παρθένος</strong></span> <span class='ocrx_word' id='word_1_612' title='bbox 827 4824 1000 4892; x_wconf 80' lang='grc' dir='ltr'><strong>κῆπος</strong></span> <span class='ocrx_word' id='word_1_613' title='bbox 1054 4829 1438 4898; x_wconf 79' lang='grc' dir='ltr'><strong>κεκλεισμένος</strong></span> <span class='ocrx_word' id='word_1_614' title='bbox 1487 4831 1565 4900; x_wconf 82' lang='grc' dir='ltr'><strong>τῷ</strong></span> <span class='ocrx_word' id='word_1_615' title='bbox 1614 4835 1870 4906; x_wconf 74' lang='grc' dir='ltr'><strong>προφήτῃ</strong></span> 
     </span>
    </p>
   </div>
   <div class='ocr_carea' id='block_1_97' title="bbox 300 4912 1869 4993">
    <p class='ocr_par' dir='ltr' id='par_1_97' title="bbox 300 4912 1869 4993">
     <span class='ocr_line' id='line_1_97' title="bbox 300 4912 1869 4993; baseline 0.013 -37"><span class='ocrx_word' id='word_1_616' title='bbox 300 4912 764 4979; x_wconf 83' lang='grc' dir='ltr'><strong>προσηγόρευται.</strong></span> <span class='ocrx_word' id='word_1_617' title='bbox 808 4915 982 4969; x_wconf 81' lang='grc' dir='ltr'><strong>Ὶόὕτο</strong></span> <span class='ocrx_word' id='word_1_618' title='bbox 1017 4919 1116 4981; x_wconf 84' lang='grc' dir='ltr'><strong>μὲν</strong></span> <span class='ocrx_word' id='word_1_619' title='bbox 1139 4957 1154 4980; x_wconf 92' lang='grc'><strong>,</strong></span> <span class='ocrx_word' id='word_1_620' title='bbox 1187 4920 1262 4981; x_wconf 86' lang='grc' dir='ltr'><strong>ὼς</strong></span> <span class='ocrx_word' id='word_1_621' title='bbox 1291 4922 1352 4972; x_wconf 77' lang='grc' dir='ltr'><strong>τὸ</strong></span> <span class='ocrx_word' id='word_1_622' title='bbox 1387 4923 1556 4992; x_wconf 83' lang='grc' dir='ltr'><strong>μῆλον</strong></span> <span class='ocrx_word' id='word_1_623' title='bbox 1587 4925 1869 4993; x_wconf 74' lang='grc' dir='ltr'><strong>ἀνθήσασα</strong></span> 
     </span>
    </p>
   </div>
   <div class='ocr_carea' id='block_1_98' title="bbox 297 5002 1871 5084">
    <p class='ocr_par' dir='ltr' id='par_1_98' title="bbox 297 5002 1871 5084">
     <span class='ocr_line' id='line_1_98' title="bbox 297 5002 1871 5084; baseline 0.008 -30"><span class='ocrx_word' id='word_1_624' title='bbox 297 5002 397 5070; x_wconf 84' lang='grc' dir='ltr'><strong>τῆς</strong></span> <span class='ocrx_word' id='word_1_625' title='bbox 430 5003 574 5073; x_wconf 77' lang='grc' dir='ltr'><strong>ζωῆς</strong></span> <span class='ocrx_word' id='word_1_626' title='bbox 597 5045 612 5070; x_wconf 92' lang='grc'><strong>,</strong></span> <span class='ocrx_word' id='word_1_627' title='bbox 641 5004 735 5058; x_wconf 84' lang='grc' dir='ltr'><strong>τὸν</strong></span> <span class='ocrx_word' id='word_1_628' title='bbox 779 5007 1016 5075; x_wconf 83' lang='grc' dir='ltr'><strong>Χριστόν</strong></span> <span class='ocrx_word' id='word_1_629' title='bbox 1040 5025 1056 5041; x_wconf 76' lang='grc' dir='ltr'><strong><em>ο</em></strong></span> <span class='ocrx_word' id='word_1_630' title='bbox 1084 5011 1244 5064; x_wconf 85' lang='grc' dir='ltr'><strong>τοῦτο</strong></span> <span class='ocrx_word' id='word_1_631' title='bbox 1274 5011 1329 5065; x_wconf 79' lang='grc' dir='ltr'><strong>δὲ</strong></span> <span class='ocrx_word' id='word_1_632' title='bbox 1349 5054 1362 5078; x_wconf 90' lang='grc'><strong>,</strong></span> <span class='ocrx_word' id='word_1_633' title='bbox 1398 5014 1488 5064; x_wconf 74' lang='grc' dir='ltr'><strong>καὶ</strong></span> <span class='ocrx_word' id='word_1_634' title='bbox 1520 5013 1609 5065; x_wconf 73' lang='grc' dir='ltr'><strong>διὰ</strong></span> <span class='ocrx_word' id='word_1_635' title='bbox 1637 5019 1698 5067; x_wconf 84' lang='grc' dir='ltr'><strong>τὸ</strong></span> <span class='ocrx_word' id='word_1_636' title='bbox 1733 5015 1871 5084; x_wconf 78' lang='grc' dir='ltr'><strong>μετὰ</strong></span> 
     </span>
    </p>
   </div>
   <div class='ocr_carea' id='block_1_99' title="bbox 296 5094 1876 5172">
    <p class='ocr_par' dir='ltr' id='par_1_99' title="bbox 296 5094 1876 5172">
     <span class='ocr_line' id='line_1_99' title="bbox 296 5094 1876 5172; baseline 0.008 -27"><span class='ocrx_word' id='word_1_637' title='bbox 296 5094 356 5146; x_wconf 77' lang='grc' dir='ltr'><strong>τὺ</strong></span> <span class='ocrx_word' id='word_1_638' title='bbox 389 5096 592 5162; x_wconf 81' lang='grc' dir='ltr'><strong>τεκεῖν,</strong></span> <span class='ocrx_word' id='word_1_639' title='bbox 631 5097 791 5151; x_wconf 85' lang='grc' dir='ltr'><strong>πάλιν</strong></span> <span class='ocrx_word' id='word_1_640' title='bbox 823 5099 958 5154; x_wconf 80' lang='grc' dir='ltr'><strong>οὖσα</strong></span> <span class='ocrx_word' id='word_1_641' title='bbox 997 5102 1289 5171; x_wconf 80' lang='grc' dir='ltr'><strong>παρθένος.</strong></span> <span class='ocrx_word' id='word_1_642' title='bbox 1323 5104 1414 5168; x_wconf 77' lang='grc' dir='ltr'><strong>Δὶς</strong></span> <span class='ocrx_word' id='word_1_643' title='bbox 1443 5105 1499 5158; x_wconf 83' lang='grc' dir='ltr'><strong>δὲ</strong></span> <span class='ocrx_word' id='word_1_644' title='bbox 1528 5105 1684 5158; x_wconf 82' lang='grc' dir='ltr'><strong>τοῦτο</strong></span> <span class='ocrx_word' id='word_1_645' title='bbox 1715 5105 1876 5172; x_wconf 61' lang='grc' dir='ltr'><strong>ὲκφέι</strong></span> 
     </span>
    </p>
   </div>
   <div class='ocr_carea' id='block_1_100' title="bbox 300 5187 1874 5266">
    <p class='ocr_par' dir='ltr' id='par_1_100' title="bbox 300 5187 1874 5266">
     <span class='ocr_line' id='line_1_100' title="bbox 300 5187 1874 5266; baseline 0.009 -29"><span class='ocrx_word' id='word_1_646' title='bbox 300 5203 383 5255; x_wconf 81' lang='grc' dir='ltr'><strong>ρει</strong></span> <span class='ocrx_word' id='word_1_647' title='bbox 404 5227 416 5247; x_wconf 89' lang='grc'><strong>,</strong></span> <span class='ocrx_word' id='word_1_648' title='bbox 453 5187 541 5240; x_wconf 76' lang='grc' dir='ltr'><strong>διὰ</strong></span> <span class='ocrx_word' id='word_1_649' title='bbox 571 5189 633 5240; x_wconf 82' lang='grc' dir='ltr'><strong>τὸ</strong></span> <span class='ocrx_word' id='word_1_650' title='bbox 678 5190 776 5260; x_wconf 84' lang='grc' dir='ltr'><strong>τῆς</strong></span> <span class='ocrx_word' id='word_1_651' title='bbox 839 5191 982 5261; x_wconf 82' lang='grc' dir='ltr'><strong>ᾠδῆς</strong></span> <span class='ocrx_word' id='word_1_652' title='bbox 1016 5195 1359 5264; x_wconf 82' lang='grc' dir='ltr'><strong>ἐναρμόνιον.</strong></span> <span class='ocrx_word' id='word_1_653' title='bbox 1393 5196 1559 5264; x_wconf 74' lang='grc' dir='ltr'><strong>Πηγὴ</strong></span> <span class='ocrx_word' id='word_1_654' title='bbox 1592 5198 1874 5266; x_wconf 73' lang='grc' dir='ltr'><strong>ἐσφραγι-</strong></span> 
     </span>
    </p>
   </div>
   <div class='ocr_carea' id='block_1_101' title="bbox 298 5278 1871 5357">
    <p class='ocr_par' dir='ltr' id='par_1_101' title="bbox 298 5278 1871 5357">
     <span class='ocr_line' id='line_1_101' title="bbox 298 5278 1871 5357; baseline 0.009 -29"><span class='ocrx_word' id='word_1_655' title='bbox 298 5278 529 5346; x_wconf 80' lang='grc' dir='ltr'><strong>σμένη·</strong></span> <span class='ocrx_word' id='word_1_656' title='bbox 568 5280 816 5350; x_wconf 78' lang='grc' dir='ltr'><strong>βρύσασα</strong></span> <span class='ocrx_word' id='word_1_657' title='bbox 859 5284 960 5349; x_wconf 78' lang='grc' dir='ltr'><strong>μὲν</strong></span> <span class='ocrx_word' id='word_1_658' title='bbox 991 5285 1052 5337; x_wconf 83' lang='grc' dir='ltr'><strong>τὸ</strong></span> <span class='ocrx_word' id='word_1_659' title='bbox 1097 5285 1239 5356; x_wconf 77' lang='grc' dir='ltr'><strong>ὕδωρ</strong></span> <span class='ocrx_word' id='word_1_660' title='bbox 1275 5288 1372 5357; x_wconf 81' lang='grc' dir='ltr'><strong>τῆς</strong></span> <span class='ocrx_word' id='word_1_661' title='bbox 1415 5289 1758 5353; x_wconf 73' lang='grc' dir='ltr'><strong>ἀθανασίας,</strong></span> <span class='ocrx_word' id='word_1_662' title='bbox 1793 5289 1871 5351; x_wconf 86' lang='grc' dir='ltr'><strong>ὡς</strong></span> 
     </span>
    </p>
   </div>
   <div class='ocr_carea' id='block_1_102' title="bbox 300 5371 1864 5448">
    <p class='ocr_par' dir='ltr' id='par_1_102' title="bbox 300 5371 1864 5448">
     <span class='ocr_line' id='line_1_102' title="bbox 300 5371 1864 5448; baseline 0.009 -28"><span class='ocrx_word' id='word_1_663' title='bbox 300 5371 390 5420; x_wconf 71' lang='grc' dir='ltr'><strong>καὶ</strong></span> <span class='ocrx_word' id='word_1_664' title='bbox 420 5373 447 5424; x_wconf 85' lang='grc' dir='ltr'><strong>ὁ</strong></span> <span class='ocrx_word' id='word_1_665' title='bbox 477 5373 668 5442; x_wconf 80' lang='grc' dir='ltr'><strong>Σωτὴρ</strong></span> <span class='ocrx_word' id='word_1_666' title='bbox 702 5373 927 5445; x_wconf 72' lang='grc' dir='ltr'><strong>εἴρηκεν</strong></span> <span class='ocrx_word' id='word_1_667' title='bbox 950 5393 965 5408; x_wconf 80' lang='grc'><strong><em>⁸</em></strong></span> <span class='ocrx_word' id='word_1_668' title='bbox 1004 5377 1154 5446; x_wconf 80' lang='grc' dir='ltr'><strong>Ἐγώ</strong></span> <span class='ocrx_word' id='word_1_669' title='bbox 1182 5381 1302 5448; x_wconf 78' lang='grc' dir='ltr'><strong>ειμι</strong></span> <span class='ocrx_word' id='word_1_670' title='bbox 1333 5380 1399 5433; x_wconf 83' lang='grc' dir='ltr'><strong>τὸ</strong></span> <span class='ocrx_word' id='word_1_671' title='bbox 1433 5380 1585 5448; x_wconf 78' lang='grc' dir='ltr'><strong>ὕδωρ</strong></span> <span class='ocrx_word' id='word_1_672' title='bbox 1616 5381 1679 5434; x_wconf 85' lang='grc' dir='ltr'><strong>τὸ</strong></span> <span class='ocrx_word' id='word_1_673' title='bbox 1713 5379 1825 5442; x_wconf 78' lang='grc' dir='ltr'><strong>ζῶν</strong></span> <span class='ocrx_word' id='word_1_674' title='bbox 1848 5398 1864 5413; x_wconf 76' lang='grc' dir='ltr'><strong>ο</strong></span> 
     </span>
    </p>
   </div>
   <div class='ocr_carea' id='block_1_103' title="bbox 301 5457 1865 5542">
    <p class='ocr_par' dir='ltr' id='par_1_103' title="bbox 301 5457 1865 5542">
     <span class='ocr_line' id='line_1_103' title="bbox 301 5457 1865 5542; baseline 0.012 -34"><span class='ocrx_word' id='word_1_675' title='bbox 301 5457 392 5509; x_wconf 82' lang='grc' dir='ltr'><strong>καὶ</strong></span> <span class='ocrx_word' id='word_1_676' title='bbox 430 5459 656 5524; x_wconf 78' lang='grc' dir='ltr'><strong>Ἡσαΐας</strong></span> <span class='ocrx_word' id='word_1_677' title='bbox 692 5467 1065 5537; x_wconf 78' lang='grc' dir='ltr'><strong>προεκήρυξεν</strong></span> <span class='ocrx_word' id='word_1_678' title='bbox 1091 5486 1105 5499; x_wconf 74' lang='grc' dir='ltr'><strong><em>ο</em></strong></span> <span class='ocrx_word' id='word_1_679' title='bbox 1149 5470 1513 5538; x_wconf 76' lang='grc' dir='ltr'><strong>Ἀντλήσατε</strong></span> <span class='ocrx_word' id='word_1_680' title='bbox 1548 5471 1706 5542; x_wconf 83' lang='grc' dir='ltr'><strong>ὕδωρ</strong></span> <span class='ocrx_word' id='word_1_681' title='bbox 1735 5474 1865 5542; x_wconf 88' lang='grc' dir='ltr'><strong>μετ’</strong></span> 
     </span>
    </p>
   </div>
   <div class='ocr_carea' id='block_1_104' title="bbox 301 5550 1867 5634">
    <p class='ocr_par' dir='ltr' id='par_1_104' title="bbox 301 5550 1867 5634">
     <span class='ocr_line' id='line_1_104' title="bbox 301 5550 1867 5634; baseline 0.013 -35"><span class='ocrx_word' id='word_1_682' title='bbox 301 5550 682 5622; x_wconf 71' lang='grc' dir='ltr'><strong>εὐφροσύνης</strong></span> <span class='ocrx_word' id='word_1_683' title='bbox 721 5557 789 5612; x_wconf 83' lang='grc' dir='ltr'><strong><em>ἐκ</em></strong></span> <span class='ocrx_word' id='word_1_684' title='bbox 824 5558 944 5613; x_wconf 85' lang='grc' dir='ltr'><strong>τῶν</strong></span> <span class='ocrx_word' id='word_1_685' title='bbox 978 5561 1188 5630; x_wconf 80' lang='grc' dir='ltr'><strong>πηγῶν</strong></span> <span class='ocrx_word' id='word_1_686' title='bbox 1221 5563 1328 5617; x_wconf 88' lang='grc' dir='ltr'><strong>τοῦ</strong></span> <span class='ocrx_word' id='word_1_687' title='bbox 1369 5555 1670 5631; x_wconf 82' lang='grc' dir='ltr'><strong>σωτηρίου</strong></span> <span class='ocrx_word' id='word_1_688' title='bbox 1692 5581 1705 5594; x_wconf 93' lang='grc'><strong>·</strong></span> <span class='ocrx_word' id='word_1_689' title='bbox 1747 5565 1867 5634; x_wconf 84' lang='grc' dir='ltr'><strong>μεί-</strong></span> 
     </span>
    </p>
   </div>
   <div class='ocr_carea' id='block_1_105' title="bbox 300 5642 1867 5723">
    <p class='ocr_par' dir='ltr' id='par_1_105' title="bbox 300 5642 1867 5723">
     <span class='ocr_line' id='line_1_105' title="bbox 300 5642 1867 5723; baseline 0.01 -28"><span class='ocrx_word' id='word_1_690' title='bbox 300 5657 438 5695; x_wconf 84' lang='grc' dir='ltr'><strong>νασα</strong></span> <span class='ocrx_word' id='word_1_691' title='bbox 474 5642 530 5695; x_wconf 86' lang='grc' dir='ltr'><strong>δὲ</strong></span> <span class='ocrx_word' id='word_1_692' title='bbox 569 5648 848 5715; x_wconf 49' lang='grc' dir='ltr'><strong>καὶλαῦθις</strong></span> <span class='ocrx_word' id='word_1_693' title='bbox 883 5653 1171 5723; x_wconf 80' lang='grc' dir='ltr'><strong>παρθένος.</strong></span> <span class='ocrx_word' id='word_1_694' title='bbox 1214 5654 1570 5710; x_wconf 78' lang='grc' dir='ltr'><strong>Ἀποστολαί</strong></span> <span class='ocrx_word' id='word_1_695' title='bbox 1602 5672 1719 5711; x_wconf 89' lang='grc' dir='ltr'><strong>σου</strong></span> <span class='ocrx_word' id='word_1_696' title='bbox 1755 5673 1867 5710; x_wconf 81' lang='grc' dir='ltr'><strong>πα-</strong></span> 
     </span>
    </p>
   </div>
   <div class='ocr_carea' id='block_1_106' title="bbox 374 5814 1444 5892">
    <p class='ocr_par' dir='ltr' id='par_1_106' title="bbox 374 5814 1444 5892">
     <span class='ocr_line' id='line_1_106' title="bbox 374 5814 1444 5892; baseline 0.012 -25"><span class='ocrx_word' id='word_1_697' title='bbox 374 5814 608 5872; x_wconf 75' lang='lat' dir='ltr'><strong>7&quot;chit.</strong></span> <span class='ocrx_word' id='word_1_698' title='bbox 637 5835 780 5886; x_wconf 70' lang='lat' dir='ltr'><strong>xxvu,</strong></span> <span class='ocrx_word' id='word_1_699' title='bbox 828 5822 930 5889; x_wconf 71' lang='lat' dir='ltr'><strong>l2;</strong></span> <span class='ocrx_word' id='word_1_700' title='bbox 977 5824 992 5879; x_wconf 91' lang='grc' dir='ltr'><strong>Ι</strong></span> <span class='ocrx_word' id='word_1_701' title='bbox 1039 5825 1165 5879; x_wconf 83' lang='lat' dir='ltr'><strong>Cor.</strong></span> <span class='ocrx_word' id='word_1_702' title='bbox 1226 5844 1299 5892; x_wconf 85' lang='lat' dir='ltr'><strong>Vl,</strong></span> <span class='ocrx_word' id='word_1_703' title='bbox 1362 5829 1444 5882; x_wconf 83' lang='lat' dir='ltr'><strong>l6.</strong></span> 
     </span>
    </p>
   </div>
   <div class='ocr_carea' id='block_1_107' title="bbox 2595 4733 2913 4790">
    <p class='ocr_par' dir='ltr' id='par_1_107' title="bbox 2595 4733 2913 4790">
     <span class='ocr_line' id='line_1_107' title="bbox 2595 4733 2913 4790; baseline -0.003 0"><span class='ocrx_word' id='word_1_704' title='bbox 2595 4733 2913 4790; x_wconf 70' lang='lat' dir='ltr'><strong>SCHOLIA.</strong></span> 
     </span>
    </p>
   </div>
   <div class='ocr_carea' id='block_1_108' title="bbox 2039 4822 3548 4898">
    <p class='ocr_par' dir='ltr' id='par_1_108' title="bbox 2039 4822 3548 4898">
     <span class='ocr_line' id='line_1_108' title="bbox 2039 4822 3548 4898; baseline -0.005 -17"><span class='ocrx_word' id='word_1_705' title='bbox 2039 4829 2204 4898; x_wconf 77' lang='lat' dir='ltr'><strong>Virgo</strong></span> <span class='ocrx_word' id='word_1_706' title='bbox 2243 4830 2432 4883; x_wconf 86' lang='lat' dir='ltr'><strong>hortus</strong></span> <span class='ocrx_word' id='word_1_707' title='bbox 2462 4827 2762 4881; x_wconf 85' lang='lat' dir='ltr'><strong>conclusus</strong></span> <span class='ocrx_word' id='word_1_708' title='bbox 2794 4841 2821 4877; x_wconf 88' lang='lat' dir='ltr'><strong>a</strong></span> <span class='ocrx_word' id='word_1_709' title='bbox 2855 4823 3115 4893; x_wconf 80' lang='lat' dir='ltr'><strong>propheta</strong></span> <span class='ocrx_word' id='word_1_710' title='bbox 3141 4831 3224 4876; x_wconf 82' lang='lat' dir='ltr'><strong>est</strong></span> <span class='ocrx_word' id='word_1_711' title='bbox 3261 4822 3548 4891; x_wconf 72' lang='lat' dir='ltr'><strong>appellata.</strong></span> 
     </span>
    </p>
   </div>
   <div class='ocr_carea' id='block_1_109' title="bbox 1980 4915 3548 4989">
    <p class='ocr_par' dir='ltr' id='par_1_109' title="bbox 1980 4915 3548 4989">
     <span class='ocr_line' id='line_1_109' title="bbox 1980 4915 3548 4989; baseline -0.004 -17"><span class='ocrx_word' id='word_1_712' title='bbox 1980 4920 2177 4973; x_wconf 82' lang='lat' dir='ltr'><strong>&quot;ortus</strong></span> <span class='ocrx_word' id='word_1_713' title='bbox 2207 4921 2447 4989; x_wconf 88' lang='lat' dir='ltr'><strong>quidem,</strong></span> <span class='ocrx_word' id='word_1_714' title='bbox 2470 4920 2596 4988; x_wconf 85' lang='lat' dir='ltr'><strong>quia</strong></span> <span class='ocrx_word' id='word_1_715' title='bbox 2635 4918 2937 4978; x_wconf 83' lang='lat' dir='ltr'><strong>Christum,</strong></span> <span class='ocrx_word' id='word_1_716' title='bbox 2970 4916 3134 4968; x_wconf 88' lang='lat' dir='ltr'><strong>veluti</strong></span> <span class='ocrx_word' id='word_1_717' title='bbox 3159 4915 3280 4968; x_wconf 71' lang='lat' dir='ltr'><strong>vitae</strong></span> <span class='ocrx_word' id='word_1_718' title='bbox 3303 4932 3548 4983; x_wconf 80' lang='lat' dir='ltr'><strong>pomum,</strong></span> 
     </span>
    </p>
   </div>
   <div class='ocr_carea' id='block_1_110' title="bbox 1978 5008 3563 5082">
    <p class='ocr_par' dir='ltr' id='par_1_110' title="bbox 1978 5008 3563 5082">
     <span class='ocr_line' id='line_1_110' title="bbox 1978 5008 3563 5082; baseline -0.008 -16"><span class='ocrx_word' id='word_1_719' title='bbox 1978 5012 2319 5082; x_wconf 81' lang='lat' dir='ltr'><strong>germinavit.</strong></span> <span class='ocrx_word' id='word_1_720' title='bbox 2384 5010 2675 5064; x_wconf 86' lang='lat' dir='ltr'><strong>Conclusus</strong></span> <span class='ocrx_word' id='word_1_721' title='bbox 2752 5023 2918 5074; x_wconf 80' lang='lat' dir='ltr'><strong>vero,</strong></span> <span class='ocrx_word' id='word_1_722' title='bbox 2970 5008 3098 5076; x_wconf 87' lang='lat' dir='ltr'><strong>quia</strong></span> <span class='ocrx_word' id='word_1_723' title='bbox 3153 5018 3275 5076; x_wconf 88' lang='lat' dir='ltr'><strong>post</strong></span> <span class='ocrx_word' id='word_1_724' title='bbox 3330 5017 3563 5075; x_wconf 74' lang='lat' dir='ltr'><strong>portum.</strong></span> 
     </span>
    </p>
   </div>
   <div class='ocr_carea' id='block_1_111' title="bbox 1984 5099 3549 5172">
    <p class='ocr_par' dir='ltr' id='par_1_111' title="bbox 1984 5099 3549 5172">
     <span class='ocr_line' id='line_1_111' title="bbox 1984 5099 3549 5172; baseline -0.003 -16"><span class='ocrx_word' id='word_1_725' title='bbox 1984 5104 2136 5172; x_wconf 82' lang='lat' dir='ltr'><strong>virgo</strong></span> <span class='ocrx_word' id='word_1_726' title='bbox 2185 5104 2347 5158; x_wconf 85' lang='lat' dir='ltr'><strong>etiam</strong></span> <span class='ocrx_word' id='word_1_727' title='bbox 2401 5103 2723 5170; x_wconf 83' lang='lat' dir='ltr'><strong>permansit.</strong></span> <span class='ocrx_word' id='word_1_728' title='bbox 2764 5100 2856 5155; x_wconf 80' lang='lat' dir='ltr'><strong>Bis</strong></span> <span class='ocrx_word' id='word_1_729' title='bbox 2875 5109 3054 5153; x_wconf 85' lang='lat' dir='ltr'><strong>autem</strong></span> <span class='ocrx_word' id='word_1_730' title='bbox 3085 5107 3185 5153; x_wconf 85' lang='lat' dir='ltr'><strong>hoc</strong></span> <span class='ocrx_word' id='word_1_731' title='bbox 3219 5099 3441 5168; x_wconf 88' lang='lat' dir='ltr'><strong>protulit</strong></span> <span class='ocrx_word' id='word_1_732' title='bbox 3480 5100 3549 5152; x_wconf 90' lang='lat' dir='ltr'><strong>ob</strong></span> 
     </span>
    </p>
   </div>
   <div class='ocr_carea' id='block_1_112' title="bbox 1979 5190 3546 5262">
    <p class='ocr_par' dir='ltr' id='par_1_112' title="bbox 1979 5190 3546 5262">
     <span class='ocr_line' id='line_1_112' title="bbox 1979 5190 3546 5262; baseline -0.006 -14"><span class='ocrx_word' id='word_1_733' title='bbox 1979 5203 2172 5249; x_wconf 85' lang='lat' dir='ltr'><strong>cantus</strong></span> <span class='ocrx_word' id='word_1_734' title='bbox 2207 5195 2570 5250; x_wconf 85' lang='lat' dir='ltr'><strong>harmoniam.</strong></span> <span class='ocrx_word' id='word_1_735' title='bbox 2605 5194 2744 5248; x_wconf 73' lang='lat' dir='ltr'><strong>Fatis</strong></span> <span class='ocrx_word' id='word_1_736' title='bbox 2775 5196 3038 5262; x_wconf 87' lang='lat' dir='ltr'><strong>signatus,</strong></span> <span class='ocrx_word' id='word_1_737' title='bbox 3071 5191 3374 5246; x_wconf 78' lang='lat' dir='ltr'><strong>scnturiens</strong></span> <span class='ocrx_word' id='word_1_738' title='bbox 3418 5190 3546 5257; x_wconf 84' lang='lat' dir='ltr'><strong>qui-</strong></span> 
     </span>
    </p>
   </div>
   <div class='ocr_carea' id='block_1_113' title="bbox 1977 5281 3547 5354">
    <p class='ocr_par' dir='ltr' id='par_1_113' title="bbox 1977 5281 3547 5354">
     <span class='ocr_line' id='line_1_113' title="bbox 1977 5281 3547 5354; baseline -0.006 -15"><span class='ocrx_word' id='word_1_739' title='bbox 1977 5287 2096 5339; x_wconf 86' lang='lat' dir='ltr'><strong>dem</strong></span> <span class='ocrx_word' id='word_1_740' title='bbox 2125 5301 2321 5354; x_wconf 83' lang='lat' dir='ltr'><strong>aquam</strong></span> <span class='ocrx_word' id='word_1_741' title='bbox 2350 5286 2776 5340; x_wconf 86' lang='lat' dir='ltr'><strong>immortalitatis</strong></span> <span class='ocrx_word' id='word_1_742' title='bbox 2803 5303 2820 5351; x_wconf 84' lang='lat'><strong>;</strong></span> <span class='ocrx_word' id='word_1_743' title='bbox 2852 5283 3312 5353; x_wconf 85' lang='lat' dir='ltr'><strong>quemadmodum</strong></span> <span class='ocrx_word' id='word_1_744' title='bbox 3343 5292 3396 5333; x_wconf 88' lang='lat' dir='ltr'><strong>et</strong></span> <span class='ocrx_word' id='word_1_745' title='bbox 3429 5281 3547 5332; x_wconf 77' lang='lat' dir='ltr'><strong>Sal-</strong></span> 
     </span>
    </p>
   </div>
   <div class='ocr_carea' id='block_1_114' title="bbox 1972 5372 3544 5451">
    <p class='ocr_par' dir='ltr' id='par_1_114' title="bbox 1972 5372 3544 5451">
     <span class='ocr_line' id='line_1_114' title="bbox 1972 5372 3544 5451; baseline -0.01 -18"><span class='ocrx_word' id='word_1_746' title='bbox 1972 5385 2127 5434; x_wconf 75' lang='lat' dir='ltr'><strong>vator</strong></span> <span class='ocrx_word' id='word_1_747' title='bbox 2147 5380 2283 5434; x_wconf 84' lang='lat' dir='ltr'><strong>dixit</strong></span> <span class='ocrx_word' id='word_1_748' title='bbox 2309 5397 2322 5434; x_wconf 89' lang='lat'><strong>:</strong></span> <span class='ocrx_word' id='word_1_749' title='bbox 2346 5378 2455 5449; x_wconf 86' lang='lat' dir='ltr'><strong>Ego</strong></span> <span class='ocrx_word' id='word_1_750' title='bbox 2475 5396 2591 5434; x_wconf 86' lang='lat' dir='ltr'><strong>sum</strong></span> <span class='ocrx_word' id='word_1_751' title='bbox 2609 5397 2745 5451; x_wconf 85' lang='lat' dir='ltr'><strong>aqua</strong></span> <span class='ocrx_word' id='word_1_752' title='bbox 2767 5380 2878 5433; x_wconf 81' lang='lat' dir='ltr'><strong>viva</strong></span> <span class='ocrx_word' id='word_1_753' title='bbox 2901 5396 2918 5443; x_wconf 88' lang='lat'><strong><em>;</em></strong></span> <span class='ocrx_word' id='word_1_754' title='bbox 2939 5388 2996 5431; x_wconf 81' lang='lat' dir='ltr'><strong>et</strong></span> <span class='ocrx_word' id='word_1_755' title='bbox 3023 5376 3190 5431; x_wconf 81' lang='lat' dir='ltr'><strong>Isaias</strong></span> <span class='ocrx_word' id='word_1_756' title='bbox 3209 5372 3496 5443; x_wconf 75' lang='lat' dir='ltr'><strong>prtccinuit</strong></span> <span class='ocrx_word' id='word_1_757' title='bbox 3533 5386 3544 5419; x_wconf 90' lang='lat'>:</span> 
     </span>
    </p>
   </div>
   <div class='ocr_carea' id='block_1_115' title="bbox 1975 5461 3543 5542">
    <p class='ocr_par' dir='ltr' id='par_1_115' title="bbox 1975 5461 3543 5542">
     <span class='ocr_line' id='line_1_115' title="bbox 1975 5461 3543 5542; baseline -0.011 -15"><span class='ocrx_word' id='word_1_758' title='bbox 1975 5470 2248 5527; x_wconf 72' lang='lat' dir='ltr'><strong>Hau&#39;rietis</strong></span> <span class='ocrx_word' id='word_1_759' title='bbox 2289 5489 2481 5539; x_wconf 84' lang='lat' dir='ltr'><strong>aquam</strong></span> <span class='ocrx_word' id='word_1_760' title='bbox 2508 5489 2625 5526; x_wconf 84' lang='lat' dir='ltr'><strong>cum</strong></span> <span class='ocrx_word' id='word_1_761' title='bbox 2657 5473 2880 5542; x_wconf 84' lang='lat' dir='ltr'><strong>gaudio,</strong></span> <span class='ocrx_word' id='word_1_762' title='bbox 2930 5471 2994 5522; x_wconf 84' lang='lat' dir='ltr'><strong>de</strong></span> <span class='ocrx_word' id='word_1_763' title='bbox 3031 5469 3262 5536; x_wconf 76' lang='lat' dir='ltr'><strong>fontibus</strong></span> <span class='ocrx_word' id='word_1_764' title='bbox 3296 5461 3543 5516; x_wconf 82' lang='lat' dir='ltr'><strong>Salvato-</strong></span> 
     </span>
    </p>
   </div>
   <div class='ocr_carea' id='block_1_116' title="bbox 1977 5555 3542 5630">
    <p class='ocr_par' dir='ltr' id='par_1_116' title="bbox 1977 5555 3542 5630">
     <span class='ocr_line' id='line_1_116' title="bbox 1977 5555 3542 5630; baseline -0.004 -14"><span class='ocrx_word' id='word_1_765' title='bbox 1977 5567 2049 5618; x_wconf 85' lang='lat' dir='ltr'><strong>ris</strong></span> <span class='ocrx_word' id='word_1_766' title='bbox 2083 5567 2146 5619; x_wconf 79' lang='grc' dir='ltr'><strong>τ’.</strong></span> <span class='ocrx_word' id='word_1_767' title='bbox 2177 5565 2483 5620; x_wconf 84' lang='lat' dir='ltr'><strong>Permansit</strong></span> <span class='ocrx_word' id='word_1_768' title='bbox 2521 5565 2876 5619; x_wconf 85' lang='lat' dir='ltr'><strong>nihilominus</strong></span> <span class='ocrx_word' id='word_1_769' title='bbox 2908 5571 3092 5630; x_wconf 88' lang='lat' dir='ltr'><strong>postea</strong></span> <span class='ocrx_word' id='word_1_770' title='bbox 3121 5571 3338 5628; x_wconf 87' lang='lat' dir='ltr'><strong>quoque</strong></span> <span class='ocrx_word' id='word_1_771' title='bbox 3374 5555 3542 5622; x_wconf 69' lang='lat' dir='ltr'><strong>Virgo.</strong></span> 
     </span>
    </p>
   </div>
   <div class='ocr_carea' id='block_1_117' title="bbox 1976 5656 3562 5728">
    <p class='ocr_par' dir='ltr' id='par_1_117' title="bbox 1976 5656 3562 5728">
     <span class='ocr_line' id='line_1_117' title="bbox 1976 5656 3562 5728; baseline -0.004 -19"><span class='ocrx_word' id='word_1_772' title='bbox 1976 5656 2418 5713; x_wconf 74' lang='lat' dir='ltr'><strong>Emissionestuw</strong></span> <span class='ocrx_word' id='word_1_773' title='bbox 2454 5660 2734 5728; x_wconf 85' lang='lat' dir='ltr'><strong>paradisus</strong></span> <span class='ocrx_word' id='word_1_774' title='bbox 2773 5672 2887 5709; x_wconf 88' lang='lat' dir='ltr'><strong>cum</strong></span> <span class='ocrx_word' id='word_1_775' title='bbox 2923 5656 3098 5722; x_wconf 74' lang='lat' dir='ltr'><strong>{ructu</strong></span> <span class='ocrx_word' id='word_1_776' title='bbox 3124 5666 3312 5705; x_wconf 85' lang='lat' dir='ltr'><strong>nucum</strong></span> <span class='ocrx_word' id='word_1_777' title='bbox 3337 5657 3491 5718; x_wconf 80' lang='lat' dir='ltr'><strong>:grat</strong></span> <span class='ocrx_word' id='word_1_778' title='bbox 3515 5659 3562 5702; x_wconf 58' lang='lat' dir='ltr'><strong>as</strong></span> 
     </span>
    </p>
   </div>
   <div class='ocr_carea' id='block_1_118' title="bbox 1523 5829 2692 5897">
    <p class='ocr_par' dir='ltr' id='par_1_118' title="bbox 1523 5829 2692 5897">
     <span class='ocr_line' id='line_1_118' title="bbox 1523 5829 2692 5897; baseline 0 -11"><span class='ocrx_word' id='word_1_779' title='bbox 1523 5831 1563 5860; x_wconf 81' lang='grc'>’³</span> <span class='ocrx_word' id='word_1_780' title='bbox 1600 5829 1771 5886; x_wconf 72' lang='lat' dir='ltr'><strong>Exod.</strong></span> <span class='ocrx_word' id='word_1_781' title='bbox 1807 5846 1889 5896; x_wconf 84' lang='grc' dir='ltr'><strong>ιιι,</strong></span> <span class='ocrx_word' id='word_1_782' title='bbox 1927 5831 2008 5884; x_wconf 85' lang='lat' dir='ltr'><strong>l7.</strong></span> <span class='ocrx_word' id='word_1_783' title='bbox 2089 5833 2129 5864; x_wconf 82' lang='grc'><strong>⁷⁸</strong></span> <span class='ocrx_word' id='word_1_784' title='bbox 2163 5831 2318 5888; x_wconf 74' lang='lat' dir='ltr'><strong>Joan.</strong></span> <span class='ocrx_word' id='word_1_785' title='bbox 2367 5849 2441 5894; x_wconf 81' lang='lat' dir='ltr'><strong>tv,</strong></span> <span class='ocrx_word' id='word_1_786' title='bbox 2481 5833 2565 5897; x_wconf 78' lang='grc' dir='ltr'><strong>ιο,</strong></span> <span class='ocrx_word' id='word_1_787' title='bbox 2608 5833 2692 5886; x_wconf 63' lang='grc'><strong>14.</strong></span> 
     </span>
    </p>
   </div>
  </div>
