4064 6266
352 381 490 446 10ίὸ

1311 399 1700 462 COMMENT.
1747 399 1822 460 ΙΝ
1866 405 2250 469 CANTICUM
2286 413 2583 474 C'ANTlC.

3441 417 3582 482 1046

350 493 652 547 Σπευσάτω
685 497 996 567 καταϐῆναι
1040 502 1117 563 ei;
1161 503 1251 555 τὸν
1292 505 1488 557 ἑαυτοῦ
1527 508 1918 576 κεκλεισμένον

2025 514 2348 573 descensum
2405 537 2567 575 suum
2603 523 2654 574 in
2709 522 2831 589 ejus
2881 522 3099 575 hortum
3156 523 3500 587 conclusum,
3532 527 3588 580 in

352 584 549 653 κῆπον,
578 588 677 655 τὴν
705 587 1016 658 ὑπέραγνον
1049 594 1343 663 Παρθένον,
1369 599 1460 665 ἀφ’
1494 593 1562 669 ἧς
1595 599 1622 650 ὀ
1650 598 1750 667 τῆς
1775 600 1913 653 ἀθα-

350 677 544 740 νασίας
575 677 784 750 ἀνεφύη
816 684 1050 750 καρπός.
1083 683 1189 738 Καὶ
1218 687 1452 757 φαγέτω
1491 693 1916 758 καρπὸνάκρο·

347 768 548 836 δρύων
592 773 809 839 αὐτοῦ,
839 775 1026 846 ἤγουν,
1067 780 1342 844 Διδαξάτω
1379 783 1480 850 τὴν
1501 783 1778 853 ἀλήθειαν,
1823 786 1915 837 καὶ

349 861 640 931 γενηθήτω
687 864 748 917 τὸ
794 864 890 918 τοῦ
941 868 1074 921 Θεοῦ
1107 870 1198 923 καὶ
1239 871 1449 942 Πατρὺς
1485 874 1647 926 αὐτοῦ
1680 875 1913 947 Θέλημα.

360 948 542 1016 Ἐμὸν
569 953 679 1021 γὰρ
706 955 937 1025 ⁸βρῶμα,
975 960 1160 1032 φησὶν,
1197 963 1388 1028 ἐστιν,
1422 966 1522 1020 ἵνα
1551 967 1698 1020 ποιῶ
1727 970 1793 1024 τὸ
1819 970 1915 1024 θέ-

349 1042 515 1110 λημα
549 1044 657 1098 τοῦ
690 1049 921 1116 Πατρός
948 1068 1090 1119 μου,
1112 1054 1219 1107 τοῦ
1246 1055 1317 1108 ἐν
1344 1059 1642 1124 οὐρανοῖς.

1016 1138 1253 1214 τᾼΣΜΑ.

240 1288 264 1312 ,λ
421 1227 732 1294 Εἰσῆλθον
753 1234 841 1297 εις
871 1233 1072 1302 κῆπόν
1089 1253 1232 1304 μου,
1273 1240 1506 1309 ἁδελφή
1533 1260 1652 1310 μου
1679 1245 1879 1312 νύμφη
1900 1259 1912 1274 ο

255 1314 272 1397 i
348 1314 654 1384 ἐτρύγησα
699 1323 980 1390 σμύρναν
1016 1343 1137 1394 μου
1163 1331 1313 1396 μετὰ
1339 1331 1660 1400 ἀρωμάτων
1675 1353 1824 1403 μου·
1860 1337 1918 1390 ἐ-

258 1404 285 1462 ι
351 1423 548 1474 φατον
570 1409 757 1476 ἄρτον
781 1431 901 1481 μου
916 1417 1068 1485 μετὰ
1095 1420 1344 1488 μέλιτός
1362 1441 1482 1491 μου
1503 1444 1516 1458 ·
1547 1427 1725 1481 ἔπιον
1747 1426 1916 1483 οἶνόν

345 1511 466 1587 μοι)
481 1499 633 1564 μετὰ
655 1500 956 1570 γάλακτός
977 1523 1118 1574 μου.
1147 1508 1387 1578 (Dareta,
1411 1514 1463 1564 oi
1487 1517 1756 1583 πλησίον
1771 1536 1914 1587 μου,

349 1586 448 1638 καὶ
470 1588 656 1656 ariete,
682 1593 777 1646 καὶ
795 1597 1155 1664 μεθύσθητε,
1173 1599 1444 1670 ἀδελφοί.
1467 1603 1605 1673 Ἐγὼ
1627 1586 1925 1677 καδεύδω,

351 1678 450 1733 καὶ
480 1681 518 1749 ἠ
549 1683 761 1752 καρδία
788 1703 906 1755 μου
934 1689 1244 1759 ἀγρυπνεῖ.

995 1784 1270 1841 ΣΧΟΛΙΔ.

433 1863 651 1959 ἶΩσανεὶ
693 1874 952 1940 γεγονότα
1002 1879 1069 1929 τὰ
1115 1878 1423 1948 ἔμπροσθεν
1472 1885 1659 1953 λέγει·
1713 1887 1805 1942 καὶ
1853 1889 1918 1959 ἣν
1951 1885 1995 1946 Β

351 1954 656 2011 ὲπέσπευδε
689 1961 782 2015 τοῦ
813 1964 1066 2036 Σωτῆρος
1088 1969 1346 2036 γενέσθαι
1379 1976 1811 2045 συγκατάὸασιν,
1843 1954 1919 2043 ὧς

349 2046 452 2115 ἤδη
488 2055 778 2118 γεγονυῖαν
813 2055 1057 2124 διέξεισι,
1103 2062 1196 2114 καί
1245 2080 1376 2134 φησι
1407 2068 1543 2135 πρὸς
1577 2070 1675 2138 τὴν
1707 2071 1920 2138 Παρθέ-

350 2155 442 2190 νον
462 2156 475 2170 ·
502 2141 810 2211 Εἰσῆλθον
823 2149 912 2212 εις
928 2148 1129 2218 κῆπόν
1137 2171 1278 2222 μου,
1297 2157 1528 2227 ἀδελφή
1542 2178 1661 2229 μου
1683 2163 1886 2232 νύμφη
1904 2181 1918 2194 ’

347 2234 624 2301 τουτέστι,
646 2237 880 2306 Γέγονεν
903 2243 1059 2314 ήὲμὴ
1087 2251 1498 2315 συγκατάὄασις
1518 2255 1574 2308 ἐν
1602 2256 1704 2310 σοί.
1722 2259 1922 2326 Ἐτρύ-

350 2342 514 2393 γησα
557 2331 837 2398 σμύρναν
861 2336 1012 2404 μετὰ
1051 2340 1378 2409 ἀρωμάτων
1402 2363 1520 2413 μου
1548 2364 1562 2378 ⁸
1605 2349 1792 2419 ἤγουν,
1819 2352 1922 2405 Ἤ-

350 2434 500 2472 νωσα
527 2423 592 2490 τῇ
626 2426 795 2492 σαρκί
827 2442 931 2495 μου
965 2429 1062 2498 τὴν
1095 2433 1235 2503 ἐμὴν
1262 2433 1512 2504 Θεότητα,
1540 2440 1633 2492 καὶ
1662 2441 1769 2495 τῶν
1799 2444 1921 2496 κατ’

351 2509 603 2602 εὐδοκίαν
631 2514 756 2582 ἐμοὶ
790 2519 1093 2586 γεγονότων
1124 2524 1443 2596 ὲδρεψὰμην
1478 2531 1601 2593 τοὺς
1635 2532 1914 2602 καρπούς·

349 2599 439 2654 διὰ
475 2603 580 2674 γὰρ
625 2607 726 2675 τῆς
758 2609 1005 2680 σμύρνης
1054 2613 1153 2684 τὴν
1191 2603 1372 2686 σάρκα
1418 2621 1680 2690 ἐδήλωσε,
1712 2599 1810 2680 ⁷διὰ
1861 2626 1918 2679 δὲ

351 2690 446 2743 τοῦ
504 2695 796 2765 ἀρώματος
852 2701 950 2770 τὴν
987 2701 1235 2770 θεότητα.
1273 2708 1542 2778 Ἕφαγον
1595 2713 1778 2780 ἄρτον
1799 2733 1920 2783 μου

346 2783 503 2850 μετὰ
531 2785 779 2856 μέλιτός·
811 2807 927 2858 μου
952 2808 966 2823 ·
1001 2791 1266 2862 δηλονότι,
1312 2799 1383 2850 Τὸ
1413 2799 1571 2867 ἔργον
1606 2803 1916 2870 ὲτελείωσα,

351 2870 474 2936 δοὺς
504 2874 568 2926 τδ
596 2876 727 2945 ἐμὸν
785 2880 946 2949 σῶμα
975 2882 1055 2946 εἰς
1103 2882 1325 2954 βρῶσιν.
1362 2890 1576 2945 Ἔπιον
1605 2889 1776 2948 οἶνόν
1799 2886 1928 2964 ,κου’

348 2968 500 3057 μετὰ
531 2965 828 3036 γάλακτός
852 2988 972 3040 μου
998 2991 1012 3006 ·
1053 2975 1112 3028 τὸ
1138 2978 1273 3045 ὲμὺν
1313 2977 1453 3050 αἷμα
1476 2985 1556 3046 εἰς
1589 2985 1772 3038 πόσιν·
1797 2989 1918 3057 μέλι

352 3055 463 3123 γὰρ
485 3058 579 3110 καὶ
605 3058 747 3124 γάλα
770 3059 862 3113 τὸν
886 3063 1164 3133 ἐξαίρετον
1192 3067 1467 3139 ἅγιασμδν
1487 3070 1654 3141 δηλοῖ.
1675 3055 1915 3144 (ﬂarent,

351 3151 405 3202 oi
441 3153 712 3216 πλησίον
745 3171 888 3222 μου,
922 3159 972 3210 οἱ
1009 3158 1132 3226 ἐμοὶ
1185 3161 1326 3228 φίλοι
1373 3164 1634 3231 δηλονότι.
1689 3171 1915 3234 ’Ἢγονν,

351 3240 593 3308 Λάϐετε,
617 3244 857 3314 φάγετε,
893 3251 1069 3303 τοῦτό
1086 3250 1217 3305 ἐστι
1248 3255 1312 3307 τὸ
1343 3256 1513 3325 σῶμά
1535 3276 1654 3327 μου
1679 3262 1743 3314 τὸ
1768 3263 1916 3329 ὑπὲρ
1945 3233 1984 3290 c

352 3331 521 3400 ἡμῶν
553 3335 887 3405 κλώμενον.
920 3344 1025 3394 Καὶ
1061 3344 1246 3411 trists,
1279 3347 1420 3416 ἦτοι,
1451 3349 1516 3402 τὸ
1539 3346 1679 3420 αξιιὰ
1698 3369 1820 3420 μου
1849 3355 1915 3406 τὸ

349 3424 504 3493 ὑπὲρ
528 3427 697 3495 ὑμῶν
718 3430 817 3484 καὶ
847 3432 1097 3489 πολλῶν
1121 3437 1730 3508 ἐκχυνόμενον.-Κα)
1741 3447 1918 3514 μεθύ-

350 3522 558 3584 σθητε.
586 3520 844 3591 ἀδελφοί
867 3538 882 3554 ο
917 3525 986 3596 ἢν
1011 3525 1160 3594 ἔδοξε
1195 3533 1306 3594 τοῖς
1331 3531 1545 3596 πολλοῖς
1580 3537 1703 3599 τοὺς
1745 3541 1918 3607 μαθη-

347 3609 450 3670 τὰς
481 3611 792 3681 πάσχοντας
821 3615 1015 3687 μέθην,
1051 3621 1188 3690 μετὰ
1222 3622 1324 3691 τὴν
1347 3626 1425 3686 εις
1451 3625 1647 3690 αὐτοὺς
1676 3627 1770 3680 τοῦ
1813 3647 1916 3682 πα-

349 3701 540 3768 ναγιου
582 3704 902 3775 Πνεύματος
943 3711 1252 3766 ὲπέλευσιν.
1299 3714 1445 3784 Ἐγὼ
1495 3720 1778 3787 καθεύδω,
1817 3722 1916 3775 καὶ

349 3793 388 3884 ἡ
421 3796 633 3863 καρδία
653 3817 775 3868 μου
804 3802 1132 3872 ἀγρυπνεῖο
1167 3806 1278 3876 ἐγὼ
1309 3809 1410 3877 μὲν
1441 3811 1498 3862 ἐν
1527 3811 1606 3881 τῷ
1638 3815 1795 3884 τάφῳ
1819 3832 1915 3870 κα-

350 3883 525 3939 θεύδω
572 3888 840 3960 δηλονότι,
892 3895 925 3966 ἡ
973 3894 1028 3949 δὲ
1059 3898 1167 3968 ιμὴ
1215 3899 1407 3971 θεότης
1452 3902 1668 3974 ἀπαθὴς
1714 3883 1916 3977 διέμει-

349 3995 463 4034 νεν.
1040 4001 1046 4005 ⁷

1004 4077 1242 4152 τᾼΣΜΑ.

421 4185 596 4255 Φωνὴ
650 4189 993 4261 ῗάδελφιδοῦ
1043 4212 1164 4264 μου
1225 4200 1424 4266 κρούει
1481 4203 1578 4255 ἐπὶ
1640 4203 1749 4271 τὴν
1810 4207 1914 4258 θύ-

341 4293 479 4346 ραν.

994 4377 1266 4435 ΣΧΟΛΙΑ.

418 4477 589 4537 Τοῦτο
621 4486 696 4549 ὡς
746 4487 854 4540 ἀπὸ
882 4489 982 4558 τῆς
1009 4491 1180 4562 ἁγνῆς
1232 4495 1530 4564 Παρθένου,
1574 4500 1667 4551 καί
1710 4517 1874 4571 φησιν
1897 4521 1909 4534 ·

2022 608 2384 664 castissimum
2420 613 2676 665 nimirum
2737 610 3041 683 Virginem,
3067 629 3130 667 ex
3165 630 3268 683 qua
3303 615 3589 670 inunorta—

2018 695 2188 754 litatis
2221 700 2308 756 ille
2348 713 2508 760 natus
2573 705 2909 760 estfructus.
2948 705 3012 759 Et
3070 709 3306 761 comedat
3358 709 3590 778 fructum

2026 803 2217 842 nucum
2250 808 2489 856 suarum,
2524 797 2731 849 scilicet.
2781 797 3066 851 veritatem
3117 799 3343 863 docrat,
3394 816 3457 854 ac
3501 803 3591 854 liat

2026 877 2120 932 Dei
2177 891 2232 934 et
2281 881 2453 938 Patris
2507 886 2590 938 sui
2651 886 2904 941 voluntas
2957 907 2970 942 :
3025 888 3166 943 Meus
3220 892 3364 943 enim
3419 891 3589 954 cibus,

2023 968 2222 1037 inquit,
2254 981 2351 1035 est,
2381 982 2436 1025 ut
2476 975 2674 1042 faciant
2715 977 3040 1032 voluntatem
3098 977 3278 1033 Patris
3336 982 3456 1047 mei,
3500 984 3590 1052 qui

2025 1063 2078 1112 in
2119 1063 2258 1117 castis
2286 1076 2359 1118 est
2393 1067 2459 1120 ⁷⁸.

2705 1162 2910 1217 CANT.
3635 1177 3640 1240 ί

2098 1249 2149 1311 1,
2179 1249 2231 1302 2.
2272 1248 2476 1304 Intrat-i
2504 1253 2556 1305 in
2579 1253 2787 1307 hortum
2811 1273 3003 1318 meum,
3039 1273 3189 1309 soror
3222 1273 3335 1309 mea
3364 1273 3585 1326 sponsa;
3638 1247 3646 1276 ί

2022 1340 2336 1394 uindemiavi
2394 1345 2656 1412 myrrham
2688 1363 2854 1399 nteant
2902 1365 3019 1400 cum
3051 1348 3374 1400 aromatibus
3408 1349 3534 1400 meis
3569 1364 3587 1411 ,'

2024 1432 2226 1485 comedi
2265 1449 2450 1500 panem
2489 1451 2659 1488 meum
2691 1454 2807 1490 cum
2830 1438 2983 1491 melle
3037 1455 3147 1492 meo
3179 1455 3197 1502 ;
3243 1437 3348 1490 bibi
3415 1439 3588 1492 vinum

2023 1539 2192 1576 meum
2224 1541 2340 1576 cum
2375 1526 2511 1578 lacte
2540 1544 2650 1579 meo
2679 1546 2698 1592 ;
2736 1531 3011 1588 comeditc.
3045 1531 3321 1599 propinqui
3367 1530 3490 1593 mei,
3539 1540 3587 1581 et

2025 1615 2200 1679 bibite,
2233 1628 2278 1668 et
2316 1617 2666 1681 inebriamini,
2717 1618 2934 1688 fratres.
2966 1619 3078 1690 Ego
3135 1620 3362 1686 dormio,
3393 1629 3440 1672 et
3499 1634 3589 1672 cor

2023 1718 2194 1754 meum
2234 1703 2436 1772 vigilat.

2650 1798 2967 1853 SCHOLIA.

2124 1882 2242 1940 Non
2283 1901 2439 1943 secus
2477 1901 2541 1943 ac
2569 1889 2682 1958 jam
2717 1890 2858 1944 facta
2887 1890 3370 1959 forentsuperiora
3404 1890 3586 1953 eﬂ'ert,

2022 1984 2076 2030 et
2126 1979 2309 2032 carnis
2371 1982 2827 2050 assumptionem,
2900 1997 3064 2051 quam
3120 1981 3405 2035 celerrime
3465 1980 3588 2035 fieri

2021 2072 2387 2141 exoptat,jam
2407 2081 2466 2126 ut
2485 2073 2686 2127 factam
2707 2083 2948 2137 enarrat,
2968 2083 3022 2127 et
3041 2071 3246 2127 (licitad
3273 2063 3545 2142 Virginem
3568 2087 3587 2126 :

2023 2161 2236 2219 Intraui
2265 2165 2319 2217 in
2359 2165 2568 2218 hortum
2600 2183 2792 2231 meum,
2825 2185 2977 2221 soror
3015 2185 3150 2234 mea,
3205 2183 3420 2237 sponsa,
3485 2167 3590 2220 hoc

2019 2265 2125 2320 est,
2179 2255 2332 2312 Meus
2381 2259 2434 2312 in
2485 2258 2740 2328 telactus
2767 2271 2852 2315 est
2901 2264 3221 2316 descensus.
3264 2257 3589 2314 Vindemiavi

2021 2349 2292 2416 myrrham
2321 2365 2436 2402 cum
2467 2352 2798 2404 aromatibus
2831 2353 2980 2419 meis,
3014 2354 3290 2417 videlicet,
3329 2352 3589 2422 Copulavi

2021 2440 2174 2492 carni
2213 2456 2347 2495 mea:
2384 2442 2722 2496 divinitatem
2755 2458 2958 2509 meam,
3019 2454 3071 2499 et
3099 2460 3163 2498 ex
3219 2454 3364 2499 recta
3425 2445 3475 2497 in
3504 2459 3590 2498 me

2019 2533 2299 2587 voluntate
2331 2532 2599 2588 factorum
2636 2535 2844 2590 fructus
2875 2537 3141 2606 decerpsi.
3182 2537 3284 2592 Per
3310 2539 3586 2608 myrrham

2021 2626 2165 2678 cnim
2218 2640 2437 2680 carnem
2475 2627 2768 2695 significat,
2824 2644 2920 2697 per
2984 2640 3227 2684 aromata
3285 2645 3409 2683 vero
3455 2629 3592 2683 divi-

2020 2717 2268 2771 nitatem.
2302 2718 2518 2773 Comedi
2545 2711 2733 2789 partem
2762 2736 2931 2773 meum
2953 2737 3070 2774 cum
3098 2721 3245 2774 meite
3276 2738 3408 2788 meo,
3442 2723 3596 2775 vide»

2019 2810 2173 2874 licet,
2193 2807 2341 2879 Opus
2357 2810 2583 2879 perfeci,
2607 2825 2731 2866 cum
2752 2811 2870 2865 dedi
2889 2826 3089 2880 corpus
3113 2827 3288 2865 meum
3314 2813 3365 2866 in
3383 2812 3600 2870 οἱὺυιη..

2022 2899 2142 2953 Bibi
2183 2903 2357 2954 vinum
2396 2919 2567 2956 meum
2611 2919 2730 2956 cum
2770 2904 2904 2957 lacte
2935 2921 3069 2970 meo,
3103 2919 3282 2957 meum
3327 2904 3586 2957 nimirum

2021 2994 2342 3064 sanguinem
2379 2996 2430 3049 in
2469 3005 2699 3066 potum;
2758 2997 2862 3051 mel
2896 2996 3039 3050 enim
3098 3006 3153 3051 et
3185 2997 3267 3050 Iac
3326 2995 3585 3048 eximium

2020 3087 2148 3141 illud
2186 3087 2424 3141 indicant
2459 3087 2813 3143 sacrificium.
2845 3087 3132 3151 Comedite,
3161 3088 3439 3156 propinqui
3465 3089 3612 3148 νηοί..

2023 3179 2125 3230 mei
2204 3177 2452 3233 videlicet
2519 3179 2702 3233 amici.
2760 3181 2837 3232 Ac
2903 3179 2947 3231 si
3015 3178 3272 3232 diceret:
3337 3178 3588 3245 Accipite.

2022 3269 2296 3332 comedite,
2329 3268 2424 3320 hoc
2459 3279 2533 3322 est
2598 3285 2788 3338 corpus
2821 3285 2992 3322 meum
3030 3272 3168 3335 quod
3206 3283 3300 3335 pro
3328 3269 3467 3322 vobis
3491 3269 3590 3320 im-

2020 3360 2274 3413 molatur.
2310 3359 2379 3413 Et
2411 3361 2596 3421 bibite,
2631 3361 2880 3415 videlicet
2920 3363 3227 3430 sanguinem
3268 3377 3437 3415 meum
3499 3361 3628 3430 qui...

2017 3467 2112 3520 pro
2143 3455 2284 3506 vobis
2317 3463 2365 3506 et
2387 3453 2564 3506 multis
2595 3452 2895 3520 effunditur
2923 3453 2993 3506 "°.
3017 3481 3086 3492 -—
3117 3450 3186 3504 Et
3229 3453 3618 3517 inebriam_ini,..

2019 3547 2232 3614 fratres,
2289 3543 2572 3608 ebrietate,
2603 3560 2765 3612 quam
2819 3545 3054 3599 subiisse
3101 3545 3404 3614 discipulos
3468 3556 3596 3614 post

2019 3637 2354 3692 sacrosancti
2408 3637 2460 3688 in
2520 3652 2614 3690 eos
2671 3635 2962 3690 adventum
3021 3635 3260 3704 Spiritus
3311 3637 3588 3704 plerisque

2018 3730 2194 3784 visum
2214 3738 2315 3783 est.
2347 3728 2459 3797 Ego
2489 3728 2715 3793 dormio,
2769 3738 2818 3782 et
2845 3745 2936 3782 cor
2992 3743 3160 3780 meum
3229 3728 3406 3797 vigilat
3438 3746 3454 3794 ;
3485 3744 3592 3800 ego
3621 3771 3624 3775 .

2017 3821 2235 3891 quidem
2272 3821 2325 3874 in
2364 3821 2618 3890 sepulcro
2683 3819 2936 3875 videlicet
2984 3819 3219 3886 dormio,
3283 3834 3401 3874 mea
3457 3835 3622 3874 vero-

2019 3912 2275 3967 divinitas
2300 3911 2613 3981 impatibilis
2647 3920 2877 3979 perstat.

2683 4093 2892 4154 CANT.

2097 4211 2210 4266 Vox
2236 4219 2437 4282 nepotis
2471 4215 2570 4267 mei
2621 4212 2798 4279 pulsat
2832 4217 2902 4265 ad
2918 4211 3169 4280 ianuam;-

2645 4390 2958 4448 SCHOLIA.

2088 4505 2202 4560 Hoc
2230 4513 2489 4574 tanquam
2525 4519 2555 4558 a
2587 4503 2808 4572 Virgine
2830 4513 2980 4559 casta
3009 4506 3215 4559 dictum
3267 4502 3588 4574 proiert,'ac
3618 4529 3625 4532 κ

354 4573 420 4667 Ἦ
447 4575 537 4628 διὰ
564 4576 658 4630 τοῦ
695 4579 936 4652 Γαϐριὴλ
976 4585 1130 4655 φωνὴ
1173 4585 1264 4638 τοῦ
1292 4589 1616 4657 μονογενοῦς
1664 4593 1787 4645 Υἱού
1815 4594 1907 4647 τοῦ

2025 4601 2062 4655 si
2097 4602 2302 4655 diceret
2385 4600 2486 4653 Per
2511 4596 2819 4652 Gabrielem
2849 4613 2949 4651 vox
2987 4573 3279 4667 unigenitii
3313 4596 3437 4652 Filii
3493 4596 3587 4651 Dei

345 4666 483 4719 Θεοῦ
516 4670 704 4738 κρούει
734 4673 822 4724 ἐπ’
854 4675 977 4742 ἐμὲ,
1006 4675 1248 4743 δηλονότι
1292 4678 1390 4748 τὴν
1416 4681 1589 4750 θύραν
1611 4722 1626 4747 ,
1663 4687 1913 4739 τουτέστι

347 4760 446 4827 τὴν
481 4763 880 4835 κεκλεισμένην
907 4768 1086 4836 πύλην
1115 4785 1127 4799 ο
1163 4770 1237 4831 ὼς
1277 4774 1370 4824 καὶ
1413 4773 1674 4843 Ἰεζεκιήλ
1711 4794 1877 4845 φησιν
1899 4798 1912 4810 ·

356 4851 431 4906 ἸΙ
449 4854 610 4920 πύλη
641 4855 791 4924 αὕτη
829 4860 1229 4930 κεκλασμένη
1261 4862 1454 4928 ἔσται,
1484 4867 1582 4921 καὶ
1601 4869 1712 4922 οὐκ
1749 4870 1914 4924 ἀνοι-

345 4942 656 5008 χθιὶσρται,
678 4947 774 4999 καὶ
801 4948 1002 5016 οὐδεὶς
1024 4953 1095 5004 οὐ
1113 4951 1198 5020 μὴ
1223 4952 1432 5022 διέλθῃ
1459 4955 1534 5010 δι’
1561 4957 1754 5026 αὐτῆς
1773 4975 1788 4990 °
1817 4961 1914 5013 καὶ

343 5033 517 5084 ἔσται
541 5038 965 5106 κεκλεισμένη,
997 5040 1147 5094 διότι
1174 5046 1206 5096 ὁ
1237 5043 1572 5112 ἡγούμενος
1603 5043 1782 5115 οὗτος
1808 5049 1914 5103 κὰ-

344 5127 517 5190 θηται
554 5125 648 5177 ἐπ’
673 5128 890 5195 αὐτὴν,
920 5131 1028 5184 τοῦ
1066 5135 1281 5199 φαγεῖν
1310 5133 1513 5202 ἄρτον.

1025 5238 1260 5296 ἈΣΜΛ.

421 5350 704 5414 Ἀνοιξόν
717 5369 842 5420 μοι,
867 5353 1101 5424 ἀδελφή
1124 5374 1264 5425 μου,
1293 5358 1620 5424 ψπλησίον
1646 5377 1782 5426 μου,
1809 5377 1906 5415 πει

348 5442 592 5509 οιστερὰ
647 5461 787 5513 μου,
836 5447 1040 5499 τελεία
1093 5463 1249 5515 μου·
1311 5448 1402 5501 ὅτι
1447 5450 1485 5516 ἡ
1523 5451 1757 5519 κεφαλή
1791 5471 1909 5520 μου

349 5528 627 5599 ἐπλήσθη
657 5535 901 5602 δρόσου,
933 5538 1029 5592 καὶ
1055 5541 1110 5591 οι
1132 5539 1463 5609 βόστρυχοί
1486 5556 1606 5606 μου
1632 5543 1913 5608 ψεκάδων

350 5624 587 5687 νυκτός.

2015 4693 2198 4760 pulsat
2235 4692 2299 4746 ad
2335 4707 2439 4754 me,
2472 4689 2729 4744 videlicet
2781 4689 2849 4742 ad
2902 4697 3112 4755 portam
3159 4704 3174 4752 ;
3230 4688 3296 4741 ad
3349 4698 3620 4756 portam,.

2016 4785 2257 4850 inquam,
2296 4782 2438 4834 illam
2473 4781 2735 4840 clausam,
2797 4779 2868 4833 de
2893 4794 3000 4849 qua
3066 4777 3318 4832 Ezechiel
3369 4795 3590 4849 quoque

2016 4875 2150 4927 dixit
2189 4873 2391 4926 :Porta
2418 4872 2528 4926 haec
2560 4874 2742 4924 clausa
2792 4872 2922 4934 erit,
2979 4880 3148 4924 etnon
3203 4873 3490 4938 aperietur.
3538 4883 3591 4926 et

2016 4981 2165 5018 nemo
2215 4980 2444 5032 unquam
2506 4964 2770 5017 transibit
2803 4980 2895 5030 per
2951 4980 3089 5028 eam,
3141 4973 3189 5017 et
3228 4963 3328 5016 erit
3382 4963 3588 5025 clausa,

2018 5056 2144 5124 quia
2185 5055 2268 5108 hic
2317 5055 2428 5123 ipse
2481 5053 2603 5106 Dux
2648 5053 2841 5108 sedebit
2874 5055 2931 5106 in
2989 5070 3050 5107 ea
3087 5052 3156 5106 ad
3215 5053 3622 5108 comedendum-

2021 5163 2208 5213 paaem
2234 5147 2300 5201 ⁷⁷.

2709 5259 2912 5315 CANT.

2091 5373 2248 5438 Aperi
2281 5373 2434 5434 mihi,
2471 5388 2622 5424 soror
2653 5387 2787 5435 mea,
2814 5373 3108 5440 propinqua
3153 5383 3289 5431 mea,
3347 5363 3622 5416 columba.

2020 5480 2156 5528 mea,
2197 5464 2430 5532 prrfecta
2465 5480 2578 5516 mea
2613 5479 2631 5516 :
2684 5463 2809 5531 quia
2836 5471 2992 5526 caput
3033 5473 3203 5512 meum
3254 5454 3466 5525 plenum
3513 5460 3630 5504 est-

2017 5573 2157 5621 rore,
2191 5565 2239 5608 et
2272 5556 2502 5609 cincinni
2535 5557 2635 5608 mei
2665 5554 2828 5624 guttis
2854 5553 3044 5607 noctis.

429 5798 652 5854 πίθοι).
681 5804 858 5868 iv,3l.
937 5809 981 5838 "
1019 5807 1210 5862 Matth.
1244 5826 1388 5877 sxw,
1417 5813 1506 5878 9.6,
1550 5813 1639 5870 27.
1718 5818 1761 5849 ⁷⁷
1790 5815 1920 5873 Ezec

2025 5833 2173 5887 ιιι-ιν,
2205 5819 2260 5872 2.
