4028 6270
488 315 628 381 104⁸1

1113 433 1425 490 SCllOLlA.

557 525 839 594 Tanquam
878 540 941 579 ex
979 541 1208 594 persona
1239 527 1504 595 unigeniti
1544 527 1666 582 Filii
1696 529 1828 585 dicit
1859 547 1873 584 :
1902 530 2059 598 Aperi

488 615 641 675 milii,
668 601 818 668 soror
849 631 983 675 mea,
1015 616 1309 686 propinqua
1343 618 1457 670 mea
1491 635 1502 670 :
1553 633 1670 687 qua:
1695 635 1779 673 me
1810 621 2059 674 videlicet

488 705 790 761 secundum
827 721 1042 760 carnem
1081 709 1284 776 paries.
1335 710 1592 766 Columba
1653 729 1787 776 mea,
1830 714 2059 782 perfecta

491 813 607 850 mea
639 813 658 850 :
701 797 1054 863 purissimum
1101 815 1281 854 meum
1319 802 1686 872 eximiamque
1726 804 2056 858 venienlum.

491 889 628 953 Quia
650 897 803 957 caput
835 905 1002 942 meum
1035 891 1243 959 plenum
1266 903 1344 946 est
1392 910 1531 962 rore,
1583 906 1633 949 et
1690 898 1920 951 cincinni
1960 898 2061 952 mei

487 981 649 1049 guttis
680 982 868 1042 noctis,
921 982 1022 1036 hoc
1056 993 1160 1047 est,
1195 993 1412 1052 propter
1439 986 1822 1052 idololatriam,
1847 998 1900 1043 et
1946 989 2057 1043 da:-

488 1086 714 1124 monum
743 1073 1032 1139 sacritlcia,
1075 1076 1354 1143 aliumque
1409 1077 1829 1135 abominabilem
1866 1094 2056 1136 eorum

489 1163 719 1217 cultum.
781 1163 876 1217 llla
936 1167 1082 1218 enim
1147 1182 1206 1220 re
1258 1184 1380 1222 vera
1434 1173 1612 1225 noctis
1663 1181 1820 1226 erant
1871 1187 2055 1241 opera.

487 1251 659 1319 Caput
682 1269 848 1305 meum
892 1254 1103 1322 plenum
1153 1264 1231 1308 est
1264 1273 1401 1310 rore.
1449 1259 1525 1312 Ac
1559 1259 1604 1312 si
1667 1259 1831 1322 dicat,
1865 1258 2058 1315 Cultus

491 1343 623 1396 mihi
659 1345 874 1399 debitus
925 1348 1176 1413 cessaxit,
1229 1348 1298 1401 ob
1351 1349 1666 1404 innumeras
1705 1351 1920 1404 illorum
1954 1353 2057 1404 im—

488 1434 737 1501 piclates.
791 1433 858 1486 Et
893 1437 1126 1490 cincinni
1160 1439 1258 1490 mei
1301 1440 1502 1507 guttis:
1542 1439 1657 1494 Mea
1695 1441 1939 1496 videlicet
1972 1441 2056 1494 in-

487 1527 810 1581 scrutabilia
847 1536 901 1582 et
949 1529 1218 1598 profunda
1245 1531 1449 1600 judicia
1507 1533 1812 1602 petulanter
1863 1535 2058 1604 despeo,

490 1625 706 1680 xerunt,
734 1632 832 1672 sua
866 1633 1054 1673 eorum
1099 1622 1388 1676 dementia.
1449 1622 1790 1694 Quapropter
1844 1635 2056 1696 tempus

488 1709 662 1773 adest,
694 1725 803 1779 quo
835 1726 896 1765 ea
923 1711 1035 1781 ipsa
1065 1728 1186 1767 meo
1211 1715 1482 1784 corrigam
1513 1716 1771 1771 adventu.

1154 1898 1357 1953 CANT.

555 1984 611 2038 3.
646 1984 953 2054 Exspatiavi
1035 1991 1267 2042 tunicam
1337 2008 1528 2055 meam,
1568 1993 1826 2060 quomodo
1860 1995 2056 2048 induar

481 2076 580 2130 illa
611 2079 636 2133 Ρ
673 2076 800 2132 Lavi
856 2079 1011 2149 pedes
1064 2097 1225 2147 meos,
1268 2098 1495 2152 quonam
1557 2091 1712 2152 pacto
1764 2086 2052 2154 inquinabo

479 2167 601 2224 illos
628 2169 653 2222 .’

1119 2261 1430 2318 SCIIOLIA.

553 2347 626 2400 Ex
655 2364 882 2417 persona
917 2352 1075 2420 primi
1107 2353 1296 2408 Adami
1331 2355 1434 2410 hoc
1468 2356 1597 2410 dicit
1633 2375 1647 2413 :
1677 2357 1811 2412 Cum
1865 2360 2048 2414 tunica

478 2441 849 2508 corruptionis
878 2453 1099 2512 experte
1157 2454 1212 2499 et
1256 2445 1572 2512 immortali,
1602 2450 2050 2519 ornamentisque
2107 2475 2130 2487 ι

481 2530 805 2586 innocentiae
836 2549 1011 2589 essem
1041 2537 1258 2593 indutus
1278 2577 1293 2602 ,
1339 2553 1556 2594 carnem
1593 2551 1783 2596 nactus
1807 2545 2046 2599 crassio-

483 2636 596 2675 rem
637 2633 690 2677 et
724 2629 1027 2692 mortalem,
1084 2629 1449 2702 omnibusque
1492 2633 1782 2689 obnoxiam
1836 2635 2039 2691 affecti-

480 2715 703 2782 onibus,
767 2715 910 2771 Exui
956 2736 1112 2787 eum;
1160 2734 1394 2792 quonam
1457 2736 1610 2794 pacto
1656 2727 1856 2781 induar
1901 2729 2046 2786 illa?

481 2801 611 2858 Post
655 2810 1108 2863 resurrectionem
1160 2813 1371 2867 scilicet
1434 2815 1680 2870 destruxi
1730 2819 1874 2887 quod
1927 2829 2046 2874 erat

476 2905 726 2948 crassum
776 2908 827 2950 et
879 2908 1148 2954 terrenum
1200 2905 1384 2957 carnis
1437 2919 1751 2975 assumptus,
1803 2909 2044 2981 illudque

478 2981 532 3033 in
565 2983 799 3049 priorem
821 2987 1032 3041 restitui
1057 2991 1307 3058 gloriam.
1340 2992 1473 3046 Nam
1510 3006 1566 3048 ut
1599 2999 1782 3060 homo,
1813 3011 2040 3057 mortem

1641 324 2002 386 ΜΑΤΤΗίΕΙ
2045 328 2581 388 CANTACUZENI

2083 443 2131 500 Δ

3580 332 3727 400 1048

2803 438 3074 494 ΣΧΟΛΙΑ.

2243 530 2330 594 Ὦς
2359 529 2586 584 ἀπὸτοῦ
2651 532 2977 600 μονογενοῦς
3019 532 3152 586 Υίοῦ
3200 550 3398 604 φησιν’
3441 538 3730 604 Ἀνοιεόν

2157 639 2279 692 μοι,
2309 621 2542 694 ἀδελφή
2579 639 2720 692 μου,
2742 623 2781 691 ή
2811 623 3084 690 πλησίον
3108 642 3262 693 μουο
3295 627 3329 696 ἡ
3357 627 3458 697 ιμὲ
3477 628 3725 698 δηλονότι

2160 714 2303 766 κατὰ
2325 713 2503 781 σάρκα
2525 713 2813 782 τεξομένη.
2839 715 3162 783 asprata-pd
3183 733 3322 784 μου,
3352 721 3555 773 τελεία
3581 737 3724 788 μου·

2160 804 2222 857 τὸ
2248 803 2640 876 καθαρώτατον
2681 805 2806 874 ἐμοὶ
2829 806 2927 857 καὶ
2961 807 3258 878 ύπερτελὲς
3294 809 3501 879 ὄχημα.
3531 811 3655 864 Ὅτι
3679 813 3722 878 ﬂ

2158 896 2394 966 κεφαλή
2419 914 2538 965 μου
2567 896 2846 965 ἐπλήσθη
2877 896 3124 964 δρόσου,
3171 900 3270 956 καὶ
3300 903 3356 954 oi
3382 903 3724 970 βόστρυχοί

2154 1005 2273 1057 μου
2297 988 2584 1056 ψεκάδων
2615 990 2859 1054 νυκτός.
2892 991 3216 1059 Τουτέστιν,
3249 993 3357 1045 ὑπὸ
3386 993 3486 1062 τῆς
3512 995 3728 1047 εἰδωλο-

2163 1079 2380 1150 μανίας,
2422 1079 2518 1133 καὶ
2554 1081 2661 1133 τῶν
2692 1081 2812 1134 κατ’
2853 1081 2992 1135 αύτά
3036 1083 3254 1149 θυσιῶν,
3285 1087 3378 1137 καὶ
3414 1085 3517 1154 τῆς
3560 1085 3726 1154 ἄλλης

2159 1172 2297 1240 πρὸς
2336 1171 2474 1224 αύτά
2521 1170 2814 1240 βδελυκτῆς
2860 1173 3152 1242 λατρείαςο
3184 1174 3318 1242 ἔργα
3341 1175 3451 1245 γὰρ
3481 1175 3557 1238 ὡς
3593 1176 3728 1244 ἀλη-

2160 1261 2267 1325 θῶς
2295 1261 2466 1315 ταῦτα
2489 1262 2706 1324 νυκτός.
2745 1263 3057 1332 Ἐπλήσθη
3100 1265 3138 1331 ἠ
3169 1264 3404 1333 κεφαλή
3430 1283 3552 1334 μου
3588 1265 3725 1332 δρό-

2158 1367 2276 1412 σου
2303 1371 2317 1384 ·
2358 1354 2500 1424 ἦτοι,
2543 1352 2606 1406 'H
2653 1354 2789 1423 πρὸς
2828 1354 2930 1423 ἐμὲ
2979 1355 3202 1426 λατρεία
3235 1356 3512 1410 πὶπαυται
3552 1373 3726 1409 κατα-

2159 1444 2388 1515 κλυσμῷ
2436 1445 2543 1499 τῶν
2575 1445 2800 1499 ἐκείνων
2831 1446 3115 1502 ἀσεϐειῶν.
3151 1447 3258 1502 Καὶ
3292 1451 3346 1502 oi
3389 1449 3726 1517 βόστρυχοί

2153 1554 2274 1606 μου
2300 1535 2584 1605 ψεκὰδων
2608 1552 2622 1568 ο
2655 1537 2847 1608 ἤγουν,
2883 1534 2957 1592 Τὸ
2979 1539 3036 1592 ὲν
3063 1540 3189 1608 ἐμοὶ
3219 1540 3602 1609 ἀκατάληπτον
3629 1542 3724 1592 καὶ

2155 1625 2217 1678 τὺ
2263 1625 2426 1694 βάθος
2471 1623 2581 1677 τῶν
2616 1624 2903 1693 χριμάτων
2939 1641 3044 1690 μου
3095 1624 3561 1695 ὲμπεπαρῴνηται
3604 1627 3727 1687 ταῖς

2157 1717 2382 1770 ἐκείνων
2409 1714 2774 1784 ἀφροσύναις·
2810 1714 3007 1770 οὐκοῦν
3039 1716 3260 1786 καιρὸς,
3299 1717 3381 1779 είς
3415 1715 3727 1787 ἐπανόρθω-

2083 1805 2126 1861 Β
2157 1826 2243 1864 σιν
2281 1808 2389 1862 τῶν
2421 1808 2706 1871 τοιούτων,
2737 1808 3052 1877 παρουσίας
3075 1809 3174 1877 τῆς
3211 1807 3374 1877 ἐμῆς.

2824 1898 3047 1969 arma.

2243 1990 2661 2058 Ἐξεδυσὰμην
2704 1990 2811 2044 τὸν
2838 1988 3060 2056 χιτῶνά
3083 2007 3226 2058 μου,
3256 1991 3355 2042 και
3394 1989 3522 2056 πῶς
3548 1990 3724 2043 ἐνδύ-

2156 2099 2337 2151 σομαι
2369 2084 2598 2145 auter;
2648 2080 2955 2152 ἐνιψάμην
2999 2081 3142 2147 τοὺς
3189 2080 3381 2144 πόδας
3428 2098 3566 2149 μου,
3598 2081 3724 2148 πῶς

2154 2175 2396 2243 ponam
2433 2175 2656 2239 αὐτούς
2682 2189 2700 2237 ;

2805 2267 3078 2321 ΣΧΟΛΙΑ.

2236 2359 2333 2410 Ἐκ
2390 2355 2484 2410 τοῦ
2557 2355 2776 2426 πρώτου
2848 2357 3020 2426 Ἀδὰμ
3073 2357 3231 2410 τοῦτό
3286 2373 3456 2427 φησι·
3507 2355 3724 2410 Χιτῶνα

2152 2446 2419 2516 φθαρσίας
2475 2447 2646 2516 (forte
2713 2447 2896 2517 χιτῶν’
2954 2447 3304 2517 ἀφθαρσίας)
3367 2448 3591 2518 ἀπαθῆ,
3630 2449 3726 2502 καὶ

2149 2538 2492 2610 ἀνώλεθρον,
2555 2539 2646 2592 τὸν
2699 2539 2798 2608 τῆς
2878 2538 3298 2609 ἀναμαρτησίας
3351 2538 3720 2608 ἐνδεδυμένος,

2151 2631 2328 2700 σάρκα
2378 2629 2556 2684 λαϐὼν
2589 2631 2918 2700 παχυτέραν,
2942 2631 3036 2684 καὶ
3065 2630 3287 2701 θνητὴν,
3339 2633 3439 2684 καὶ
3461 2634 3571 2694 τοὶς
3603 2633 3719 2683 κατ’

2147 2723 2316 2793 αὐτὴν
2369 2723 2572 2778 ἅπασιν
2610 2721 2992 2790 ὑποκείμενος,
3030 2721 3449 2790 Ἐεεδυσάμην
3498 2722 3715 2774 αὐτόν’

2146 2817 2272 2882 πῶς
2339 2816 2669 2884 ἐνδύσομαι
2729 2813 2916 2869 αὐτόν
2957 2831 2987 2880 ;,
3037 2814 3178 2884 μεστὰ
3253 2814 3353 2880 τὴν
3421 2813 3711 2866 ἀνάστασιν

2145 2909 2387 2980 δηλονότι
2457 2907 2816 2976 ἀφθαρτήσας
2877 2906 2938 2958 τὸ
2996 2905 3146 2974 παχὺ
3209 2905 3304 2957 καὶ
3354 2904 3555 2970 γεῶδες
3616 2904 3714 2971 τῆς

2147 2999 2348 3071 σαρκὸς
2416 3000 2795 3072 πρόσλημμα,
2849 3000 2946 3054 καὶ
3008 3000 3088 3061 είς
3144 2999 3244 3068 τὴν
3308 2998 3580 3066 προτέραν
3616 2999 3710 3048 ἑπ-

478 3088 699 3142 quoque
730 3091 852 3128 eum
880 3079 1219 3146 extimuisse,
1247 3098 1310 3136 ex
1344 3085 1438 3138 illo
1491 3087 1658 3156 liquet
1690 3107 1705 3143 :
1770 3089 1956 3158 Pater,
1999 3097 2042 3150 si

2156 3091 2438 3161 αναγαγὼν
2490 3093 2620 3146 αὐτὸ
2670 3091 2923 3145 εὔκλειαν
2946 3107 2960 3121 ’
2994 3090 3069 3154 ῶς
3107 3091 3218 3160 γὰρ
3282 3091 3572 3184 ἄνθρωπος,
3608 3087 3697 3138 καὶ

479 3165 596 3232 ﬁeri
616 3175 803 3233 potest,
839 3177 1074 3224 transeat
1108 3191 1138 3224 a
1162 3190 1240 3227 me
1265 3177 1407 3228 calix
1431 3179 1526 3232 iste
1549 3181 1696 3234 "".—
1729 3181 1794 3236 Et
1819 3202 2046 3255 quonam

419 3283 422 3285 λ
479 3267 633 3321 pacto
663 3257 856 3312 induar
883 3260 975 3314 illa
998 3263 1024 3315 .’
1051 3264 1178 3317 dicit
1207 3284 1221 3319 :
1255 3266 1386 3321 Lavi
1419 3273 1574 3338 pedes
1627 3290 1788 3342 meos,
1821 3293 2045 3346 quonant

479 3360 633 3419 pacto
669 3354 955 3420 inquinabo
980 3356 1099 3410 illos
1125 3361 1150 3414 ?
1177 3359 1457 3428 Videlicet,
1496 3369 1734 3422 mundus
1780 3387 1901 3424 cum
1940 3374 2042 3428 sim

481 3460 511 3495 ιι
567 3443 840 3508 sordibus,
903 3462 1140 3514 quonam
1214 3463 1375 3520 pacto
1441 3465 1716 3525 tamquam
1764 3474 2044 3530 peccatum

480 3539 858 3603 perpetrarim,
882 3554 998 3593 smn
1053 3541 1104 3595 in
1141 3558 1304 3598 cruce
1356 3561 1658 3617 suspensus
1689 3552 1711 3605 ?
1743 3551 1836 3607 Vel
1883 3557 2044 3611 etiam

479 3628 605 3679 sic:
656 3625 760 3681 Per
803 3629 958 3697 pedes
1010 3647 1228 3686 carnem
1268 3637 1594 3704 signiﬁcavit
1674 3649 2044 3712 crassiorem;

479 3729 643 3781 quam
699 3725 752 3769 et
786 3727 913 3771 ante
948 3719 1121 3787 ipsum
1164 3721 1380 3777 divinus
1437 3735 1592 3794 pater
1640 3729 1802 3784 David
1837 3735 2047 3788 calcea-

478 3814 721 3858 ntentum
757 3822 856 3876 ιεβῃ
894 3810 1222 3867 llaveratJn
1265 3814 1580 3884 Idumwam,
1623 3821 1819 3891 inquit,
1865 3835 2044 3880 exten-

478 3895 601 3947 dam
634 3898 1044 3972 calceamentum
1078 3920 1249 3958 meum
1269 3907 1334 3961 7°.
1400 3908 1464 3964 Et
1490 3911 1596 3964 alio
1630 3913 1682 3966 in
1715 3915 1833 3970 loco
1861 3934 1874 3969 :
1906 3917 2048 3971 Ado-

477 3985 712 4040 rabimus
743 3988 796 4040 in
827 3989 961 4055 loco,
995 3993 1049 4044 in
1086 4011 1186 4060 quo
1233 4007 1486 4052 steterunt
1515 4002 1666 4065 pedes
1692 4003 1805 4070 ejus
1839 4004 1906 4068 3°,
1945 4007 2047 4062 hoc

479 4087 582 4140 est,
613 4080 664 4132 in
696 4097 804 4148 quo
832 4094 1050 4152 sumpta
1109 4101 1272 4141 carne
1333 4093 1655 4161 peragravit,
1716 4110 2048 4167 carnemque

479 4169 652 4237 ipsam
679 4173 860 4227 divino
887 4190 989 4230 suo
1027 4179 1150 4231 lavit
1195 4182 1482 4248 sanguine.
1526 4184 1732 4241 Idcirco
1763 4203 1868 4242 non
1909 4205 2046 4260 opus

479 4270 562 4314 est
583 4263 693 4330 jam
724 4265 958 4332 amplius
996 4268 1048 4320 in
1081 4269 1241 4323 terris
1264 4273 1327 4323 ad
1349 4287 1469 4326 eam
1508 4275 1706 4330 redire.

1180 4447 1380 4504 CANT.

551 4532 605 4587 4.
635 4533 806 4601 Nepos
840 4550 980 4587 meus
1010 4539 1225 4591 immisit
1244 4557 1456 4594 manum
1486 4556 1637 4595 suam
1673 4542 1742 4595 ad
1781 4543 2042 4616 foramen,
2069 4541 2074 4544 ’

481 4633 530 4676 et
563 4635 737 4678 venter
765 4643 906 4681 meus
934 4631 1175 4687 turbatus
1198 4646 1270 4686 est
1299 4651 1457 4702 super
1489 4654 1628 4692 eum.

1115 4724 1431 4781 SCHOLIA.

540 4810 665 4866 Hoc
695 4824 798 4877 est,
825 4815 890 4880 is,
925 4817 1019 4885 qui
1051 4832 1114 4871 ex
1149 4833 1252 4874 avo
1282 4836 1402 4874 meo
1458 4823 1819 4892 descendens,
1876 4826 2044 4894 illius,

480 4903 570 4971 qui
606 4916 634 4955 a
663 4918 746 4956 me
777 4916 860 4958 est
889 4907 1281 4974 genitus.Hune
1329 4914 1473 4965 enim
1569 4915 1744 4983 ipsum
1793 4928 2044 4987 nepotem

479 5012 699 5065 quoque
748 4999 1062 5067 appellavit,
1124 5009 1382 5071 tanquam
1434 5019 1497 5059 ex
1562 5008 1726 5062 David
1785 5021 1839 5064 et
1888 5011 2046 5066 Salo-

483 5103 644 5140 mone
672 5097 882 5142 natum.
913 5087 1145 5144 Immisit
1195 5109 1410 5147 manum
1472 5115 1626 5151 suam
1665 5101 1734 5154 ad
1781 5102 2046 5171 foramen,

481 5189 530 5231 et
564 5191 737 5233 venter
759 5197 901 5234 meus
936 5181 1177 5238 turbatus
1207 5196 1282 5238 est
1312 5203 1467 5253 super
1510 5206 1627 5244 eum
1654 5208 1675 5256 ;
1702 5193 1750 5245 id
1780 5203 1882 5258 est,
1945 5194 2049 5248 Ini-

483 5274 554 5325 sit
587 5288 651 5326 ex
683 5288 795 5327 sua:
819 5274 1111 5330 voluntatis
1168 5279 1386 5347 placito,
1445 5298 1539 5350 per
1601 5282 1930 5346 Gabrielem,
1993 5285 2044 5338 in

487 5380 572 5418 me
627 5366 882 5420 virtutem
943 5367 1113 5436 ipsius
1167 5371 1606 5436 obumbrantem,
1638 5390 1797 5442 quam
1824 5390 2042 5428 manum

482 5456 740 5522 appellat.
769 5457 1072 5512 Acci-dente
1101 5475 1224 5515 vero
1249 5463 1424 5531 angeli
1461 5477 1610 5525 voce,
1636 5479 1758 5516 cum
1787 5463 2040 5518 altissimi

484 5543 576 5598 Dei
628 5549 971 5616 conciperem
1007 5548 1262 5615 Verbum,
1308 5551 1568 5605 Turbatus
1613 5566 1685 5607 est
1714 5569 1867 5620 super
1923 5570 2040 5606 eum

560 5727 606 5757 ⁷⁸
639 5726 827 5782 Matth.
855 5746 1001 5791 XXVI,
1032 5731 1119 5784 59.

2076 4469 2130 4526 Ι)

2154 3185 2244 3238 τὸν
2311 3185 2540 3238 θάνατον
2577 3183 2788 3255 δειλιᾷ·
2851 3183 2992 3238 κατὰ
3039 3184 3140 3248 τὸ,
3173 3182 3382 3250 Πάτερ,
3425 3182 3476 3232 εί
3520 3179 3692 3231 δυνα-

2154 3277 2280 3337 τὸν.
2319 3276 2660 3344 παρελθέτω
2683 3277 2754 3339 τὸ
2780 3277 3068 3343 ποτήριον
3118 3275 3293 3330 τοῦτο
3325 3271 3415 3326 ἀπ’
3445 3269 3603 3338 ἐμοῦ.
3625 3299 3694 3310 -

2153 3369 2261 3423 Καὶ
2319 3369 2446 3433 πῶς
2491 3369 2822 3437 ἐνδύσομαι
2860 3368 3087 3432 αὐτόν;
3139 3368 3327 3437 φησίν.
3378 3361 3703 3431 Ἐνιψάμην

2154 3459 2297 3526 τοὺς
2347 3460 2536 3526 πόδας
2574 3477 2734 3530 μου·
2779 3460 2906 3526 πῶς
2941 3461 3188 3528 μολύνω
3238 3459 3500 3522 αὑτούς;
3531 3457 3708 3526 ἡγουν.

2159 3555 2418 3624 Καθαρὸς
2450 3555 2709 3624 ἐγινόμην
2748 3555 2857 3609 ἀπὸ
2907 3556 3082 3626 ῥύπου
3105 3571 3120 3586 ⁸
3158 3553 3276 3617 πῶς
3325 3553 3400 3614 ὡς
3449 3551 3713 3622 ἁμαρτίαν

2156 3645 2493 3716 πεποιηκὼς,
2523 3647 2616 3699 ἐπὶ
2649 3647 2884 3714 σταυροῦ
2913 3647 3242 3716 ἀναρτηθῶ;
3277 3647 3349 3698 ’Ὴ
3381 3645 3477 3696 καὶ
3515 3643 3711 3702 οὕτως·

2159 3739 2355 3804 Πόδας
2384 3738 2484 3807 τὴν
2514 3739 2826 3808 παχυτέραν
2861 3737 3129 3804 δεδήλωκε
3155 3738 3335 3807 σάρκα
3358 3753 3375 3770 ο
3405 3737 3473 3806 ἢν
3495 3732 3718 3800 καὶαπρδ

2155 3827 2318 3880 αὑτοῦ
2351 3826 2600 3897 ὑπόδημα
2627 3828 2849 3897 εἴρηκεν
2877 3828 2905 3879 ὁ
2933 3826 3217 3895 θεοπάτωρ
3239 3825 3422 3880 Δαϐίδ.
3457 3825 3586 3879 Ἐπί
3609 3822 3719 3888 τὴν

2166 3918 2525 3986 Ἰδουμαίαν,
2557 3919 2739 3986 φησὶν,
2764 3915 2982 3971 ἐκτενῶ
3025 3915 3092 3969 τὸ
3130 3915 3407 3984 ὑπόδημά
3432 3932 3571 3984 μου.
3611 3913 3717 3965 Καὶ

2155 4011 2213 4061 ὲν
2271 4011 2480 4079 ἐτέρῳ’
2523 4009 3053 4077 Προσκυνήσωμεν
3103 4010 3193 4072 είς
3239 4008 3348 4059 τὸν
3389 4011 3594 4069 τόπον,
3644 3998 3713 4057 οὗ

2153 4100 2427 4167 ἔστησαν
2475 4103 2530 4155 oi
2578 4100 2760 4165 πόδες
2805 4100 3032 4153 αὐτοῦ’
3067 4098 3363 4163 τουτέστιν,
3419 4097 3477 4148 ὲν
3524 4089 3566 4159 ᾧ
3619 4095 3714 4162 τὴν

2155 4190 2333 4260 σάρκα
2363 4189 2541 4242 λαϐὼν
2588 4190 2981 4260 περιεπάτησε,
3018 4189 3110 4242 καὶ
3160 4188 3378 4256 ἐνίψατο
3420 4185 3591 4267 αὐτὴν
3639 4183 3716 4252 τῷ

2156 4281 2285 4352 θείῳ
2316 4282 2480 4335 αὐτοῦ
2528 4283 2755 4351 αἵματιο
2787 4281 3034 4335 διατοῦτο
3073 4280 3173 4333 οὐκ
3225 4278 3306 4332 ἐτι
3346 4277 3505 4348 χρεία
3532 4274 3715 4328 λοιπὸν

2157 4372 2280 4424 κατ’
2309 4371 2477 4440 αὐτὴν
2509 4373 2566 4424 ὲν
2596 4373 2707 4436 τοῖς
2737 4373 2946 4440 γηῖνοις
2974 4370 3430 4442 ἀναστρέφεσθαι.

2879 4464 3040 4517 ΣΜΛ.

2879 4464 3040 4517 ΣΜΑ.

2230 4551 2576 4621 Ἀδελφιδός
2606 4571 2724 4620 μου
2778 4460 3099 4607 egeamus
3144 4551 3311 4620 χεῖρα
3365 4551 3551 4604 αὐτοῦ
3593 4547 3711 4603 ἀπὸ
3768 4604 3815 4630 Η

2147 4649 2258 4717 τῆς
2288 4644 2581 4714 deiﬁcum!
2605 4647 2642 4713 ἡ
2667 4648 2866 4699 κοιλία
2880 4663 3000 4713 μου
3023 4645 3277 4714 ἐθροήθη
3301 4643 3394 4698 ἐπ’
3436 4643 3639 4697 αὐτόν.

2793 4736 3065 4794 ΣΧΟΛΙΛ.

2220 4831 2532 4892 Τουτέστιν,
2557 4831 2585 4881 ὁ
2615 4828 2678 4880 ἐκ
2704 4825 2799 4879 τοῦ
2822 4826 2954 4897 ἐμοῦ
2987 4825 3334 4896 προπάτορος
3374 4825 3499 4894 ἐμοὶ
3530 4838 3716 4892 γεννη-

2152 4923 2265 4985 θεὶς
2307 4923 2450 4984 υῑόςο
2483 4920 2669 4972 τοῦτον
2717 4918 2825 4986 γὰρ
2872 4919 2968 4972 καὶ
3017 4917 3298 4985 sanetam
3342 4913 3716 4986 προσηγόρευ-

2153 5029 2265 5076 σεν,
2295 5010 2370 5072 ὡς
2427 5010 2491 5062 ὲκ
2525 5007 2620 5062 τοῦ
2680 5007 2845 5061 Δαόὶδ
2883 5007 2978 5059 καὶ
3026 5004 3118 5059 τοῦ
3169 5006 3510 5076 Σαλομῶνος.
3549 5000 3712 5057 Ἀπέ-

2155 5106 2360 5157 στειλε
2404 5101 2569 5170 χεῖρα
2593 5099 2778 5154 αὐτοῦ
2807 5099 2926 5154 ἀπὸ
2965 5097 3072 5164 τῆς
3098 5095 3252 5165 ὀπῆς
3273 5113 3287 5126 θ
3319 5096 3416 5151 καὶ
3447 5097 3483 5164 ἡ
3521 5093 3715 5148 κοιλία

2153 5212 2272 5264 μου
2311 5191 2564 5261 ἐθροήθη
2596 5191 2666 5246 ὲν
2700 5189 2880 5255 αὐτῷ.
2913 5191 3140 5258 Ἥγουν,
3187 5189 3534 5242 Ἀπέστειλεν
3565 5185 3713 5236 εὐδο-

2157 5286 2335 5355 κήσας
2377 5284 2462 5337 διὰ
2493 5281 2586 5336 τοῦ
2634 5281 2873 5352 Γασβιὴλ
2918 5281 3015 5351 τὴν
3049 5282 3450 5334 ὲπισκιάςασαν
3486 5277 3543 5329 ἐν
3591 5274 3710 5342 ἐμοὶ

2155 5374 2386 5444 δύναμιν
2422 5372 2586 5427 αὑτοῦ
2612 5388 2630 5404 ⁸
2663 5374 2729 5444 ἢν
2783 5373 2878 5426 καὶ
2928 5373 3091 5442 χεῖρα
3135 5369 3413 5438 ὀνομάζει.
3456 5363 3710 5420 Ἐλθοῦσα

2153 5468 2208 5520 δὲ
2246 5470 2279 5538 ὴ
2322 5465 2471 5536 παρά
2498 5465 2589 5519 τοῦ
2631 5463 2864 5532 ἀγγέλου
2910 5463 3084 5533 φωνὴ,
3120 5465 3177 5516 ἑν
3204 5460 3280 5532 τῷ
3315 5457 3706 5528 συλλαμϐάνειν

2156 5575 2222 5625 με
2277 5557 2367 5610 τὸν
2420 5556 2513 5609 τοῦ
2569 5555 2794 5626 ὑψίστου
2840 5553 2975 5609 Θεοῦ
3031 5555 3222 5624 Λόγον,
3273 5550 3561 5620 Ἐθροήθη
3613 5544 3705 5600 ex

1196 5731 1238 5761 ⁷⁵
1273 5732 1414 5785 Psal.
1455 5745 1582 5788 cvu.
1621 5733 1701 5786 l0.
1779 5735 1822 5765 ⁸ο
1855 5734 2001 5790 Psal.
2033 5750 2220 5790 CXXXI.
2259 5737 2309 5788 7.
