4064 6266
368 367 506 438 1049

1327 380 1478 440 con
1497 379 1740 445 near.
1776 382 1861 446 IN
1912 371 2306 447 CANTICUM
2343 364 2636 447 CANTIC.

3487 384 3636 448 1050

368 489 560 545 αὐτὸν
594 490 636 560 ἠ
667 489 871 546 κοιλία
911 507 1052 562 μου.
1081 492 1292 563 Ἐφησε
1321 494 1452 564 γὰρ,
1483 495 1616 563 Πῶς
1645 497 1820 552 ἔσται
1844 515 1946 567 μοι

2050 510 2229 555 venter
2257 512 2425 555 meus.
2466 498 2776 555 Dixitenim
2807 516 2822 556 :
2848 498 3124 565 Quomodo
3173 497 3271 552 hoc
3329 497 3460 550 mihi
3505 501 3629 563 erit.

369 582 570 652 τοῦτο,
620 582 752 637 ἐπεὶ
799 583 991 653 ἄνδρα
1019 586 1093 639 οὐ
1118 585 1390 656 γινώσκω
1415 604 1435 652 ;
1463 589 1733 644 Μαθοῦσα
1758 590 1816 643 δὲ
1841 590 1942 662 τὴν

369 674 570 740 αἰτίαν,
621 675 778 730 Ἰδοὺ
814 677 854 744 ἠ
900 676 1094 746 δούλη
1127 678 1368 746 Κυρίου,
1406 678 1562 750 φησὶ,
1590 679 1824 750 γένοιτό
1841 695 1944 752 μοι

367 767 521 821 κατὰ
549 765 615 821 τὸ
643 766 807 837 ῥῆμά
836 783 977 825 σου.

1043 853 1288 931 ᾏΣΜΑ.

447 948 745 1017 Ἀνέστην
770 950 886 1020 ἐγὼ
933 951 1173 1016 ἀνοῖξαι
1215 952 1297 1018 τῷ
1318 951 1622 1021 ἀδελφιδῷ
1646 970 1766 1022 μου
1790 967 1807 985 ο
1828 953 1946 1021 χεῖ-

356 1042 466 1110 ρές
514 1060 637 1111 μου
693 1044 966 1109 ἔσταξαν
1021 1045 1335 1113 σμύρναν·
1396 1048 1450 1098 οι
1504 1044 1799 1100 δάκτυλοι
1821 1064 1943 1115 μου

363 1135 648 1202 σμύρναν
668 1134 896 1204 πλήρη,
921 1137 1023 1192 ἐπὶ
1059 1136 1265 1205 χεῖρας
1292 1135 1398 1189 τοῦ
1427 1137 1733 1204 κλείθρου.

1011 1228 1289 1281 ΣΧΟΛΙΑ.

446 1320 505 1371 Ὀ
535 1317 635 1386 μὶν
674 1319 958 1387 ἀδελφιδὸς
1001 1321 1346 1375 ἐπισπεύδων
1376 1324 1474 1393 τὴν
1511 1320 1707 1375 ἑαυτοῦ
1741 1337 1948 1391 παρου-

364 1405 508 1471 σίαν,
546 1406 614 1458 ἶν’
662 1407 832 1475 ἡμᾶς,
871 1408 942 1461 δι’
975 1410 1155 1479 ἄκραν
1196 1411 1528 1481 ἀγαθότητα,
1570 1413 1678 1466 τῶν
1730 1411 1821 1464 τοῦ
1851 1427 1949 1463 πο-

363 1497 536 1567 νηροῦ
581 1500 782 1569 χειρῶν
817 1501 1143 1573 ἀφαρπάσῃ,
1176 1504 1442 1568 τοιούτοις
1472 1507 1619 1560 τισὶν
1669 1489 1946 1574 ἐχρήσατο

365 1591 568 1658 λόγοις.
606 1591 674 1645 Ἠ
707 1592 761 1645 δὲ
819 1595 1160 1663 πανάμωμος
1194 1596 1491 1666 Παρθένος,
1529 1597 1809 1650 ἀκούσασα
1847 1596 1947 1666 τὴν

369 1681 646 1752 μακαρίαν
686 1683 781 1738 τοῦ
809 1684 1044 1751 ἀγγέλου
1098 1687 1304 1758 φωνὴν,
1356 1686 1642 1756 Ἀνέστην
1682 1687 1818 1757 ἐγὼ,
1843 1705 1950 1759 φη-

366 1775 475 1836 σὶν,
503 1775 741 1840 ἀνοῖξαι
774 1775 854 1841 τῷ
882 1777 1191 1847 ἀδελφιδῷ
1216 1797 1352 1846 μου.
1395 1782 1438 1834 Τ
1441 1781 1676 1844 ουτὲστι,
1695 1782 1850 1834 Μετὰ
1884 1783 1944 1834 τὸ

364 1863 714 1932 δυσχερᾶναι,
753 1865 848 1919 καὶ
895 1867 1064 1936 φάναι
1119 1866 1260 1935 πρὸς
1307 1867 1401 1920 τὸν
1446 1868 1708 1937 ἄγγελον·
1749 1869 1943 1924 Πόθεν

366 1955 540 2011 ἔσται
571 1974 672 2022 μοι
717 1958 922 2024 τοῦτο,
967 1959 1100 2013 ἐπεὶ
1135 1959 1328 2028 ἄνδρα
1376 1963 1448 2014 οὐ
1501 1960 1817 2029 feribant»;
1845 1961 1944 2014 καὶ

364 2047 467 2116 τὴν
495 2047 566 2120 ἢν
597 2049 734 2117 πρὸς
764 2050 935 2120 αὐτὴν
963 2053 990 2104 ὁ
1021 2051 1262 2122 Γαϐριὴλ
1282 2053 1574 2124 ἀπόκρισιν
1605 2055 1900 2124 ἐποιήσατο
1925 2068 1938 2083 ⁸

366 2141 612 2209 Πνεῦμα
652 2141 825 2211 ἅγιον
853 2144 1249 2199 ἐπελεύσεται
1291 2145 1390 2199 ἐπὶ
1420 2146 1518 2208 σὲ,
1557 2146 1656 2200 καὶ
1691 2145 1946 2214 δύναμις

377 2233 393 2252 '
406 2235 678 2302 Υψίστου
695 2236 1038 2290 ἐπισκιάσει
1055 2252 1148 2302 σε,
1175 2238 1272 2292 καὶ⁵
1291 2237 1390 2308 τὴν
1417 2239 1554 2308 μετὰ
1572 2237 1743 2292 ταῦτα
1766 2241 1946 2292 πάντα

367 2327 766 2393 συγκατάθεσιν
786 2329 884 2398 τῆς
899 2330 1200 2397 πανάγνου,
1231 2330 1546 2396 Ἀνέστην,
1571 2332 1757 2400 φησὶν,
1783 2328 1945 2384 ἀνοῖ-

369 2420 470 2484 ξαι
524 2420 604 2485 τῷ
655 2422 961 2492 ἀδελφιδῷ
990 2441 1142 2493 μου·
1190 2426 1477 2496 μονονουχὶ
1528 2425 1688 2478 τοῦτο
1735 2426 1941 2492 λέγων’

381 2511 530 2567 Ἰδοὺ
554 2512 592 2578 ἠ
621 2513 810 2582 δούλη
843 2517 1085 2584 Κυρίου,
1113 2517 1348 2586 γένοιτό
1365 2534 1470 2586 μοι
1511 2515 1661 2570 κατὰ
1691 2517 1758 2572 τὸ
1781 2515 1945 2586 ῥῆμά

372 2619 516 2659 σου.
535 2635 608 2647 -
626 2610 696 2660 Al
727 2607 927 2676 χεῖρές
949 2627 1067 2677 μου
1093 2609 1366 2675 ἔσταξαν
1395 2611 1675 2679 σμύρναν
1698 2625 1713 2641 ·
1750 2611 1941 2678 ήγουν,

369 2693 487 2764 ἅμα
520 2699 586 2768 τῇ
624 2701 1017 2766 συγκαταθέσει
1071 2703 1162 2754 καὶ
1203 2705 1236 2772 ή
1296 2705 1576 2772 σάρκωσις
1621 2702 1942 2770 ἑνηργεῐτοο

371 2783 461 2838 διὰ
515 2789 615 2856 μὲν
668 2788 763 2842 οὖν
810 2791 910 2858 τῆς
938 2789 1190 2860 σμύρνης
1241 2792 1342 2860 τὴν
1380 2791 1630 2861 βροτείαν
1673 2789 1946 2859 δεδήλωκε

374 2877 575 2946 σάρκα,
600 2878 690 2932 διὰ
728 2879 786 2933 δὲ
813 2880 922 2935 τῶν
967 2881 1168 2950 χειρῶν
1196 2882 1298 2948 τὴν
1332 2884 1399 2952 τῇ
1440 2883 1634 2949 κυήσει
1685 2880 1948 2950 συνεργὸν

370 2967 622 3034 δύναμιν.
657 2972 722 3022 οι
771 2968 1066 3025 δάκτυλοι
1091 2988 1210 3040 μου
1252 2973 1534 3040 σμύρναν
1580 2971 1806 3039 πλήρη.
1855 2970 1950 3023 Ἐκ

373 3058 758 3128 παραλλήλλου
788 3061 850 3113 τὸ
884 3061 1019 3113 αὐτό
1051 3078 1205 3130 φησι.
1230 3062 1440 3130 Πλήρη
1470 3060 1528 3114 δὲ
1558 3055 1703 3126 εἶπε,
1731 3059 1948 3123 δεικνὺς

2043 592 2294 658 quoniam
2329 593 2500 646 virum
2541 608 2646 646 non
2704 593 3009 662 cognosco?
3067 589 3171 646 Ubi
3226 605 3356 644 vero
3408 605 3629 644 causam

2043 683 2284 739 didicit:
2345 684 2502 748 Ecce,
2570 685 2772 756 inquit,
2826 685 3025 738 ancilla
3086 682 3442 752 Domini,/iat
3505 683 3632 735 mihi

2045 778 2338 832 secundum
2365 780 2579 832 verbum
2607 791 2754 833 tuum
2788 778 2856 834 ".
3414 767 3420 772 ’

2757 865 2963 926 CANT.
3593 926 3600 935 ,

2120 962 2174 1018 5.
2206 948 2432 1018 Surrexi
2463 980 2554 1034 ego
2590 973 2644 1017 ut
2712 964 2970 1034 aperirem
3027 961 3202 1030 nepoti
3254 975 3366 1014 meo
3396 974 3413 1022 ;
3440 976 3633 1012 manus

2047 1072 2176 1109 mere
2237 1056 2573 1110 stillaverunt
2643 1058 2938 1124 myrrham,
3009 1054 3164 1124 digiti
3214 1053 3315 1106 mei
3367 1055 3666 1120 myrrham-

2045 1145 2292 1212 plenam,
2325 1161 2487 1214 super
2515 1161 2705 1198 manus
2747 1145 2814 1197 ad
2847 1144 3164 1198 claustrum.

2695 1235 3009 1293 SCHOLIA.

2119 1330 2297 1400 Nepos
2330 1330 2549 1399 quidem
2583 1345 2707 1384 cum
2743 1346 2900 1384 suum
2932 1329 3266 1384 acceleraret
3314 1329 3633 1394 adventum,

2049 1427 2110 1477 ut
2134 1437 2255 1487 nos,
2312 1422 2384 1477 ob
2430 1438 2698 1476 summam
2763 1422 3083 1488 bonitatem,
3141 1438 3169 1476 a
3239 1421 3636 1475 cacodaemouis

2049 1515 2304 1568 manibus
2328 1514 2604 1576 liberaret,
2649 1513 2924 1582 ejusmodi
2974 1530 3108 1569 usus
3134 1523 3216 1568 est
3266 1514 3633 1568 sermonibus.

2048 1601 2326 1674 lnculpata
2387 1619 2514 1658 vero
2560 1604 2748 1674 Virgo,
2805 1621 2929 1660 cum
2992 1605 3252 1668 faustam,
3314 1604 3638 1672 felicemque

2051 1699 2294 1754 audisset
2328 1699 2503 1767 angeli
2537 1715 2722 1754 vocem
2763 1718 2776 1753 :
2814 1697 3038 1752 Surrexi
3070 1713 3185 1768 ego,
3220 1697 3370 1760 dicit,
3404 1705 3459 1749 ut
3512 1712 3637 1764 ape-

2051 1790 2213 1842 rirem
2245 1806 2359 1843 meo
2421 1789 2739 1858 nepoti.Hoc
2777 1799 2898 1845 est:
2967 1789 3095 1843 Post
3139 1787 3535 1843 haésitationem
3584 1798 3640 1843 et

2050 1883 2535 1952 interrogationem
2567 1883 2758 1954 angelo
2789 1883 2989 1938 factam
3013 1899 3028 1939 :
3062 1881 3211 1937 Unde
3238 1883 3334 1936 hoc
3356 1882 3487 1935 mihi
3513 1883 3640 1944 erit,

2049 1975 2304 2044 quoniam
2362 1976 2533 2029 virum
2579 1992 2684 2028 non
2732 1975 3037 2045 cognosco?
3064 1981 3120 2029 et
3183 1983 3304 2042 post
3363 1973 3506 2026 illam
3535 1972 3642 2027 Ga-

2049 2064 2237 2120 brielis
2291 2064 2709 2135 responsionem
2737 2065 2801 2118 ad
2860 2065 3079 2135 ipsam:
3139 2063 3371 2133 Spiritus
3421 2074 3640 2118 sanctus
3707 2079 3744 2119 '.

2051 2155 2370 2222 superveniet
2423 2155 2475 2207 in
2509 2163 2577 2218 te,
2635 2165 2682 2208 et
2749 2156 2917 2209 virtus
2973 2154 3240 2209 Altissimi
3305 2152 3642 2206 obumbrabit

2054 2246 2190 2309 te",
2228 2253 2351 2314 post
2382 2245 2496 2300 haec
2530 2246 2736 2309 omnia,
2765 2253 2819 2301 et
2848 2246 3156 2314 purissima:
3177 2243 3418 2314 Virginis
3451 2258 3644 2299 assen-

2053 2350 2175 2392 sum
2205 2341 2260 2390 e't
2302 2335 2752 2404 approbationem
2785 2352 2800 2388 :
2849 2334 3093 2400 Surrexi,
3130 2335 3328 2402 inquit,
3383 2343 3439 2385 ut
3467 2332 3643 2402 aperi-

2054 2443 2161 2480 rem
2217 2426 2395 2495 nepoti
2460 2441 2594 2488 meo,
2628 2434 2842 2479 tantum
2898 2440 3002 2478 non
3061 2424 3164 2478 hoc
3223 2425 3450 2478 dicens:
3512 2421 3644 2476 Ecce

2054 2519 2254 2572 ancilla
2286 2517 2521 2580 Domini,
2551 2517 2646 2585 fiat
2675 2517 2805 2570 mihi
2833 2515 3122 2571 secundum
3147 2515 3360 2570 uerbum
3395 2526 3542 2568 tuum
3573 2515 3641 2568 ⁸³.

2053 2639 2123 2652 --
2155 2608 2348 2663 Manus
2376 2625 2504 2662 mea'
2534 2609 2871 2662 stillaverunt
2899 2609 3194 2679 myrrham.
3241 2607 3524 2671 Videlicet,
3550 2622 3646 2662 as-

2055 2701 2308 2756 sensione
2337 2699 2597 2769 priestita,
2636 2699 2938 2754 incarnatio
2962 2699 3165 2768 pariter
3197 2699 3338 2754 lucta
3390 2707 3493 2753 est.
3530 2699 3636 2752 Per

2057 2791 2336 2862 myrrham
2369 2791 2550 2859 itaque
2583 2789 2870 2844 mortalem
2895 2788 3223 2859 signiﬁcavit
3247 2802 3468 2843 carnem
3503 2802 3644 2856 ;per

2055 2898 2272 2947 manus,
2309 2881 2569 2935 virtutem
2621 2882 2800 2952 partui
2855 2889 3268 2950 cooperantem.
3324 2879 3495 2948 Digiti
3542 2879 3646 2934 mei

2054 2979 2325 3045 myrrham
2364 2973 2612 3043 plenam;
2646 2974 2787 3026 idem
2836 2973 2950 3028 fere
3004 2973 3234 3028 diversis
3281 2972 3530 3028 vocibus.
3560 2970 3643 3025 di-

2057 3068 2152 3121 cit.
2213 3063 2435 3119 Plenam
2473 3080 2605 3118 vero
2649 3065 2744 3129 ait,
2795 3080 2906 3136 quo
2953 3064 3292 3119 demonstret
3343 3063 3640 3132 perfectam

373 3148 474 3219 τήν
499 3151 641 3204 κατὰ
667 3151 928 3222 ἀλήθειαν
954 3153 1345 3222 ἑντελεστάτην
1389 3155 1667 3222 σάρκωσιν
1705 3150 1801 3204 τοῦ
1840 3152 1948 3203 Σω⁴

2058 3172 2354 3226 veramque
2407 3156 2773 3225 assumpsisse
2825 3171 3070 3221 carnem,
3121 3170 3232 3211 non
3315 3165 3494 3209 autem
3550 3167 3648 3222 per

375 3241 561 3310 τῆρος,
598 3243 691 3295 καὶ
725 3243 791 3296 οὺ
849 3243 988 3297 κατὰ
1041 3243 1364 3312 φαντασίαν.
1409 3243 1543 3298 Ἐπὶ
1587 3243 1792 3312 χεῖρας
1843 3240 1952 3295 τοῦ

373 3335 655 3401 κλείθρου
683 3355 695 3368 -
728 3335 919 3406 ήγουν,
968 3337 1022 3404 αξ
1060 3336 1161 3406 μὲν
1199 3337 1550 3406 ὲνιργητικαὶ
1595 3335 1857 3404 δυνάμεις
1885 3336 1952 3404 τῇ

380 3429 574 3494 κυήσει
602 3427 743 3480 κατὰ
763 3429 927 3496 νόμον
945 3429 1195 3496 ἐγένοντο
1229 3427 1448 3496 φύσεως
1470 3443 1485 3458 ⁸
1517 3426 1584 3479 τὰ
1611 3427 1670 3480 δὲ
1725 3424 1955 3493 κλεῖθρα

376 3520 477 3590 τῆς
503 3518 798 3589 παρθενίας
829 3520 970 3590 ὑπὲρ
1014 3521 1178 3588 φύσιν
1223 3519 1480 3590 ἀλώϐητα
1506 3519 1951 3589 διατετήρηνται.

1057 3606 1297 3683 ’ᾼΣΜΑ.

453 3707 696 3770 Ἠνοιεα
720 3705 834 3776 ἐγὼ
858 3705 937 3772 τῷ
963 3703 1268 3773 ἀδελφιδῷ
1285 3721 1405 3773 μου
1425 3720 1440 3734 ·
1465 3701 1790 3771 ἀδελφιδός
1835 3718 1956 3770 μου

378 3799 672 3869 παρῆλθε.
713 3799 885 3870 Ψυχή
917 3818 1037 3871 μου
1058 3800 1320 3868 ἐξῆλθεν
1346 3799 1417 3853 ἐν
1446 3801 1605 3867 λόγω
1635 3796 1844 3852 αὑτοῦ.

1029 3915 1306 3970 ΣΧΟΛΙΑ.

454 4029 697 4094 Ἤνοιξα
743 4029 912 4100 αὐτῷ,
967 4033 1135 4101 φησὶν
1190 4033 1223 4101 ή
1283 4029 1602 4101 Παρθένοςο
1653 4027 1956 4093 τουτέστιν,

383 4119 678 4174 συνέλαϐον
705 4122 890 4176 αὐτόν.
929 4123 1257 4192 Πρόσκειται
1297 4123 1353 4176 δὲ
1395 4120 1673 4174 κάνταῦθα
1707 4119 1792 4183 τὸ,
1821 4118 1958 4188 ἐγὼ,

377 4213 458 4274 νὼς
483 4213 575 4265 καὶ
603 4208 860 4284 ἀνωτέρω
879 4231 893 4245 ο
913 4214 1208 4281 Ἀνέστην
1230 4213 1344 4282 ἐγὼ
1368 4212 1608 4277 ἀνοῖξαι
1625 4228 1640 4244 ο
1669 4213 1758 4266 ἵνα
1774 4211 1961 4279 σαφῶς

382 4303 624 4375 ὲμφαίνη
671 4304 799 4358 ἄνευ
849 4303 1043 4374 ἀνδρὸς
1098 4304 1198 4374 τὴν
1237 4304 1377 4373 ὑπὲρ
1447 4301 1574 4356 νοῦν
1629 4299 1960 4370 γεγενῆσθαι

387 4383 668 4463 σύλληψιν.
716 4396 869 4465 Μόνη
921 4395 977 4447 δὲ
1020 4397 1054 4465 ἡ
1097 4387 1234 4465 αὑτὴ
1279 4396 1312 4464 ή
1344 4393 1619 4465 ιΙαρθένος
1658 4390 1961 4460 αὐτουργὸς

385 4485 485 4550 τῆς
503 4485 818 4555 συλλήψεως
841 4486 1088 4554 γέγονεν.
1105 4488 1161 4540 Ἀ
1173 4485 1456 4554 δελφιδός
1471 4502 1590 4554 μου
1607 4482 1922 4552 παρῆλθεν
1941 4498 1957 4517 ο

2056 3250 2292 3318 speciem
2329 3253 2383 3300 et
2416 3251 2711 3314 specuum.
2769 3244 2941 3316 Super
2973 3263 3161 3300 atauus
3194 3241 3466 3310 claustri;
3498 3242 3650 3297 vide-

2055 3343 2205 3404 licet,
2253 3339 2488 3393 virtutes
2536 3336 2758 3405 quidem
2824 3339 3093 3406 operat-ise
3148 3351 3212 3390 ex
3281 3347 3492 3390 natura:
3529 3333 3651 3403 lege

2055 3432 2374 3490 deserviunt
2419 3427 2627 3497 partui,
2690 3427 2928 3496 Virginis
2989 3441 3122 3480 Vero
3175 3425 3437 3490 claustra,
3481 3437 3649 3492 supra

2057 3535 2338 3584 naturam,
2380 3518 2548 3573 illaesa
2586 3515 2740 3570 fuere
2763 3523 3005 3571 servata.

2747 3607 2955 3663 CANT.

2129 3709 2182 3764 6.
2222 3705 2418 3769 Aperui
2445 3721 2535 3774 ego
2563 3702 2737 3772 nepoti
2782 3717 2933 3764 meo;
2995 3713 3152 3764 nepos
3190 3712 3333 3750 meus
3387 3695 3650 3751 discessit.

2059 3801 2253 3857 Anima
2285 3814 2400 3851 mea
2425 3811 2638 3866 egressa
2676 3802 2753 3847 est
2793 3793 2862 3845 ad
2889 3805 3181 3845 sermonem
3209 3805 3349 3858 ejus.

2678 3905 2970 3964 SCIIOLIA
3001 3943 3018 3959 .

2133 4032 2330 4100 Aperui
2363 4031 2488 4101 ipsi,
2519 4030 2652 4086 dicit
2681 4025 2884 4095 Virgo;
2924 4023 3028 4078 hoc
3055 4029 3160 4083 est,
3195 4019 3372 4088 ipsum
3399 4010 3655 4081 concepi.

2061 4127 2229 4184 Addit
2259 4135 2442 4181 autem
2480 4125 2568 4179 hic
2587 4137 2808 4195 quoque
2839 4117 3062 4174 verbum
3096 4112 3254 4208 illud,
3275 4109 3383 4178 Ego
3409 4121 3427 4170 ;
3461 4117 3660 4208 quem-

2063 4217 2356 4274 admodum
2400 4224 2456 4269 et
2483 4215 2646 4285 paulo
2679 4221 2806 4269 ante
2840 4228 2855 4265 :
2894 4205 3118 4264 διιπεπὶ
3143 4219 3258 4272 ego,
3287 4208 3344 4302 ut
3376 4205 3662 4266 aperirem;

1992 4517 2036 4572 ι)
2066 4509 2135 4565 go
2182 4492 2454 4562 operatrix
2500 4490 2602 4544 fuit
2649 4483 3026 4556 conceptionis
3067 4481 3240 4572 illius.
3299 4476 3474 4542 Nepos
3521 4485 3666 4572 meus

386 4577 526 4648 ήτοι,
559 4577 652 4629 τὸν
683 4577 782 4647 τῆς
810 4577 1278 4649 ὲνανθρωπήσεως
1302 4578 1564 4639 διανύσας
1603 4575 1816 4646 χρόνον,
1856 4573 1948 4627 καὶ

2058 4561 2294 4643 discessit
2331 4601 2362 4642 ι
2400 4597 2526 4639 cum
2571 4581 2830 4636 nimirum
2891 4577 3147 4630 humana;
3190 4569 3314 4622 vitae
3365 4561 3667 4635 peregisset

389 4669 568 4723 πάντα
607 4668 729 4723 καθ’
763 4671 910 4740 ἡμᾶς
968 4671 1147 4733 καλῶς
1204 4671 1564 4740 ὑπουργήσας
1607 4667 1686 4737 τῷ
1719 4667 1838 4737 Θεῲ
1869 4667 1948 4719 κα¹

2069 4689 2302 4749 tempus,
2340 4687 2394 4732 et
2417 4674 2598 4729 omnia
2637 4687 2756 4742 qua:
2790 4675 2978 4724 nostra
3031 4671 3183 4725 sunt‘,
3235 4657 3442 4729 Optime
3473 4654 3668 4749 perfe-

393 4763 590 4830 Πατρὶ,
623 4763 930 4833 παρῆλθενο
963 4763 1021 4828 ἐξ
1058 4764 1360 4833 ἀνθρώπων
1389 4763 1626 4830 ἐγένετο,
1660 4760 1752 4814 τὸν
1795 4760 1948 4828 ὑπερ

2076 4747 2266 4834 cisset,
2307 4768 2459 4838 juxta
2488 4766 2823 4818 voluntatem
2861 4757 2952 4812 Dei
2981 4764 3034 4810 et
3063 4753 3266 4815 Patris,
3294 4759 3423 4804 tunc
3453 4747 3667 4801 disces-

393 4856 507 4924 φυᾶ
546 4855 1035 4925 ἀνθρωποπρεπῶς
1088 4855 1528 4925 διακχρτερήσας
1565 4852 1818 4906 θάνατον.
1850 4852 1944 4904 Ψυ

2077 4863 2173 4928 sit,
2212 4863 2318 4915 hoc
2343 4868 2449 4924 est,
2483 4873 2548 4912 ex
2583 4852 2898 4909 hominibus
2923 4847 3170 4910 recessit,
3203 4851 3492 4913 postquam
3523 4838 3670 4892 into-

395 4947 476 5016 χή
503 4965 623 5017 μου
658 4947 921 5016 ἐξῆλθεν
950 4948 1018 5000 ἐν
1041 4949 1202 5017 λόγῳ
1241 4945 1461 5000 αὑτοῦ·
1493 4946 1792 5008 τουτέστιν,
1815 4943 1874 4996 ὲν
1907 4944 1948 4995 τί

2083 4952 2366 5009 lerandam
2417 4946 2721 5004 secundum
2750 4939 3146 4996 humanitatem
3204 4929 3428 5003 pertulit
3458 4941 3672 4983 necem.

395 5043 548 5110 φωνῇ
587 5040 775 5105 αὑτοῦ,
806 5040 875 5110 ἢν
919 5039 1129 5110 κράξας
1153 5041 1211 5091 ὲν
1238 5038 1318 5109 τῷ
1356 5035 1599 5106 σταυρῷ,
1631 5035 1882 5103 ἀπέφυκε
1916 5050 1946 5086 τ

2083 5046 2283 5102 Anima
2313 5057 2426 5095 mea
2457 5053 2668 5110 egressa
2699 5044 2776 5089 est
2807 5032 2877 5086 ad
2908 5041 3200 5084 sermonem
3240 5023 3354 5092 ejus
3387 5037 3405 5074 :
3433 5021 3538 5075 hoc
3567 5027 3672 5110 cst,

397 5108 639 5202 stvsCipa.
677 5108 853 5201 Ψυχή
908 5108 1028 5202 μου
1074 5108 1374 5199 ἐξῆλθεν
1409 5127 1870 5200 λυποθυμήσασα,
1907 5143 1948 5179 τ;

2084 5137 2156 5192 ad
2197 5149 2388 5190 vocem
2419 5108 2615 5201 ipsius,
2642 5142 2748 5199 qua
2782 5127 2835 5180 in
2863 5137 3032 5178 cruce
3055 5119 3302 5174 clamans
3330 5108 3664 5202 emisitrispi-

403 5201 659 5295 μητέρων
694 5201 966 5279 παθοῦσα.

2087 5229 2282 5284 ritum.
2311 5225 2504 5279 Anima
2536 5238 2652 5276 mea
2677 5233 2886 5290 egressa
2921 5223 2998 5269 est
3032 5229 3051 5269 :
3093 5208 3260 5266 animi
3293 5201 3674 5273 aegritudinem

2087 5335 2249 5393 passa
2283 5332 2432 5384 sum,
2478 5323 2537 5370 ut
2571 5322 2627 5370 et
2671 5323 2876 5369 matres
2916 5301 3230 5379 perturbari
3259 5299 3460 5356 solent.

1071 5423 1313 5499 ᾏΣΜΔ.
1789 5453 1791 5455 ι

2780 5420 2988 5479 CANT.

484 5540 774 5608 Ἔζήτησα
813 5540 1024 5609 αὑτὸν,
1055 5541 1158 5596 καὶ
1193 5544 1307 5612 οὐχ
1349 5537 1531 5610 εὗρον
1557 5542 1761 5596 αὐτόν.
1809 5541 1948 5598 Ἐκά

2163 5546 2217 5611 6,
2253 5543 2308 5601 'l.
2337 5541 2570 5609 Quaesivi
2592 5556 2736 5604 eum,
2763 5547 2812 5594 et
2836 5552 2938 5591 non
2961 5531 3132 5589 inveni
3161 5543 3302 5592 eunt,
3333 5521 3510 5578 vocavi
3531 5536 3677 5584 eum,

402 5638 560 5689 λεσα
590 5634 798 5702 αὑτὸν,
836 5635 933 5690 καὶ
963 5637 1076 5704 οὐχ
1105 5633 1426 5704 ὑπήκουσέ
1446 5650 1595 5703 μου·
1618 5634 1886 5703 εὕροσάν
1901 5655 1944 5707 μ

2084 5647 2135 5696 et
2163 5656 2265 5696 non
2284 5635 2490 5693 audivit
2513 5651 2613 5690 me.
2639 5632 2957 5689 Invenerunt
2983 5643 3060 5681 me
3081 5621 3321 5679 custodes
3342 5619 3678 5673 circumeat»

467 5815 525 5895 fi
560 5815 695 5875 Luc.
728 5834 767 5884 ι,
806 5819 896 5876 δι.
972 5818 1016 5853 οι
1050 5815 1181 5875 ibid.
1205 5816 1294 5871 ss.
1374 5817 1420 5848 υ
1449 5816 1582 5871 ibid.
1611 5817 1696 5872 58.
