4028 6270
530 347 662 415 1051

1673 343 2041 407 ΜΑΤΤΗΒΙ
2062 342 2589 406 CANTACUZENI

3626 342 3757 407 1052

508 473 583 517 tes
616 465 670 516 in
711 461 922 514 civitate
950 477 968 514 :
995 467 1364 529 percusserunt
1394 475 1492 525 me,
1539 456 1940 514 vulneraverunt
1976 472 2073 520 me,

2183 457 2238 509 οἱ
2273 457 2564 524 φύλακες,
2622 458 2678 510 οἱ
2729 456 3106 521 κυκλοῦντες
3134 456 3202 508 ἐν
3256 455 3328 521 τῇ
3368 458 3548 509 πόλει
3571 469 3588 486 ο
3625 455 3759 509 ἐπά-

506 554 735 606 tulerzmt
767 552 1070 606 theristrum
1102 569 1268 612 meum
1299 549 1537 606 custodes
1574 551 1839 606 moenium.

1123 727 1410 784 SCHOLIA
1436 771 1448 784 .

580 823 812 887 Qumsivi
845 839 982 888 eum,
1015 835 1064 876 et
1122 839 1222 876 non
1262 823 1431 876 inveni
1463 839 1602 876 eum.
1632 819 1906 876 Percurrit
1951 834 2076 890 pro-

503 916 662 986 pheta
706 924 815 968 turn
855 916 960 978 hie,
1001 923 1111 969 tum
1154 915 1284 968 alibi
1334 914 1551 970 concise
1591 929 1750 983 pene,
1787 913 2078 984 mysterio-

505 1023 622 1060 rum
654 1007 827 1076 capita
857 1005 1052 1060 futura:
1080 1005 1244 1059 Verbi
1285 1005 1374 1059 Dei
1407 1005 1458 1059 in
1505 1020 1669 1060 carne
1715 1005 2077 1074 dispensatio-

503 1101 609 1154 nis.
637 1097 902 1166 Repetens
933 1113 1152 1167 quoque
1183 1097 1249 1151 de
1281 1098 1488 1164 integro
1524 1112 1618 1165 per
1657 1097 1835 1166 capita
1870 1109 2077 1151 sermo-

500 1201 649 1252 nem,
687 1197 943 1255 tauquam
977 1203 1038 1240 ex
1063 1201 1294 1256 persona
1326 1198 1489 1242 castae
1520 1187 1709 1242 Matris
1731 1186 1967 1248 Domini,
1995 1184 2078 1236 di-

499 1280 576 1330 cit
611 1295 627 1331 :
670 1277 902 1342 Quwsivi
943 1295 1082 1343 eum,
1120 1289 1170 1332 et
1220 1295 1319 1332 non
1364 1281 1538 1332 inveni
1575 1295 1714 1334 eum.
1759 1277 1912 1345 Quod
1945 1291 2078 1331 sane

501 1370 845 1438 interpretari
873 1370 1086 1438 quidem
1109 1371 1324 1438 poterit.
1351 1371 1808 1439 quemadmodum
1839 1381 1966 1424 ante
1990 1368 2079 1422 dio-

500 1473 646 1515 cwm
681 1471 783 1525 est,
817 1461 921 1515 hoc
969 1463 1257 1518 verborum
1291 1463 1572 1518 involucro
1603 1462 1857 1517 eximiam
1891 1462 2079 1516 Salva—

500 1552 639 1607 toris
684 1551 739 1606 in
782 1553 1035 1622 sepulcro
1075 1555 1316 1622 requiem
1372 1555 1688 1623 significari.
1737 1554 1890 1609 Tunc
1935 1553 2077 1608 enim

500 1658 625 1698 cum
647 1659 896 1713 quaerens
916 1645 1282 1700 sacratissima
1313 1656 1506 1708 mater.
1537 1661 1643 1698 non
1671 1645 1896 1703 invenit.
1923 1644 2079 1698 Pote-

501 1733 576 1786 rit
592 1732 645 1785 id
665 1732 828 1786 etiam
851 1733 976 1802 quis
996 1734 1296 1805 intelligere
1316 1735 1380 1790 de
1397 1735 1623 1790 salutari
1661 1735 1859 1790 (Πιτύειὶ
1879 1735 2077 1790 Ascen-

501 1825 676 1886 sione,
713 1834 836 1894 post
877 1837 1312 1880 consummatam
1365 1843 1580 1881 onmem
1620 1827 1800 1881 carnis
1850 1827 2066 1896 dispcn~

501 1915 790 1971 sationem.
819 1920 952 1970 Cum
981 1920 1125 1972 enim
1160 1935 1281 1973 eum
1316 1932 1371 1974 Ill.
1400 1920 1669 1974 hominem
1699 1927 1816 1989 post
1863 1926 2071 1974 Ascen-

502 2007 710 2060 sionem
743 2018 1031 2078 quaereret,
1067 2018 1126 2064 ut
1175 2021 1371 2079 praesto
1415 2017 1582 2075 esset,
1629 2011 1922 2079 purissima
1975 2009 2069 2064 Dei

407 2122 418 2129 -
501 2093 795 2164 Puerpera,
841 2111 948 2151 non
993 2097 1198 2152 invenit
1246 2114 1391 2163 eum,
1435 2115 1608 2169 neque
1654 2100 1827 2169 ipsam
1865 2100 2075 2154 audivit

499 2195 822 2250 vocantem;
865 2189 1115 2256 quamvis
1147 2199 1203 2242 ut
1240 2187 1385 2243 Deus
1413 2206 1535 2244 cum
1570 2190 1687 2260 ipsa
1729 2190 1890 2253 iuret,
1938 2191 2074 2243 tilia-

504 2278 651 2345 lique
678 2277 841 2330 simul
878 2286 934 2332 et
976 2290 1201 2348 paterno
1249 2280 1468 2345 affectu,
1521 2299 1641 2351 quae
1677 2282 1850 2351 ipsius
1895 2292 2073 2349 erant,

507 2369 851 2436 gubernaret.
917 2370 1231 2425 Invenerunt
1256 2389 1333 2426 me
1354 2375 1593 2426 custodes
1617 2377 1994 2429 circumeuntes
2020 2378 2072 2429 in

507 2459 734 2514 civitate.
773 2459 1058 2526 Videlicet,
1093 2480 1213 2518 cum
1247 2480 1543 2532 quaererem
1576 2480 1809 2538 eumque
1855 2467 2077 2522 invoca-

507 2563 643 2606 rem.
679 2559 734 2604 et
766 2550 931 2604 Deum
966 2568 1030 2608 ex
1063 2568 1148 2607 me
1190 2554 1308 2610 sine
1337 2557 1544 2611 semine
1579 2564 1764 2611 natum
1795 2571 1917 2614 esse
1945 2573 2076 2613 con-

505 2639 782 2692 tenderem
816 2655 830 2692 :
872 2640 922 2694 id
956 2655 1064 2696 non
1093 2641 1398 2698 ferentibus
1442 2660 1508 2699 ex
1547 2645 1838 2700 invidentia
1871 2645 2074 2716 princi-

504 2728 665 2797 pibus
687 2730 1051 2794 sacerdotum,
1071 2734 1162 2804 qui
1193 2734 1514 2791 videbantur
1538 2737 1642 2806 legi
1669 2752 1922 2806 praeesse,
1953 2755 2077 2807 gra-

502 2821 588 2873 via
625 2821 833 2878 abillis
882 2838 1040 2892 passa
1088 2841 1234 2882 sum.
1285 2826 1538 2882 Custodes
1591 2840 1768 2884 autem
1816 2833 2078 2900 appellari

505 2923 736 2979 possunt
764 2915 896 2983 legis
939 2918 1220 2983 pontilices
1251 2917 1563 2974 Iudaeorum
1601 2931 1749 2986 tunc.
1780 2933 1962 2990 utpote
1985 2930 2077 2992 qui

505 3001 605 3055 soli
637 3003 824 3057 littera:
855 3005 1314 3074 adheeresceutes,
1343 3010 1501 3081 longe
1540 3013 1755 3081 quidem
1801 3014 2024 3069 aberant
2048 3030 2077 3069 a

2177 546 2368 610 ταεάν
2388 564 2484 615 με,
2509 547 2952 616 ἐτραυμάτισάν
3003 565 3078 616 με
3101 563 3113 575 ·
3140 542 3294 615 ἦραν
3331 545 3397 600 τὸ
3441 546 3756 614 θέριστρον

2176 634 2280 692 ἀπ’
2310 635 2459 706 ἐμοῦ
2490 637 2761 706 φύλακες
2785 637 2904 691 τῶν
2935 637 3200 706 τειχέων.

2813 731 3090 783 ΣΧΟᾹΙΑ.

2260 827 2557 894 Ἐζήτησα
2593 823 2781 879 αὐτὸν
2811 825 2906 878 καὶ
2937 825 3050 892 οὐχ
3079 818 3262 891 εὗρον
3287 823 3500 876 αὐτόν.
3553 821 3758 885 Διεξελ-

2181 917 2290 971 θὼν
2321 921 2350 971 ὁ
2379 917 2680 987 προφήτης
2701 921 2794 969 καί⁵
2819 916 2936 981 νῦν,
2961 916 3056 968 καὶ
3087 916 3145 967 ἐν
3175 914 3407 983 ἑτέροις,
3443 911 3526 975 ὡς
3556 914 3617 965 ἐν
3641 914 3755 965 ἐπι-

2179 1012 2344 1079 τομῇ,
2378 1013 2445 1063 τὰ
2473 1011 2613 1063 κατά
2659 1009 2758 1078 τὴν
2805 1009 3071 1076 ἔνσαρκον
3115 1007 3432 1073 οἰκονομίαν
3493 1004 3593 1056 τοῦ
3633 1003 3756 1056 Θεοῦ

2180 1101 2354 1167 Λόγου
2399 1101 2740 1169 γενησόμενα
2775 1100 3074 1170 μυστήρια,
3110 1094 3756 1164 ἐπανακεφαλαιούμενος

2181 1192 2278 1244 καὶ
2327 1188 2482 1252 αὖθις
2514 1190 2604 1242 τὸν
2650 1190 2826 1255 λόγον,
2863 1189 2938 1250 ὡς
2973 1190 3036 1241 ἐκ
3085 1187 3183 1255 τῆς
3208 1187 3382 1256 ἁγνῆς
3410 1185 3511 1238 τοῦ
3564 1185 3754 1253 Κυρίου

2185 1281 2393 1351 μητρός
2439 1297 2643 1350 φησιν·
2693 1279 2992 1347 Ἐζήτησα
3044 1279 3256 1344 αὑτὸν,
3288 1277 3388 1332 καὶ
3435 1279 3558 1344 οὐχ
3587 1271 3758 1343 εὗρον

2181 1374 2400 1426 αὐτόν’
2459 1373 2617 1426 τοῦτο
2677 1373 2776 1442 μὲν
2823 1372 2890 1425 ἄν
2939 1389 3022 1436 τις
3071 1372 3463 1441 ὡσάνεῐρηται
3499 1369 3754 1438 πρότερον

2182 1464 2426 1530 ἐκλάὸοι,
2473 1463 2571 1535 τὴν
2622 1465 2680 1515 ἐν
2711 1461 2789 1532 τῷ
2827 1465 2983 1532 τάφῳ
3012 1462 3106 1515 τοῦ
3139 1463 3388 1530 Σωτῆρος
3426 1458 3752 1512 αἰνίττεσθαι

2184 1558 2442 1626 ὑπερφυᾶ
2470 1555 2764 1610 κατάθεσιν
2787 1573 2799 1586 ·
2833 1550 3136 1624 τηνικαῦτα
3172 1553 3282 1621 γὰρ
3310 1551 3557 1621 ζητοῦσα
3581 1549 3752 1601 τοῦτον

2183 1651 2218 1719 ὴ
2249 1649 2522 1717 πάναγνος
2553 1649 2749 1720 Μήτηρ
2799 1649 2896 1717 οὐχ
2929 1641 3110 1716 εὗρεν.
3150 1644 3324 1698 Τοῦτο
3355 1644 3400 1696 δ’
3438 1643 3512 1696 ἄν
3546 1658 3629 1702 τις
3669 1640 3751 1692 καὶ

2185 1742 2266 1802 εἰς
2291 1740 2400 1809 τὴν·
2427 1741 2695 1808 σωτήριον
2729 1740 2867 1808 μετά
2902 1740 2963 1791 τὸ
2994 1741 3176 1790 πᾶσαν
3206 1734 3529 1803 οἰκονομίαν
3559 1731 3748 1800 πεπλη-

2181 1831 2385 1900 ρῶσθαι
2433 1831 2526 1884 τοῦ
2575 1829 2813 1900 Χριστοῦ
2867 1829 3180 1898 ἀνάληψιν·
3236 1822 3610 1896 ἀνθρωπικῶς
3655 1823 3748 1890 γὰρ

2177 1927 2314 1992 μετὰ
2338 1921 2510 1975 ταῦτα
2531 1922 2724 1975 τοῦτον
2752 1921 2994 1991 ζητοῦσα
3027 1919 3285 1988 παρεῖναι
3323 1919 3355 1986 ἠ
3380 1915 3747 1984 ὑπεράμωμος

2173 2012 2267 2064 τοῦ
2324 2012 2459 2066 Θεοῦ
2514 2013 2835 2082 λοχεύτρια,
2863 2013 2962 2081 οὐχ
2994 2011 3254 2080 εὕρισκεν
3298 2007 3461 2060 αὐτόν
3488 2020 3504 2035 ⁶
3535 2006 3628 2058 καὶ
3663 2020 3747 2056 κα-

2172 2104 2340 2156 λοῦσα
2371 2105 2470 2175 οὐχ
2501 2105 2804 2173 ὑπήκουεν.
2840 2098 2918 2175 τῌ
2969 2103 3024 2155 δὲ
3080 2101 3214 2164 Θεὸς
3265 2099 3434 2168 συνῆν
3462 2099 3603 2166 αὐτῇ
3626 2113 3641 2130 ο
3662 2095 3744 2148 καὶ

2175 2197 2367 2260 υίῖκῶς
2394 2196 2529 2264 ὁμοῦ
2580 2197 2675 2248 καὶ
2707 2197 2988 2264 πατρικῶς
3017 2195 3082 2247 τὰ
3111 2193 3233 2247 κατ’
3277 2191 3447 2261 αὐτὴν
3471 2189 3742 2255 ἐκυϐέρνα.

2176 2288 2457 2356 Εῢροσάν
2503 2304 2583 2356 με
2629 2290 2684 2342 οἱ
2736 2287 3032 2356 φύλακες,
3071 2291 3123 2341 ot
3169 2285 3554 2350 κυκλοῦντες
3580 2285 3646 2336 ἐν
3681 2280 3740 2346 τῇ

2177 2381 2352 2432 πόλει
2375 2394 2387 2408 ·
2429 2379 2621 2448 ἦγουν,
2659 2378 2898 2448 ζητοῦσα
2941 2378 3146 2442 τοῦτον,
3194 2379 3288 2431 καὶ
3323 2376 3738 2445 ἐπικαλουμένη,

2177 2471 2272 2522 καὶ
2330 2468 2463 2522 Θεδν
2511 2469 2570 2532 ἐξ
2623 2468 2757 2539 ἐμοῦ
2809 2469 2936 2524 ἄνευ
2993 2470 3202 2540 σπορᾶς
3234 2467 3637 2538 ἀνομολογοῦσα
3664 2484 3736 2518 τε·

2176 2558 2372 2626 χθέντα
2393 2597 2408 2622 ,
2470 2558 2546 2630 μὴ
2601 2559 2939 2626 ἐνεγκόντων
2965 2558 3056 2611 τὸν
3085 2557 3280 2628 φθόνον
3321 2557 3432 2630 τῶν
3457 2557 3736 2610 δοκούντων

2178 2650 2485 2722 ἀρχιερέων
2501 2650 2795 2720 τοῦ“’νόμου
2819 2652 3176 2721 προεστάναι,
3198 2651 3441 2722 ὑπέστην
3467 2652 3558 2704 ὑπ’
3579 2649 3732 2704 αὐτῶν

2178 2743 2347 2798 δεινά.
2384 2743 2658 2810 Φύλακος
2701 2744 2747 2796 δ’
2798 2745 2864 2798 ἂν
2917 2745 3169 2798 καλοῖντο
3198 2743 3291 2797 τοῦ
3318 2746 3490 2814 νόμου
3525 2747 3569 2797 οι
3594 2760 3727 2810 τηνιο

2180 2833 2356 2888 καῦτα
2409 2834 2518 2887 τῶν
2565 2835 2835 2889 Ἰουδαίων
2881 2837 3155 2907 ἀρχιερεῖς
3181 2877 3197 2902 ,
3241 2836 3316 2898 ὡς
3362 2836 3441 2904 τῷ
3472 2836 3722 2906 γράμματι

2183 2928 2331 2996 μόνῳ
2389 2928 2843 2996 προσανέχοντες,
2883 2929 3075 3001 πόρρω
3137 2928 3192 2981 δὲ
3254 2928 3364 2980 τῶν
3427 2928 3720 2995 ἐγκειμένων

2182 3019 2404 3074 ἐννοιῶν
2446 3019 2673 3082 ἑαυτοὺς
2703 3021 3125 3083 ἀπελαύνοντες.
3159 3024 3226 3075 οι
3270 3020 3621 3084 κυκλοῦντες
3658 3020 3717 3071 ἐν

506 3105 694 3154 sensu,
724 3093 815 3162 qui
849 3095 902 3148 in
930 3095 1040 3150 illis
1071 3097 1265 3153 inerat.
1297 3098 1696 3156 Circumeuntes
1740 3104 1794 3157 in
1826 3106 2073 3171 ciuitate;

2177 3109 2252 3178 τῆ
2284 3111 2480 3176 πόλει,
2531 3113 2833 3174 τουτέστιν,
2881 3115 2932 3166 οἱ
2980 3115 3108 3185 περὶ
3147 3113 3216 3166 τὰ
3259 3114 3400 3166 αὐτὰ
3429 3114 3590 3166 καὶέν
3614 3110 3706 3168 τοῖς

506 3179 611 3234 hoc
651 3191 754 3244 est,
809 3183 903 3252 qui
957 3185 1102 3240 circa
1155 3187 1418 3257 litteram,
1471 3200 1524 3246 et
1554 3192 1608 3246 in
1648 3194 1827 3247 littera
1862 3210 2073 3264 semper

2181 3201 2364 3262 αὐτοῖς
2413 3204 2500 3256 ἀεὶ
2530 3206 2982 3274 συστρεφόμενοι,
3021 3179 3112 3258 καὶ
3171 3206 3339 3276 μηδὲν
3376 3205 3552 3274 ὑψηλὸν
3592 3200 3691 3266 περὶ

508 3283 809 3339 versantes,
851 3273 986 3330 nihil
1011 3277 1290 3335 excelsum
1318 3281 1386 3337 de
1416 3282 1526 3339 Deo
1556 3285 1817 3340 sentiunt.
1850 3286 2076 3343 Percus-

505 3373 685 3417 serunt
718 3383 820 3433 me,
869 3369 1136 3436 videlicet,
1181 3373 1330 3443 gravi
1379 3390 1466 3429 me
1521 3375 1709 3431 dolore
1757 3376 2072 3446 affecerunt,

488 3435 630 3504 'cum
663 3455 801 3509 mala
833 3459 1009 3527 palam
1047 3435 1312 3518 inferrent
1340 3463 1431 3520 Dei
1470 3464 1746 3534 Ecclesiae,
1803 3435 2074 3538 expellen:

507 3549 590 3598 tes
651 3546 964 3618 discipulos,
989 3561 1043 3606 et
1076 3550 1358 3626 Evangelii
1386 3560 1698 3628 progressui
1724 3561 2070 3620 obsistentes.

511 3631 764 3691 Tulerunt
803 3641 1104 3697 theristrum
1137 3660 1305 3700 meum
1335 3687 1350 3712 ,
1389 3647 1584 3717 capitis
1629 3649 1875 3704 videlicet
1911 3665 2073 3705 orna-

449 3793 454 3804 ‘
508 3737 776 3794 mentum,
826 3731 970 3799 piam
1021 3736 1282 3791 nimirum
1327 3737 1395 3793 de
1446 3738 1575 3806 Deo,
1603 3740 2071 3812 intelligentiam:

504 3836 668 3888 quam
709 3823 930 3891 quidem
959 3841 1174 3884 summo
1210 3828 1393 3884 studio
1423 3833 1824 3889 contenderunt
1849 3850 1914 3890 ex
1944 3835 2070 3890 ulti-

493 3911 613 3992 ‘niis
639 3919 794 3967 terra:
823 3914 1044 3980 ﬁnibus,
1070 3919 1304 3987 auferre,
1343 3920 1438 3975 sed
1474 3936 1581 3976 non
1609 3922 1918 3989 valuerunt,
1943 3941 2069 3980 cum

506 4002 702 4072 majori
735 4004 787 4060 vi
816 4006 1108 4063 obsisteret
1151 4009 1323 4067 virtus
1351 4013 1608 4080 praeconii
1642 4013 1844 4070 Christi
1886 4015 2073 4070 Salva-

505 4095 658 4150 toris.
694 4095 946 4152 Custodes
978 4103 1245 4165 manium,
1297 4102 1550 4158 videlicet
1579 4105 1755 4175 legem
1789 4109 1967 4177 specie
1994 4117 2074 4165 te-

505 4200 611 4240 nus
639 4199 938 4245 servantes.
1007 4190 1126 4245 Non
1160 4194 1307 4246 enim
1347 4193 1574 4263 dignum
1615 4195 1770 4252 duxit
1813 4199 1934 4254 illos
1977 4216 2076 4256 cu-

505 4276 692 4332 Stodes
719 4293 840 4333 esse
881 4279 1140 4347 civitatis,
1177 4283 1270 4338 sed
1307 4291 1512 4338 tantum
1571 4287 1854 4352 moenium,
1877 4293 1958 4347 sic
1989 4304 2074 4348 ut-

507 4379 724 4434 cunque
756 4367 1079 4435 positormn,
1109 4379 1166 4424 et
1201 4387 1310 4426 non
1343 4386 1407 4426 ex
1439 4371 1530 4427 Dei
1571 4381 1772 4430 mente.

1169 4462 1351 4518 CANT
1383 4505 1398 4520 .

577 4545 926 4612 8.~Adiuraui
960 4566 1068 4616 vos,
1099 4553 1227 4621 ﬁlia:
1252 4555 1574 4627 Jerusalem,
1610 4566 1665 4620 in
1708 4568 1988 4624 uirtutibus
2017 4579 2068 4624 et

507 4638 561 4689 in
598 4639 792 4693 viribus
822 4643 959 4710 agri.
986 4645 1032 4697 si
1054 4645 1353 4704 inveneritis
1389 4665 1622 4722 nepotem
1649 4675 1840 4726 meum,
1878 4678 2070 4716 renun-

509 4729 635 4782 tiate
661 4730 709 4784 ei
739 4735 878 4801 quod
905 4735 1183 4793 vulnerata
1209 4757 1390 4797 amore
1417 4761 1512 4814 ego
1542 4763 1681 4801 sum.

1123 4918 1415 4977 SCHOLIA
1436 4962 1450 4978 .

573 5001 692 5058 Non
723 5006 910 5062 eodem
959 5023 1149 5074 sensu,
1194 5027 1538 5071 sacramento
1592 5018 1730 5074 tilias
1789 5022 2076 5092 compellat

500 5095 826 5164 Jerusalem,
870 5113 979 5167 quo
1008 5111 1061 5156 et
1098 5105 1250 5171 prius
1271 5106 1631 5177 jurejurando
1669 5113 1948 5181 adegerat,
1979 5116 2072 5170 sed

507 5185 593 5242 hic
657 5186 798 5242 ﬁlias
853 5185 1158 5245 Jerusalem
1214 5203 1506 5262 sequentes
1575 5197 1864 5256 Dominum
1914 5215 2074 5258 vocat

507 5277 800 5348 discipulae
838 5297 852 5334 :
895 5294 1016 5349 qua:
1049 5296 1147 5349 per
1192 5287 1510 5356 martyrium
1562 5291 1684 5345 vitae
1730 5294 2068 5350 curriculum

511 5370 868 5442 perfecerunt.
913 5371 974 5426 Si
1013 5374 1312 5430 inveneritis
1373 5391 1610 5449 nepotem
1643 5371 1834 5450 meum,
1883 5403 2076 5441 renun-

505 5463 627 5515 tiate
661 5463 709 5516 ei
734 5463 874 5532 quod
908 5464 1182 5520 vulnerata
1230 5484 1409 5524 amore
1448 5488 1540 5541 ego
1575 5491 1710 5528 sum.
1759 5475 1873 5530 Non
1923 5479 2070 5547 quod

502 5549 769 5615 ejusmodi
797 5553 874 5607 rei
905 5569 1064 5611 suum
1090 5557 1262 5627 ipsius
1284 5559 1481 5615 Filium
1507 5573 1559 5617 et
1590 5564 1878 5618 Dominum
1913 5567 2068 5635 igna-

510 5651 631 5690 rum
660 5640 794 5707 fore,
817 5647 1227 5714 existimaverit,
1259 5655 1505 5723 prtecipit
1559 5656 1879 5710 mulieribus
1911 5673 2068 5711 Sttltm

505 5740 633 5795 erga
668 5742 913 5799 nepotem
961 5742 1271 5798 renuntient
1318 5761 1600 5802 amorem:
1634 5747 1730 5814 qui
1761 5749 1903 5801 enim
1956 5748 2075 5806 ﬁeri

2178 3291 2314 3347 Θεοῦ
2337 3293 2733 3362 διανοούμενοι.
2771 3294 3116 3361 Ἔπάταξάν
3151 3311 3253 3365 μβ·
3297 3297 3466 3365 ἢγουν,
3493 3290 3692 3362 ἡλγυνάν

2181 3398 2270 3450 με,
2323 3385 2379 3434 ἐν
2424 3376 2507 3445 οἷς
2545 3351 2892 3437 ἐπεδείκυντο
2953 3351 3703 3452 δεινοῖςᾋπρδξτὴν.τοῦ-Θεοῦ

2190 3471 2540 3542 Ἐκκλησίαν,
2591 3473 2992 3537 ἀπελαύνοντες
3043 3473 3170 3537 τοὺς
3213 3474 3483 3543 μαθητὰς,
3516 3471 3598 3523 καὶ
3637 3469 3713 3519 τὸν

2175 3563 2377 3632 δρόμον
2425 3564 2521 3617 τοῦ
2557 3565 2894 3633 Εὖαγγελίου
2948 3565 3273 3628 κωλύοντες.
3308 3561 3504 3633 Ἦραν
3543 3563 3599 3615 τὸ
3641 3559 3718 3614 0i-

2169 3672 2422 3723 ριστρον
2450 3657 2552 3710 ἀπ’
2585 3658 2756 3727 ἐμοῦ,
2794 3658 2885 3710 τὸν
2913 3659 3010 3726 τῆς
3043 3658 3284 3728 κεφαλῆς
3310 3658 3516 3726 κόσμον
3540 3651 3721 3723 δηλονό-

2172 3761 2249 3808 τι,
2286 3747 2386 3815 τὴν
2437 3745 2636 3815 εὐσεϐῆ
2670 3748 2800 3818 περὶ
2843 3747 2980 3802 Θεοῦ
3009 3747 3271 3813 διάνοιαν,
3307 3747 3376 3818 ἢν
3404 3745 3723 3801 ἐσπουδάκειο

2177 3852 2274 3888 σαν
2306 3836 2405 3906 μὲν
2431 3837 2494 3889 ἐκ
2527 3836 2635 3890 τῶν
2669 3839 2924 3908 περάτων
2951 3839 3049 3908 τῆς
3081 3839 3186 3909 γῆς
3212 3838 3456 3908 ἀφελεῖν,
3502 3840 3596 3892 οὐκ
3621 3835 3723 3903 ἡδυ-

2178 3926 2425 3996 νήθησαν
2458 3927 2512 3980 δὲ
2543 3929 2964 4004 ὑπερϐαλλούσῃ
3008 3931 3238 3999 δυνάμει
3287 3929 3382 3984 τοῦ
3409 3927 3726 4000 κηρυττομέ-

2173 4034 2265 4070 νου
2326 4019 2577 4088 Σωτῆρος
2633 4021 2895 4091 Χριστοῦ.
2953 4023 3229 4088 Φύλακες
3286 4021 3406 4075 τῶν
3471 4021 3725 4090 τειχέων·

2175 4110 2364 4177 ἤγουν,
2420 4113 2486 4180 τῇ
2531 4113 2752 4184 δοκήσει
2809 4114 2904 4166 τοῦ
2958 4113 3255 4181 φυλάσσειν
3315 4115 3407 4166 τὸν
3448 4115 3639 4182 νόμον·
3679 4111 3727 4160 οὐ

2176 4201 2282 4272 γὰρ
2312 4203 2452 4268 ἀξιοῖ
2473 4205 2697 4270 τούτους
2728 4207 2979 4277 φύλακας
2997 4203 3135 4260 εἶναι
3156 4207 3361 4270 πόλεως
3382 4223 3396 4238 ·
3431 4207 3550 4262 ἀλλ’
3570 4203 3728 4264 ἁπλῶς

2173 4295 2284 4348 τῶν
2315 4298 2538 4366 τειχέων
2571 4298 2678 4352 τῶν
2709 4299 2851 4354 οὕτω
2890 4318 3005 4363 πως
3045 4302 3314 4370 κειμένων
3336 4317 3350 4332 ·
3403 4299 3502 4354 καὶ
3528 4301 3588 4352 οὐ
3623 4297 3731 4366 περὶ

2175 4385 2282 4438 τῶν
2317 4388 2411 4439 τοῦ
2438 4388 2574 4440 Θεοῦ
2604 4388 2844 4444 ἐννοιῶν.
2949 4402 2957 4418 '

2835 4477 3070 4555 tum.

2248 4569 2500 4636 ’Ὠρκισα
2527 4569 2706 4638 ὑμᾶς,
2728 4574 3047 4641 θυγατέρες
3084 4572 3510 4641 Ἰερουσαλὴμ,
3530 4576 3599 4628 ἐν
3623 4571 3734 4634 ταῖς

2175 4660 2472 4729 δυνάμεσι
2499 4661 2598 4734 καὶ
2638 4662 2708 4714 ἐν
2754 4663 2885 4728 ταῖς
2915 4665 3205 4733 ῖσχύσεσι
3246 4665 3351 4719 τοῦ
3382 4666 3602 4732 ἀγροῦυ
3641 4667 3736 4718 ἐὰν

2173 4751 2385 4819 εὕρητε
2428 4751 2536 4805 τὸν
2591 4753 2921 4820 ἀδελφιδόν
2944 4772 3084 4823 μου,
3110 4757 3514 4826 ἀπαγγείλατε
3567 4758 3735 4811 αίπτδν

2177 4842 2265 4894 ὅτι
2284 4844 2618 4912 τετρωμένη
2647 4845 2885 4913 ἀγάπης
2919 4847 3034 4915 εἰμὶ
3064 4848 3198 4916 ἐγώ.

2825 4937 3101 4994 ΣΧΟΛῙΑ.

2250 5027 2364 5078 Ούκ
2395 5027 2488 5079 ἐπὶ
2516 5027 2615 5097 τὴν
2649 5029 2820 5099 αὐτὴν
2866 5031 3076 5088 ἔννοιαν
3113 5035 3202 5088 τὸν
3229 5037 3391 5091 αὐτὸν
3427 5041 3732 5111 παρήγαγεν

2176 5117 2358 5185 ὅρκον,
2399 5116 2458 5170 ὃν
2484 5117 2580 5170 καλ⁵
2611 5119 2876 5190 πρότερον
2896 5126 3035 5187 ’ταῖς
3065 5123 3372 5196 θυγατράσι
3406 5128 3508 5197 τῆς
3546 5130 3730 5196 Ἰερου-

2179 5208 2390 5277 σαλήμο
2435 5207 2551 5260 ἀλλ’
2595 5209 2830 5264 ἐνταῦθα
2879 5212 3192 5285 θυγατέρας
3243 5219 3342 5285 τῆς
3393 5217 3733 5286 Ἰερουσαλὴμ

2177 5298 2276 5361 τὰς
2317 5299 2762 5368 ἀκολουθησάσας
2808 5303 2888 5373 τῷ
2930 5307 3176 5378 Δεδπότῃ
3211 5311 3368 5363 καλεῖ
3401 5311 3726 5380 μαθητρία;⁸

2176 5391 2234 5442 αῖ
2297 5393 2389 5443 καὶ
2429 5391 2520 5445 διὰ
2578 5396 2882 5464 μαρτυρίου
2925 5398 3017 5450 τὸν
3055 5399 3256 5469 δρόμον
3286 5403 3550 5472 ηνύκασιν
3602 5399 3732 5453 Ἐὰν

2171 5480 2384 5547 εὕρητε
2408 5481 2514 5533 τὸν
2544 5482 2876 5552 ἀδελφιδόν
2917 5504 3059 5554 μου,
3090 5489 3492 5560 ἀπαγγείλατε
3535 5490 3728 5550 αὑτὸν,

2171 5571 2262 5624 ὅτι
2291 5573 2624 5640 τετρωμένη
2658 5576 2894 5646 ἀγάπης
2923 5580 3043 5648 ειμι
3062 5581 3193 5651 ἐγώ.
3218 5585 3330 5653 Οὐχ
3358 5585 3434 5647 ὡς
3453 5582 3732 5654 ἀγνοοῦντα

2172 5664 2263 5714 τὶν
2303 5663 2504 5731 ἑαυτῆς
2554 5664 2682 5716 Υἰὸν
2717 5672 2809 5720 καὶ
2858 5673 3155 5743 Δεσπότην,
3205 5678 3583 5744 παρεγγυᾶται
3620 5673 3727 5730 ταῖς

2177 5755 2393 5820 γυνσιιξκ⁸
2441 5755 2541 5824 τὴν
2587 5759 2791 5830 ταύτης
2845 5763 3068 5835 ἀγάπην
3101 5766 3234 5837 πρὸς
3271 5767 3440 5822 αὐτὸν
3478 5763 3736 5834 ἀπαγγεῖε
