4064 6266
431 306 560 368 [055

1576 302 1945 363 ΜΑΤΤΗᾸΞΙ
1980 299 2520 364 CANTACUZENI

3527 282 3669 346 1056

431 428 671 477 sanctum
694 431 890 487 aquam
920 418 1237 474 nominavit.
1282 413 1751 483 Quemadmodum
1783 423 1838 470 et
1859 414 1979 470 Sal-
2006 430 2021 478 Α

2110 413 2138 467 δ
2168 414 2324 482 ἅγιον
2360 410 2582 480 Πνεῦμα
2612 407 2756 475 ὕδωρ
2786 404 3039 467 ὠνόμασε
3061 418 3076 434 ο
3122 398 3306 462 καθὼς
3333 398 3429 450 καὶ.
3456 396 3619 459 αὐτὸς
3643 392 3674 441 ό

432 520 577 566 vator
620 510 733 578 ipse
784 507 1082 562 declaravit
1115 526 1130 562 :
1169 506 1274 571 Qui
1323 507 1486 561 credit
1526 507 1582 559 in
1621 523 1721 573 me,
1762 506 1987 574 [lumina

2110 505 2282 576 Ξωτὴρ
2338 503 2680 557 ἐνετείλατο·
2721 502 2788 554 '0
2823 498 3125 553 πιστεύων
3172 498 3262 560 εις
3317 493 3447 562 ἐμὲ,
3487 507 3671 545 ποτα-

434 617 487 655 επ
514 611 683 655 ventre
711 600 824 669 ejus
857 601 1021 669 fluent
1048 615 1198 669 aqua
1224 600 1350 654 vince
1368 600 1438 662 ⁸⁸.
1470 598 1724 653 videlicet
1756 599 1992 654 sanctis-

434 692 552 746 simi
599 691 834 759 Spiritus
873 690 1064 758 gratia.
1116 690 1301 759 itaque
1347 691 1691 760 plenitudines
1735 706 1991 759 aquarum

432 783 758 850 intelligendi
790 791 914 836 sunt
968 782 1071 851 ipsi
1124 782 1324 836 Christi
1384 783 1589 837 ﬁdeles.
1630 781 1994 847 Quemadmo-

434 876 559 928 dum
592 874 896 927 Salomonis
943 888 1160 942 quoque
1191 884 1343 942 pater
1370 876 1539 929 David
1566 874 1726 944 longe
1750 882 1876 929 ante
1907 875 1994 929 di-

436 966 511 1018 sit
540 983 553 1019 :
588 964 742 1019 Oculi
773 964 980 1018 Domini
1018 980 1175 1034 super
1195 966 1458 1035 justas".

1105 1142 1286 1198 CAN'I‘
1308 1184 1323 1199 .

508 1233 595 1287 15.
614 1231 857 1288 Maxilla:
870 1235 983 1303 ejus
1001 1245 1124 1289 sunt
1140 1236 1333 1305 phiala:
1356 1240 1631 1306 aromatis,
1655 1243 1998 1306 producentes

437 1328 805 1395 unguentaria.

1064 1417 1378 1475 SCHOLIA.

507 1507 972 1573 Quemadmodum
1010 1510 1201 1576 phialae
1249 1524 1552 1567 aromatum
1584 1515 1858 1584 ingentem
1889 1515 2005 1570 fra-

440 1600 705 1667 grantiam
738 1601 977 1666 praebent
1007 1601 1075 1654 iis
1096 1602 1188 1670 qui
1228 1617 1393 1671 prope
1420 1603 1619 1657 adsunt
1652 1620 1666 1657 :
1698 1607 1775 1658 sic
1808 1613 1862 1658 et
1889 1605 2012 1659 uni-

440 1692 656 1759 genitus
709 1692 799 1746 Dei
858 1692 1028 1749 Filius
1095 1694 1314 1748 uberem
1373 1695 1424 1748 in
1478 1711 1602 1749 eum
1661 1698 2006 1752 credentibus

2086 595 2190 664 μοί
2241 594 2313 649 ἐκ
2365 594 2476 661 τῆς
2504 594 2739 657 κοιλίας
2808 588 2997 644 αὐτοῦ
3053 583 3674 655 ῥεύσουσινὲ-ὒδατος

2094 685 2344 751 ζῶντοςο
2405 683 2687 750 δηλονότι,
2730 681 2832 751 τῆς
2884 678 2980 733 τοῦ
3036 676 3306 741 παναγίου
3355 675 3675 745 Πνεῦματος

2094 779 2317 849 χάριτος
2336 816 2350 831 .
2381 776 2592 831 Οὐκοῦν
2622 776 2820 835 αὐτοὺς
2849 774 2975 835 τοὺς
3011 770 3089 838 τῷ
3121 767 3343 838 Χριστῷ
3376 783 3674 820 πεπιστευ-

2095 874 2262 936 κότας
2318 872 2688 941 πληρώματα
2756 869 2994 926 ὑδάτων
3061 863 3439 934 ὑποληπτέον·
3500 860 3680 924 καθὼς

2097 964 2383 1035 προλαϐὼν
2405 966 2498 1016 καὶ
2521 966 2547 1016 ὁ
2570 962 2759 1017 τούτου
2781 961 2969 1029 πατὴρ
2988 957 3179 1029 εἴρηκε
3197 956 3365 1010 Δαόίδ
3388 972 3403 987 ·
3423 955 3682 1023 Ὀφθαλ-

2094 1058 2197 1129 μοί
2229 1058 2452 1126 Κυρίου
2482 1056 2581 1110 ἐπὶ
2617 1055 2917 1120 δικαίους.

2780 1142 3021 1217 τᾼΣΜΑ.

2172 1240 2456 1310 Σιαγόνες
2493 1238 2682 1293 αὐτοῦ
2727 1239 2808 1304 ὡς
2850 1238 3061 1309 φιάλαι
3097 1239 3200 1293 τοῦ
3228 1232 3549 1308 ἀρώματος,
3574 1242 3686 1309 φύ-

2105 1348 2282 1389 ουσαι
2312 1330 2641 1401 μυρεψικὰ.

2760 1423 3036 1478 ΣΧΟΛΙΑ.

2181 1518 2391 1586 ’Ὠσπερ
2438 1515 2496 1569 αί
2531 1516 2638 1569 τῶν
2689 1514 3001 1584 ἀρωμάτων
3031 1514 3221 1583 φιάλαι
3264 1514 3525 1583 πλείστην
3553 1517 3685 1581 ὅσην

2108 1608 2207 1678 τὴν
2224 1606 2455 1661 εὐωδίαν
2475 1606 2779 1675 παρέχουσι
2801 1606 2913 1666 τοῖς
2936 1604 3165 1670 ἔγγιστα
3183 1604 3491 1672 γινομένοις
3510 1622 3522 1633 ·
3547 1604 3687 1657 οὕτω

2111 1701 2207 1752 καὶ
2254 1701 2282 1751 ὁ
2334 1696 2635 1768 μονογενὴς
2688 1695 2818 1757 Υἱὸς
2852 1693 2950 1747 τοῦ
2992 1694 3130 1747 θεοῦ
3171 1697 3283 1757 τοῖς
3332 1694 3687 1747 πιστεύσασιν

442 1785 772 1838 sanctissimi
797 1785 1033 1853 Spiritus
1056 1786 1283 1854 gratiam
1313 1788 1569 1857 impertit.
1594 1789 1824 1857 Accipite
1843 1789 2011 1855 enim,

2116 1794 2197 1855 είς
2236 1791 2397 1846 αὑτὸν
2447 1789 2713 1843 πλουσίαν
2744 1788 2842 1857 τὴν
2889 1787 2985 1841 τοῦ
3036 1787 3308 1855 παναγίου
3371 1786 3687 1854 ῐῐνεύματος

443 1874 601 1938 dixit,
637 1873 892 1942 Spiritum
921 1886 1160 1928 sanctum
1191 1876 1276 1927 ⁸⁸ιρ

1183 2054 1384 2109 CANT.

448 2140 618 2198 Labia
657 2143 769 2213 ejus
808 2144 928 2199 lilia
955 2144 1222 2199 stillantia
1254 2149 1527 2215 myrrham
1577 2147 1808 2215 plenam.

1117 2321 1429 2376 SCHOLIA.

521 2414 770 2470 Prolatos
806 2426 1090 2472 sermones
1121 2418 1340 2472 divinos
1376 2434 1471 2489 per
1502 2418 1645 2475 labia
1712 2419 2020 2477 Salvatoris

453 2506 521 2559 ad
572 2521 762 2562 omnes
822 2515 875 2561 ot
913 2522 1012 2576 pro
1068 2509 1327 2563 omnibus
1393 2509 1513 2564 lilia
1564 2510 1830 2566 stillantia
1883 2529 2023 2582 myr-

454 2598 608 2651 rham
651 2597 944 2666 appellavit
980 2617 994 2653 :
1041 2598 1159 2652 lilia
1200 2600 1441 2669 quidem,
1504 2612 1724 2672 propter
1782 2604 2026 2674 fragran-

453 2688 584 2740 tiam
611 2687 828 2756 plantae,
857 2696 911 2743 et
936 2689 1063 2758 quia
1102 2688 1173 2743 ab
1224 2688 1482 2743 omnibus
1508 2690 1870 2760 deamantnr;
1900 2695 2023 2748 stil-

454 2779 628 2833 lantia
662 2792 790 2834 vero
815 2782 1085 2849 myrrham
1120 2782 1350 2849 plenam,
1388 2792 1615 2853 propter
1663 2786 1771 2840 vim
1811 2783 2025 2841 abunde

455 2871 895 2942 su‘lﬁcienterqne
967 2873 1245 2938 servandi,
1289 2886 1344 2931 et
1407 2879 1745 2945 continendi,
1786 2884 1841 2933 et
1898 2881 2026 2949 quia

455 2962 658 3032 ubique
689 2962 978 3033 colligunt,
1031 2978 1389 3030 conservant,
1442 2977 1498 3023 et
1546 2969 1879 3023 conﬁrmant
1931 2984 2027 3023 eos

454 3054 875 3126 quisnscipiunt
905 3053 1292 3124 Evangelium;
1339 3059 1422 3115 vel
1447 3060 1610 3115 etiam
1640 3062 1709 3115 ob
1752 3061 2022 3115 diﬂlcilem

456 3150 857 3216 etstrigosam,
916 3162 1299 3216 asperamque,
1360 3158 1421 3204 ut
1464 3151 1702 3215 videtur,
1769 3153 2024 3208 observa-

459 3239 663 3292 tionem
698 3238 1076 3293 tnandatornm
1142 3240 1257 3295 Dei.
1320 3242 1561 3312 Angusta
1616 3244 1785 3308 enim,
1828 3245 2027 3319 inquit,

456 3339 506 3382 et
560 3338 713 3384 arcta
773 3339 851 3385 est
901 3331 1029 3398 uia,
1080 3349 1198 3403 qua:
1256 3334 1403 3388 ducit
1455 3334 1526 3389 ad
1584 3350 1802 3408 regnum
1864 3340 2024 3394 caelo-

458 3439 575 3475 rum
593 3422 660 3476 ⁸⁹.

1187 3516 1392 3574 CANT.

534 3607 618 3662 Η.
653 3606 847 3697 Manus
875 3608 991 3678 ejus
1014 3610 1307 3676 tornatiles,
1334 3627 1531 3679 aurem,
1561 3614 1753 3684 plenae,
1778 3624 2026 3672 strenue.

1096 3788 1414 3848 SCHOLIA.

540 3877 763 3944 Omnia,
801 3894 923 3947 qua:
964 3887 1186 3949 propter
1215 3895 1317 3935 nos
1353 3882 1409 3936 in
1443 3884 1647 3940 mundo
1686 3886 2028 3943 admirabilia

464 3968 558 4022 Dei
600 3984 765 4022 manu
798 3976 925 4022 sunt
945 3966 1112 4033 facta,
1156 3969 1276 4038 ejus
1332 3971 1492 4040 plena
1550 3983 1680 4028 sunt
1726 3976 2032 4045 pulchritu-

460 4062 610 4114 dine.
656 4058 792 4113 Ecce
821 4060 981 4126 enim,
1015 4060 1213 4128 inquit,
1266 4064 1447 4117 omnia
1504 4066 1727 4132 pulchra
1764 4068 1917 4123 valde
1959 4070 2029 4122 '°.

463 4149 600 4202 Dum
641 4159 825 4205 autem
871 4149 1049 4204 dixit:
1083 4149 1278 4206 Manus
1313 4154 1431 4221 ejus
1491 4157 1790 4225 tornatiles,
1832 4177 2028 4230 aurete,

461 4244 724 4312 a-qnalem
783 4243 842 4297 in
887 4242 1119 4313 singulis
1164 4244 1448 4300 elementis
1507 4249 1814 4315 portionem
1880 4251 2030 4307 desi-

463 4344 615 4404 gnat,
667 4335 995 4404 illornmqne
1038 4335 1181 4389 inter
1236 4350 1295 4391 se
1338 4340 1761 4396 connexionem.
1823 4341 2025 4411 Plenas,

2114 1886 2275 1957 χάριν
2348 1882 2642 1953 μετέδωκε.
2723 1880 2947 1936 Λάϐετε
3018 1882 3155 1949 γὰρ,
3210 1878 3386 1949 φησὶ,
3448 1879 3687 1948 Πνεῦμα

2115 1977 2308 2047 ἅγιον.

2742 2058 2981 2119 'AZMA.

2742 2064 2769 2083 '
2859 2065 2958 2118 MA

2187 2160 2372 2227 Χείλη
2450 2157 2640 2214 αὐτοῦ
2741 2064 2958 2225 aegra,

2119 2249 2346 2319 πλήρηο

3037 2156 3332 2218 στάζοντα
3412 2158 3689 2228 σμύρναν

2753 2340 3029 2395 ΣΧΟΛΙΔ.

2192 2438 2331 2500 Τοὺς
2362 2437 2453 2491 διὰ
2497 2437 2604 2491 τῶν
2631 2436 2861 2508 χειλέων
2898 2434 2993 2488 τοῦ
3034 2433 3295 2504 Σωτῆρος
3333 2434 3472 2504 πρὸς
3514 2433 3689 2488 ᾶπαν-

2123 2547 2225 2593 τας
2258 2530 2351 2583 καὶ
2384 2529 2526 2598 ὑπὲρ
2572 2529 2831 2583 ἁπάντων
2883 2525 3336 2598 προφερομένους
3369 2525 3692 2596 θεαρχικοῦς

2123 2621 2314 2688 λόγους
2344 2619 2520 2687 κρίνα
2558 2618 2856 2679 στάζοντα
2899 2619 3183 2685 σμύρναν
3234 2616 3644 2685 προσηγόρευσε
3670 2631 3684 2644 ·

2126 2710 2304 2780 κρίνα
2338 2711 2437 2779 μὲν
2469 2709 2557 2762 διὰ
2584 2709 2645 2761 τὸ
2676 2706 2877 2770 εὑῶδες
2908 2706 3002 2760 τοῦ
3046 2702 3217 2774 φυτοῦ
3254 2704 3350 2757 καὶ¹
3380 2704 3547 2756 πᾶσιν
3568 2702 3690 2754 ἐπέ-

2132 2819 2329 2874 ραστον
2354 2816 2370 2835 ·
2395 2799 2692 2861 στάζοντα
2720 2799 2776 2853 δὲ
2801 2797 3083 2867 σμύρναν
3104 2795 3333 2862 πλήρη,
3363 2793 3450 2846 διὰ
3485 2794 3547 2845 τὸ
3572 2809 3691 2844 συν-

2128 2895 2368 2961 εκτικὸν,
2404 2895 2499 2948 καὶ
2530 2893 2774 2963 διαρκὲς,
2820 2892 2914 2946 καὶ
2970 2887 3311 2957 πανταχόθεν
3348 2886 3545 2956 ἐπέχον
3598 2885 3692 2937 καὶ

2131 2986 2390 3057 στηρίζον
2431 2986 2558 3048 τοὺς
2595 2981 3071 3055 παραδεχομένους
3125 2981 3186 3034 τὸ
3241 2977 3578 3047 Εὑαγγέλιον
3612 2990 3625 3004 ⁸
3653 2975 3686 3043 ἢ

2131 3080 2224 3131 καὶ
2252 3079 2342 3132 διὰ
2394 3077 2455 3131 τὸ
2510 3072 2706 3148 πικρὸν
2746 3077 2842 3129 καὶ
2898 3072 3093 3151 δοκοῦν
3140 3070 3380 3143 σκληρὸν
3429 3070 3523 3123 τοῦ
3556 3068 3693 3122 κατὰ

2131 3169 2262 3222 Θεὸν
2295 3168 2742 3237 ἀπαγγέλματος.
2795 3167 2868 3219 'H
2904 3166 3014 3235 γὰρ
3074 3166 3215 3230 ὁδὸς
3255 3164 3295 3231 ἡ
3353 3162 3693 3231 ἀπάγουσα,

2132 3260 2314 3330 φησιν,
2382 3262 2468 3327 είς
2520 3259 2635 3327 τὴν
2660 3259 2996 3324 βασιλείαν
3029 3254 3151 3312 τῶν
3181 3254 3458 3324 οὐρανῶν
3505 3251 3692 3320 στενὴ

2132 3352 2231 3406 καί
2256 3352 2613 3421 τεθλιμμένη
2654 3351 2854 3405 ἐστῖν.

2757 3519 2999 3598 τᾼΣΜΑ.

2204 3619 2409 3687 Χεῒρες
2440 3615 2631 3671 αὑτοῦ
2679 3613 3015 3686 τορνευταί,
3042 3612 3287 3684 χρυσαῖ,
3310 3613 3688 3684 πεπληρωμέ·

2135 3727 2253 3775 ναι,
2286 3707 2555 3777 θαρσεῒς.

2753 3798 2839 3851 ΣΧ
2850 3797 3032 3852 OAIA.

2212 3892 2397 3946 Πάντα
2423 3892 2512 3945 διὰ
2540 3889 2649 3943 τῶν
2688 3889 2890 3960 χειρῶν
2917 3888 3010 3943 τοῦ
3034 3889 3169 3944 Θεοῦ
3203 3892 3341 3958 πρὸς
3370 3891 3515 3961 ἡμᾶς
3544 3907 3689 3958 γεγε-

2136 3979 2344 4053 νημένα
2376 3978 2470 4032 τοῦ
2518 3978 2727 4047 κόσμου
2780 3978 3071 4048 θαυμαστὰ
3127 3979 3535 4050 πεπληρωμένα
3591 3980 3694 4033 εἰσὶ

2136 4071 2235 4140 τῆς
2276 4070 2407 4139 παρ’
2462 4068 2627 4123 αὐτοῦ
2688 4068 2994 4137 καλλονῆς·
3054 4069 3213 4124 Ἰδοὺ
3246 4072 3381 4140 γὰρ,
3440 4071 3593 4141 φησὶ,
3627 4068 3695 4121 τὰ

2136 4164 2337 4216 πάντα
2366 4161 2526 4216 καλὰ
2579 4163 2743 4217 λίαν.
2802 4161 2900 4214 Διὰ
2929 4161 2985 4214 δὲ
3042 4163 3137 4216 τοῦ
3170 4163 3355 4229 eam,
3409 4166 3480 4217 Ai
3512 4164 3691 4233 χεῖρες

2138 4253 2326 4307 αὐτοῦ
2380 4252 2711 4320 τορνευταί,
2763 4252 3006 4321 χρυσαῖ,
3060 4253 3160 4323 τὴν
3210 4255 3266 4305 ὲν
3319 4254 3534 4324 ἑκάστῳ
3598 4252 3694 4306 τῶι

2143 4344 2425 4413 στοιχείων
2453 4343 2762 4413 ἰσομοιρίαν
2793 4345 2965 4414 δηλοῖ,
2995 4346 3091 4397 καὶ
3131 4346 3267 4415 πρὸς
3313 4345 3521 4415 ἄλληλα
3573 4345 3695 4411 σύγ·

458 4436 712 4479 strenua.
746 4429 822 4480 Ac
849 4425 895 4481 si
913 4427 1151 4481 diceret:
1207 4424 1413 4484 Divina
1442 4428 1565 4500 eius
1594 4444 1723 4503 erga
1772 4448 1873 4491 nos
1907 4451 2021 4507 par-

2138 4453 2353 4507 κρασιν.
2398 4437 2879 4507 Πεπληρωμέναι.
2935 4437 3209 4507 θαρσεῖς·
3246 4439 3366 4491 ἀντὶ
3399 4438 3538 4506 Ιτοῦ,
3576 4439 3682 4508 μέτ-

460 4522 750 4591 ticipantes
772 4520 990 4591 pietatis
1010 4529 1064 4578 et
1090 4524 1467 4592 providentiae.

1201 4706 1411 4764 CANT.

544 4795 733 4851 Venter
759 4796 877 4868 ejus
928 4797 1088 4852 ueluti
1111 4798 1293 4852 tabula
1321 4801 1552 4855 eburnea
1597 4812 1753 4871 super
1808 4801 2035 4872 lapidem

460 4891 727 4958 sapphirt'.

1156 4983 1471 5042 SCHOLIA.

534 5073 893 5145 Apertissime
927 5076 980 5130 in
1019 5077 1086 5134 iis
1117 5091 1338 5147 quoque
1372 5079 1635 5148 propheta
1652 5080 2028 5146 demonstrat,

463 5184 523 5223 se
556 5183 661 5222 non
696 5168 763 5222 de
800 5167 992 5237 quovis
1029 5169 1247 5222 homine
1273 5170 1436 5223 verba
1470 5170 1671 5225 facere.
1737 5170 1873 5227 Nam
1940 5187 2035 5227 en-

460 5258 550 5326 jus
586 5274 828 5327 unquam
879 5258 1186 5314 invenietur
1226 5268 1433 5325 venter,
1465 5261 1623 5314 veluti
1659 5262 1849 5316 tabula
1878 5264 2037 5316 ebur-

463 5352 599 5406 nea?
653 5353 850 5407 Verum
886 5353 1168 5408 enimvero
1190 5352 1338 5408 clare
1395 5356 1655 5421 ostendit,
1705 5370 1763 5412 se
1812 5355 2033 5410 maximi

464 5441 770 5512 cuiuspiam
803 5458 868 5499 ac
908 5442 1113 5499 summi
1161 5442 1516 5512 Iagislatoris
1553 5461 1751 5500 nomen
1795 5448 2036 5502 voluisse

465 5534 792 5601 exprimere.
853 5536 954 5590 Per
1002 5546 1244 5592 ventrem
1307 5536 1491 5607 itaque
1542 5553 1637 5592 cor
1687 5539 2036 5610 signiﬁcavit:

541 5710 762 5765 “Joan.
802 5711 1006 5779 “1,58.
1078 5715 1122 5748 ⁸⁷
1164 5713 1309 5769 Psal.
1338 5731 1527 5780 χχχιιι,
1567 5716 1645 5770 16.

2140 4532 2240 4599 οχα
2298 4529 2398 4596 τῆς
2442 4528 2572 4599 παρ’
2621 4528 2790 4585 αὑτοῦ
2852 4529 2989 4600 πρὸς
3050 4530 3201 4600 ἡμᾶς
3253 4529 3520 4594 omnes;
3574 4548 3687 4601 προι

2142 4621 2310 4684 νοίας;

2769 4708 3010 4786 νᾼΣΜΛ.

2206 4810 2418 4863 [fon/Ila
2449 4810 2637 4864 αὐτοῦ
2664 4810 2744 4877 ὡς
2774 4810 2999 4875 πυξίον
3029 4811 3431 4881 ἐλεφάντινον
3486 4810 3585 4865 ἐπὶ
3617 4809 3697 4863 .τί-

2139 4901 2247 4954 θου
2282 4899 2649 4968 σαπφείρου.

2784 4994 2871 5046 ΣΧ
2880 4993 3058 5048 OAIA.

2210 5084 2530 5153 Σαφέστατα
2589 5087 2691 5138 κὰν
2742 5086 2951 5148 τούτοις
3015 5084 3287 5137 δείκνυσιν
3327 5085 3354 5136 ό
3396 5086 3698 5161 προφήτης.

2139 5175 2214 5236 ὡς
2246 5176 2307 5226 οὐ
2344 5173 2473 5243 περί
2501 5190 2643 5237 τινος
2678 5173 2967 5244 ἀνθρώπου
3007 5174 3356 5241 διαλέγεται’
3418 5174 3565 5235 τίνος
3599 5173 3699 5239 γὰρ

2140 5266 2206 5318 ἂν
2242 5264 2495 5335 εὐρεϐείη
2540 5264 2769 5332 ήκοιλία
2804 5265 2879 5327 ὠς
2927 5265 3117 5329 πυξίον
3150 5265 3544 5333 ὲλεφὰντινον;
3594 5263 3701 5314 ἀλλ’

2138 5353 2356 5427 ἦδῆλον
2384 5358 2512 5429 περὶ
2540 5357 2799 5427 μεγίστου
2837 5357 3003 5421 τινὸς,
3037 5358 3133 5411 καὶ
3187 5359 3254 5411 τὰ
3289 5358 3523 5427 μέγιστα
3557 5372 3700 5407 νενοο

2146 5447 2535 5517 μοθετηκότος,
2555 5448 2655 5518 τὴν
2684 5448 3060 5518 προσηγορίαν
3100 5449 3422 5502 ὲκτέοειται.
3456 5449 3555 5499 Διὰ
3579 5445 3702 5513 γοῦν

2142 5543 2240 5605 τῆς
2266 5538 2473 5603 κοιλίας
2501 5540 2600 5612 τὴν
2630 5538 2862 5606 καρδίαν
2905 5541 3203 5609 ἐσήμανεν,
3245 5541 3301 5591 ἐν
3327 5531 3370 5606 ᾧ
3402 5539 3461 5593 τὸ
3491 5537 3705 5605 διανοη-

1724 5718 1766 5747 ⁶¹⁸
1789 5716 1943 5773 Jonn.
1988 5719 2186 5788 “,2?”
2267 5721 2309 5753 99
2346 5721 2535 5776 Matth.
2572 5736 2666 5784 vn,
2708 5720 2790 5775 li.
2866 5720 2911 5751 ’°
2954 5719 3086 5775 Gcn.
3119 5735 3155 5783 l,
3184 5718 3274 5773 51.
