4028 6270
398 297 532 360 1059,

985 404 1300 460 δυιιοιιΑ.

463 502 558 556 Dei
600 500 760 556 Verbi
807 499 1153 555 characteres
1185 498 1390 566 optime
1437 496 1641 550 edoctae
1693 496 1969 559 mulieres,

392 609 459 649 ac
512 594 675 648 etiam
720 596 852 661 ipsae
908 591 1027 657 eius
1081 604 1267 643 amore
1319 588 1542 653 sauciae,
1606 603 1673 642 ex
1727 587 1968 655 ejusdem

395 684 699 745 desiderio,
741 683 967 737 dicunt:
1008 682 1125 746 Quo
1157 682 1287 735 abiit
1318 696 1473 749 nepos
1511 690 1653 745 tuus,
1687 696 1715 732 ο
1749 678 1970 748 pulchra

392 773 449 825 in
480 773 840 828 mulieribus?
888 787 991 841 quo
1049 772 1179 824 abiit
1226 788 1385 838 nepos
1449 773 1618 824 tuus.’
1653 768 1729 822 Ex
1785 769 1966 839 gaudii

391 867 784 935 essuperantia
846 867 1112 919 iterarunt
1175 862 1695 931 interrogationem,
1756 861 1838 913 vel
1902 876 1968 915 ex

391 958 707 1015 imitantium
761 971 933 1021 more,
993 956 1083 1024 qui
1137 955 1221 1010 bis
1280 964 1336 1008 et
1388 954 1588 1022 saepius
1647 954 1835 1007 eadem
1882 968 1969 1007 re-

391 1059 605 1122 petunt.
673 1047 741 1101 Et
774 1063 1068 1117 quaeremus
1098 1063 1217 1101 eum
1243 1060 1414 1101 tecum
1434 1062 1455 1100 :
1484 1046 1586 1098 hoc
1631 1053 1737 1109 est,
1764 1043 1967 1113 Seque-

393 1156 511 1195 mur
545 1149 617 1205 te,
643 1152 971 1209 quocunque
1017 1137 1233 1211 tandem
1269 1137 1385 1205 ipsa
1408 1133 1705 1189 contendes
1725 1134 1792 1186 ad
1822 1149 1970 1203 qua:-

391 1231 623 1285 rendum
650 1244 807 1293 eum;
854 1243 951 1282 uec
972 1229 1193 1281 curiose
1223 1226 1388 1281 nimis
1408 1225 1815 1297 indagabimus,
1847 1240 1968 1295 qua:

392 1324 461 1378 dc
495 1322 615 1391 ipso
641 1320 736 1375 tibi
768 1331 895 1374 sunt
939 1317 1158 1388 placita.

1031 1589 1265 1648 CAPUT
1289 1587 1382 1645 Vl.

1092 1683 1297 1739 CANT.

467 1780 597 1841 4,2.
625 1777 801 1847 Nepos
836 1793 978 1832 meus
1002 1776 1273 1830 descendit
1331 1776 1386 1827 in
1444 1774 1653 1827 hortum
1694 1786 1850 1823 suum
1897 1770 1967 1822 ad
1999 1808 2040 1861 Β

392 1872 601 1939 phialas
635 1878 955 1932 aromatum,
983 1878 1039 1921 ut
1065 1876 1252 1937 pascat
1288 1868 1343 1920 in
1397 1866 1587 1929 hortis,
1616 1874 1664 1917 et
1692 1863 1812 1916 lilia
1854 1861 1966 1915 col-

392 1964 541 2033 ligat.
581 1961 693 2031 Ego
738 1977 847 2015 meo
874 1962 1065 2029 nepoti,
1094 1967 1142 2014 et
1196 1973 1353 2029 nepos
1383 1972 1525 2011 meus
1552 1955 1701 2020 mihi,
1726 1956 1815 2024 qui
1873 1970 1969 2022 pa-

394 2058 495 2109 scit
528 2054 581 2109 in
616 2054 766 2108 liliis.

1032 2227 1348 2288 SCHOLIA.

464 2328 641 2397 Supra
696 2324 1024 2395 aprincipio
1066 2325 1248 2380 omnis
1308 2337 1534 2393 prorsus
1577 2321 1717 2376 labis
1771 2331 1969 2389 expers

394 2419 664 2475 materde
715 2428 912 2485 nepOte
950 2415 1097 2484 apud
1120 2430 1214 2470 eas
1274 2414 1645 2469 narrationem
1706 2412 1968 2478 instituit,

392 2512 634 2580 dicitque
660 2510 740 2564 eis
775 2527 789 2564 :
821 2508 1172 2576 interrogatis
1204 2522 1309 2573 me,
1336 2523 1439 2577 quo
1493 2522 1639 2560 meus
1693 2505 1827 2558 abiit
1878 2520 1967 2558 ne-

392 2604 593 2671 uepos?
628 2600 805 2670 Nepos
842 2617 985 2655 meus
1011 2599 1280 2654 descendit
1322 2600 1382 2653 in
1432 2598 1644 2653 hortum
1684 2613 1836 2652 suum
1896 2596 1967 2658 “,

395 2695 664 2757 videlicet,
706 2710 736 2747 e
765 2693 905 2748 caelo
954 2693 1312 2756 descendens,
1343 2705 1564 2746 carnem
1608 2706 1676 2745 es
1730 2705 1817 2745 me
1875 2705 1969 2745 as-

392 2786 641 2855 sumpsit.
680 2785 800 2856 lpsa
829 2786 977 2841 enim
1016 2793 1103 2839 est
1134 2785 1319 2838 hortus
1369 2784 1460 2838 ille
1511 2784 1754 2853 signatus
1790 2784 1857 2838 ’⁷.
1886 2785 1967 2839 Ad

390 2877 599 2946 phialas
633 2891 936 2931 aromatum
965 2893 985 2932 :
1018 2877 1087 2932 ad
1118 2875 1425 2932 docendum
1472 2890 1689 2930 omnem
1759 2885 1963 2933 terram

392 2972 573 3025 divina
604 2971 777 3039 ipsius
822 2980 1115 3040 praecepta,
1150 2978 1205 3022 et
1224 2969 1290 3023 ad
1315 2968 1633 3036 replendum
1670 2971 1840 3024 totius
1862 2986 1958 3025 or-

393 3062 476 3114 bis
506 3061 771 3114 ambitum
808 3061 1023 3113 illorum
1073 3060 1394 3128 fragrantia.
1440 3057 1509 3112 Ut
1532 3070 1719 3128 pascat
1754 3063 1806 3115 iu
1836 3062 1964 3115 hero

394 3151 482 3214 tis,
530 3159 579 3204 et
631 3148 750 3201 lilia
807 3148 1019 3216 colligat
1069 3163 1089 3203 :

388 3258 517 3298 oves
546 3243 599 3296 iu
631 3242 848 3310 pascuis
886 3240 1202 3296 caelestibus
1225 3280 1241 3305 ,
1271 3247 1328 3294 et
1364 3240 1695 3305 introducat,
1738 3253 1793 3299 et
1828 3244 1963 3297 edu-

391 3343 479 3387 rat
524 3348 733 3403 easper
760 3332 964 3387 ostium
1018 3331 1105 3397 ’5;
1141 3341 1193 3386 et
1242 3331 1313 3386 ab
1344 3332 1425 3386 eis
1461 3332 1681 3401 colligat
1724 3333 1961 3401 fructus,

390 3426 734 3481 dilectionem
776 3424 1053 3486 nimirum,
1082 3432 1139 3478 et
1172 3424 1626 3479 misericordiam.
1676 3424 1790 3494 Ego
1847 3442 1961 3480 meo

390 3520 585 3585 nepoti,
620 3512 1038 3587 et‘nepus'meus
1082 3517 1232 3571 mihi.
1260 3516 1372 3587 Ego
1403 3518 1612 3573 scilicet
1656 3519 1709 3572 ei
1738 3534 1959 3574 carnem

388 3611 621 3681 prmbui,
657 3620 711 3666 et
759 3612 876 3680 ipse
896 3611 1028 3665 mihi
1054 3610 1418 3666 divinitatem.
1467 3611 1569 3676 Qui
1595 3612 1761 3679 pascit
1796 3614 1848 3665 in
1894 3612 1962 3664 li-

390 3706 477 3757 liis
507 3721 525 3758 :
564 3705 658 3775 qui
709 3705 958 3759 videlicet
1003 3704 1095 3758 illa
1142 3704 1319 3769 ducet,
1353 3718 1476 3773 qua:
1520 3703 1587 3756 ad
1640 3704 1955 3773 paradisum

387 3808 442 3853 ct
462 3813 583 3867 qua:
608 3798 661 3851 in
687 3797 783 3853 illo
811 3797 881 3852 ad
908 3797 1101 3853 ﬂorum
1121 3796 1349 3852 delicias
1384 3806 1665 3865 Spectant.

1086 4083 1291 4140 CANT.

458 4180 512 4244 5,
541 4178 589 4231 ι.
626 4177 860 4231 Pulchra
892 4193 967 4242 es,
997 4178 1293 4247 propinqua
1334 4193 1468 4241 mea,
1496 4178 1631 4230 sicut
1663 4178 1957 4247 beneplaci-

390 4280 535 4337 tum,
564 4270 756 4323 decora
801 4271 941 4323 sicut
986 4268 1324 4335 Jerusalem,
1368 4268 1620 4322 terribilis
1669 4270 1802 4323 sicut
1861 4286 1954 4323 ca-

315 4417 320 4427 ,
389 4368 620 4412 strorum
652 4358 881 4411 ordines.
912 4357 1098 4410 Aterte
1121 4356 1299 4410 oculos
1327 4366 1443 4409 tuos
1479 4368 1663 4410 contra
1694 4374 1794 4422 me,
1826 4358 1953 4427 quia

389 4451 472 4506 illi
492 4467 573 4505 me
605 4449 812 4504 evolare
842 4449 1098 4517 fecerunt.

316 4544 321 4599 ἶ
1011 4540 1325 4599 SCIIOLIA.

460 4633 829 4689 Commutatio
868 4632 955 4687 hic
985 4633 1045 4687 tlt
1073 4634 1278 4689 moduZE
1307 4634 1617 4700 cantionis;
1646 4646 1700 4691 et
1728 4635 1780 4689 in
1807 4636 1955 4705 priu-

392 4728 536 4798 cipio
561 4725 780 4796 quidem
819 4736 1077 4796 tanquam
1108 4727 1399 4797 prepheta,
1439 4725 1681 4797 Virginis
1707 4728 1962 4785 decantat

390 4822 609 4884 Iaudes;
641 4819 728 4874 hic
754 4828 958 4883 autem,
987 4831 1207 4889 repente
1236 4821 1399 4875 veluti
1443 4821 1654 4878 alilatus
1701 4822 1958 4891 Numine,

388 4924 610 4969 cantum
650 4915 809 4984 quasi
864 4928 930 4969 ex
960 4914 1071 4969 alio
1117 4916 1317 4970 attollit
1350 4916 1641 4985 principio,
1697 4926 1749 4972 et
1778 4918 1952 4973 dicit:

393 5005 624 5058 Pulchra
646 5022 720 5070 es,
737 5007 1030 5076 propinqua
1052 5022 1187 5072 mea,
1211 5008 1348 5061 sicut
1376 5007 1757 5077 beneplacitum
1776 5026 1795 5075 ,'
1812 5025 1963 5066 com-

391 5096 593 5164 placuit
642 5099 788 5150 enim
837 5096 949 5153 Deo
1000 5107 1054 5153 et
1102 5096 1269 5162 Patri,
1312 5099 1367 5152 in
1412 5114 1475 5153 ea
1518 5101 1693 5155 nostri
1746 5105 1962 5172 generis

388 5189 603 5258 aperari
654 5189 909 5244 salutem.
942 5190 1143 5244 Decora
1167 5191 1304 5244 sicut
1334 5188 1655 5259 Jerusalem,
1709 5194 1822 5249 sive
1845 5204 1964 5249 tan-

389 5296 554 5348 quam
586 5296 757 5336 sacrae
789 5281 938 5351 pacis
973 5296 1162 5346 causa,
1210 5281 1490 5351 ipsiusque
1521 5286 1668 5351 pacis
1699 5286 1961 5339 concilia-

384 5374 517 5437 trix,
544 5388 732 5442 pacem
773 5374 1028 5426 omnibus
1069 5372 1319 5441 praebuit.
1375 5373 1647 5428 Terribilis
1696 5378 1836 5430 sicut
1864 5394 1955 5429 ca-

384 5474 618 5518 strorum
647 5466 878 5527 ordines,
930 5465 1035 5519 hoc
1078 5475 1183 5531 est,
1218 5481 1380 5535 supra
1408 5483 1623 5521 omnem
1659 5478 1872 5537 captum
1903 5478 1959 5522 et

387 5556 653 5610 rationem
699 5569 783 5612 est
841 5558 893 5611 iu
950 5568 1001 5611 te
1045 5559 1289 5612 uiunium
1354 5560 1813 5626 pulchritudinum
1865 5575 1955 5615 or-

1524 288 1893 349 ΜᾹΤΤΗΑΞῘ
1924 290 2464 351 CANTACUZENI

1991 416 2040 473 Α

3502 290 3650 355 1060

2707 405 2983 458 ΣΧΟΛΙΑ.

2147 495 2228 549 Τὰ
2261 498 2389 566 περὶ
2422 496 2516 549 τοῦ
2543 496 2675 550 Θεοῦ
2733 498 2909 564 Λόγου
2960 494 3326 566 γνωρίσματα
3388 495 3650 563 ἀσφαλῶς

2072 590 2130 641 αἱ
2170 590 2427 655 γυναῖκες
2455 588 2747 658 μαθοῦσαι,
2768 591 2863 641 καὶ
2893 586 3191 657 τρωθεῖσαι
3216 588 3313 640 καὶ
3360 586 3523 640 αὐταὶ
3569 586 3648 653 τῷ

2072 682 2285 733 ἐκείνου
2351 681 2540 750 ἔρωτι,
2595 682 2672 741 εἰς
2721 679 2885 732 πόθον
2917 676 3083 749 ἦλθον
3121 676 3312 743 αὑτοῦ,
3340 676 3436 731 καί
3471 694 3603 746 φασι
3630 692 3645 706 ⁸

2073 773 2195 828 Ποῦ
2231 773 2511 841 ἀπῆλθεν
2538 776 2570 827 ό
2592 773 2921 842 ἀδελφιδός
2951 788 3090 835 σου,
3123 772 3163 840 ἠ
3212 769 3373 838 καλὴ
3422 769 3491 823 ἐν
3548 788 3649 839 Tv-

2069 867 2272 933 raté‘l;
2304 866 2423 920 ποῦ
2453 864 2731 932 ἀπῆλθεν
2760 868 2791 917 ό
2820 863 3147 932 ἀδελφιδός
3180 877 3336 926 σου;
3365 862 3444 931 τῷ
3477 863 3648 931 ὑπερ-

2070 958 2321 1012 ϐάλλοντι
2357 958 2457 1026 τῆς
2486 954 3138 1026 χαρᾶςδιπλασιάσασαι
3185 953 3285 1023 τὴν
3345 951 3640 1021 ἐρώτησιν,

2070 1048 2102 1117 ἢ
2154 1046 2249 1099 καὶ
2297 1045 2369 1108 ὡς
2404 1045 2524 1107 ἔθος
2559 1045 2676 1098 ἐστὶ
2709 1047 2821 1103 τοῖς
2874 1044 3082 1114 ᾅδουσι,
3142 1042 3223 1107 δὶς
3262 1044 3331 1096 τὰ
3364 1043 3501 1096 αὐτὰ
3555 1044 3647 1096 καὶ

2071 1138 2333 1199 πολλάκις
2368 1135 2874 1204 ἐπαναλαμϐάνειν.
2910 1134 3023 1188 Καὶ
3072 1133 3421 1203 ζητήσομεν
3457 1135 3645 1187 αὺτεν

2064 1230 2217 1300 μετὰ
2255 1228 2374 1283 σοῦ
2395 1246 2411 1262 ·
2441 1228 2748 1293 τουτέστιν,
2780 1226 3258 1296 ’Δκολουθήσομέν
3288 1243 3371 1279 σοι
3406 1227 3539 1279 ὅπου
3579 1226 3644 1278 ἂν

2070 1324 2210 1394 αὐτὴ
2270 1321 2513 1395 ἀπέλθῃς
2560 1324 2641 1385 είς
2690 1322 2791 1390 τὴν
2856 1320 3071 1372 ἐκείνου
3125 1318 3402 1387 ζήτησινο
3450 1320 3547 1371 καὶ
3584 1317 3646 1369 οὐ

2069 1394 2675 1486 ⁸τὶολυπραγμονήσομιεν
2743 1412 2811 1466 τὰ
2880 1412 3008 1482 περὶ
3085 1410 3292 1463 ἐκείνου
3364 1409 3446 1462 σοὶ
3505 1408 3645 1479 ape.

2071 1526 2294 1564 σκοντα.
2766 1553 2776 1561 ,

2644 1602 2898 1656 usam.
2923 1599 3013 1668 ς’.

2701 1688 2942 1766 *ᾼΣΜΔ.

2141 1787 2482 1856 Ἀὃελεριδός
2511 1804 2631 1856 μου
2671 1784 2891 1852 κατέϐη
2941 1786 3029 1848 εις
3066 1782 3268 1850 κῆπον
3320 1780 3527 1842 αὑτοῦ,
3558 1782 3643 1845 εἰς

2071 1880 2293 1949 φιάλας
2324 1878 2430 1933 τοῦ
2451 1878 2778 1947 ἀρώματος,
2812 1876 3156 1947 ποιμαίνειν
3189 1875 3259 1927 ἐν
3284 1874 3523 1939 κήποις.
3544 1871 3640 1924 καὶ

2071 1971 2405 2041 συλλέγειν
2435 1973 2635 2040 κρῖνα.
2674 1968 2823 2040 Ἐγὼ
2861 1969 2942 2035 τῷ
2984 1964 3299 2036 ἀδελφιδῷ
3349 1981 3495 2031 μου,
3544 1962 3638 2015 καὶ

2070 2068 2103 2118 ὁ
2133 2061 2463 2133 ἀδελφιδός
2486 2079 2608 2133 μου
2643 2061 2776 2131 ἐμοι
2800 2077 2816 2093 ο
2844 2062 2876 2114 ό
2900 2059 3235 2128 ποιμαίνων
3260 2056 3332 2110 ὲν
3364 2055 3485 2121 τοῖς
3519 2053 3643 2121 κριο

2071 2174 2194 2223 νοις
2207 2195 2223 2212 .

2704 2247 2981 2301 ΣΧΟΛΙΑ.

2170 2339 2415 2393 Ἀνωθεν
2462 2340 2521 2404 ἐξ
2574 2339 2747 2411 ἀρχῆς
2801 2338 2939 2408 πρὸς
2990 2337 3160 2400 αὑτὰς
3211 2338 3246 2409 ὴ
3301 2340 3640 2410 πανάμωμος

2074 2434 2257 2503 μήτηρ
2282 2432 2379 2501 τὴν
2414 2432 2541 2502 περὶ
2598 2432 2691 2485 τοῦ
2731 2428 3017 2497 ἀδελφιδοῦ
3052 2430 3312 2500 διήγησιν
3365 2434 3596 2484 ποιεῖται
3624 2473 3639 2493 ,

2070 2524 2167 2577 καί
2196 2541 2327 2594 φησι
2357 2524 2490 2593 πρὸς
2515 2523 2683 2586 αὑτάς
2712 2540 2725 2554 ·
2759 2521 3037 2592 Ἐρωτᾶτέ
3089 2540 3178 2593 με,
3212 2521 3333 2577 ποῦ
3364 2522 3643 2590 ἀπῆλθεν

2069 2618 2102 2669 ὀ
2126 2614 2454 2685 ἀδελφιδός
2479 2632 2642 2685 μου;
2687 2613 2750 2668 '0
2779 2613 3106 2689 ἀδελφιδός
3128 2631 3250 2682 μου
3300 2616 3519 2683 κατέϐη
3555 2617 3641 2681 εἷς

2069 2707 2271 2776 κῆπον
2297 2708 2485 2761 αὑτοῦ
2510 2724 2524 2741 ο
2555 2707 2748 2776 ἤγουν,
2789 2705 2849 2771 ἐξ
2901 2703 3134 2775 οὐρανοῦ
3172 2706 3444 2772 καταϐὰς,
3475 2710 3643 2778 isop-

2071 2800 2223 2865 κώθη
2250 2801 2306 2852 ἐν
2332 2800 2453 2870 ἐμοί
2475 2816 2489 2830 ο
2530 2798 2671 2868 αὕτη
2703 2798 2810 2867 γάρ
2842 2798 2989 2850 ἐστιν
3012 2799 3039 2849 ὁ
3065 2798 3516 2866 ἐσφραγισμένος
3546 2799 3642 2867 κῆ-

2069 2908 2192 2953 πος.
2245 2893 2352 2957 Εἰς
2390 2890 2616 2959 φιάλας
2656 2890 2994 2960 ἀρώματος·
3029 2890 3106 2952 είς
3140 2889 3202 2940 τὸ
3218 2888 3427 2955 διδάξαι
3460 2891 3640 2944 πᾶσαν

2066 2981 2167 3051 τὴν
2197 2981 2434 3051 γῆνιτὰς
2462 2981 2758 3051 θεουργοὺς
2800 2980 2967 3034 αὐτοῦ
3002 2979 3223 3042 ἐντολὰς
3242 3019 3256 3043 ,
3294 2980 3387 3033 καὶ
3418 2980 3637 3051 πληρῶ-

2069 3090 2159 3126 σαι
2190 3073 2287 3144 τὴν
2317 3074 2644 3144 οἰκουμένην
2677 3074 2856 3127 πᾶσαν
2889 3074 2988 3144 τῆς
3019 3070 3265 3135 εὐωδίας.
3295 3072 3639 3140 [lauta/retr

1142 3156 1203 3201 ut
1256 3148 1508 3202 videlicet
1565 3159 1755 3217 pasrat
1800 3151 1968 3220 ipsius

2073 3164 2142 3217 ἐν
2177 3164 2419 3230 κήποις,
2452 3163 2550 3217 καὶ
2581 3164 2911 3231 συλλέγειν
2947 3162 3121 3231 κρῖνα
3150 3178 3163 3191 ³
3188 3163 3298 3230 ἦτοι
3326 3161 3631 3227 ποιμαίνειν

2072 3258 2141 3309 τὰ
2170 3258 2364 3310 ἐαυτοῦ
2393 3257 2639 3327 πρόϐατα
2665 3258 2756 3309 ἐπὶ
2778 3258 2948 3325 νομὰς
2986 3254 3288 3326 οὐρανίους,
3344 3252 3436 3303 καὶ
3468 3250 3623 3303 εἱσά-

2071 3366 2190 3416 γειν
2218 3349 2382 3412 αὐτὰ,
2415 3350 2508 3402 καὶ
2530 3349 2748 3415 ἐξάγειν
2778 3348 2866 3400 διὰ
2914 3347 3011 3416 τῆς
3061 3345 3253 3416 θύρας,
3293 3343 3388 3396 καὶ
3437 3342 3625 3395 συλλέ-

2071 3455 2187 3506 γειν
2210 3438 2335 3502 τοὺς
2373 3440 2499 3509 παρ’
2541 3440 2721 3492 αὐτῶν
2758 3439 3030 3508 καρποὺς,
3066 3439 3255 3508 ἤγουν,
3285 3439 3382 3506 τὴν
3412 3436 3633 3503 ἀγάπην

2070 3531 2163 3583 καὶ
2189 3531 2280 3583 τὸν
2303 3530 2473 3585 ἔλεον.
2512 3531 2659 3599 Ἐγὼ
2678 3531 2758 3596 τῷ
2784 3528 3084 3599 ἀδελφιδῷ
3102 3547 3245 3600 μου,
3281 3529 3377 3583 καὶ
3400 3532 3433 3583 ό
3461 3528 3638 3583 ἀδελ-

2069 3622 2245 3691 φιὸός
2290 3640 2408 3692 μου
2461 3623 2631 3692 ἐμοὶ·
2691 3623 2833 3693 ἦτοι,
2902 3621 3043 3690 Ἐγὼ
3094 3621 3273 3692 τούτῳ
3316 3620 3415 3691 τὴν
3457 3622 3634 3689 σάρκα

2070 3718 2367 3788 παρέσχον.
2401 3719 2493 3769 καὶ
2516 3716 2677 3779 αὐτὸς
2714 3718 2838 3786 ἐμοὶ
2885 3716 2983 3785 τὴν
3034 3715 3251 3769 θέωσιν.
3300 3717 3363 3767 Ὀ
3404 3716 3639 3781 ποιμαί-

2068 3825 2192 3862 νων
2215 3809 2285 3860 ἐν
2315 3807 2441 3873 τοῖς
2489 3808 2742 3875 κρίνοιςο
2776 3808 2805 3859 ὀ
2852 3806 3120 3859 διδάσκων
3157 3803 3362 3873 δηλαδὴ
3390 3804 3457 3855 τὰ
3507 3805 3637 3872 περὶ

2068 3901 2162 3955 τοῦ
2229 3901 2559 3970 παραδείσου
2619 3900 2717 3954 καὶ
2775 3899 2875 3969 τῆς
2934 3901 2992 3951 ἐν
3042 3898 3191 3967 αὐτῷ
3252 3897 3361 3950 τῶν
3426 3897 3637 3950 ἀνθέων

2067 3994 2303 4064 τρυφῆς.

2694 4080 2933 4157 ’,μ-,Μελ

2138 4180 2305 4249 Καλὴ
2324 4178 2399 4245 εἷ,
2424 4182 2462 4249 ἡ
2492 4179 2763 4247 πλησίον
2780 4194 2921 4247 μου,
2941 4176 3021 4240 ὡς
3041 4174 3285 4230 εὐδοκία
3299 4215 3316 4239 ,
3350 4172 3533 4244 ὦροία
3552 4176 3633 4239 ὠς

2075 4274 2507 4344 Ἰερουσαλὴμ,
2545 4272 2764 4342 θάμϐος
2785 4273 2865 4337 ὡς
2897 4269 3247 4339 τεταγμέναι
3275 4286 3288 4299 ’
3329 4270 3630 4338 ἀπέστρε-

2065 4371 2187 4436 ψον
2209 4367 2557 4436 ὀφθαλμούς
2586 4380 2702 4418 σου
2733 4362 3101 4418 ἀπεναντίον
3126 4378 3248 4432 μου
3271 4376 3287 4393 ο
3318 4360 3409 4414 ὅτι
3459 4359 3631 4413 αὐτοὶ

2065 4459 2493 4527 ἀνεπτέρωσὰν
2522 4475 2614 4521 με.

2719 4547 2992 4603 ΣΧΟΛΙᾹ.

2140 4643 2433 4710 Ἀλλαγμα
2492 4642 2590 4712 τῆς
2626 4642 2768 4697 κατὰ
2815 4642 2974 4695 τοῦτο
3004 4639 3063 4693 τὸ
3112 4642 3279 4710 μέρος
3310 4639 3452 4711 ᾠδῆς
3480 4653 3495 4669 ⁸

2062 4736 2279 4808 ἐναρξις
2306 4737 2412 4789 τῶν
2441 4737 2587 4805 πρὸς
2605 4734 2700 4803 τὴν
2730 4733 3005 4804 Παρθένον
3033 4733 3108 4796 ὡς
3138 4734 3247 4787 ἀπὸ
3285 4732 3377 4787 τοῦ
3406 4734 3588 4804 προφή
3609 4761 3627 4774 -

2060 4846 2154 4882 του
2182 4828 2475 4897 ἐγκωμίων
2498 4843 2510 4856 ·
2530 4828 2727 4895 αἴφνης
2759 4828 2889 4895 γὰρ,
2938 4826 3126 4897 ὥσπερ
3163 4825 3352 4888 ἐνθους
3399 4827 3629 4895 γινόμε-

2064 4938 2247 4992 μενος,
2272 4921 2371 4991 τὴν
2413 4920 2557 4990 ᾠδὴν
2588 4919 2664 4982 ὡς
2715 4920 2775 4983 ἐξ
2806 4919 2973 4988 ἄλλης
3029 4919 3204 4990 ἀρχῆς
3258 4918 3627 4982 ἀνατείνεται,

2061 5012 2157 5066 καί
2191 5030 2325 5084 φησι
2344 5027 2359 5042 ⁸
2402 5010 2571 5079 Καλὴ
2604 5007 2679 5077 οἳ,
2705 5012 2743 5079 ἡ
2776 5013 3047 5079 πλησίον
3061 5028 3202 5079 μου,
3232 5011 3313 5076 ὡς
3341 5010 3585 5065 εὐδοκία
3610 5023 3628 5040 ο

2058 5106 2335 5178 ηὑδόκησε
2369 5107 2478 5176 γὰρ
2507 5107 2563 5158 ἐν
2594 5106 2731 5174 αὐτῇ
2759 5105 2787 5156 ὁ
2818 5105 2950 5167 Θεὸς
2977 5105 3070 5157 καὶ
3135 5103 3339 5173 Πατὴρ,
3397 5102 3493 5172 τὴν
3531 5102 3626 5156 τοῦ

2059 5199 2249 5267 γένους
2302 5198 2462 5269 ἡμῶν
2531 5197 2810 5269 σωτηρίαν
2867 5194 3223 5264 ἐργάξεσθαι.
3288 5194 3490 5262 Ὠραία
3547 5194 3630 5258 ὡς

2069 5288 2469 5358 Ἰερουσαλήμ
2495 5304 2507 5316 ’
2542 5290 2730 5359 ἡγουν,
2757 5288 2833 5350 ὡς
2876 5288 3025 5356 ἱερᾶς
3053 5286 3275 5356 εἰρήνης
3304 5285 3451 5337 αἰτία
3470 5322 3487 5349 ,
3533 5286 3631 5335 καὶ

3535 4639 3631 4692 καὶ

2063 5384 2229 5434 πᾶσιν
2254 5381 2425 5451 αὐτῆς
2451 5380 2897 5451 εἰρηνοπαρόχως
2946 5378 3224 5446 πρόξενος.
3261 5374 3493 5445 Θάμϐος
3544 5375 3629 5440 ὡς

2059 5472 2410 5540 τεταγμέναι
2443 5489 2455 5502 ·
2485 5474 2785 5538 τουτέστιν,
2815 5470 2953 5540 ὑπὲρ
2976 5471 3153 5524 πάντα
3179 5468 3302 5522 νοῦν
3330 5469 3422 5520 καὶ
3469 5466 3629 5533 λόγον

2064 5568 2098 5634 ἡ
2132 5566 2271 5617 κατὰ
2304 5566 2360 5616 σὲ
2386 5564 2494 5615 τῶν
2524 5563 2781 5618 ἁπάντων
2812 5561 2992 5615 καλῶν
3044 5558 3298 5625 σύνταξις
3337 5559 3431 5613 καὶ
3458 5557 3628 5626 εὐαρο

458 5736 511 5767 ⁹⁶
532 5735 691 5789 Cant.
720 5751 772 5800 ν,
812 5737 895 5791 l7.
969 5743 1011 5774 ’⁷
1038 5740 1193 5796 Caut.
1231 5759 1302 5805 ιν,
1338 5742 1417 5794 l9.
1496 5741 1541 5773 ’⁸
1565 5739 1723 5796 Joau.
1754 5743 1840 5807 10,
1873 5744 1893 5795 l
1930 5757 2084 5805 seqq.
