4028 6270
435 275 461 340 1
474 276 581 338 063

1564 278 1927 339 ΜΑΤΤΗιΕΙ
1978 279 2510 341 CANTACUZENI

3537 287 3683 355 ltus

425 390 593 442 electa
646 384 761 451 Deo
791 385 846 439 in
897 384 1236 445 domicilium
1272 401 1454 454 suum,
1514 389 1681 443 unica
1721 390 1984 444 exsistens

2101 392 2281 462 ἑαυτῷ
2302 408 2314 421 ·
2350 391 2451 459 μία
2487 408 2572 455 τις
2598 390 2735 446 οὖσα
2759 394 2823 463 τῇ
2856 393 3026 463 μητρὶ
3050 393 3222 465 αὐτῆς
3245 392 3361 467 Εὕα
3381 412 3395 427 ·
3428 396 3524 449 καὶ
3551 400 3679 468 μεθ’

425 480 588 533 matri
649 494 763 534 suae
818 479 979 544 Eva,
1034 491 1089 535 et
1137 491 1259 550 post
1315 496 1433 535 eam
1489 497 1553 535 ex
1592 484 1732 537 natis
1787 484 1854 537 ab
1894 482 2003 537 Eva

424 577 595 628 altera
667 575 892 642 reperiri
954 575 1163 643 nequit.
1254 574 1505 631 Viderunt
1568 593 1687 631 eam
1751 578 1911 646 ﬁliai;
1953 589 2003 632 et

422 666 646 718 beabunt
675 681 832 729 eam;
881 666 1070 733 regina:
1101 674 1147 721 et
1192 671 1495 723 concubina
1537 668 1829 723 laudabunt
1862 688 2000 724 eam.

425 759 499 811 Ac
532 757 576 809 si
603 768 785 824 aperte
810 757 1013 811 diceret
1039 773 1052 810 :
1086 756 1219 810 Ecce
1246 760 1383 811 enim
1416 775 1479 812 ex
1509 759 1604 814 hoc
1635 777 1771 813 nunc
1795 761 2001 816 beatam

424 865 502 900 me
533 848 701 899 dicent
730 863 905 900 omnes
930 850 1290 917 generationes
1314 852 1359 882 "
1386 888 1403 904 .

1122 940 1327 995 CANT.

493 1027 547 1079 9.
572 1026 702 1091 ρυω
732 1028 835 1079 ista
867 1044 921 1081 se
940 1029 1208 1097 inﬂectens
1229 1031 1383 1099 quasi
1414 1047 1636 1095 aurora,
1688 1032 1912 1101 pulchra
1941 1045 1999 1086 ut

418 1117 566 1181 tuna,
592 1117 753 1172 electa
781 1127 837 1171 ut
872 1119 971 1182 sol,
1002 1134 1168 1187 pavor
1197 1130 1253 1174 ut
1288 1132 1584 1176 castrorum
1606 1126 1813 1179 ordines
1832 1127 1859 1180 ἲ

1053 1300 1376 1356 SCHOLIA.

487 1386 732 1456 Stupore
762 1389 1044 1457 perculsus
1078 1391 1147 1445 ab
1176 1392 1493 1446 excellentia
1528 1392 1748 1447 illibata!
1806 1392 1995 1451 Matris

424 1478 582 1534 Verbi
622 1480 732 1545 Dei,
760 1483 1013 1547 Quamam
1041 1484 1145 1536 ista
1169 1483 1285 1536 est?
1308 1484 1505 1553 inquit.
1525 1486 1756 1542 Perinde
1773 1503 1837 1542 ac
1858 1489 1998 1544 dice-

418 1582 503 1624 ret
530 1588 542 1623 :
573 1570 745 1636 Quam
776 1588 966 1641 magna
1002 1573 1102 1626 ista
1151 1584 1252 1639 est,
1279 1591 1399 1644 quae
1444 1592 1503 1629 se
1536 1578 1761 1633 inﬂectit
1793 1589 1851 1634 ut
1901 1597 1998 1636 au—

420 1665 591 1717 rora!
630 1663 1098 1729 Quemadmodum
1150 1669 1319 1732 enim,
1379 1670 1584 1725 lumine
1643 1674 1775 1755 solis
1832 1690 1988 1730 acce-

2107 485 2175 552 ῆν
2211 485 2312 537 οὐκ
2350 485 2469 537 ἐστι
2498 485 2764 555 δευτέραν
2801 485 2909 538 τῶν
2933 475 2992 550 ἐξ
3024 486 3197 557 αὐτῆς
3226 488 3521 558 τεχθεισῶν
3578 493 3679 546 λα-

2108 574 2241 628 ϐεῖν.
2279 575 2547 628 Εἵδοσαν
2578 574 2772 641 αὐτὴν
2801 575 3144 646 θυγατέρες,
3188 580 3287 632 καὶ
3343 584 3676 650 μακαριοῦ-

2105 681 2211 720 σιν
2230 667 2427 735 αὐτὴν
2448 668 2844 731 βασίλισσαι,
2874 669 2972 722 καὶ
3002 673 3269 726 παλακαὶ
3310 675 3675 749 αὶνέσουσιν

2103 755 2319 823 αὑτήν.
2356 757 2650 826 Ἀντικρυς
2691 773 2704 788 ·
2744 757 2901 812 Ἰδοὺ
2928 758 3040 827 γὰρ
3071 760 3191 814 ἀπὸ
3245 762 3353 816 τοῦ
3393 764 3510 818 νῦν
3556 781 3674 833 μα-

2104 846 2381 914 καριοῦσι
2401 864 2478 917 με
2508 847 2703 904 πᾶσαι
2729 851 2790 902 αὶ
2817 852 3038 915 γενεαί.

2763 932 3001 1009 τᾼΣΜΑ.

2138 1066 2153 1083 .
2178 1031 2270 1095 Τίς
2292 1030 2441 1098 αὕτη
2472 1030 2508 1098 ή
2543 1035 2931 1088 ἐκκυπτουσα
2960 1035 3104 1090 ὡσεὶ
3140 1036 3371 1105 ὄρθρος.
3405 1040 3561 1110 καλὴ
3584 1043 3669 1108 ὡς

2099 1124 2357 1190 σελήνη.
2392 1126 2647 1196 suam;
2699 1127 2780 1193 ὡς
2810 1131 2843 1182 ό
2888 1127 3093 1194 ἣλιος,
3138 1130 3361 1198 θάμϐος
3391 1132 3468 1198 ὡς
3499 1126 3691 1189 tata?

2098 1211 2308 1280 τμέναι
2331 1229 2352 1277 ;
2732 1222 2735 1225 ’
2849 1246 2857 1252 -

2739 1307 3009 1363 ΣΧΟΛΙΔ.

2183 1398 2511 1466 Ἐκπλαγεὶς
2537 1400 2671 1469 πρὸς
2700 1402 2762 1454 τὸ
2789 1401 3128 1471 ύπερόάλλον
3157 1403 3253 1473 τῆς
3273 1405 3543 1475 ἁχράντου
3569 1407 3667 1461 τοῦ

2098 1487 2232 1541 Θεοῦ
2256 1490 2428 1558 Λόγου
2463 1492 2688 1560 μητρὸς,
2716 1493 2809 1556 Τίς
2838 1494 2993 1560 αὕτη
3009 1511 3028 1558 ;
3051 1496 3216 1562 φησί’
3240 1498 3361 1549 ἀντὶ
3383 1494 3497 1561 τοῦ,
3523 1498 3665 1570 Ὀση

2100 1582 2339 1650 μεγάληι
2390 1586 2460 1639 Ἠ
2480 1585 2870 1640 ἐκκύπτουσα
2894 1588 3036 1641 ὡσεὶ
3062 1587 3293 1657 ὄρθρος.
3319 1591 3524 1660 Ὠσπερ
3558 1595 3668 1664 γὰρ

2098 1670 2193 1722 τοῦ
2218 1672 2445 1741 ἡλιακοῦ
2476 1675 2651 1741 φωτὸς
2682 1675 2948 1740 ἐλθόντος,
2978 1678 3039 1730 τὸ
3070 1682 3389 1750 νυκτερινὸν
3413 1686 3670 1750 ἀφανίζε-

419 1757 600 1820 dente,
654 1772 934 1813 nocturnae
988 1762 1247 1816 recedunt
1294 1766 1549 1829 tenebrae,
1585 1767 1665 1820 sic
1723 1768 1787 1821 ad
1846 1785 1984 1838 pura!

2099 1776 2190 1812 ται
2231 1763 2450 1824 σκότος·
2484 1762 2627 1816 οὕτω
2662 1766 2755 1818 καὶ
2788 1767 2884 1834 τῆς
2917 1769 3089 1839 ἁγνῆς
3126 1770 3421 1840 λαμψάσης
3454 1773 3665 1842 Παρθέ-

424 1845 664 1917 Virginis
715 1849 1062 1919 splendor-ctu
1112 1854 1315 1922 peccati
1353 1867 1697 1912 recesserunt
1739 1862 1990 1916 tenebrae.

420 1937 650 1993 Pulchra
678 1949 733 1992 ut
768 1940 930 2007 luna;
965 1943 1017 1996 in
1069 1944 1181 2013 ipsa
1216 1947 1361 1999 enim
1399 1946 1488 2002 Sol
1526 1948 1752 2015 justitia:
1815 1954 1999 2019 posuit

420 2032 832 2086 tabernaculum
857 2050 1036 2097 suum,
1060 2038 1475 2093 communicatis
1496 2041 1542 2094 ei
1563 2041 1805 2095 divinum
1834 2058 1992 2097 suum

415 2130 469 2174 et
534 2121 907 2192 inexplicabile
969 2126 1171 2181 lumen.
1233 2126 1416 2182 Electa
1471 2140 1528 2183 ut
1579 2132 1683 2186 sol.
1723 2134 1841 2188 Non
1901 2136 1996 2189 ab-

418 2215 644 2267 surdum
689 2226 773 2270 est
798 2217 1043 2271 eamdem
1082 2227 1135 2273 et
1162 2219 1343 2273 lunam
1365 2221 1469 2275 dici
1504 2233 1556 2276 et
1586 2225 1750 2277 solem
1781 2245 1794 2281 :
1822 2228 1993 2282 solem

416 2308 637 2374 quidem
655 2322 719 2360 eo
736 2307 886 2376 quod
906 2309 998 2363 Dei
1023 2319 1077 2364 et
1094 2309 1268 2365 Patris
1292 2317 1591 2383 susceperit
1608 2314 1843 2371 Verbum
1864 2335 1879 2383 ;
1898 2320 1991 2388 qui

415 2407 500 2450 est
519 2398 606 2451 lux
630 2399 886 2466 perfecta,
908 2410 962 2454 et
985 2416 1105 2469 qua:
1124 2412 1317 2470 praeter
1332 2404 1549 2460 modum
1570 2408 1830 2463 exuberat
1851 2411 1994 2466 sicut

414 2496 496 2540 est
530 2487 585 2540 in
624 2504 725 2543 suo
750 2504 979 2558 corpore
1019 2492 1143 2559 sol;
1181 2493 1364 2548 lunam
1423 2511 1551 2552 vero
1602 2512 1821 2569 propter
1871 2516 1992 2556 eam

415 2580 604 2644 etiam,
637 2597 800 2650 quam
832 2599 896 2638 ex
927 2584 1045 2654 ipso
1070 2586 1435 2656 participavit,
1458 2589 1781 2648 claritatem.
1815 2592 1994 2655 Pavor

414 2682 473 2725 ut
502 2685 798 2727 castrorum
822 2678 1052 2731 ordines.
1081 2678 1159 2731 Ac
1185 2680 1229 2734 si
1260 2680 1486 2743 diceret.
1517 2681 1753 2753 Stupore
1782 2689 1993 2755 percel-

412 2759 474 2815 lit
503 2765 891 2835 contemplatio
924 2766 1156 2834 ordinis,
1191 2784 1301 2839 quo
1333 2770 1385 2825 in
1413 2786 1479 2827 ea
1510 2774 1623 2828 haec
1652 2784 1780 2829 sunt
1803 2776 1993 2845 diSpo-

417 2865 546 2909 suta.

1098 2950 1303 3006 CANT.

484 3039 571 3100 10,
637 3040 722 3094 tl.
788 3037 857 3093 In
898 3041 1105 3093 hortum
1181 3042 1329 3095 nucis
1356 3042 1632 3111 descendi,
1683 3056 1739 3101 ut
1769 3049 1992 3104 viderem

410 3131 671 3197 genimina
703 3134 950 3184 torrentis
976 3147 993 3195 ;
1029 3140 1085 3184 ut
1116 3132 1339 3189 uiderem
1381 3137 1427 3188 si
1457 3137 1721 3204 ﬂoruisset
1748 3141 1916 3206 vinea,
1942 3143 1989 3196 si

411 3222 712 3289 ﬂoruissent
749 3228 889 3274 mata
918 3224 1113 3289 punica
1139 3240 1159 3286 ;
1202 3224 1313 3279 illic
1336 3228 1472 3280 dabo
1504 3229 1665 3283 ubera
1706 3250 1820 3287 mea
1869 3236 1989 3291 tibi.

412 3309 645 3365 Nesciuit
671 3313 850 3366 anima
878 3330 1012 3368 mea.
1047 3317 1235 3369 Posuit
1256 3334 1333 3371 me
1358 3335 1544 3373 currus
1563 3323 1882 3383 Aminadab.

1031 3488 1349 3549 SCHOLIA.

484 3574 712 3630 Hortum
744 3580 912 3633 nucis.
944 3580 1117 3649 Ipsius
1144 3594 1374 3639 matrem
1408 3589 1587 3645 omnis
1617 3591 1756 3647 labis
1793 3610 1987 3666 exper-

2101 1868 2213 1915 νου,
2242 1852 2301 1904 τὸ
2325 1852 2424 1923 τῆς
2462 1855 2737 1926 ἁμαρτιας
2776 1856 3084 1913 διαλέλυται
3122 1862 3333 1928 σκότος.
3365 1864 3534 1932 Καλὴ
3582 1865 3665 1931 ὡς

2099 1944 2355 2013 σελήνη.
2411 1948 2498 2000 Ἐν
2541 1949 2676 2018 αὐτῇ
2735 1950 2844 2019 γὰρ
2891 1955 2919 2006 ὁ
2953 1953 3052 2021 τῆς
3105 1954 3449 2023 δικαιοσύνης
3477 1956 3663 2020 Ἥλιος

2099 2032 2373 2102 ἐνσκηνοῖ,
2409 2038 2673 2103 μεταδοὺς
2696 2039 2832 2108 αὐτῇ
2859 2040 2953 2093 τοῦ
2997 2042 3139 2095 Θείου
3174 2044 3269 2097 καὶ
3292 2045 3523 2097 ἀπλέτου
3553 2064 3665 2115 φω-

2097 2125 2188 2187 τδς
2207 2126 2394 2181 αὐτοῦ.
2435 2128 2724 2197 Ἐκλεκτὴ
2758 2131 2839 2197 ὡς
2868 2135 2900 2184 ό
2947 2132 3137 2199 ἣλιος.
3169 2136 3282 2189 Οὐκ
3307 2138 3532 2201 ἀπεικὸς
3563 2140 3661 2209 τὴν

2098 2216 2267 2286 αὐτὴν
2289 2220 2382 2271 καὶ
2417 2220 2643 2289 σελήνην
2676 2224 2765 2275 καὶ
2799 2224 2953 2294 ἥλιον
2986 2226 3153 2293 φάναι
3179 2242 3193 2257 ·
3226 2228 3386 2282 τοῦτο
3422 2232 3542 2300 μὲν,
3575 2232 3661 2286 διὰ

2098 2307 2159 2359 τὸ
2204 2308 2450 2378 δεδέχθαι
2511 2313 2602 2367 τὸν
2635 2312 2729 2366 τοῦ
2787 2316 2924 2369 Θεοῦ
2983 2320 3078 2373 καὶ
3133 2321 3347 2391 Πατρὺς
3383 2324 3660 2392 Abram-rb

2099 2398 2449 2471 ὑπερπλῆρες
2520 2405 2614 2458 καὶ
2680 2406 2884 2460 τέλειον
2933 2410 3085 2479 φῶς,
3144 2410 3335 2482 ὥσπερ
3390 2415 3447 2468 ὲν
3496 2417 3662 2489 δίσκῳ

2096 2491 2282 2560 ἥλιονο
2310 2493 2466 2549 τοῦτο
2489 2496 2567 2559 δὲ,
2618 2498 2710 2550 καὶ
2744 2499 2832 2553 διὰ
2862 2500 2958 2571 τὴν
2986 2502 3051 2571 ἢν
3097 2503 3155 2569 ἐξ
3211 2505 3380 2559 αὑτοῦ
3431 2512 3659 2579 μετέσχε

2095 2581 2476 2657 λαμπρότητα.
2529 2589 2760 2659 Θάμὸος
2810 2593 2888 2659 ὡς
2935 2596 3309 2665 τεταγμέναι.
3354 2600 3497 2656 Ἀντὶ
3545 2602 3657 2669 τοῦ,

2099 2674 2401 2748 Ἐκπληξίς
2456 2680 2604 2733 ἐστιν
2642 2682 2768 2736 ἰδεῖν
2802 2684 2949 2748 ὅπως
2997 2687 3055 2740 ὲν
3085 2688 3224 2759 αύτῇ
3264 2688 3440 2746 ταῦτα
3499 2692 3660 2746 τέτα-

2095 2782 2243 2821 κται.

2754 2954 2995 3031 ’ᾼΣΜΑ.

2167 3044 2269 3111 Εἰς
2287 3046 2487 3115 κῆπον
2523 3049 2749 3117 καρύας
2810 3052 3096 3122 κατέϐην,
3162 3054 3312 3110 ἰδεῖν
3334 3056 3405 3110 ἐν
3445 3058 3651 3128 γεννήο

2087 3153 2228 3206 ματι
2275 3138 2383 3191 τοῦ
2438 3140 2759 3208 χειμάρρου
2779 3156 2793 3171 ·
2840 3142 2990 3197 ἰδεῖν
3022 3148 3073 3199 ει
3101 3146 3369 3216 ἤνθησεν
3400 3152 3435 3217 ἡ
3463 3151 3645 3219 ἀμπε-

2090 3230 2222 3292 λος,
2253 3229 2307 3280 si
2363 3227 2644 3297 ἤνθησαν
2668 3235 2729 3285 αἱ
2778 3234 2938 3299 ῥοαί.
2993 3237 3149 3290 Ἐκεῖ
3178 3238 3338 3292 δώσω
3359 3238 3491 3302 τοὺς
3523 3256 3636 3307 μα-

2089 3319 2276 3383 στούς
2295 3321 2412 3387 μού
2435 3334 2554 3375 σοι.
2578 3326 2699 3377 Οὐκ
2738 3325 2891 3396 ἔγνω
2920 3327 2959 3394 ἠ
2987 3330 3155 3400 ψυχή
3189 3348 3326 3401 μου.
3346 3332 3544 3385 Ἐθετό
3567 3347 3637 3401 με

2088 3406 2320 3476 ἅρματα
2361 3411 2701 3481 Ἀμιναδάϐ.

2747 3507 3017 3564 ΣΧΟΛΙΑ.

2158 3590 2349 3661 Κῆπον
2403 3592 2612 3663 καρύας
2666 3596 2762 3667 τὴν
2807 3599 3183 3670 ύπεράμωμον
3231 3602 3398 3656 αὑτοῦ
3434 3607 3652 3676 μητέρα

412 3683 547 3734 tem,
587 3671 735 3725 hisce
757 3686 974 3742 quoque
1008 3675 1184 3728 verbis
1208 3680 1495 3746 expressit.
1518 3679 1982 3747 Quemadmodum

2091 3684 2192 3735 κὰν
2220 3681 2428 3746 τούτοις
2452 3686 2696 3757 εἴρηκεν.
2722 3688 2935 3760 ’Ὠσπερ
2962 3692 3069 3760 γὰρ
3103 3695 3166 3746 ὲκ
3198 3694 3295 3764 τῆς
3318 3694 3416 3748 τοῦ
3436 3671 3655 3767 λᾸαρῶν

405 3763 551 3815 enim
583 3778 648 3817 ex
680 3764 829 3834 virga
867 3768 1025 3821 nucis
1078 3772 1258 3824 Aaron
1312 3774 1480 3841 Stipes
1513 3775 1816 3843 pullulavit,
1844 3781 1984 3836 sicut

2091 3772 2285 3840 ῥάϐδου
2320 3774 2527 3844 καρύας
2589 3779 2815 3850 στελέχη
2855 3781 3175 3853 ἐϐλάστησε,
3225 3763 3407 3851 καθὼς
3465 3763 3562 3841 καί
3598 3792 3654 3843 ὲν

402 3861 458 3907 et
486 3853 749 3923 scriptum
779 3866 860 3910 est
891 3858 943 3910 in
971 3856 1422 3917 Denterouomio:
1450 3862 1585 3919 Ecce
1631 3868 1775 3943 virga
1803 3872 1984 3925 Aaron

2091 3862 2164 3931 τῷ
2200 3867 2604 3940 Δευτερονομίῳ
2641 3872 2983 3940 γέγραπται·
3011 3875 3157 3930 Ἰδοὺ
3194 3876 3537 3946 ἐϐλάστησε
3552 3882 3653 3949 ρά-

402 3948 713 4014 gcrminavit
770 3948 821 4000 in
863 3949 1075 4003 domum
1109 3950 1253 4017 Levi,
1290 3964 1337 4007 el
1393 3958 1609 4025 protulit
1646 3975 1877 4029 germen,
1932 3973 1983 4017 et

2091 3952 2222 4018 ἕδος
2244 3956 2461 4024 Ἀαρὼν
2475 3960 2563 4023 εἰς
2578 3956 2744 4014 οἷκον
2760 3965 2917 4030 Λεὸὶ,
2937 3965 3033 4018 καὶ
3053 3965 3343 4037 ἐξήνεγκε
3354 3948 3650 4039 βλαστὸν,

401 4036 617 4104 eﬂloruit
648 4039 827 4105 ﬂores,
870 4048 917 4092 et
949 4044 1259 4111 germinavit
1297 4062 1452 4099 nuces
1480 4047 1530 4101 ‘z
1573 4047 1647 4103 ita
1697 4051 1859 4105 etiam
1892 4068 1981 4107 so.

2091 4046 2180 4098 καὶ
2247 4047 2589 4117 ἐξήνθησεν
2649 4054 2823 4122 ἄνθη,
2885 4058 2983 4110 καὶ
3028 4036 3367 4129 ἐϐλάστησε
3418 4036 3650 4133 κάρυαλ

400 4126 511 4180 lida
546 4128 694 4197 virga
730 4127 895 4199 Virgo
954 4148 1016 4185 ex
1068 4134 1210 4186 tribu
1246 4132 1384 4189 Jutla
1439 4139 1781 4207 germinavit.
1839 4141 1979 4199 Dicit

400 4228 623 4272 autem:
664 4219 727 4272 In
764 4221 974 4273 hortum
1035 4226 1181 4277 nucis
1236 4227 1495 4293 descendi,
1542 4246 1605 4283 ac
1647 4234 1691 4285 si
1738 4234 1976 4289 diceret:

399 4307 575 4361 Meum
612 4311 933 4365 descensum
968 4313 1091 4378 feci,
1127 4332 1249 4369 cum
1286 4317 1449 4372 homo
1481 4321 1656 4376 lactus
1682 4338 1826 4389 sum,
1862 4341 1981 4380 car-

400 4418 635 4471 nemque
692 4405 970 4473 assumpsi
1013 4421 1077 4458 ex
1113 4421 1327 4475 semper
1363 4409 1569 4479 virgine
1613 4422 1786 4467 matre
1834 4431 1974 4470 mea.

394 4490 511 4546 Non
547 4508 705 4546 secus
756 4508 872 4547 aea
923 4492 1205 4549 Salvatore
1258 4499 1479 4554 concise
1535 4516 1631 4569 per
1680 4507 1973 4573 expositio-

2091 4508 2164 4559 ὶεὶ
2189 4508 2459 4576 παρθένου
2491 4483 2695 4581 μητρός
2731 4483 2871 4587 non.
2900 4516 2987 4580 Ὧς
3014 4483 3257 4588 γὰρ’ἀπὸ
3284 4521 3378 4575 τοῦ
3400 4483 3647 4591 Σωτῆροέ

372 4580 518 4637 nem
558 4585 669 4638 hac
716 4587 856 4639 dicta
891 4586 1090 4652 forent,
1149 4592 1412 4660 propheta
1457 4598 1734 4662 exposuit.
1786 4595 1855 4651 Ut
1892 4601 1972 4654 vi-

392 4674 567 4727 derem
614 4676 884 4744 genimina
940 4683 1213 4737 torrentis.
1248 4682 1351 4737 Per
1383 4687 1657 4753 genimina
1713 4695 1968 4750 torrentis

2082 4136 2223 4191 οὔτω
2244 4143 2335 4192 καὶ
2360 4143 2390 4211 ή
2425 4142 2527 4213 τῆς
2556 4146 2739 4215 ἰσχύος
2773 4147 2967 4216 ῥάϐδος
3002 4151 3275 4221 Παρθένος
3298 4158 3361 4207 ὲκ
3389 4156 3485 4225 τῆς
3526 4158 3650 4211 Ἰού·

2083 4228 2148 4281 δα
2181 4231 2354 4301 φυλῆς
2391 4235 2779 4306 ἀνεὸλάστησε.
2812 4240 2921 4293 Καί
2956 4259 3121 4309 φησιν
3145 4284 3158 4306 ,
3187 4246 3290 4310 Εἰς
3322 4245 3523 4315 κῆπον
3549 4265 3651 4301 κα-

2073 4323 2230 4388 ρύας
2280 4325 2573 4394 κατέϐηνο
2606 4330 2726 4382 ἀντὶ
2764 4332 2880 4398 τοῦ,
2928 4332 3039 4403 Τὴν
3070 4337 3206 4407 ἐμὴν
3236 4339 3469 4409 ἐποίησα
3523 4358 3648 4409 συγ-

2080 4414 2382 4467 κατάὸασιν
2429 4418 2877 4491 ἐνανϐρωπήσας,
2920 4424 3015 4476 καὶ
3052 4426 3232 4496 σάρκα
3259 4427 3440 4481 λαεὼν
3469 4433 3530 4484 ὲκ
3553 4396 3668 4501 τῆς⁵

2080 4508 2164 4549 ἀεὶ
2189 4508 2459 4549 πηηθέυηη
2494 4513 2695 4549 ηπφηᾶι
2734 4532 2837 4549 ηΛοι
2900 4516 2987 4549 ἠρ
3014 4519 3120 4549 ml...
3152 4520 3256 4549 ιο).
3284 4521 3377 4549 -..2
3400 4523 3455 4549 v.
3474 4525 3544 4549 --:
3564 4500 3669 4549 ---ξ

2076 4599 2175 4668 τὴν
2205 4600 2512 4671 περικοπὴν
2535 4583 2743 4674 ταύτην
2765 4583 3264 4680 εἰρῆσθαιττέοησιν
3287 4614 3314 4665 ὀ
3336 4583 3671 4686 προφήῆςί

3648 4598 3657 4637 l

2088 4687 2255 4742 Ἰδεῖν
2304 4690 2374 4744 ἐν
2427 4670 2750 4764 mrum}.
2804 4670 2911 4751 eo};
2957 4670 3298 4769 χειμάρρου.
3331 4670 3673 4775 Γεννσήξιαταβ

392 4764 597 4832 lapsam
634 4768 916 4823 hominum
959 4783 1207 4826 naturam
1250 4774 1560 4845 signiﬁcat;
1592 4794 1756 4847 quam
1798 4781 1966 4838 David

2091 4782 2376 4853 (ειμάρρου
2418 4783 2514 4855 τὴν
2538 4776 2901 4858 ὀλισθὴσασαν
2931 4764 3368 4861 τάν-ἀνθρώπων
3401 4764 3645 4865 βούλεται

392 4870 631 4925 quoque,
666 4861 769 4914 sub
803 4861 1093 4917 verborum
1147 4865 1429 4921 involucro
1481 4869 1808 4935 signiﬁcavit
1838 4914 1853 4941 ,
1884 4875 1969 4929 di-

2075 4873 2237 4939 φύσιν
2259 4889 2272 4903 ⁸
2308 4879 2513 4948 ταύτην
2538 4880 2631 4933 καὶ
2653 4882 2680 4931 ὁ
2706 4882 2869 4935 Δασὶδ
2896 4883 3286 4955 αἰνιττόμενος,
3318 4889 3648 4955 Χείμαρῤον

389 4962 557 5002 cens:
599 4948 899 5005 Torrentem
931 4958 1274 5023 pertransivit
1316 4961 1493 5013 anima
1518 4971 1699 5016 nostra
1731 4966 1775 5029 ¹,
1814 4968 1965 5034 lapsa

2091 4963 2318 5032 ςιῆλθεν
2344 4968 2381 5035 ἠ
2430 4970 2599 5037 ψυχὴ
2634 4968 2824 5038 ἡμῶν,
2880 4973 3068 5042 εἴρηκε
3090 4948 3118 5003 ο.
3138 4974 3233 5044 τὴν
3266 4948 3645 5028 ύποπεσοῦνσαν

388 5041 639 5096 videlicet
670 5045 720 5096 in
751 5047 960 5114 peccati
995 5048 1344 5118 proﬂuvium.
1384 5050 1451 5104 Ut
1483 5053 1716 5108 viderem
1772 5057 1821 5110 si
1852 5060 1970 5123 ﬂo-

388 5134 615 5187 ruissent
672 5139 818 5191 mata
856 5141 1072 5209 punica.
1115 5142 1302 5197 Genus
1342 5145 1555 5199 scilicet
1606 5147 1905 5202 humanum
1939 5164 1971 5204 α

387 5241 494 5291 me,
528 5228 699 5282 instar
722 5231 933 5287 arboris
960 5233 1222 5297 ﬁculnea,
1248 5236 1425 5303 primo
1448 5246 1648 5302 satum,
1674 5246 1726 5293 et
1766 5240 1971 5297 alfabre

385 5331 718 5388 venusteque
744 5320 1036 5377 lormatum
1059 5324 1125 5376 ad
1150 5326 1530 5395 producendos
1551 5328 1783 5384 fructus.
1806 5329 1866 5383 Si
1891 5331 1970 5383 vi-

382 5423 479 5461 nea
510 5411 800 5478 ﬂoruisset,
831 5412 1141 5469 Judaeorum
1192 5419 1493 5485 praesertim
1528 5419 1831 5491 Synagoga.
1869 5421 1957 5476 Ibi

380 5499 515 5553 dabo
549 5504 705 5556 ubera
740 5520 852 5557 mea
885 5504 1021 5572 tibi;
1074 5492 1306 5576 perinde
1361 5523 1426 5564 ac
1472 5509 1716 5565 diceret:
1753 5513 1850 5579 lbi,
1899 5515 1952 5569 in

454 5673 500 5704 ”
538 5674 672 5733 Luc.
709 5694 746 5741 ι,
775 5680 863 5734 48.
944 5684 957 5715 ¹
1000 5683 1327 5755 Num._xvu,
1390 5686 1443 5739 5.
1520 5688 1540 5719 ’
1568 5685 1711 5741 Psal.
1755 5701 1886 5753 χχιι,
1927 5688 1982 5741 4.

2076 5054 2277 5127 δηλαδὴ
2311 5056 2388 5126 τῷ
2420 5060 2791 5132 κατακλυσμῷ
2843 5062 2944 5131 τῆς
3005 5064 3303 5134 ἁμαρτίας.
3364 5065 3543 5119 Ἰδεῖν
3592 5066 3643 5118 ει

2076 5144 2358 5214 ἤνθησαν
2388 5152 2449 5202 ai
2468 5150 2626 5216 ῤοί.
2664 5152 2841 5215 Ἤτοι,
2878 5154 2910 5220 ἠ
2944 5152 3346 5223 κατασληθεῖσα
3375 5154 3469 5205 ὑπ’
3506 5153 3642 5222 ἐμοῦ

2076 5236 2231 5306 δίκην
2259 5239 2427 5309 συκῆς
2455 5241 2617 5308 γενεὰ
2663 5241 2770 5295 τῶν
2797 5243 3120 5311 ἀνθρώπων,
3173 5246 3268 5297 καὶ
3312 5246 3646 5315 καλλιεργη-

2077 5326 2231 5382 θεῖσα
2277 5330 2413 5401 πρὸς
2472 5334 2531 5384 τὸ
2581 5334 2805 5401 ποιῆσαι
2859 5336 3127 5405 καρπούς.
3182 5339 3248 5391 Et
3292 5335 3566 5405 ἤνθησεν
3600 5336 3640 5404 ἠ

2074 5421 2363 5489 ἀμπελος,
2414 5424 2714 5495 ἐξαιρέτως
2773 5428 2806 5497 ἡ
2862 5428 2972 5480 τῶν
3012 5430 3281 5484 Ἰουδαίων
3323 5429 3638 5499 συναγωγή.

2076 5515 2239 5569 Ἐκεῖ
2261 5516 2437 5571 δώσω
2463 5518 2606 5583 τοὺς
2629 5522 2903 5588 μασθούς
2937 5523 3057 5591 μού
3092 5538 3189 5576 σοι
3210 5539 3226 5555 ο
3258 5524 3378 5576 ἀντὶ
3408 5523 3526 5590 τοῦ,
3550 5521 3641 5576 Ἐν
