4064 6266
267 458 408 526 αὑτῇ
443 455 510 525 τῇ
561 453 854 520 συναγωγῇ
896 449 1070 502 Δώσω
1100 458 1220 510 σοι,
1269 447 1335 515 τῇ
1369 443 1468 514 ἐμὲ
1495 439 1730 508 τεκούσῃ
1759 436 1854 504 δη-

265 549 422 618 λαδὴ,
456 546 598 610 τοὺς
621 542 897 612 ιιιισθούς
917 557 1058 609 μου,
1110 537 1208 606 τὴν
1252 534 1391 606 ἐμὴν
1419 532 1734 601 συνάφειαν,
1777 527 1844 596 ην

272 639 555 709 ηὑδὸκησα
611 633 740 686 ἀνευ
799 631 1008 700 σπορᾶς
1046 631 1109 680 ὲκ
1140 625 1233 679 σοῦ
1261 624 1580 696 προελθεῖν·
1611 621 1745 690 πρὸς
1784 618 1845 670 τὸ

267 729 518 797 πηγάσαι
556 723 633 793 τῷ
676 724 868 790 κόσμῳ
901 721 969 772 τὰ
998 715 1318 790 σωτηριὼδη
1359 731 1462 784 μου
1512 711 1842 778 διδάγματα.

269 819 393 870 Οὐκ
417 816 569 883 ἔγνω
598 813 635 881 ἡ
670 809 840 881 ψυχή
868 826 986 879 μου
1008 827 1023 842 ο
1059 807 1259 860 ὠσανεῖ⁵
1293 805 1447 871 ἔλεγε
1469 819 1481 834 °
1524 803 1718 856 Πόθεν
1743 814 1846 867 μοι

265 906 445 960 τοῦτο
481 905 676 966 ἔσται,
713 897 846 954 ἐπεὶ
869 891 1059 966 diem
1094 898 1166 950 οὐ
1200 893 1514 965 riu-coam);
1543 893 1618 955 ὡς
1657 892 1720 942 ἐκ
1749 892 1848 958 τῆς

271 994 556 1066 Παρθένου
589 994 698 1061 γὰρ
736 991 906 1060 ἁγνῆς
934 991 962 1042 ὁ
1006 987 1164 1056 λόγος
1216 987 1310 1040 καὶ
1358 980 1515 1047 αὖθις
1549 981 1847 1051 ἐσχημάτιί-

269 1104 420 1139 σται.
481 1079 695 1137 Ἐθετό
741 1098 819 1150 με
870 1080 1102 1148 ἅρματα
1168 1073 1510 1146 ’Δμιναδάό.
1565 1072 1675 1142 Τὴν
1711 1069 1850 1141 μετά

267 1177 446 1232 ταῦτα
485 1173 891 1242 συγκατάθεσιν
929 1171 1030 1237 τῆς
1083 1165 1362 1237 Παρθένου
1411 1164 1582 1233 δηλοῖ.
1623 1163 1849 1230 Ἁμινα·

266 1266 388 1319 δὰϐ
411 1265 520 1334 γὰρ
581 1261 866 1330 Ἐϐραϊστῖ¹
917 1258 1134 1311 εὐδοκία
1168 1253 1377 1324 πατρὸς
1406 1254 1694 1323 εἴληπται·
1730 1250 1852 1303 ἀντὶ

270 1356 369 1409 τοῦ
415 1353 723 1424 ηὐδόκησεν
779 1352 838 1402 ὲν
875 1351 1000 1420 ἐμοὶ
1054 1350 1083 1399 ὁ
1128 1347 1262 1408 Θεὸς
1293 1346 1391 1398 καὶ
1429 1343 1638 1414 Πατὴρ,
1669 1340 1852 1412 ὄχημα

271 1443 643 1516 γεγεννῆσθαι
671 1441 766 1496 τοῦ
797 1437 1124 1512 μονογενοῦς
1149 1435 1315 1490 αὑτοῦ
1348 1433 1546 1502 Λόγου.
1589 1509 1596 1512 _

943 1603 1164 1663 ἈΣΜΑ
1174 1645 1188 1660 .

359 1713 735 1780 Ἐ’πίστρεφε,
786 1706 1112 1773 ἐπίστρεφε
1163 1701 1201 1767 ἠ
1265 1694 1623 1766 Σουλαμῖτις
1653 1710 1668 1726 ·
1728 1691 1855 1745 ἐπί-

275 1819 522 1875 στρεφε,
549 1803 896 1868 ἐπίστρεφε.
927 1797 989 1850 Τί
1021 1793 1289 1862 ὀψόμεθα
1316 1789 1386 1843 ἐν
1411 1787 1512 1843 σοί
1523 1803 1543 1851 ;

724 1879 738 1891 °
914 1885 1187 1942 ΣΧΟΛΙΑ.

362 1987 451 2051 Ὧς
476 1986 570 2055 ἀφ’
600 1985 794 2053 ἑτέρας
837 1979 980 2046 τινος
1011 1974 1320 2046 περικοπῆς
1344 1969 1444 2043 τὴν
1471 1970 1645 2042 ἀρχὴν
1677 1969 1852 2023 ποιεϊ-
1895 2043 1903 2051 _

277 2095 411 2135 ται·
441 2079 537 2132 καὶ
574 2076 765 2143 ῶσπερ
804 2067 1277 2139 ἀποφαινομένους
1313 2064 1465 2126 τινας
1497 2064 1710 2129 indvat,
1761 2063 1855 2112 καὶ

278 2167 862 2238 διαπληκτιζομένους,
890 2162 938 2214 εί
965 2157 1194 2212 τοιαῦτά
1234 2171 1356 2208 τινα
1399 2154 1691 2224 γενήσεται.
1712 2166 1728 2182 ο
1759 2150 1858 2202 καὶ

183 2309 192 2316 .
283 2264 474 2334 φασιν,
519 2258 875 2324 Ἐπίστρεφε
904 2253 942 2320 ἡ
972 2249 1365 2318 Σουλαμῖτις·
1403 2243 1729 2334 τριχῶς-τὴν
1758 2242 1856 2295 αὺ-

282 2330 385 2422 τῆς
432 2347 771 2419 ἐπιστροφὴν
821 2339 1297 2409 ἀνακαλουμένους
1348 2335 1435 2388 διὰ
1487 2334 1550 2386 τὸ
1600 2331 1734 2401 βαθὺ
1765 2330 1861 2383 καὶ

286 2420 724 2511 ἀττοκρουστικὺν
750 2435 849 2504 τῆς
883 2433 1224 2504 ἐρωτήσεως.
1249 2424 1601 2493 Σουλαμῒτις
1628 2422 1685 2475 δὲ
1709 2423 1742 2490 ὴ
1780 2420 1859 2472 εί-

289 2534 493 2608 ρηνικὴ
534 2532 599 2586 ἂν
641 2531 880 2591 καλοῖτο,
915 2526 1011 2578 καὶ
1057 2525 1120 2576 ὲκ
1155 2520 1250 2574 τοῦ
1283 2518 1599 2586 σπέρματος
1627 2512 1723 2567 τοῦ
1766 2513 1862 2564 Σο-

289 2605 568 2703 λομῶντος
606 2621 973 2689 καταγομένη.
1007 2615 1070 2669 Τί
1093 2613 1361 2682 ὀψόμεθα
1383 2609 1452 2662 ἐν
1476 2607 1578 2661 σοί
1594 2623 1614 2670 ;
1639 2605 1703 2656 Τί
1729 2620 1865 2673 συμ-
1949 2608 1955 2616 ’

291 2699 522 2787 ϐήσεταί
559 2731 662 2783 σοι,
693 2713 961 2783 δηλονότι,
989 2709 1086 2761 καὶ
1107 2709 1154 2758 εἰ
1178 2705 1467 2774 γενήσεται
1490 2698 1664 2752 ταῦτα
1687 2714 1703 2762 ;

895 2799 1146 2854 ΚΕΦΑΛ.
1196 2793 1273 2849 Ζ’.

942 2885 1182 2962 ’ᾼΣΜΑ.
1418 2960 1422 2962 _

376 2984 440 3040 Τί
463 2985 688 3053 ὄψεσθε
728 2981 800 3036 ἐν
826 2979 900 3049 τῇ
929 2975 1339 3047 Σουλαμίτιδι,
1381 2976 1419 3044 ἡ
1459 2970 1749 3043 ἐρχομένη
1787 2969 1867 3035 ὡς

296 3076 466 3147 χοροὶ
497 3074 616 3128 τῶν
661 3069 1094 3142 παρεμϐολῶν;
1133 3071 1193 3123 Τί
1232 3066 1623 3137 ὠραιώθησαν
1667 3062 1871 3130 διασή-

293 3168 456 3241 ματὰ
481 3183 596 3222 σου
621 3166 692 3221 ἐν
729 3163 1101 3232 ὑποδήμασι,
1133 3161 1383 3230 θύγατερ
1405 3155 1731 3228 Ἀμιναδάϐ
1745 3171 1766 3220 ;

935 3255 1209 3308 ΣΧΟΛΙΑ.

377 3338 522 3424 Πρὸς
543 3349 642 3422 τὴν
668 3349 804 3420 παρ’
840 3349 1066 3402 ἐκείνων
1101 3347 1204 3414 ὲπη
1216 3343 1506 3415 ρεαστικὴν
1535 3344 1766 3414 ζήτησιν
1788 3341 1878 3394 τὸν

303 3445 467 3513 λόγον
515 3446 764 3512 ἐπήγαγε
793 3440 936 3494 κατά
965 3439 1257 3508 ἀπόκρισιν
1286 3452 1300 3467 ο
1349 3437 1411 3490 Τί
1452 3435 1679 3503 ὄψεσθε
1709 3432 1780 3487 ἐν
1803 3429 1895 3500 τῇ,

307 3534 713 3604 Σουλιιμίτιδι,
769 3533 807 3601 ἠ
849 3529 1138 3600 ἐρχομένη
1188 3531 1268 3594 ὠς
1311 3527 1477 3595 χοροὶ
1515 3525 1636 3578 τῶν
1664 3537 1880 3591 παρεμ-

305 3629 506 3685 ϐολῶν
522 3643 542 3692 ;
570 3626 873 3694 Μονονουχὶ
901 3624 1100 3691 λέγων,
1125 3623 1184 3674 Ei
1218 3620 1312 3674 καὶ
1347 3620 1702 3688 πεπήρωνται
1727 3615 1880 3684 ὑμῶν

304 3725 358 3775 οἰ
389 3717 701 3790 ὁφθαλμοί;
753 3717 829 3779 ὡς
867 3715 960 3769 καὶ
997 3712 1234 3774 -Ἠσαΐας
1275 3707 1710 3779 συμμαρτυρῶν,
1754 3705 1884 3774 εφη-

310 3831 405 3868 σεν
429 3827 444 3842 ο
501 3809 894 3879 Ἐκάμμυσαν
947 3803 1148 3860 αὐτῶν
1183 3802 1325 3868 τοὺς
1364 3798 1734 3870 ὀφθαλμοὺς,
1785 3797 1884 3850 ἵνα

295 3904 394 3973 ’μὴ
420 3901 616 3955 ιδωσι.
652 3899 838 3969 Ταύτῃ
870 3914 954 3950 τοι
1000 3898 1098 3950 καὶ
1129 3895 1196 3949 τὰ
1227 3892 1451 3947 τοιαῦτα
1486 3888 1884 3960 ἐπηρεάζοντες

313 3993 722 4063 ἁποφαίνεσθε;
770 3989 914 4043 Ἀλλ’
949 3987 1041 4042 οὖν
1071 3990 1104 4057 ἠ
1161 3985 1430 4056 ἐρχομένη
1457 3985 1579 4046 ταῖς
1612 3980 1886 4051 οὐρανίοις

315 4086 689 4157 ὲφαμιλλᾶται
743 4083 986 4147 τάξεσιν.
1028 4076 1142 4132 Εἶθ’
1200 4077 1389 4146 ῶσπερ
1449 4071 1887 4142 ἀποκρουόμενος

313 4183 377 4234 τὸ
397 4180 783 4234 δυσέντευκτον
814 4179 1043 4238 τούτων,
1079 4171 1176 4225 καὶ
1204 4169 1312 4223 οὐδ’
1344 4171 1412 4223 ἂν
1445 4166 1739 4230 πείθοιντο,
1785 4161 1889 4218 κᾶν

312 4273 477 4327 ὁποῖά
506 4287 628 4323 τινα
657 4269 793 4338 πρὸς
821 4266 1018 4329 αὐτοὺς
1047 4263 1331 4327 διεξέλθοι,
1369 4260 1566 4322 αὐτοὺς
1600 4257 1699 4329 μὲν
1721 4254 1892 4325 οιμῶ-

316 4365 436 4438 ζειν
460 4362 638 4431 ἀφῆκε
665 4359 856 4431 μακρά
874 4373 892 4390 ⁶
925 4358 1065 4428 πρὸς
1091 4356 1150 4410 δὲ
1189 4345 1287 4425 τὴν
1317 4352 1594 4421 Παρθένον
1623 4350 1714 4402 καὶ
1737 4348 1890 4407 αὖθις

1243 313 1670 390 ὀοΜΜΕΝτ.
1715 319 1796 381 tN
1839 315 2162 380 CANTICA
2202 307 2493 373 CANTIC.

1883 437 1930 496 Α
1959 431 2073 500 ipsa
2123 405 2420 497 synagoga,
2464 418 2734 484 Dabo,tibi
2781 415 3062 480 nimirum,
3097 405 3216 484 qua:
3265 429 3378 468 mea
3413 417 3522 470 eris

3373 299 3504 361 lGC6

1948 521 2207 592 genitrlx,
2257 518 2419 570 ubera
2455 529 2609 576 mea;
2664 525 2838 566 meam
2879 508 3328 567 incarnationem,
3362 521 3522 573 quam

1948 613 2130 666 arrisit
2164 610 2320 672 mihi,
2353 607 2470 661 sine
2494 604 2703 660 semine
2739 618 2804 656 ex
2859 613 2908 657 te
2950 600 3060 654 ﬁeri
3089 615 3105 664 ;
3139 609 3196 652 ut
3238 598 3522 662 mundum,

1948 701 2174 774 perenni
2201 712 2448 754 meorum
2498 695 2655 749 latice
2691 690 3326 758 salutarium'irrigarem
3358 690 3528 742 docn-

1949 801 2282 848 mentorum.
2350 787 2584 841 Nescivit
2656 788 2836 838 anima
2891 799 3042 848 mea;
3076 797 3139 835 ac
3192 781 3238 834 si
3288 779 3550 834 diceretz‘

1951 882 2098 937 Unde
2131 883 2226 936 hoc
2266 874 2402 934 mihi
2424 882 2546 942 erit,
2575 877 2823 948 quoniam
2855 876 3025 929 virum
3050 889 3152 926 non
3190 889 3442 943 cognosco
3467 872 3527 924 '?

1950 973 2128 1030 Veluti
2161 973 2304 1028 enim
2365 985 2428 1026 ex
2478 985 2713 1040 persona
2769 969 2988 1022 illibatae
3036 965 3296 1039 Virginis,
3336 973 3528 1035 postea

1955 1081 2137 1122 sermo
2185 1063 2526 1120 eﬂ'ormatur.
2568 1060 2758 1115 Posuit
2811 1076 2892 1113 me
2946 1075 3133 1113 currus
3185 1058 3525 1112 Aminada‘b:

1953 1153 2191 1223 Virginis
2223 1162 2344 1222 post
2385 1152 2504 1208 haec
2533 1165 2846 1216 assensum,
2899 1149 3187 1220 significat.
3227 1148 3526 1202 Aminadab

1952 1245 2096 1300 enim
2136 1243 2397 1298 llebraice
2437 1243 2703 1306 voluntas,
2739 1256 2835 1297 seu
2898 1239 3278 1309 beneplacitum
3319 1239 3529 1305 Patris,

1955 1337 2364 1406 interpretatur.
2397 1335 2473 1388 Ac
2502 1334 2546 1388 si
2577 1332 2803 1397 diceret,
2840 1348 2902 1387 ex
2956 1347 3069 1388 suae
3101 1331 3393 1386 voluntatis
3437 1333 3531 1386 be-

1955 1428 2224 1506 nep'acito
2262 1426 2400 1483 Deus
2425 1435 2479 1482 et
2512 1426 2686 1492 Pater,
2731 1440 2952 1480 currum
2984 1439 3070 1481 me
3104 1424 3234 1483 fecit
3264 1421 3531 1499 unigeniti

1956 1517 2118 1574 Verbi
2159 1519 2263 1574 sui.

2643 1610 2845 1666 CANT.

2029 1703 2118 1758 12.
2147 1695 2445 1768 Revertere,
2483 1713 2739 1758 revertere
2784 1700 3085 1770 Sulamitis,
3134 1711 3409 1766 revertere,
3445 1719 3532 1758 re-

1885 1799 1926 1852 B
1958 1805 2168 1851 vertere.
2197 1796 2338 1861 Quid
2363 1797 2416 1849 in
2441 1807 2489 1852 te
2519 1797 2847 1864 inspiciemus
2874 1796 2900 1848 7

2585 1888 2896 1946 SCHOLIA.

2033 1975 2313 2046 Tanquam
2351 1992 2414 2032 ex
2443 1977 2609 2030 altera
2637 1978 2868 2045 quadam
2917 1977 3164 2033 sectione
3210 1978 3488 2032 exorditur
3521 1995 3534 2031 :

1963 2079 2015 2124 et
2053 2071 2316 2138 quosdam
2375 2069 2538 2124 veluti
2569 2069 2912 2124 enuntiantes
2945 2070 3260 2134 introducit,
3295 2088 3540 2140 quosque

1967 2160 2078 2214 hmc
2111 2161 2228 2230 ipsa
2270 2159 2453 2214 futura
2481 2171 2709 2229 stupore
2737 2161 3052 2228 perculerit,
3091 2177 3156 2216 ac
3178 2162 3402 2217 dicunt:
3441 2163 3538 2216 lte-

1965 2264 2160 2307 vertere
2189 2253 2487 2308 Sulamitis.
2524 2252 2652 2317 Ter,
2673 2261 2730 2306 ut
2758 2253 2873 2323 ipsa
2896 2262 3219 2319 revertatur,
3250 2264 3496 2322 repetunt
3523 2273 3538 2320 ;

1967 2355 2189 2414 propter
2241 2345 2667 2414 profunditatem
2725 2345 3209 2413 interrogationis,
3267 2361 3388 2414 quat
3438 2361 3543 2399 're-

1968 2439 2269 2506 Spondendi
2297 2440 2405 2492 vim
2454 2437 2665 2493 adimit.
2691 2434 2969 2492 Sulamitis
2995 2443 3174 2491 autem
3204 2439 3424 2506 pacilica
3452 2455 3546 2493 vo-

1969 2529 2083 2582 cari
2125 2537 2322 2597 potest,
2348 2537 2509 2598 atque
2535 2544 2598 2582 ex
2626 2529 2932 2583 Salomonis
2956 2529 3162 2583 semine
3187 2538 3329 2584 nata.
3379 2531 3547 2594 Quid-

1971 2635 2092 2672 nam
2127 2623 2180 2673 in
2215 2632 2262 2675 te
2301 2623 2686 2689 inspiciamus?
2737 2625 2814 2676 Ac
2847 2612 2894 2676 si
2953 2622 3234 2676 dicerent:
3270 2622 3545 2688 Quidnam

1974 2712 2069 2766 tibi
2112 2713 2390 2782 centinget
2421 2714 2587 2768 etiam
2622 2713 2666 2768 si
2707 2715 2834 2767 talia
2864 2714 3162 2768 evenient?

2581 2805 2809 2862 CAPUT
2833 2806 2948 2862 VII.

2660 2899 2863 2954 CANT.

2050 2996 2102 3049 1.
2138 2995 2275 3067 Quid
2327 2992 2569 3048 videbitis
2627 2992 2680 3045 in
2734 2990 3020 3054 Sulamile,
3075 3008 3188 3062 qua:
3245 2994 3378 3048 venit
3413 2996 3550 3050 sicut

1980 3087 2128 3142 chori
2159 3084 2704 3161 castrametantium?
2746 3100 2903 3152 quam
2935 3084 3110 3138 decori
3160 3095 3282 3139 sunt
3339 3102 3547 3156 gressus

1901 3149 1944 3210 ο
1979 3181 2056 3235 tui
2085 3181 2138 3232 in
2193 3177 2586 3241 calceamentis,
2636 3154 2687 3229 θ’
2715 3149 2831 3244 [ilia
2862 3175 3153 3230 Aminadab
3180 3176 3201 3229 !

2585 3266 2902 3324 SCllOLlA.

2047 3364 2128 3418 Ad
2165 3361 2360 3417 infesta
2422 3361 2639 3414 illorum
2693 3359 2964 3427 postulata
3003 3360 3359 3428 respondens,
3410 3361 3558 3416 hunc

1980 3454 2206 3525 protulit
2237 3467 2546 3508 sermonem
2574 3467 2586 3502 :
2624 3448 2891 3514 Quidnam
2925 3450 3167 3503 videbitis
3191 3451 3244 3502 in
3273 3449 3574 3518 Sulamile,‘

1981 3562 2096 3616 quw
2135 3544 2270 3598 venit
2306 3555 2557 3612 tanquam
2580 3541 2724 3594 chori
2754 3543 3241 3594 castrametantium
3268 3543 3291 3594 ?
3319 3540 3575 3596 Tantum‘

1983 3654 2088 3693 non
2119 3636 2329 3697 dicens,
2359 3649 2486 3688 num
2519 3633 2861 3688 mentientes
2879 3633 3165 3687 suntoculi
3196 3635 3355 3687 vestri
3377 3631 3574 3688 ?sicut'

1983 3739 2038 3784 et
2066 3716 2232 3783 Isaias
2258 3734 2508 3791 testatur,
2535 3724 2723 3779 dicens
2749 3741 2763 3778 :
2798 3721 3115 3778 Clauserunt
3147 3725 3326 3778 oculos
3350 3742 3470 3779 suos
3502 3737 3561 3780 ut

1987 3837 2089 3874 non
2122 3816 2386 3873 viderent‘
2411 3855 2425 3870 .
2457 3815 2560 3881 Qui
2588 3816 2690 3869 hac
2713 3814 2876 3870 etiam
2910 3816 2996 3868 via
3044 3815 3156 3869 haec
3186 3817 3304 3884 ipsa
3331 3818 3563 3871 eluden-

1990 3917 2088 3975 tes,
2122 3909 2480 3980 qumStionem
2510 3905 2858 3977 proponitis?
2886 3904 3083 3960 Verum
3113 3907 3411 3973 enimvero,
3440 3889 3579 3984 quas.

1989 4002 2157 4068 venit,
2210 4000 2407 4057 similis
2475 4008 2560 4055 est
2609 3997 2922 4065 agminibus
2969 3999 3305 4054 caelestibus.
3361 4001 3566 4057 Deinde

1991 4105 2247 4164 tanquam
2271 4091 2524 4147 refellens
2551 4090 2768 4144 illorum
2795 4090 3071 4157 duritiem,
3097 4100 3151 4146 et
3179 4092 3580 4161 pertinaciam,‘

1990 4201 2113 4243 cum
2135 4186 2266 4255 ipsis
2294 4183 2430 4238 nihil
2449 4181 2778 4254 persuadere
2801 4182 3068 4252 potuisset
3090 4196 3152 4238 ex
3186 4183 3252 4238 iis
3284 4199 3402 4253 quae
3425 4184 3569 4254 apud

1993 4277 2144 4345 ipsos
2171 4275 2527 4338 disseruerat,
2552 4287 2650 4328 eos
2675 4272 2895 4342 quidem
2928 4273 3087 4344 longe
3113 4274 3338 4338 dimisit,
3375 4284 3570 4330 utnon

1995 4370 2142 4424 leves
2165 4366 2320 4420 luant
2348 4352 2561 4435 pinnas.
2587 4363 2668 4417 Ad
2707 4352 2982 4436 Virginem
3004 4379 3129 4421 vero
3177 4366 3372 4420 iterum
3403 4368 3572 4421 etiam
3677 4367 3679 4369 ’

316 4452 701 4523 δπιστραςρείςο
759 4452 822 4506 Τί
877 4448 1289 4517 ὠραιώθησαν,
1343 4445 1500 4515 φησι,
1559 4441 1874 4510 (immutata

1995 4473 2327 4514 conversus:
2366 4455 2536 4522 Quam
2573 4458 2774 4526 decori,
2833 4458 3031 4528 inquit,
3065 4467 3188 4512 sunt
3246 4475 3456 4529 gressus
3491 4463 3574 4513 tui

254 4589 262 4595 .
317 4559 438 4598 σου
469 4545 538 4596 ἐν
575 4541 921 4610 ὑποδήμασι
939 4556 961 4605 ;
990 4541 1261 4601 τουτέστι,
1295 4536 1416 4597 Πῶς
1449 4533 1621 4596 οὕτως
1650 4531 1707 4586 αἱ
1757 4547 1874 4600 προ

1999 4551 2055 4605 in
2082 4548 2448 4604 calceamentis
2477 4547 2505 4601 .’
2559 4546 2673 4602 Hoc
2702 4557 2826 4602 est:
2865 4549 3112 4614 Quonam
3146 4561 3303 4618 pacto
3338 4551 3474 4604 adeo
3515 4552 3572 4605 in

318 4635 492 4688 κοπαὶ
528 4631 639 4685 τῶν
690 4631 903 4702 ἀρετῶν
973 4645 1067 4682 σου
1129 4623 1575 4693 κατευθύνθησαν
1633 4627 1691 4674 ἐν
1730 4621 1896 4690 σαρκὶ

321 4721 520 4793 obeat;
568 4723 885 4793 διαδήματα
906 4721 1018 4791 γὰρ
1067 4718 1164 4782 τὰς
1193 4718 1396 4786 ἀρετὰς
1426 4714 1795 4784 ὑποληπτέον
1825 4713 1901 4776 ὡς

321 4820 422 4874 καὶ
452 4821 481 4872 ὁ
505 4817 700 4871 τούτου
730 4815 918 4886 πατὴρ
949 4815 1164 4882 εἴρηκε,
1217 4810 1385 4878 Παρὰ
1417 4808 1640 4876 Κυρίου
1667 4809 1740 4859 τὰ
1779 4805 1906 4858 δια-

323 4913 566 4983 ϐήματα
617 4908 936 4978 ἀνθρώπου
983 4905 1432 4960 κατευθύνεται.
1463 4904 1724 4972 Θύγατερ
1752 4895 1908 4968 Ἀμιν-

323 5006 540 5063 ναδάϐ.
578 5003 732 5070 ’Δξία
767 5000 972 5073 δηλαδὴ
1000 4999 1099 5070 τῆς
1133 4997 1381 5062 εὐδοκίας
1396 4995 1490 5049 τοῦ
1517 4992 1655 5047 Θεοῦ
1681 4995 1776 5047 καὶ
1797 4993 1909 5046 Παο

321 5102 476 5171 τρός.

475 5228 483 5229 κ
859 5183 882 5214 ι
998 5182 1238 5258 τᾼΣΜΑ.

415 5283 651 5354 Ῥυθμοι
677 5281 888 5354 μηρῶν
939 5295 1054 5334 σου
1113 5279 1302 5348 ὅμοιοι
1343 5278 1660 5347 όρμίσκοις
1729 5276 1908 5346 ἔργον

330 5377 634 5443 τεχνίτου.
734 5369 744 5378 “
1298 5413 1301 5415 -

972 5464 1247 5518 ΣΧΟΛΙΑ.

409 5559 510 5612 Διὰ
549 5557 658 5612 τῶν
710 5556 902 5628 μηρῶν
925 5557 1017 5610 τὸν
1064 5556 1122 5622 ἐξ
1152 5553 1325 5624 αὐτῆς
1361 5552 1762 5623 τεχθησόμενον
1796 5556 1910 5609 Σω-

470 5734 609 5792 Luc.
640 5750 680 5802 ι,
742 5735 832 5789 54.
907 5734 927 5766 ⁵
955 5733 1059 5788 lsa.
1095 5749 1171 5798 vt,
1208 5733 1263 5789 9.
1337 5734 1358 5767 '
1389 5733 1534 5793 Psal.
1571 5750 1755 5804 sxxvr,
1792 5735 1883 5791 25,.

661 5833 929 5891 Pnnon.
978 5834 1092 5893 Gn.
1140 5834 1180 5892 Ο
1195 5835 1314 5894 Lil.

1999 4651 2054 4698 te
2079 4643 2336 4697 virtutum
2362 4638 2636 4710 proiectus
2661 4641 2835 4695 fausto
2869 4641 3209 4708 feliciterque
3264 4651 3574 4705 cesserunt,

2004 4748 2128 4788 cum
2165 4735 2218 4787 in
2248 4747 2415 4788 carne
2453 4730 2655 4800 degas?
2681 4731 2920 4787 Gressus
2968 4735 3112 4786 enim
3148 4733 3378 4788 virtutes
3411 4737 3581 4788 inter-

2003 4833 2308 4893 pretantur,
2345 4822 2804 4892 quemadmodum
2861 4831 2916 4877 et
2963 4823 3125 4892 hujus
3152 4832 3305 4894 pater
3337 4825 3505 4878 dixit:
3534 4827 3578 4880 Α

2008 4917 2236 4971 Domino
2271 4932 2482 4986 gressus
2515 4915 2746 4968 hominis
2779 4914 3078 4984 dirigentur
3100 4916 3156 4969 ⁸.
3195 4914 3339 4969 Filia
3365 4917 3582 4970 Amina-

2009 5009 2148 5062 dab:
2183 5008 2406 5076 dignum
2441 5004 2699 5061 videlicet
2729 5007 3007 5073 delicium,
3047 5008 3191 5076 quod
3239 5007 3349 5064 Deo
3395 5018 3448 5064 et
3486 5009 3585 5063 Pa-

2011 5098 2078 5152 tri
2109 5097 2183 5152 sit
2230 5097 2402 5153 cordi.

2696 5187 2900 5244 CANT.

2085 5282 2289 5340 Moduli
2321 5282 2576 5352 [erninum
2636 5293 2848 5337 tuorum
2879 5283 3078 5339 similes
3112 5281 3413 5347 monilibus,
3458 5295 3586 5349 opus

2015 5390 2267 5428 manuum
2296 5374 2541 5442 artiﬁcis.
3034 5370 3036 5372 ’

2646 5461 2961 5519 SUHOLIA.

2091 5557 2192 5615 Per
2224 5556 2453 5628 femina,
2510 5559 2852 5616 nasciturum
2883 5572 2949 5614 ex
2981 5554 3199 5624 Virgine
3231 5551 3591 5620 Salvatorem,

3079 5823 3152 5882 33s
