4064 6266
580 353 724 420 1067

1716 360 2088 422 ΜΑΤἸἮίΈΙ
2131 360 2662 452 CANTACUZENI

3674 360 3837 438 1068‘

574 469 719 525 clare
749 468 1096 540 signiﬁcavit,
1122 472 1285 541 idque
1318 472 1444 527 olim
1496 471 1819 542 patriarcha:
1866 471 2031 529 Jacob
2058 474 2134 529 de-

2252 477 2395 548 τῆρα
2427 474 2696 546 δεδήλωκε
2718 490 2733 506 ο
2774 472 2939 531 τοῦτο
2977 475 3071 530 καὶ
3113 478 3141 529 6
3177 476 3343 531 πάλαι
3377 475 3458 546 τῷ
3497 481 3827 552 “eamdem

574 570 933 633 monstratum
981 560 1081 616 fuit
1111 563 1179 616 ab
1223 562 1452 634 angelo‘
1475 601 1491 627 ,
1525 562 1655 633 quid
1692 562 1840 617 illum
1874 563 1940 618 ad
1972 573 2146 618 certa-

573 669 695 708 men
725 654 889 708 luctaz
920 655 1168 710 excitans
1199 656 1322 723 ejus
1368 654 1575 719 femina
1607 655 1782 725 tetigit
1808 656 2055 709 indicans
2078 672 2142 710 ex

571 746 662 800 illa
694 761 860 801 carne
897 745 1235 799 nasciturum
1273 746 1367 800 Dei
1418 736 1615 800 Filium
1651 747 2017 816 unigenitum.
2049 745 2143 799 Di-

570 836 645 891 cit
678 837 892 907 itaque:
947 835 1157 890 Moduli
1206 837 1459 904 feminum
1509 847 1723 892 tuorum
1771 838 1972 891 similes
2022 846 2144 891 sunt

569 928 889 991 monilibus;
920 927 1178 994 videlicet,
1210 928 1314 993 Qui
1345 942 1564 983 carnem
1593 944 1661 984 ex
1694 937 1745 983 te
1789 936 2145 996 suscepturus

566 1029 647 1073 est
689 1018 852 1083 Deus,
882 1020 1161 1075 immobile
1189 1021 1429 1089 sigillum
1455 1030 1537 1076 est
1582 1021 1699 1086 Dei,
1732 1030 1785 1076 et
1828 1012 2028 1074 Patris.
2058 1018 2145 1074 Si-

482 1102 498 1171 ’,
564 1120 659 1165 cut
685 1111 829 1165 enim
861 1110 1040 1181 inquit
1070 1110 1266 1181 optimi
1295 1112 1537 1168 artiﬁces
1561 1110 1841 1181 signacula
1865 1110 2142 1181 ellingunt,

565 1203 969 1271 exemplaribus
1008 1218 1272 1273 perquam
1304 1203 1580 1259 simillima
1606 1219 1620 1270 ;
1679 1204 1868 1258 eodem
1898 1201 2060 1256 modo
2089 1208 2144 1256 et

568 1295 884 1364 unigenitus
921 1296 1014 1350 Dei
1045 1293 1242 1362 Filius,
1272 1282 1550 1350 immobile
1577 1295 1839 1366 sigillum,
1874 1307 2140 1364 perquam

565 1386 842 1443 simillima
871 1385 1032 1457 plane
1059 1396 1163 1451 est,
1195 1385 1373 1441 Patris
1403 1386 1603 1454 imago.

1242 1564 1378 1622 CAN
1386 1565 1441 1620 Τ.

629 1662 685 1718 Ξ.
747 1660 1039 1715 Umbilicus
1071 1670 1189 1714 tuus
1251 1668 1425 1712 crater
1491 1656 1780 1720 tornatilis,
1836 1668 1939 1709 non
1982 1669 2136 1724 egens

561 1757 757 1822 misto;
787 1764 963 1809 venter
996 1763 1115 1806 tuus
1161 1752 1405 1805 cumulus
1456 1748 1647 1815 tritici,
1700 1748 1928 1803 vallatus
1970 1748 2023 1801 in
2073 1746 2138 1798 li-

561 1848 669 1902 liis.

1180 1931 1501 1990 SCllOLIA.

632 2029 712 2084 Ad
747 2042 1000 2098 magnum
1032 2041 1129 2097 pro
1161 2027 1317 2081 nobis
1371 2023 1794 2095 dispensationis
1828 2014 2145 2094 mysterium

462 2150 467 2157 ~
562 2121 890 2186 Salvatoris,
922 2121 1188 2190 propinata
1222 2118 1411 2173 oculos
1442 2118 1764 2185 conjiciens,
1795 2118 1871 2171 ait
1898 2119 1967 2171 ad
2023 2113 2144 2169 Vir-

558 2216 737 2283 ginem
770 2227 786 2265 :
819 2210 1111 2265 Umbilicus
1165 2212 1284 2262 tuus
1316 2217 1492 2262 crater
1518 2208 1829 2273 tornatilis;
1865 2208 2142 2272 videlicet,

557 2303 637 2358 Ex
670 2313 721 2358 te
754 2313 922 2358 natus
976 2296 1093 2355 Dei“
1115 2300 1308 2366 Filius,
1338 2309 1518 2355 crater
1555 2308 1660 2365 est,
1702 2315 1862 2355 suum
1891 2314 1990 2369 pro
2045 2314 2143 2354 no-

556 2407 672 2451 stra
708 2395 906 2458 salute,
938 2392 1221 2448 eﬂuudens
1247 2393 1584 2461 sanguinem.
1613 2390 1735 2445 Non
1765 2407 1918 2461 egens
1950 2391 2141 2454 misto;

556 2502 624 2540 ex
647 2501 758 2555 quo
815 2485 959 2539 enim
990 2481 1238 2536 Salvator
1291 2476 1475 2537 nosfcr
1503 2480 1739 2536 Verbum
1773 2497 1903 2538 caro
1930 2482 2136 2537 factum

556 2587 661 2643 est,
694 2585 747 2632 et
782 2591 943 2632 suum
978 2577 1301 2646 sanguinem
1348 2575 1403 2629 in
1437 2586 1624 2646 potum
1660 2575 1913 2630 fidelibus
1945 2575 2136 2635 dedit:

536 2686 631 2737 ,οι
659 2684 749 2734 eo,
786 2669 1034 2738 inquam,
1075 2670 1340 2736 tempore,
1371 2678 1551 2723 crater
1579 2683 1685 2723 non
1718 2666 1891 2723 deluit
1943 2668 1998 2722 in
2032 2668 2137 2722 Ec-

554 2762 766 2826 clesiis,
800 2776 923 2831 quae
976 2770 1106 2815 sunt
1155 2746 1356 2829 ubique
1407 2766 1699 2815 terrarum.
1753 2760 2140 2826 Quinimoim-

556 2856 738 2925 pletur
774 2855 1027 2924 quotidie
1061 2853 1235 2908 sacris
1287 2854 1590 2908 incruentis
1619 2853 1923 2920 sacrificiis,
1961 2853 2135 2915 vitali.

553 2959 607 3005 et
635 2930 823 3002 divino
854 2947 1143 3017 sanguine.
1194 2946 1382 3001 Venter
1414 2957 1533 2999 tuus
1560 2946 1801 2999 cumulus
1822 2956 1896 3000 est
1931 2946 2134 3011 tritici;

552 3055 743 3096 revera
782 3038 950 3105 enim,
991 3039 1106 3108 ipsa
1137 3039 1417 3093 caelestem
1464 3037 1623 3093 nobis
1654 3052 1846 3107 panem
1880 3036 2131 3107 peperit;

2262 565 2457 620 Ἰακὼὸ
2478 564 2663 636 ὀφθεὶς
2701 566 2955 635 ἄγγελος,
3005 567 3101 620 καὶ
3138 569 3272 637 πρὸς
3301 567 3622 641 συμπλοκὴν
3656 570 3818 624 αὐτὸν

2246 656 2558 726 ἀναστήσας
2588 655 2766 725 πάλης
2785 695 2801 722 ,
2833 656 3012 726 ἥψατο
3038 657 3146 710 τῶν
3201 658 3415 709 ἐκείνου
3459 657 3673 728 μηρῶν,
3718 656 3818 728 τὴν

2247 744 2309 810 ἐξ
2334 745 2541 799 ἐκείνου
2578 747 2859 815 σάρκωσιν
2886 730 2982 800 τοῦ
3012 747 3342 817 μονογενοῦς
3373 748 3653 816 ἐμφαίνων
3684 747 3815 801 Υίοῦ

2245 835 2340 889 τοῦ
2375 836 2537 892 Θεοῦ.
2563 839 2701 910 Φησὶ
2717 840 2900 893 τοίνυν
2919 852 2934 868 ·
2982 839 3220 907 Ῥυθμοὶ
3244 838 3456 909 μηρῶν
3479 856 3596 892 σου
3628 836 3819 907 ὅμοιοι

2247 928 2597 996 ὁρμίσκοις’
2671 928 2861 1000 ἧγουν,
2920 928 2980 983 '0
3039 929 3103 981 ὲκ
3166 928 3262 982 σοῦ
3328 929 3819 998 σαρκωοησόμεινος

2246 1018 2379 1082 Θεὸς
2414 1020 2445 1089 ἡ
2482 1020 2558 1090 μὴ
2613 1020 2905 1092 κινουμένη
2943 1019 3180 1091 σφραγίς
3230 1021 3348 1073 ἐστι
3393 1020 3489 1074 τοῦ
3537 1019 3675 1072 Θεοῦ
3724 1020 3820 1072 καὶ

2246 1113 2482 1181 Πατρός.
2519 1113 2730 1183 Ὠσπερ
2778 1114 2907 1186 γὰρ,
2940 1114 3126 1183 φησιν,
3173 1113 3222 1165 οί
3252 1111 3362 1167 τῶν
3411 1112 3671 1183 τεχνιτῶν
3701 1111 3822 1180 ἄρι-

2247 1220 2363 1258 στοι
2394 1205 2854 1275 ἀπαραλλάκτους
2880 1204 2975 1267 τὰς
3001 1204 3311 1274 σφραγῖδας
3346 1203 3457 1258 τῶν
3491 1202 3818 1274 ἀρχετύπων

2246 1294 2529 1348 ποιοῦνται
2549 1333 2566 1361 ,
2594 1294 2738 1349 οὕτω
2768 1300 2861 1348 καὶ⁵
2887 1296 2915 1348 6
2954 1294 3249 1365 μονογενὴς
3285 1294 3411 1357 Υἱὸς
3451 1293 3546 1347 τοῦ
3573 1293 3711 1346 Θεοῦ
3730 1334 3748 1358 ,
3782 1295 3821 1364 ἡ

2247 1384 2323 1453 μὴ
2348 1384 2643 1456 κινούμενη
2700 1387 2962 1456 σφραγὶς,
3008 1382 3433 1455 ἀπαράλλακτός
3464 1385 3614 1437 ἐστιν
3652 1384 3817 1437 εἰκὼν

2243 1474 2339 1528 τοῦ
2375 1476 2611 1545 Πατρός.

2903 1562 3146 1638 *ωιλαμ

2296 1656 2620 1729 ’Ὀμφαλός
2655 1672 2771 1714 σου
2792 1659 3016 1739 κρατὴρ
3043 1659 3383 1727 τορνευτὸς,
3413 1659 3501 1729 μὴ
3530 1657 3815 1726 ὑστερούο

2238 1769 2421 1821 μενος
2458 1750 2687 1822 κρᾶμα·
2743 1752 2945 1810 κοιλία
2982 1766 3099 1807 σου
3139 1752 3407 1821 θημωνια
3457 1752 3656 1818 σίτου,
3707 1763 3813 1803 πε-

2162 1817 2211 1878 B
2238 1817 2547 1914 ἐρραγμέιλη
2569 1817 2648 1897 ⁷ιιὲιν·
2685 1843 2934 1912 κρίνοις.

2885 1935 3163 1990 ΣΧΟΛΙΔ.

2310 2029 2453 2099 Πρὸς
2481 2027 2543 2080 τδ
2579 2026 2722 2097 μέγα
2746 2028 2844 2099 τῆς
2880 2028 3021 2098 ὑπὲρ
3072 2028 3229 2099 ἡμῶν
3257 2025 3567 2096 οἰκονομίας
3602 2026 3812 2097 μυστή-

2238 2138 2353 2192 ριον
2384 2120 2480 2174 τοῦ
2537 2121 2787 2190 Σωτῆρος
2840 2117 3062 2189 ἀφορῶν
3110 2122 3137 2173 ὁ
3194 2119 3489 2191 Προφήτης
3537 2117 3675 2188 πρὸς
3707 2116 3810 2188 τὴν

2236 2214 2513 2284 Παρθένον
2546 2213 2709 2282 φησιν
2734 2227 2746 2241 ’
2793 2211 3099 2281 Ὀμφαλός
3155 2224 3273 2265 σου
3310 2209 3536 2278 κρατὴρ
3569 2223 3812 2276 τορνευ-

2234 2308 2370 2373 τός·
2416 2308 2607 2377 ἧγουν,
2642 2305 2703 2359 ὐ
2734 2306 2798 2357 ix
2838 2302 2933 2357 σοῦ
2968 2304 3180 2375 τεχθεὶς
3213 2303 3339 2367 rte;
3373 2301 3470 2357 τοῦ
3499 2302 3637 2356 Θεοῦ
3675 2318 3811 2372 κρα-

2231 2400 2339 2469 τήρ
2370 2401 2488 2454 ἔστι
2520 2397 2770 2467 προχέων
2807 2396 2870 2449 τὸ
2903 2397 3101 2449 ἑαυτοῦ
3150 2393 3293 2466 αἷμα
3340 2396 3482 2465 ὑπὲρ
3526 2396 3625 2465 τῆς
3652 2396 3809 2466 ἡμῶν

2234 2492 2530 2561 σωτηρίας.
2565 2487 2662 2555 Μὴ
2699 2488 3142 2556 ὺστερούμενος
3173 2486 3391 2557 κρᾶμα.
3445 2486 3662 2552 Ἐξότου
3702 2488 3809 2557 γὰρ

2229 2582 2258 2634 6
2291 2581 2484 2650 Σωτὴρ
2522 2580 2678 2649 ἡμῶν
2708 2577 3103 2649 ὲνηνθρώπησε
3144 2578 3342 2647 Λόγος,
3392 2579 3486 2631 καὶ
3519 2579 3579 2629 τὸ
3609 2576 3808 2631 ἑαυτοῦ

2228 2669 2371 2743 αἷμα
2391 2673 2470 2734 είς
2492 2672 2652 2724 πόσιν
2684 2670 2884 2724 δέδωκε
2924 2672 3038 2734 τοῖς
3067 2673 3279 2734 πιστοῖς
3303 2687 3317 2701 ·
3361 2668 3420 2735 ἐξ
3441 2672 3651 2724 ἐκείνου
3682 2687 3810 2723 και-

2232 2764 2326 2832 ροῦ
2365 2764 2425 2817 οὐ
2457 2763 2698 2816 διέλιπεν
2731 2763 2759 2813 6
2811 2762 3023 2832 κρατὴρ
3057 2763 3115 2814 ἐν
3163 2763 3285 2825 ταῖς
3335 2761 3655 2832 ἁπανταχοῦ
3701 2765 3807 2832 τῆς

2240 2856 2590 2921 Ἐκκλησίαις
2615 2855 2691 2923 μὴ
2718 2852 3056 2923 πληροῦσθαι
3077 2855 3194 2916 ταῖς
3217 2853 3341 2906 καθ’
3362 2855 3576 2923 ἡμέραν
3602 2853 3712 2905 τῶν
3734 2856 3811 2905 ls-

2229 2950 2372 3017 ρέων
2402 2945 2764 3015 ἀναιμάκτοις
2812 2943 3027 3008 θυσίαις
3073 2942 3171 2996 τοῦ
3220 2942 3488 3008 ξωοποιοῦ
3531 2944 3631 2996 καὶ
3660 2945 3809 2997 θείου

2226 3041 2473 3110 αἵματος.
2500 3038 2713 3095 Κοιλία
2755 3051 2871 3090 σου
2919 3036 3187 3113 θημωνία
3218 3036 3395 3090 σίτου
3422 3050 3438 3065 ·
3493 3034 3663 3098 εντως
3698 3042 3807 3104 γαρ

552 3136 620 3193 de
651 3151 761 3205 quo
788 3137 1103 3204 quicunque
1133 3133 1435 3189 comederit
1466 3147 1572 3187 non
1624 3135 1885 3187 morietur
1906 3131 1925 3163 ⁷
1957 3169 1971 3184 .
2008 3128 2126 3195 Quo

2238 3133 2371 3202 αῦτη
2421 3130 2512 3184 τὸν
2545 3130 2797 3199 οὐράνιον
2858 3130 2992 3198 ἡμῖν
3026 3129 3191 3198 ἄρτον
3242 3128 3579 3182 ἁποτέτοκεν
3602 3146 3615 3159 ο
3655 3129 3719 3195 εξ
3744 3124 3805 3182 οῦ

552 3236 734 3283 autem
766 3226 929 3280 modo
960 3239 1067 3279 non
1101 3225 1202 3279 erit
1234 3217 1399 3278 tritici
1429 3222 1705 3290 cumulus,
1738 3237 1862 3292 qua:
1893 3219 2126 3289 singulis

550 3319 768 3381 diebus,
833 3316 1020 3372 ﬁdeles
1090 3315 1259 3384 replet
1316 3316 1530 3371 abunde
1581 3315 1981 3386 supernaturali
2030 3315 2124 3372 illo

550 3424 711 3480 pane,
768 3409 859 3479 qui
890 3408 1137 3464 absolute
1167 3410 1234 3462 ab
1269 3408 1382 3477 ipsa
1419 3409 1736 3463 emanavit?
1792 3406 2031 3462 Vallatus
2066 3408 2124 3461 in

550 3502 703 3567 (iliis,
738 3502 977 3571 undique
1010 3500 1211 3556 divinis
1240 3502 1448 3555 munita
1498 3501 1867 3572 dogmatibus,
1916 3500 2121 3557 doctri-

550 3598 745 3667 nisque
800 3595 1004 3651 (λιιι-ἱδιί
1067 3594 1182 3661 Dei,
1244 3596 1338 3664 qui
1394 3609 1612 3650 carnem
1668 3610 1737 3650 ex
1800 3595 1912 3665 ipsa
1968 3608 2120 3651 sum—

547 3688 678 3758 psit.

1228 3776 1433 3834 CANT.

614 3874 671 3927 '5.
706 3873 822 3927 Duo
872 3872 1032 3926 ubera
1080 3880 1197 3951 tua,
1246 3875 1384 3927 sicut
1414 3872 1518 3927 duo
1556 3871 1761 3927 hinnuli
1789 3872 1995 3944 gemelli
2030 3887 2122 3926 ca-

542 3980 703 4036 prete.

1167 4053 1476 4110 SCHOLIA.

617 4151 695 4206 De
723 4148 1038 4219 huiusmodi
1078 4163 1246 4219 supra
1284 4148 1524 4203 dilucide
1552 4157 1733 4204 actum
1760 4157 1867 4206 est.

980 4312 989 4317 κ
1221 4238 1430 4296 οΑΝΤ.

610 4332 667 4387 4.
694 4329 901 4386 Collum
926 4338 1074 4383 tuum
1107 4329 1241 4382 sicut
1276 4331 1439 4383 turris
1466 4330 1750 4389 eburnea.‘

862 4464 897 4481 α
1177 4419 1492 4477 SCHOLIA.

2236 3228 2343 3287 πᾶς
2374 3227 2401 3279 ὁ
2431 3222 2659 3293 τρώγων
2695 3223 2755 3276 οὐ
2788 3221 3035 3293 θνήσκει.
3075 3222 3199 3282 Πῶς
3231 3221 3289 3275 δὲ
3338 3223 3400 3275 οὐ
3440 3223 3695 3295 θημωνία
3730 3224 3807 3276 σί-

2233 3335 2330 3374 του
2366 3319 2399 3390 ή
2433 3316 2556 3371 καθ’
2605 3317 2817 3387 ἡμέραν
2866 3315 3172 3386 ἁρδεύουσα
3210 3317 3322 3377 τοῖς
3357 3320 3570 3379 πιστοῖς
3613 3318 3707 3371 τοῦ
3743 3316 3805 3382 ἐξ

2236 3412 2405 3481 αὐτῆς
2434 3408 2926 3480 τελεσφορηθέντος
2953 3409 3265 3479 ὑπερφυοῦς
3300 3408 3502 3479 ἄρτους
3538 3412 3805 3479 naggar-

2227 3503 2381 3576 μένη
2432 3503 2503 3556 ἐν
2550 3507 2816 3569 κρίνοις*
2875 3501 3216 3569 πανταχόθεν
3282 3506 3802 3572 περιφρουρουμένη

2232 3580 2346 3660 τοῖς
2383 3598 2546 3659 θείοις
2569 3596 2806 3664 δόγμασι
2839 3594 2931 3648 καὶ
2953 3596 3247 3665 διδάγμασι
3268 3596 3362 3648 τοῦ
3387 3595 3447 3659 ἐξ
3472 3597 3643 3666 αὐτῆς
3671 3614 3804 3666 σαρ-

2235 3688 2503 3751 κωθέντος
2532 3685 2767 3758 Χριστοῦ
2793 3685 2889 3740 τοῦ
2932 3687 3093 3740 Θεοῦ.

2254 3760 2265 3781 “
2877 3773 3119 3849 ᾊΣΜΑ.

2299 3873 2415 3928 Δύο
2450 3870 2675 3942 μαστοί
2700 3885 2841 3936 σου,
2874 3871 2956 3937 ὡς
2997 3870 3109 3925 δύο
3142 3871 3341 3940 νεϐροὶ
3382 3872 3621 3945 δίδυμοι
3660 3874 3797 3946 δορ-
3819 3875 3831 3885 ’

2228 3965 2435 4033 κάδος.

2871 4058 3145 4114 ΣΧΟΛΙΑ.

2300 4151 2442 4223 Περὶ
2469 4149 2664 4205 τούτου
2695 4150 2959 4221 ἀνωτέρω
2983 4151 3300 4220 δεδήλωται.

2678 4300 2683 4305 .
2887 4240 3128 4316 ’ᾼΣΜΑ.

2305 4337 2616 4409 Τράχηλός
2643 4353 2763 4393 σου
2791 4338 2873 4403 ὡς
2904 4339 3132 4406 πύργος
3160 4337 3579 4408 ἐλεφάντινος.

2883 4431 3159 4486 ΣΧΟΛΙΔ.

616 4512 801 4568 Turris
856 4512 1077 4581 quidem
1135 4512 1572 4583 eburnea,juxta
1598 4513 1905 4581 historiam,
1952 4514 2119 4570 inter-

2294 4525 2509 4596 Πύργος
2534 4523 2824 4595 ίστορικῶς
2855 4522 2955 4593 μὲν
2999 4524 3344 4591 ἑλεφὰντινός
3388 4526 3538 4582 εστιν
3581 4530 3614 4582 6
3639 4543 3793 4597 μεσι-

536 4603 680 4673 jecta
731 4614 817 4657 est
856 4603 998 4658 inter
1050 4600 1328 4681 civitatem
1377 4602 1707 4672 Jerusalem,
1753 4615 1808 4661 et
1830 4606 1974 4659 inter
1997 4605 2118 4676 rjus

540 4696 778 4751 civitatis
827 4710 1032 4761 arcem,
1069 4695 1367 4762 Bethleem,
1398 4712 1516 4751 eam
1542 4714 1772 4768 magnus
1799 4700 1976 4754 erexit
2007 4699 2114 4754 Da-

540 4789 625 4842 vid
658 4808 671 4855 ;
700 4793 790 4859 cui
836 4787 1081 4859 Virginis
1105 4788 1304 4842 collum
1334 4790 1513 4845 simile
1530 4791 1692 4855 dixit,
1727 4802 1956 4860 propter
1989 4804 2116 4861 pro-

536 4879 786 4944 bitatem,
819 4887 873 4933 ct
896 4878 1300 4942 rectitudinem,
1325 4889 1378 4933 et
1412 4880 1561 4950 quod
1592 4880 1917 4945 omniJoret
1953 4878 2116 4935 nudi-

535 4986 643 5041 que
678 4971 853 5040 gratia
888 4968 1199 5040 perfusum.

1221 5062 1424 5117 CANT.

607 5153 763 5210 Oculi
813 5156 890 5208 tui
921 5155 1061 5208 sicut
1115 5166 1305 5225 stagna
1338 5156 1393 5210 iu
1445 5154 1670 5225 Esebon,
1705 5160 1758 5211 in
1789 5161 1957 5229 portis
1985 5161 2113 5232 ﬁlice

533 5246 844 5300 multorum.

1158 5339 1450 5395 SCIlOLlA
1468 5382 1482 5396 .

609 5433 812 5489 Esebon
835 5448 975 5506 apud
1006 5431 1287 5497 Hebraeos,
1315 5435 1667 5503 cogitationes
1692 5435 1984 5505 signiﬁcat.
2010 5436 2106 5491 Di-

2221 4619 2397 4673 τεύων
2440 4620 2509 4687 τῇ
2567 4632 2629 4669 τε
2688 4616 2844 4669 πόλει
2902 4617 3262 4687 Ἰερουσαλὴμ.
3314 4619 3411 4671 καὶ
3456 4621 3524 4689 τῇ
3577 4622 3811 4691 ἐκείνης.

2222 4710 2518 4783 ἀκροπόλει
2558 4706 2830 4779 Βηθλεὲμ,
2874 4709 2936 4762 ὃν
2974 4714 3003 4762 6
3052 4709 3231 4777 μέγας
3278 4710 3547 4782 ἀνέστησε
3589 4715 3789 4767 Δασίδο

2219 4802 2397 4872 τούτῳ
2424 4802 2517 4855 τὸν
2558 4802 2659 4872 τῆς
2711 4800 2985 4871 Παρθένου
3023 4802 3326 4871 παρείκασε
3372 4807 3661 4873 τράχηλον,
3705 4806 3789 4859 διὰ

2222 4893 2286 4947 τὸ
2330 4891 2580 4960 εὐεργὸν,
2629 4891 2725 4944 καὶ
2760 4889 2984 4960 ὅρθιον,
3035 4896 3131 4947 καὶ
3179 4894 3313 4962 πρὸς
3361 4895 3583 4949 ᾶπαντα
3628 4915 3789 4968 κεχι-

2224 4999 2277 5054 ρι
2286 4983 2507 5051 σμένον.

2304 5122 2311 5125 _
2889 5066 3132 5147 τᾼΣΜΑ.

2305 5165 2625 5235 Ὀςρθαλμοί
2665 5179 2781 5219 σου
2811 5167 2892 5232 ὡς
2919 5170 3129 5236 λίμναι
3156 5169 3226 5224 ἐν
3269 5169 3551 5242 Ἐσεϐὼν,
3577 5174 3647 5229 ἐν
3683 5177 3788 5231 πύ-

2197 5260 2357 5326 υλαις
2380 5261 2673 5330 θυγατρὸς
2701 5261 2973 5316 πολλῶν.

2867 5356 3145 5412 ΣΧΟΛΙᾹ.

2302 5444 2537 5499 Ἐσεϐὼν
2590 5447 2723 5516 παρ’
2757 5447 3034 5517 Ἑϐραίοις
3090 5452 3216 5513 τοὺς
3272 5453 3570 5522 λογισμοὺς
3616 5455 3782 5523 δηλοῖ.

533 5530 608 5581 cit
639 5528 838 5600 igitur:
873 5527 1026 5584 Oculi
1056 5528 1134 5579 tui
1159 5537 1412 5594 tanquam
1447 5535 1638 5597 stagna
1665 5529 1718 5582 in
1747 5526 1956 5584 Esebou
1981 5547 1995 5584 :
2023 5530 2104 5585 vi—

2238 5539 2350 5608 ίνησὶ
2383 5541 2586 5606 τοίνυν,
2609 5542 2674 5592 Ol
2697 5541 2995 5610 ὀφθαλμοί
3022 5559 3141 5596 σου
3170 5546 3251 5609 ὡς
3275 5548 3573 5613 λίμνιμέν
3622 5549 3789 5601 Ἐσε-

535 5619 732 5674 delicct
785 5636 980 5689 purum
1010 5629 1199 5688 putum
1235 5627 1343 5672 tua:
1402 5618 1737 5688 virginitatis
1761 5624 2103 5694 mysterium,

2238 5630 2336 5685 ῗών
2357 5649 2372 5668 ο
2409 5632 2598 5703 ἧγουν,
2621 5634 2693 5687 Τὸ
2724 5635 2967 5705 καθαρὸν
2990 5640 3087 5708 τῆς
3121 5637 3221 5707 σῆς
3248 5638 3551 5709 παρθενίας
3584 5643 3788 5714 μυστή-

604 5796 626 5828 ⁶
655 5793 969 5864 Gcn.sxxu,
999 5797 1024 5851 1
1059 5813 1212 5868 seqq.
1290 5801 1310 5834 ⁷
1352 5796 1511 5853 Joan.
1546 5815 1619 5869 vt,
