4064 6266
277 355 417 419 1073

1299 352 1691 415 COMMENT.
1729 353 1812 413 IN
1854 351 2180 415 CANTICA
2223 351 2544 414 CANTICQ

3367 315 3501 408 107s

262 467 534 539 μαστούς
553 482 672 532 μου
694 464 814 539 σρί.
837 467 901 518 Oi
918 464 1326 534 μανδραγόραι
1354 465 1587 519 ἔδωκαν
1606 467 1829 536 ὀσμήν·

1938 477 2058 520 runt
2084 465 2322 531 odorem,
2348 474 2398 518 et
2431 465 2485 517 in
2506 461 2671 533 portis
2693 459 2885 515 nostris
2913 459 3092 512 ontnia
3121 459 3385 528 fructuum
3418 475 3504 528 ge-

266 558 366 611 καὶ
395 555 497 609 ἐπὶ
542 555 748 621 θύραις
798 554 971 621 ἡμῶν
1015 555 1334 616 πάντατὰ
1387 554 1691 622 ἀκρόδρυα
1730 554 1839 608 νέα

265 647 417 716 aper;
452 643 697 708 παλαιὰ,
726 643 1013 713 ἁδελφιδέ
1031 653 1178 710 μου,
1209 643 1480 714 ἐτήρησὰ
1510 660 1630 701 σοι.

912 737 1192 788 ΣΧΟΛΙΑ.

350 827 437 891 Ὠς
473 827 581 881 ἀπὸ
610 827 706 894 τῆς
737 825 1018 896 Παρθένου
1043 827 1135 879 καὶ
1168 822 1327 891 αὖθις
1356 827 1454 898 τὴν
1495 828 1638 899 ᾠδὴν
1667 829 1840 882 ποιεῖ-

263 937 379 986 ται,
415 919 510 972 καί
539 936 726 989 φησιν·
759 918 955 985 Ἐλθέ,
984 919 1275 988 ἀδελφιδέ
1297 937 1439 989 μου.
1479 919 1710 989 Ποίησον
1739 919 1840 988 τὴν

269 1009 468 1062 σαυτοῦ
505 1007 914 1076 συγκατάὁασιν
936 1025 951 1039 υ
982 1008 1320 1078 ἐξέλθωμεν
1347 1012 1435 1076 είς
1476 1010 1694 1077 ἀγρόν·
1747 1012 1840 1062 τὸν

270 1099 482 1166 κόσμον
533 1099 758 1170 δηλαδὴ.
812 1099 870 1152 ὃν
921 1101 951 1152 6
1003 1100 1193 1171 Σωτὴρ
1239 1102 1586 1170 παραγέγονε
1646 1102 1839 1155 σῶσαι.

261 1189 655 1260 Αἰιλισθῶμεν
699 1190 770 1245 ἐν
802 1191 1048 1262 κώμαιςο
1083 1191 1206 1247 ἀντὶ
1237 1191 1332 1244 τοῦ
1368 1193 1428 1245 ὲν
1459 1194 1580 1256 ταῖς
1625 1191 1839 1258 πόλεσι,

271 1283 392 1344 ταῖς
438 1282 499 1335 τὺ
561 1283 826 1352 κήρυγμα
888 1284 1382 1354 παραδεξαμέναις.
1447 1285 1842 1354 Ὀρθρίσωμεν

268 1375 360 1439 εὶς
390 1372 749 1442 ἀμπελῶνας
772 1390 786 1406 ο
824 1376 903 1439 είς
933 1375 1034 1439 τὰς
1080 1376 1348 1429 Ἰουδαίων
1381 1376 1704 1444 συναγωγὰς
1747 1375 1842 1444 δη-

271 1466 428 1535 λαδή·
465 1465 670 1535 ταύτην
695 1466 805 1536 γὰρ
852 1468 947 1518 καὶ
991 1465 1235 1531 Ἡσαΐας,
1279 1469 1308 1520 6
1340 1465 1604 1536 ἀμπελὼν
1634 1467 1840 1535 Κυρίου

270 1552 501 1606 Σαϐαὼθ
537 1548 684 1617 οἶκος
715 1554 810 1606 τοῦ
856 1555 1070 1624 Ἰσραήλ
1105 1559 1244 1618 ἐστι,
1287 1559 1645 1626 προείρηκεν.
1677 1559 1842 1613 Ἰδωσ-

263 1662 386 1713 μεν
417 1647 467 1699 εί
497 1644 769 1713 ἤνθησεν
795 1647 832 1714 ἡ
860 1645 1149 1715 ἄμπελος·
1177 1649 1363 1717 ἡγουν,
1395 1651 1428 1720 ἡ
1457 1649 1663 1702 τούτων
1720 1667 1844 1703 συν·

268 1738 486 1811 αγωγιήο
505 1737 738 1809 ήνθησεν
755 1741 782 1791 6
801 1741 1133 1809 κυπρισμὺς,
1157 1741 1221 1794 ὲκ
1249 1740 1595 1811 παραλλήλου
1611 1741 1672 1794 τὸ
1691 1725 1839 1795 αὐτό·

1941 575 2068 613 nera
2103 567 2212 612 tum
2236 573 2390 622 nova,
2427 566 2536 610 tum
2557 567 2755 622 uetera,
2786 569 2940 622 nepos
2965 553 3056 619 mi,
3086 549 3284 605 seruaui
3320 549 3435 605 tibi.

2561 736 2876 795 SCHOLIA.

2010 838 2291 906 Tanquam
2343 850 2405 889 ex
2471 831 2709 902 Virginis
2749 841 3006 899 persona,
3039 838 3230 880 rursus
3291 836 3510 892 quoque

1939 929 2154 984 orditur
2189 938 2434 987 cantum,
2469 933 2523 978 ct
2570 923 2701 977 dicit
2736 937 2749 974 :
2802 920 2945 982 Veni,
2985 933 3138 984 nepos
3198 916 3290 968 mi.
3326 913 3505 967 Tuum

1941 1021 2028 1075 fac
2047 1021 2391 1075 descensum.
2428 1016 2695 1070 Exeamus
2728 1015 2785 1066 in
2821 1027 3028 1080 agrum,
3064 1011 3117 1063 in
3146 1008 3410 1062 mundum
3432 1005 3512 1060 ri-

1940 1111 2156 1172 delicct,
2204 1109 2269 1163 ad
2309 1123 2467 1179 quem
2522 1091 2769 1159 Salvator
2830 1102 3094 1166 accessit,
3139 1111 3200 1155 ut
3251 1100 3511 1152 salvaret.

1943 1204 2340 1257 Commoremur
2374 1201 2426 1252 in
2458 1198 2598 1252 vitiis
2625 1215 2640 1262 ;
2683 1197 2733 1249 id
2764 1203 2869 1258 est,
2898 1195 2951 1246 in
3003 1193 3316 1247 civitatibus
3371 1206 3509 1259 prte-

1941 1293 2161 1348 conium
2221 1288 2667 1356 suscipientibus.
2710 1285 2868 1339 Mane
2891 1299 3167 1353 surgamus
3193 1282 3260 1335 ad
3289 1283 3468 1336 uineas
3492 1296 3513 1344 ,-

1942 1385 2009 1439 ad
2036 1382 2346 1438 Judzrmum
2384 1379 2631 1433 videlicet
2683 1391 3026 1447 synagogas;
3088 1375 3300 1428 vineam
3355 1387 3511 1426 nam-

1941 1490 2048 1546 que
2106 1473 2312 1529 Domini
2361 1471 2643 1532 Sabaoth,
2705 1469 2823 1538 ejus
2875 1469 3096 1521 domum
3153 1452 3317 1520 Israel
3388 1478 3512 1518 esse

1944 1567 2114 1623 Isaias
2183 1580 2399 1635 quoque
2471 1552 2759 1633 praedixit:
2826 1560 3109 1614 Videamus
3165 1559 3212 1612 si
3269 1556 3512 1617 ﬂoruerit

1943 1659 2092 1712 vinea
2127 1671 2394 1725 :gernteu
2454 1667 2713 1722 namque,
2773 1651 2988 1704 illorum
3046 1649 3312 1702 nimirum
3333 1646 3511 1716 Synav

1942 1763 2104 1818 goga,
2162 1745 2378 1810 ﬂoruit;
2423 1745 2562 1799 idem
2619 1743 2764 1798 enim
2827 1740 3162 1811 signiﬁcant.
3201 1736 3338 1792 Nam
3396 1751 3511 1790 ma—

270 1829 587 1896 κυπρισμὸς
631 1829 738 1897 γὰρ
786 1832 814 1883 6
863 1831 1161 1893 πεπανθεὶς
1194 1833 1294 1902 τῆς
1345 1833 1592 1902 ἀμπέλου
1643 1815 1833 1903 βότρυς

1945 1849 2098 1895 turus
2153 1839 2413 1909 germinis
2487 1838 2585 1892 ﬂos
2627 1837 2836 1900 viuere,
2913 1837 3102 1888 botrus
3155 1840 3260 1886 est.
3339 1829 3512 1883 Aliter

269 1919 442 1970 ἐστίν·
506 1919 598 1970 ἐπὶ
653 1921 751 1987 μὲν
800 1921 898 1987 τῆς
948 1925 1273 1991 συναγωγῆς
1301 1925 1409 1976 τῶν
1456 1925 1725 1977 Ἰουδαίων
1759 1925 1840 1978 δι-

269 2008 600 2069 στακτικῶς,
625 2011 691 2062 Et
732 2010 988 2078 ἤνθησε,
1037 2013 1234 2080 φησίν⁶
1269 2013 1326 2066 ὲν
1369 2014 1580 2076 τούτοις
1613 2015 1669 2067 δὲ
1702 2016 1841 2068 ἀπο·

268 2100 571 2165 φαντικῶς,
592 2100 863 2166 ἤνθησεν
884 2105 917 2154 ὁ
940 2103 1298 2172 κυπρισμὸς,
1327 2107 1382 2157 at
1406 2105 1464 2170 ἐξ
1486 2107 1656 2160 ἐθνῶν
1687 2107 1841 2176 δηλο-

268 2191 384 2242 νότι
419 2192 1072 2284 ΕκκλησίαιζἽΙνθησαν
1093 2197 1152 2248 αι
1169 2196 1329 2264 ῥοαί.
1346 2198 1409 2249 Οἱ
1431 2196 1518 2250 διὰ
1537 2199 1837 2267 μαρτυρίου

266 2284 673 2349 τελειωθέντες,
706 2286 801 2338 καὶ
845 2286 922 2354 τῷ
954 2286 1166 2339 ἑαυτῶν
1200 2288 1566 2357 φοινιχθέντες
1615 2290 1833 2357 αἵματι.

279 2374 442 2430 Ἔκεῖ
484 2375 654 2426 δώσω
699 2374 842 2440 τοὺς
865 2379 1137 2444 μαστούς
1169 2380 1286 2444 μού
1333 2394 1434 2432 σοι
1468 2394 1483 2411 ·
1520 2380 1796 2433 τουτέστιν
1820 2418 1836 2445 ,

280 2468 373 2519 Ἐν
404 2464 574 2537 ταύτῃ
617 2471 684 2539 τῇ
733 2469 1027 2540 Ἐκκλησία
1058 2471 1090 2539 ή
1125 2470 1244 2522 θεία
1297 2487 1389 2524 σου
1426 2471 1836 2541 ἐνανθρώπησις

267 2561 666 2630 ὑμνηθήσεται,
698 2563 792 2614 καὶ
826 2563 1347 2633 ὲπαναπαυθήσεται
1393 2565 1453 2619 τὸ
1485 2565 1576 2619 σὸν
1614 2568 1672 2620 ὲν
1709 2569 1835 2636 ἐμοὶ

265 2652 463 2720 ὄνομα.
509 2653 574 2704 Oi
611 2652 1018 2721 μανδραγόραι
1068 2653 1301 2708 ἔδωκαν
1340 2655 1572 2724 ὀσμήν·
1605 2657 1701 2708 καὶ
1729 2657 1838 2710 τῶν

264 2744 327 2794 ὲν
372 2741 473 2811 ᾅδῃ
512 2746 744 2795 ποιεῖται
797 2746 1020 2814 μνήμην
1066 2743 1153 2797 διὰ
1190 2746 1393 2815 ταύτης
1443 2747 1545 2816 τῆς
1581 2747 1832 2816 βοτάνης,

264 2832 640 2902 ἀνθρωποειδῆ
676 2836 776 2904 τὴν
810 2834 964 2903 ῥίζαν
989 2835 1241 2905 ἐχούσης,
1271 2839 1366 2890 καὶ
1401 2840 1466 2908 τῇ
1504 2840 1570 2909 γῇ
1601 2857 1836 2892 κατακε-

263 2923 577 2993 χωσμένην.
615 2925 847 2991 Ἥγουν,
887 2926 1092 2994 Καιρὺς
1118 2928 1241 2997 ἥκει
1271 2929 1397 2993 τοὺς
1427 2932 1833 3002 κατεχομένους

263 3011 346 3082 τῷ
376 3012 477 3083 ᾄδῃ
511 3012 919 3083 ἠλευθερῶσθαι
964 3017 1057 3070 τοῦ
1090 3017 1346 3091 Σωτῆρος
1391 3021 1482 3074 καὶ
1521 3023 1680 3094 μέχρι
1712 3025 1834 3077 τού-

1942 1945 2161 1998 quoque
2223 1929 2290 1982 de
2321 1927 2607 1998 Synagoga
2665 1926 2882 1996 quidem
2919 1922 3294 1978 hmsitabunde
3328 1918 3462 1973 dicit
3494 1934 3508 1972 :

1942 2019 2002 2075 Si
2025 2021 2290 2088 ﬂoruerit.
2354 2020 2430 2073 De
2453 2017 2664 2072 caeteris
2721 2032 2850 2072 vero
2878 2023 3256 2070 asseveranter
3284 2010 3506 2080 profert.

1942 2112 2427 2181 Floruitgermeu;
2485 2109 2750 2173 Ecclesia,
2819 2106 3090 2169 videlicet,
3125 2119 3189 2159 ex
3231 2103 3507 2172 gentibus.

1942 2203 2262 2257 Floruerunt
2304 2204 2448 2254 mala
2479 2203 2692 2268 punica.
2743 2197 2844 2264 Qui
2876 2213 2971 2267 per
3022 2196 3350 2266 martyrium
3384 2206 3512 2260 per-

1941 2293 2064 2350 fecti
2098 2294 2293 2348 redditi
2323 2303 2468 2354 sunt,
2517 2290 2849 2362 proprioque
2908 2286 3194 2359 purpurati
3225 2283 3506 2354 sanguine.

1939 2386 2090 2440 Dabo
2117 2385 2208 2438 tibi
2255 2385 2366 2438 illic
2417 2385 2580 2436 ubera
2621 2397 2771 2443 mea;
2821 2380 2872 2434 id
2904 2390 3008 2445 est,
3047 2379 3098 2431 in
3122 2378 3234 2445 ipsa
3265 2372 3509 2428 Ecclesia

1937 2479 2197 2533 divinitas
2226 2486 2314 2532 tua
2342 2476 2719 2538 inhumanata,
2744 2468 3384 2532 Iaudibnscelebrabitur,
3413 2481 3512 2518 no-
3562 2487 3568 2492 ·

1939 2584 2170 2638 menque
2196 2567 2689 2636 tuum'acquiescet
2715 2565 2769 2620 iu
2800 2579 2909 2618 me.
2933 2562 3308 2630 Mandragora:
3351 2558 3510 2611 dede-

1938 2673 2057 2714 runt
2089 2662 2327 2726 adorent;
2355 2659 2568 2712 illorqu
2602 2657 2785 2720 etiam,
2809 2655 2901 2725 qui
2939 2653 3006 2709 ad
3037 2653 3244 2707 inferos
3275 2652 3506 2706 descen-

1938 2753 2151 2814 derant,
2187 2750 2316 2805 iacit
2366 2750 2452 2803 hic
2500 2749 2851 2802 mentionem.
2899 2746 3002 2801 Per
3055 2745 3196 2798 hanc
3254 2742 3505 2804 herbam,
3568 2793 3586 2811 ,

1935 2857 2056 2912 qua:
2093 2843 2145 2896 iu
2205 2835 2398 2896 'radice
2452 2842 2746 2893 humanam
2802 2837 2972 2892 refert
3031 2835 3285 2896 formam,
3311 2847 3503 2902 quaave

1937 2935 2143 2990 radices
2177 2934 2226 2988 in
2261 2942 2403 2987 terra
2435 2931 2680 2986 defossas
2715 2930 2898 2995 habet,
2942 2936 3155 2996 tempus
3194 2925 3385 2978 adesse
3417 2922 3499 2976 εἰς

1936 3028 2178 3098 gniﬁcat,
2216 3027 2270 3078 in
2335 3024 2538 3078 inferos
2575 3022 2848 3087 defossos,
2907 3018 3196 3081 liberandi,
3223 3015 3506 3071 Salvatore

262 3121 376 3156 των
407 3104 759 3210 διὰ-θανάτου
810 3110 1273 3177 συγκαταὸἀντος.
1314 3113 1427 3168 Καὶ
1481 3116 1579 3170 ἐπί
1625 3118 1832 3185 θύραις

1935 3135 2000 3173 eo
2032 3134 2204 3188 usque
2252 3116 2414 3171 etiam
2478 3130 2574 3184 per
2629 3122 2857 3169 mortem
2915 3111 3304 3166 descendente.
3346 3106 3414 3161 Et
3447 3107 3502 3159 in

263 3197 438 3264 ἡμῶν
468 3194 663 3253 τῶντα
692 3200 763 3252 τὰ
802 3200 1360 3273 ἀκρόδρυα.οἘγγύς
1383 3211 1499 3261 ἐστι
1531 3209 1772 3278 δηλονότι
1806 3214 1833 3265 6

1935 3210 2101 3279 partis
2126 3209 2322 3262 nostris
2358 3208 2538 3260 omnia
2571 3205 2838 3274 fructuum
2875 3219 3093 3273 genera,
3119 3214 3288 3270 prope
3314 3198 3506 3252 videli-

261 3288 458 3356 καιρὸς
503 3291 599 3358 τῆς
647 3291 923 3361 σωτηρίας
947 3308 960 3323 ·
997 3294 1073 3357 ὡς
1101 3295 1196 3348 καὶ
1238 3297 1400 3360 αὐτὸς
1429 3300 1458 3352 6
1497 3301 1690 3371 Σωτὴρ
1723 3305 1836 3367 τοῖς

260 3379 542 3446 μαθηταῖς
573 3379 890 3446 ἐνετείλατο,
937 3382 1132 3453 λέγων·
1167 3387 1356 3442 Ὅταν
1389 3390 1556 3458 write
1582 3391 1696 3460 τὴν
1725 3410 1837 3450 συ-

257 3465 405 3533 κῆν,
431 3467 526 3520 καί
557 3467 752 3522 πάντα
782 3471 1122 3540 τὰ’δένδρα,
1158 3475 1248 3531 ὅτι
1290 3481 1346 3532 oi
1383 3480 1598 3535 κλάδοι
1637 3484 1837 3538 αὐτῶν

256 3557 550 3626 γένωνται
586 3561 828 3625 ἁπαλοί,
869 3561 967 3626 καὶ
1000 3563 1070 3617 τὰ
1114 3567 1321 3632 φύλλα
1365 3568 1563 3624 αὐτῶν
1607 3572 1828 3640 ἐκφύῃ.

255 3648 442 3716 ἐγγύς
477 3649 646 3704 ἐστίν
677 3650 774 3703 ἐπὶ
806 3652 1030 3720 θύραις.
1057 3654 1176 3710 Νέα
1209 3657 1357 3723 πρὸς
1381 3658 1631 3723 παλαιὰ,
1655 3661 1830 3715 ἁδελ-

255 3741 396 3807 φιὸἐ
423 3758 560 3803 μου,
593 3741 860 3819 ἐτήρησα
890 3762 1010 3798 σοι·
1037 3747 1156 3799 ἀντὶ
1184 3749 1302 3813 τοῦ,
1326 3750 1432 3803 Kal.
1464 3752 1572 3804 ἀπὸ
1601 3753 1695 3822 τῆς
1723 3773 1828 3807 πα-

255 3831 419 3893 λαιᾶς
469 3832 744 3904 Διαθήκης
801 3836 1028 3899 πολλοὺς
1077 3840 1160 3890 σοι¹
1207 3841 1490 3909 προσῆξα,
1541 3847 1828 3914 τηρήσασα

183 3995 186 3998 .
253 3925 383 3985 τοὺς
419 3926 541 3994 περὶ
570 3927 702 3994 ἐμοῦ
733 3931 1307 4000 προφητευσαμένους,
1350 3935 1442 3986 καὶ
1476 3936 1600 3999 τοὺς
1624 3936 1689 3990 ὲκ
1725 3938 1826 4008 τῆς

252 4009 635 4080 Νέαςοταύτης
669 4015 1133 4086 ἀπειροπλασίους
1167 4022 1270 4088 σοὶ,
1300 4021 1369 4075 δι’
1393 4023 1494 4094 ἐμὲ
1531 4041 1824 4080 πεπιστευ-

253 4105 441 4168 κότας,
480 4103 724 4173 ἀδελφιδέ
755 4125 878 4177 μου.

1927 3306 2043 3364 'cet,
2092 3308 2173 3354 est
2215 3307 2428 3368 tempus
2493 3297 2706 3352 salutis.
2767 3293 3237 3361 Quemadmodum
3287 3299 3341 3344 et
3388 3289 3509 3358 ipse

1937 3392 2183 3447 Salvator
2228 3389 2518 3462 discipulis
2568 3389 2619 3442 in
2675 3388 2817 3457 lege,
2861 3385 3038 3442 dixit.:
3078 3383 3214 3439 Cum
3259 3382 3501 3437 uideritis

1933 3490 2115 3560 ﬁcum,
2149 3496 2197 3542 et
2224 3501 2402 3539 omnes
2430 3483 2645 3535 arbores
2679 3497 2805 3534 suos
2853 3477 2985 3544 prod
2997 3485 3205 3530 urentes
3229 3489 3406 3528 ramos
3431 3485 3508 3526 te-

1935 3595 2108 3642 neras,
2135 3594 2228 3631 nec
2274 3592 2375 3630 non
2411 3582 2460 3626 et
2501 3575 2737 3642 ipsorum
2795 3571 2929 3638 [alia
2970 3579 3120 3630 nata,
3151 3583 3314 3634 prope
3346 3568 3506 3620 estin

1926 3669 2106 3738 jauuis
2127 3668 2189 3720 ιδ.
2212 3695 2279 3704 —-
2306 3664 2454 3718 Nova
2478 3676 2522 3718 et
2555 3673 2752 3727 uetera,
2787 3677 2943 3729 nepos
2965 3663 3054 3726 mi,
3074 3659 3277 3713 seruaui
3295 3657 3408 3712 tibi.
3429 3657 3506 3709 Ar.

1937 3757 2158 3828 perinde
2180 3755 2386 3810 diceret
2409 3765 2518 3808 tum
2539 3754 2704 3808 veteri
2733 3769 2796 3807 ex
2823 3753 3190 3810 Testamento,
3215 3748 3411 3802 multos
3441 3747 3506 3800 ti-

1935 3854 1988 3910 bi
2019 3852 2238 3909 adduxi.
2276 3865 2369 3904 eos
2395 3864 2640 3910 servans,
2702 3847 2794 3912 qui
2824 3845 2889 3901 de
2916 3859 3000 3898 me
3026 3841 3304 3897 vaticinati
3339 3847 3502 3900 sunt;

1933 3956 2042 3998 tum
2078 3957 2143 3994 ex
2179 3953 2318 3992 novo
2340 3954 2554 4008 quoque
2590 3937 2692 3990 hoc
2722 3941 3161 4001 testamentopcr
3190 3943 3278 3984 me
3308 3941 3504 3998 quam-

1931 4033 2195 4104 plurimos
2220 4031 2272 4083 in
2313 4041 2361 4084 te
2401 4029 2707 4094 credentes,
2744 4040 2910 4096 nepos
2945 4025 3041 4078 mi.

1647 4187 1876 4270 CAPUT
1906 4211 2045 4270 VIII.

903 4294 1140 4371 ᾊΣΜΑ.

327 4388 423 4452 Τίς
450 4387 568 4456 δῴη
607 4404 702 4454 σε,
729 4389 1016 4460 ἁδελφιδέ
1024 4411 1164 4462 μου,
1192 4396 1522 4464 θηλάζοντα
1551 4402 1822 4470 μαστοὺς

239 4481 472 4550 μητρός
510 4497 662 4546 σου;
692 4485 973 4550 Εὑροῦσά
1002 4502 1076 4540 σε
1133 4487 1270 4556 ἔξω,
1297 4493 1538 4560 φιλήσω
1587 4511 1684 4558 σε,
1727 4496 1828 4554 καί

243 4591 314 4642 τε
338 4575 452 4628 οὐκ
491 4574 976 4638 ἐξουδενώσουσί
997 4596 1092 4646 με.
1126 4583 1570 4654 Παραλήψομαι
1597 4605 1693 4654 σε,
1725 4589 1822 4643 καὶ

243 4665 468 4728 εἰσάξω
492 4682 564 4720 σε
587 4669 673 4732 είς
693 4664 861 4721 οἷκον
889 4671 1118 4737 μητρός
1143 4690 1282 4739 μου,
1320 4675 1418 4728 καὶ
1449 4679 1538 4743 είς
1581 4679 1824 4747 ταμεῖον

242 4757 356 4825 τῆς
379 4759 821 4825 συλλαϐούσης
845 4762 1156 4828 uenam?)
1211 4782 1285 4818 σε
1330 4769 1449 4822 ἀπὸ
1495 4770 1667 4824 οἴνου
1715 4770 1822 4826 τοῦ
1862 4789 1870 4801 ’

233 4851 600 4920 pupa-mum},
631 4852 750 4906 ἀπὸ
780 4851 1042 4921 νάματος
1069 4857 1232 4922 ῥοῶν
1255 4877 1396 4926 μου.

895 4947 1166 5001 ΣΧΟΛΙΑ.

310 5039 424 5104 Τὴν
450 5035 544 5088 τοῦ
579 5038 830 5108 Σωτῆρος
882 5039 1294 5112 ὲνανθρώπησιν
1333 5029 1589 5114 διάφορον
1622 5047 1821 5114 Nega).-

199 5199 212 5206 λ
241 5127 348 5179 θὼν
380 5130 408 5180 6
434 5131 740 5198 προφήτης,
784 5129 876 5182 καὶ
903 5130 1127 5198 ταύτην,
1159 5131 1232 5194 ὡς
1256 5134 1423 5198 εἰκὸς,
1469 5138 1814 5206 ἁνυμνήσας,

236 5221 335 5289 οὐχ
358 5215 523 5291 ἦττον
553 5223 645 5275 καὶ
677 5219 770 5272 νῦν
798 5221 864 5274 τὰ
894 5223 1030 5276 αὑτά
1089 5225 1250 5277 πάλιν
1292 5224 1531 5291 διέξεισι,
1584 5229 1692 5282 Kal
1728 5229 1818 5295 τίς

238 5310 358 5376 δῴη
395 5323 491 5375 σε,
521 5309 809 5378 ἀδελφιὸέ
848 5329 992 5378 μου,
1025 5311 1356 5378 θηλάζοντα
1387 5317 1662 5384 μαστοὺς
1705 5336 1822 5386 μη·
1859 5335 1862 5337 λ

239 5398 379 5464 τρός
403 5413 559 5463 σου;
592 5401 775 5468 φησιν,
809 5400 930 5452 ἀντὶ
952 5399 1067 5466 τοῦ,
1097 5403 1190 5465 Τίς
1216 5396 1367 5466 οὗτος
1397 5406 1585 5468 σκαιὸς
1635 5409 1725 5460 καὶ
1756 5410 1819 5461 ὰ-

242 5492 554 5556 παίὸευτος,
582 5492 639 5554 ὃς
673 5495 752 5554 εὶς
784 5492 1010 5562 τὴνισὴν
1060 5494 1494 5565 ἐνανορώπησιν,
1531 5499 1670 5569 ὑπὲρ
1722 5501 1817 5567 τῆς

235 5585 332 5636 τοῦ
363 5585 570 5652 κόσμου
613 5586 885 5665 σωτηρίας
925 5589 1318 5659 γεγενημένην,
1366 5574 1717 5661 βλασφήμους
1749 5593 1816 5646 ἂν

235 5673 465 5742 ἀποδοίη
509 5674 742 5742 λόγους;
801 5677 1083 5743 Εὐροῦσά
1131 5696 1204 5733 σε
1226 5679 1360 5746 ἕξω,
1428 5681 1670 5752 φιλήσω
1720 5699 1813 5738 σε’

311 5795 354 5827 ⁸⁵
386 5793 578 5849 Matth.
611 5808 757 5860 xxw,
793 5792 878 5863 52,
911 5793 998 5849 53.

2610 4305 2814 4371 ΟΑΝἚ.

1965 4477 1967 4480 ι
2013 4405 2063 4468 Ι,
2095 4403 2150 4458 2.
2188 4403 2315 4468 Quis
2347 4405 2430 4456 det
2465 4411 2534 4464 te,
2579 4415 2738 4463 nepos
2773 4415 2867 4462 mt,
2905 4406 3010 4452 tua:
3034 4404 3302 4467 sugentem
3338 4395 3498 4449 ubera

1933 4497 2121 4552 matris
2145 4498 2172 4551 ?
2206 4495 2480 4548 inveniens
2517 4503 2564 4544 te
2596 4492 2731 4560 foris
2760 4488 3038 4543 osculabar
3067 4500 3134 4553 te,
3164 4498 3211 4542 et
3241 4505 3369 4542 sane
3398 4505 3504 4542 non

1932 4587 2285 4656 ﬂoccifacient
2343 4602 2439 4638 me.
2483 4583 2880 4652 Appi-clientium
2912 4589 2981 4644 te,
3013 4595 3060 4634 et
3085 4581 3421 4634 introducam
3455 4592 3502 4633 te

1924 4678 1978 4730 in
2010 4677 2221 4729 domum
2247 4675 2432 4728 matris
2459 4689 2604 4736 mete,
2634 4683 2682 4725 et
2711 4674 2763 4724 in
2807 4671 2994 4724 cellam
3019 4671 3156 4736 ejus,
3181 4687 3296 4739 qua:
3319 4688 3500 4724 concc-

1923 4771 1998 4838 pit
2018 4785 2114 4822 me.
2146 4768 2350 4820 Potabo
2409 4778 2457 4819 te
2486 4766 2604 4820 uino
2657 4765 2893 4830 condito,
2928 4764 2992 4817 de
3039 4763 3200 4816 latice
3230 4763 3496 4816 maiorum

1920 4861 2228 4929 punicorum
2257 4874 2510 4912 meorum.

2549 4943 2860 5000 SCHOLIA.

1992 5040 2290 5096 Salvatoris
2313 5037 2622 5108 praestantia
2667 5036 2718 5090 in
2749 5037 2998 5092 humanis
3027 5049 3278 5092 enarrata
3308 5053 3338 5093 a
3371 5052 3494 5107 pre-

1923 5133 2104 5203 pbeta,
2137 5132 2365 5201 ipsaque
2412 5129 2806 5194 incarnatione,
2867 5137 2927 5182 ut
2963 5145 3057 5198 par
3084 5138 3190 5196 est,
3229 5130 3483 5184 laudibus

1925 5225 2219 5286 celebrata,
2251 5239 2358 5276 non
2394 5222 2575 5275 minus
2610 5221 2698 5273 hic
2731 5236 2949 5290 quoque
2972 5221 3159 5276 eadem
3189 5238 3377 5278 rursus
3407 5237 3491 5276 rc-

1925 5321 2132 5375 censet,
2164 5325 2227 5365 ac
2257 5311 2388 5364 dicit
2425 5329 2437 5363 :
2471 5309 2601 5375 Quis
2635 5309 2720 5362 det
2754 5319 3001 5375 te,nepos
3038 5310 3129 5368 mi,
3157 5321 3258 5361 tua:
3299 5324 3491 5377 sugen-

1927 5416 2028 5459 tem
2059 5402 2482 5475 uberamtatris?
2511 5403 2585 5454 Ac
2613 5402 2657 5455 si
2694 5400 3050 5468 expostulans
3074 5400 3322 5453 diceret:
3357 5399 3490 5464 Quis

1926 5498 2060 5548 adeo
2097 5493 2290 5549 nebulo
2353 5502 2458 5556 est,
2492 5501 2545 5546 et
2581 5493 2891 5562 imperitus,
2926 5492 3015 5560 qui
3053 5503 3195 5542 tuam
3231 5490 3488 5543 incarna-

1926 5592 2149 5652 tionem,
2205 5602 2302 5656 pro
2328 5585 2510 5639 mundi
2545 5586 2720 5640 salute
2758 5584 2979 5644 factum,
3039 5581 3373 5650 blasphemis
3403 5583 3486 5634 iu-

1927 5682 2120 5739 sectari
2161 5681 2355 5752 poterit
2410 5677 2620 5734 verbis?
2653 5675 2924 5731 Invenietis
2962 5684 3006 5727 te
3034 5672 3161 5741 foris
3209 5671 3486 5726 osculabar
