4064 6266
244 349 247 351 -
269 299 407 369 1077

1293 304 1690 368 COMMENT.
1733 307 1815 366 IN
1857 305 2185 368 CANTICA
2230 306 2526 367 CANTIC.

3373 307 3515 375 1078

268 416 762 490 ἐπιστηριζομένην
791 435 850 472 τε
877 420 963 472 ἐπ’
1004 420 1182 474 αὐτόν.
1241 419 1384 474 Ὑπό
1433 422 1640 491 μῆλον
1681 421 1865 490 ἐξῆ-ι

1968 422 2119 476 rbore
2144 422 2370 476 excitavi
2405 429 2494 487 te;
2523 434 2620 490 pro
2647 435 2714 477 eo
2747 421 2892 491 quod
2926 429 3029 488 est,
3060 413 3266 478 Idcirco
3291 439 3358 479 ex
3379 425 3529 480 lum"
3577 471 3580 476 .

268 510 434 580 τειρὰ
471 526 544 564 σε
572 526 586 542 ⁸
619 510 741 564 ἀντὶ
769 511 885 574 τοῦ,
948 510 1028 563 Δι’
1078 511 1211 564 αὐτὸ
1255 513 1413 565 τοῦτο
1460 515 1524 564 ἐκ
1561 513 1660 581 τῆς
1711 513 1852 582 ἐμῆς

268 602 468 671 ὀσφύος
497 602 800 671 γεγέννηκά
827 619 908 665 σε,
946 603 1030 656 ἵνα
1051 603 1110 655 τὺ
1137 605 1234 672 τῆς
1267 602 1410 672 ζωῆς
1461 603 1704 674 ἀνθήσῃς
1744 603 1849 672 μῆ-

269 696 383 750 λον.
424 693 590 748 Ἐκεῖ
622 693 887 761 ὠδίνησέ
931 711 1005 747 σε
1039 695 1076 762 ἡ
1117 695 1378 749 τεκοῦσά
1419 711 1528 749 σε·
1569 697 1725 766 ﬁrm...
1765 696 1852 768 διὰ

270 787 372 857 τὴν
393 786 563 851 αὐτὴν
596 784 799 837 ebriam.~
834 786 943 852 Θές
962 803 1040 854 με
1095 787 1174 852 ὡς
1223 786 1524 855 σφραγῖδα
1584 786 1682 839 ἐπὶ
1740 785 1853 854 τὴν

273 875 528 944 καρδίαν
574 889 714 930 σου.
741 875 1050 942 Τουτέετιν,
1082 878 1206 930 Εἴθε
1233 878 1621 944 ἀνεξάλειπτον
1673 878 1850 941 άγοις,

273 970 376 1030 ἐμὲ
393 969 710 1038 ’κατέχουσα
744 971 800 1022 ἐν
828 972 893 1039 τῇ
960 963 1180 1042 καρδῐιίι¹
1217 988 1332 1024 σου.
1401 971 1498 1034 Ὠς
1553 968 1855 1039 σφραγῖδα

271 1059 375 1113 ἐπὶ
409 1060 516 1114 τὸν·
549 1059 854 1127 ,βραχίονα
892 1077 1009 1114 σου
1035 1077 1048 1091 ·
1095 1065 1151 1114 ἐν
1181 1063 1248 1132 τῇ
1279 1062 1505 1131 δῦνάμει
1556 1078 1668 1124 σου,
1701 1059 1856 1128 δηλο-

279 1153 416 1215 νότι,
451 1151 554 1222 ἐμὲ
600 1141 921 1221 συνέχουσα,
976 1155 1138 1206 οἱονεί
1175 1171 1228 1207 τι
1270 1155 1360 1208 σὺν
1417 1151 1856 1223 ἐσφραγισμέιον

281 1243 577 1312 πρόϐατον.
650 1244 778 1296 Ὀτι
836 1245 1084 1311 reparata
1140 1247 1218 1311 ὡς
1301 1245 1554 1310 θάνατος
1609 1241 1865 1310 ἀγάπην

279 1334 470 1404 ἤγουν,
505 1333 570 1384 Ἥ
613 1331 678 1403 σὴ
708 1333 840 1403 πρὸς
901 1334 1003 1403 ἐμὲ
1069 1335 1259 1405 ἀγάπη
1328 1333 1694 1402 κραταιοτέρα
1741 1329 1857 1382 ἐστὶ

278 1428 375 1480 καὶ
396 1427 647 1479 Θανάτου.
692 1426 901 1495 Ὠσπερ
939 1426 1044 1497 γὰρ
1097 1428 1146 1479 οἱ
1176 1429 1256 1488 εὶς
1317 1426 1449 1496 ᾅδην
1514 1423 1859 1492 πεμφθέντες

280 1519 342 1570 οὐ
371 1518 570 1587 ῥᾳδίως
594 1515 1026 1580 παλινοστοῦσιν,
1058 1517 1192 1571 ἀλλὰ
1251 1516 1523 1588 κραταιῶς
1559 1515 1688 1584 παρ’
1717 1513 1859 1565 ἐκει-

281 1626 375 1661 νου
405 1600 722 1678 κατέχονται
748 1624 763 1640 ο
796 1609 941 1661 οὕτω
975 1609 1220 1678 δηλονότι
1253 1613 1348 1661 καὶ
1384 1608 1416 1678 ἡ
1469 1605 1536 1677 σὴ
1574 1605 1712 1675 πρὸς
1760 1605 1860 1674 ἐμὲ

277 1697 467 1767 ἀγάπη
500 1698 779 1768 κραταιῶς
813 1699 1030 1767 συνέχει
1090 1697 1280 1768 ὥσπερ
1341 1697 1589 1758 θάνατος.
1621 1697 1691 1748 Ἢ
1735 1696 1850 1758 καὶ,

279 1788 389 1842 Τοῦ
419 1789 650 1843 θανάτου
695 1807 762 1859 με
790 1789 1091 1858 ἐξαρπάζει
1117 1790 1253 1859 πρὸς
1283 1789 1478 1860 ἀγήρω
1520 1784 1664 1855 ζωὴν
1720 1787 1858 1837 ἐπα--

277 1883 541 1952 νάγουσα.
573 1883 844 1950 Σκληρὸς
882 1883 963 1947 ὠς
1020 1883 1168 1950 ᾅδης
1230 1879 1444 1950 ζῆλος·
1486 1883 1513 1933 ὁ
1559 1879 1617 1931 δὲ
1671 1876 1852 1948 ζῆλος.

280 1978 403 2031 ἀντὶ
432 1975 546 2040 τοῦ,
585 1977 618 2045 ἡ
647 1977 964 2046 ἀποστροφή
999 1993 1094 2028 σου
1129 1975 1223 2028 καὶ
1266 1975 1327 2027 τὸ
1386 1972 1686 2046 νεμεσῆσαι
1742 1971 1853 2033 τοῖς

279 2071 459 2137 ἐμοῖς,
490 2068 720 2138 σκληρδν
745 2045 999 2140 ύπάριχει.
1047 2069 1144 2133 Ὠς
1193 2068 1364 2136 ᾅδης,
1401 2067 1541 2138 ἦτοι,
1597 2045 1858 2136 τθχείρι-

281 2177 408 2214 στον
433 2161 528 2213 καὶ
556 2160 960 2215 ἐπωδυνότατον
987 2161 1223 2230 ὑπάρχει
1259 2177 1385 2229 μου.

953 2247 1195 2322 τᾼΣΜΑ.

357 2344 684 2412 Περίπτερα
722 2345 1254 2413 αὑτῆς-περίπτερα
1280 2345 1471 2412 πυρὸς
1499 2344 1725 2413 φλόγες
1754 2344 1859 2396 αὐ-

284 2433 416 2503 τῆς.
449 2434 643 2500 Ὓδωρ
673 2434 832 2488 πολὺ
869 2437 940 2488 οὐ
976 2433 1304 2504 δυνήσεται
1338 2436 1553 2489 σϐέσαι
1579 2434 1694 2501 τὴν
1718 2432 1860 2501 ἀγά-

193 2541 196 2545 '
286 2540 412 2592 πην
437 2540 450 2555 ·
482 2525 579 2577 καὶ
602 2525 848 2592 ποταμοὶ
871 2524 940 2577 οὐ
963 2527 1446 2592 συγκλείσουσιν
1465 2524 1680 2592 αὑτήν.
1727 2521 1862 2575 Ἐὰν

286 2615 373 2680 δῷ
412 2617 564 2683 ἀνὴρ
589 2618 697 2668 τὸν
733 2614 930 2670 πάντα
961 2616 1107 2679 ,ϐίον
1139 2617 1326 2670 αὐτοῦ
1387 2617 1458 2670 ἐν
1512 2616 1586 2685 τῇ
1637 2616 1858 2686 ἀγάπῃ.

287 2703 680 2770 ἐξουδενώσει
716 2703 1242 2770 ἐξουδενώσουσιν
1263 2704 1469 2757 αὐτόν.

940 2796 1210 2849 ΣΧΟΛΙΑ.
1417 2863 1424 2868 κ

360 2889 472 2943 Καὶ
499 2891 556 2942 ἐν
589 2891 798 2951 τούτοις
825 2889 885 2942 τὸ
906 2887 1108 2958 ὑψηλὸν
1133 2888 1226 2940 καὶ
1261 2888 1535 2958 μετέωρον
1603 2889 1700 2959 τῆς
1761 2905 1864 2941 πα-

291 2979 559 3050 ναμὼμου
592 2981 869 3049 Παρθένου
903 2979 1175 3033 δείκνυσιν
1204 2981 1231 3032 ὁ
1267 2980 1558 3050 Προφήτης
1583 2995 1597 3013 θ
1629 2980 1725 3032 καὶ
1762 2981 1859 3048 οὐχ

1953 513 2036 568 bis
2085 514 2220 567 meis
2256 522 2302 566 te
2329 514 2514 583 genui,
2547 522 2607 568 ut
2636 515 2759 568 vita:
2788 529 3008 584 pomum
3044 517 3401 586 produceres.
3431 519 3520 573 Ibi

1952 603 2147 673 peperit
2189 616 2239 658 te
2291 612 2454 658 mater
2520 615 2647 670 tua;
2713 614 2932 675 propter
2961 607 3210 660 eamdem
3260 606 3520 660 nimirum

1955 710 2197 748 causam.
2243 693 2384 747 Pone
2419 711 2499 748 me
2548 679 2623 748 uti
2653 697 3009 764 signaculum,
3050 713 3206 766 super
3239 706 3524 760 cortuum,

1955 786 2006 838 id
2033 793 2156 841 est:
2189 782 2406 838 Utinam
2459 785 2533 838 ita
2571 801 2720 853 agas,
2757 797 2813 840 ut
2844 786 3125 840 indelebili
3165 785 3328 839 modo
3359 800 3442 838 me
3469 786 3521 838 in

1957 883 2050 927 tuo
2125 872 2367 928 detineas
2417 873 2601 928 corde.
2651 873 2800 927 Sicut
2849 876 3187 945 signaculum
3221 891 3376 942 super
3408 873 3532 926 bra-

1955 965 2131 1018 chium
2159 978 2331 1032 tuum,
2365 967 2417 1020 in
2455 977 2542 1021 tua
2568 968 3082 1036 videlicetpotentia
3111 981 3195 1021 me
3221 965 3526 1032 contineas,

1956 1072 2066 1110 non
2100 1072 2260 1111 secus
2297 1057 2370 1111 ac
2394 1075 2564 1113 unum
2607 1059 2824 1129 aliquod
2863 1075 2928 1113 ex
2957 1061 3186 1130 signatis.
3225 1060 3332 1113 tuis
3359 1074 3527 1128 pecu-

1956 1144 2140 1200 dibus.
2174 1147 2313 1214 Quia
2343 1156 2521 1216 potens
2548 1158 2622 1201 est
2658 1159 2715 1202 ut
2747 1166 2885 1202 mors
2934 1150 3146 1203 dilectio
3166 1167 3184 1204 :
3210 1148 3362 1204 Tuus
3381 1149 3530 1204 vide-
3558 1168 3559 1171 ‘

1959 1237 2087 1292 licet
2119 1241 2170 1291 in
2206 1254 2293 1292 me
2345 1254 2521 1303 amor,
2556 1248 2729 1294 morte
2753 1241 2916 1294 etiam
2955 1241 3068 1308 ipsa
3102 1241 3378 1310 potentior
3407 1251 3528 1305 est;

1957 1328 2421 1397 quemadmodum
2447 1329 2593 1382 enim
2637 1329 2728 1399 qui
2767 1331 2820 1384 in
2863 1329 3077 1384 inferna
3126 1339 3254 1385 sunt
3281 1330 3526 1395 demissi,

1958 1421 2102 1474 haud
2131 1419 2287 1474 facile
2310 1431 2678 1482 revertuntur,
2708 1423 2801 1475 sed
2835 1437 3028 1491 magna
3054 1422 3103 1474 vi
3134 1430 3288 1476 arcte
3309 1421 3528 1476 stricte-

1960 1529 2068 1584 que
2127 1519 2270 1584 apud
2305 1515 2543 1572 inferos
2579 1516 2929 1570 detinentur:
2972 1519 3052 1571 sic
3100 1515 3379 1578 nimirum,
3437 1524 3531 1570 tua

1961 1621 2177 1676 quoque
2201 1607 2254 1660 in
2295 1622 2383 1661 me
2415 1606 2653 1669 dilectio.
2699 1623 2806 1661 non
2860 1622 3021 1662 secus
3055 1622 3117 1661 ac
3149 1623 3296 1662 mors
3336 1623 3530 1676 magna

1961 1716 2049 1754 me
2075 1700 2123 1754 vi
2155 1711 2304 1753 arete
2330 1699 2596 1754 continet.
2626 1699 2718 1754 Vel
2747 1707 2948 1754 etiam:
2980 1700 3022 1753 Α
3057 1709 3232 1753 morte
3265 1714 3354 1756 me
3383 1700 3532 1765 abri-

1961 1793 2096 1862 pias,
2142 1792 2208 1846 ad
2244 1791 2408 1845 vitam
2436 1791 2714 1846 deducens
2759 1792 3157 1862 incorruptam.
3185 1792 3366 1845 Durus
3393 1793 3530 1845 sicut

1958 1883 2195 1952 infernus
2227 1883 2409 1948 zelus;
2443 1885 2596 1938 zelus
2626 1898 2776 1948 vero,
2810 1885 2864 1938 id
2899 1896 3006 1946 est,
3038 1893 3088 1938 te
3119 1899 3147 1936 a
3181 1899 3302 1937 meo
3333 1898 3526 1937 averso

1958 1966 2182 2044 populo,
2219 1974 2379 2041 eique
2405 1983 2762 2028 succensente
2789 1977 2926 2029 dura
2951 1991 3039 2029 res
3066 1984 3167 2028 est.
3202 1973 3534 2042 Sicutiufer-

1959 2081 2095 2128 nus;
2160 2064 2431 2129 videlicet,
2500 2067 2826 2135 gravissima
2890 2083 2978 2122 res
3015 2075 3120 2133 est,
3150 2077 3205 2120 et
3232 2079 3530 2131 summum,

1959 2155 2349 2227 ingentemque
2377 2157 2510 2210 mihi
2540 2157 2805 2223 dolorem,
2830 2143 3007 2212 alie-rt.

2258 2229 2270 2239 ”
2641 2245 2845 2301 CANT.

2030 2337 2083 2404 6,
2113 2338 2170 2391 7.
2205 2337 2391 2392 Pinna:
2419 2338 2581 2406 ipsius
2615 2354 2732 2420 qua:
2757 2339 2808 2390 in
2833 2341 3008 2392 orbem
3037 2349 3179 2402 sunt,
3210 2339 3537 2408 pinnwignis

1960 2429 2189 2496 flamma:
2210 2430 2346 2499 ejus.
2374 2432 2525 2499 Aqua
2544 2431 2712 2483 multa
2743 2447 2843 2485 nou
2871 2432 3060 2498 poterit
3091 2433 3422 2502 exstinguere
3449 2431 3538 2483 di-

1963 2522 2254 2587 lectionem,
2295 2531 2344 2576 et
2381 2521 2606 2589 ﬂumina
2644 2538 2744 2576 non
2770 2523 3082 2578 concludent
3119 2540 3232 2577 eam
3260 2541 3279 2589 ;
3312 2524 3358 2575 si
3382 2523 3539 2575 dede-

1964 2615 2032 2667 rit
2063 2615 2144 2666 vir
2172 2629 2377 2666 omnem
2409 2630 2557 2668 suam
2584 2614 2751 2668 vitam
2803 2631 2898 2684 pro
2931 2616 3230 2682 dilectione,
3277 2615 3429 2668 illum
3455 2616 3540 2669 ni-

1963 2704 2062 2758 hili
2087 2706 2336 2773 pendent.

2061 2845 2063 2848 .
2191 2817 2210 2835 κ
2311 2793 2322 2802 ”
2589 2795 2900 2851 SCliOLlA.

2036 2884 2092 2940 ln
2133 2887 2217 2943 his
2277 2903 2498 2956 quoque
2522 2889 2839 2952 sublimem,
2873 2888 3188 2958 celsamque
3238 2888 3535 2958 inculpatae

1966 2979 2204 3050 Virginis
2277 2981 2674 3048 prmstantiam,
2705 2981 2965 3051 prOpheta
3023 2982 3404 3047 demonstrat;
3439 2996 3541 3044 nec

290 3073 484 3135 ἁπλῶς
516 3075 677 3142 μέχρι
708 3073 853 3136 τινὸς
878 3072 1092 3125 ἵσταται
1119 3087 1133 3100 ·
1166 3071 1302 3125 ἀλλὰ
1332 3069 1436 3126 xui.
1453 3073 1560 3126 τῶν
1618 3072 1865 3142 Σεραφὶμ

1972 3069 2288 3138 simpliciter
2320 3069 2375 3140 in.
2425 3071 2610 3140 aliquo
2643 3071 2876 3140 quodam
2915 3070 3058 3138 loco,
3084 3086 3202 3125 eam
3231 3070 3541 3136 constituit,

291 3165 568 3218 δείκνυσιν
592 3164 761 3234 αὐτὴν
795 3163 1100 3232 ἁγιωτέραν
1133 3178 1147 3193 ο
1190 3164 1286 3215 καί
1321 3179 1460 3233 φησι
1494 3179 1510 3195 ο
1537 3165 1867 3230 Περιπτερα

292 3255 484 3323 αὐτῆς
535 3256 858 3323 περίπτερα
908 3252 1098 3320 πυρὸς
1149 3255 1372 3323 φλόγες
1400 3269 1415 3285 ·
1445 3254 1566 3307 ἀντὶ
1621 3253 1736 3316 τοῦ,
1805 3251 1870 3306 Ἠ

290 3346 498 3415 ταύτης
525 3345 852 3414 δωροφορία,
925 3344 1020 3398 καὶ
1059 3345 1434 3416 προσκύνησις
1463 3359 1479 3376 ·
1535 3344 1707 3396 ταῦτα
1761 3342 1870 3412 γὰρ

293 3437 469 3506 αὐτῆς
500 3437 570 3490 τὰ
593 3436 901 3512 περίπτερα
938 3436 1111 3506 πυρὸς
1167 3437 1366 3508 φλόγες
1419 3436 1557 3489 εἰσίν
1583 3451 1598 3465 ·
1647 3435 1869 3497 ὡσανεὶ,

208 3591 218 3595 ,
292 3531 344 3583 εἰ
390 3528 594 3596 ἔλεγεν,
661 3528 1021 3598 Ἐπικάθηται
1075 3530 1185 3582 τῶν
1232 3528 1500 3597 Σεραφὶμ,
1553 3528 1647 3580 καὶ
1692 3526 1871 3579 αὐτῶν

293 3619 406 3674 τῶν
440 3619 760 3688 ὑπερτάτων
793 3621 948 3687 νὸων,
1001 3620 1288 3691 ἐγκόλπιον
1336 3621 1576 3688 φέρουσα
1639 3618 1730 3691 rip
1769 3619 1873 3686 Δηο

300 3713 583 3782 μιουργδν,
615 3713 706 3764 καὶ
730 3711 975 3780 κτίστην
1002 3711 1096 3763 τοῦ
1124 3711 1346 3773 παντός.
1379 3709 1563 3777 Ὕδωρ
1602 3708 1759 3762 πολὺ
1799 3710 1870 3761 οὐ

296 3803 623 3873 δυνήσεται
649 3801 863 3856 σϐέσαι
904 3801 1020 3870 τὴν
1073 3801 1336 3870 ἀγάπην.
1390 3801 1566 3865 Ἤτοι,
1624 3801 1724 3871 τῆς
1783 3799 1874 3854 ι’σα

299 3897 394 3950 καὶ
427 3895 548 3965 Θεῷ
579 3895 1050 3964 δορυφορουμένης
1089 3892 1192 3946 ὑπὸ
1245 3892 1355 3945 τῶν
1415 3892 1872 3961 λειτουργούντων

297 3986 447 4063 αύτῷ
483 4004 496 4019 ο
528 3985 673 4039 οὗτοι
698 3986 805 4054 γὰρ
840 3985 905 4039 ἂν
945 3980 1052 4037 εἶεν
1078 3985 1167 4038 κοιλ⁵
1230 3984 1400 4053 πυρὸς
1463 3982 1677 4051 φλόγες,
1731 3983 1805 4045 ὡς
1844 3981 1873 4033 ὁ

297 4079 466 4132 Δαὸῐδ
524 4095 687 4148 φησιν
717 4093 729 4108 ·
776 4077 839 4129 ’0
888 4074 1073 4130 ποιῶν
1145 4074 1287 4139 τοὺς
1330 4074 1626 4144 ἀγγέλους
1685 4073 1872 4128 αὐτοῦ

298 4171 634 4236 πνεύματα,
669 4168 767 4222 καὶ
820 4169 961 4232 τοὺς
998 4167 1385 4234 λειτουργοὺς
1417 4165 1626 4229 αυτοῦ,
1683 4165 1874 4232 πυρὸς

297 4265 520 4332 φλόγα.
587 4262 698 4329 Τὴν
759 4258 854 4311 οὖν
911 4259 1134 4326 ἀγάπην
1173 4258 1373 4326 ταύτην
1425 4259 1498 4310 οὐ
1546 4255 1874 4322 δυνήσεται

1971 3161 2064 3215 sed
2097 3159 2414 3225 Seraphinis
2443 3165 2769 3218 sanctiorem
2792 3179 2913 3219 esse
2942 3163 3281 3233 pronuntiat,
3305 3163 3538 3218 etdicit:

1974 3251 2158 3307 Pinna:
2183 3271 2295 3324 quae
2313 3256 2475 3324 ipsius
2501 3257 2553 3307 in
2578 3255 2752 3309 orbem
2776 3265 2916 3322 sunt,
2941 3257 3116 3325 pinna:
3133 3257 3366 3324 flamma:
3384 3257 3539 3325 ignis.

1970 3345 2048 3400 Ac
2076 3345 2123 3400 si
2155 3345 2386 3400 diceret:
2425 3347 2776 3412 Satellitium,
2833 3350 2979 3417 quod
3043 3348 3163 3403 eam
3226 3351 3536 3413 comitatur,

1971 3437 2261 3504 et-cultus;
2323 3438 2406 3492 ha:
2444 3453 2680 3507 namque
2717 3439 2890 3508 pinna:
2933 3448 3062 3494 sunt
3107 3440 3220 3510 ejus
3279 3441 3333 3492 in
3365 3442 3541 3492 orbem

1971 3529 2201 3597 flamma:
2244 3531 2404 3597 ignis.
2447 3529 2678 3584 Perinde
2709 3545 2772 3583 ac
2807 3530 3034 3593 diceret,
3068 3529 3221 3584 Sedit
3246 3511 3412 3597 super
3444 3531 3544 3584 Se-

1974 3619 2207 3687 raphim,
2241 3629 2293 3673 et
2323 3636 2485 3687 super
2518 3621 2666 3690 ipsas
2717 3635 3005 3688 supremas
3033 3622 3446 3690 intelligentias,
3485 3621 3543 3675 in

1974 3712 2096 3766 sinu
2121 3711 2301 3766 ferens
2326 3712 2599 3780 epiticem,
2641 3721 2695 3766 et
2717 3711 3058 3766 conditorem
3088 3712 3355 3765 universi.
3385 3712 3556 3780 Aqua»

1974 3802 2141 3881 multa
2165 3819 2267 3855 non
2299 3804 2486 3869 poterit
2519 3804 2848 3872 exstinguere
2877 3805 3232 3858 dilectionem.
3258 3804 3541 3870 Tanquam

1973 3894 2166 3964 aequali
2230 3909 2354 3948 cum
2387 3894 2499 3948 Deo
2527 3895 2784 3950 satellitio
2824 3896 3054 3966 stipata,
3089 3894 3158 3948 ab
3183 3893 3424 3962 ejusdem
3453 3895 3546 3949 ni-

1973 3986 2172 4040 mirum
2208 3985 2380 4055 ipsius
2415 3985 2806 4040 ministristti
2833 4003 2938 4041 non
2978 3997 3101 4042 sunt
3126 3987 3353 4041 llatnmae
3379 3987 3542 4057 ignis,

1973 4076 2429 4145 quemadmodum
2495 4077 2664 4132 David
2695 4093 2913 4148 quoque
2942 4079 3111 4134 dicit:
3157 4080 3261 4145 Qui
3285 4080 3416 4146 facit
3443 4099 3546 4134 an-

1974 4167 2114 4237 gelos
2173 4183 2326 4232 suos,
2373 4170 2614 4235 spiritus.
2678 4169 2746 4223 Et
2790 4173 3066 4224 ministros
3091 4189 3235 4238 suos,
3269 4157 3546 4241 ﬂammam

1974 4259 2109 4330 ignis
2136 4259 2203 4312 “.
2232 4258 2385 4316 lianc
2420 4261 2589 4331 igitur
2627 4262 2745 4330 ejus
2807 4263 3156 4319 dilectionem
3212 4282 3312 4320 non
3353 4269 3545 4333 poterit

298 4352 519 4408 σϐέσαι
558 4351 717 4419 ὕδωρ
757 4350 916 4404 πολύ
942 4366 956 4382 ·
995 4349 1292 4413 τουτέστιν,
1352 4351 1407 4404 αἱ
1435 4349 1670 4402 ἐναντίαι
1713 4349 1865 4403 δυνά-

1977 4352 2306 4422 exstinguere
2339 4369 2476 4423 aqua
2505 4355 2675 4409 multa
2697 4370 2718 4420 ;
2744 4355 2845 4410 hoc
2883 4365 2965 4410 est
2993 4357 3282 4412 contrariae
3307 4367 3546 4427 potesta-

300 4461 447 4514 μεις.
483 4444 544 4496 El
569 4443 678 4513 γὰρ
706 4444 754 4495 οἱ
795 4442 874 4510 τῷ
906 4441 1026 4511 Θεῷ
1049 4441 1489 4512 λειτουργοῦντες
1541 4443 1710 4512 πυρός
1763 4443 1870 4495 εἰσι

299 4539 518 4607 φλόγες,
578 4539 627 4590 οι
685 4516 1050 4604 ἀντικείμενοι
1101 4534 1178 4604 τῷ
1232 4534 1424 4588 τούτου
1485 4534 1871 4604 προστάγματι

298 4628 445 4697 ὓδωρ
468 4627 532 4679 ἂν
562 4622 674 4678 εῐεν
697 4623 920 4686 τούτους
949 4639 963 4653 ’
995 4624 1089 4676 καὶ
1119 4625 1146 4676 ὁ
1177 4623 1344 4676 Δαόὶδ
1391 4623 1873 4692 ὔδωρ·ἀνυπόστα-

297 4736 392 4773 τον
419 4717 594 4779 καλεῖ,
623 4714 701 4778 ὥς
735 4731 902 4784 φησι·
939 4716 1088 4781 Ἀρα
1113 4713 1363 4782 διῆλθεν
1393 4715 1431 4782 ἡ
1479 4715 1652 4784 ψυχὴ
1706 4714 1876 4784 ἡμῶν

296 4809 369 4862 τὸ
403 4807 559 4875 ὕδωρ
589 4807 658 4860 τὸ
685 4806 1133 4860 ἀνυπόστατον.
1161 4806 1271 4860 Καὶ
1305 4807 1558 4876 ποταμοὶ
1595 4808 1668 4860 οὐ
1723 4821 1874 4876 συγ-

299 4899 662 4953 κλείσουσιν
693 4894 909 4962 αὐτήν.
931 4895 1060 4949 ’Κᾶν
1093 4897 1400 4968 ρᾳδιουργοί
1431 4913 1574 4959 τινες
1607 4889 1706 4949 ὦσι
1730 4896 1887 4965 δηλο-

301 4992 438 5055 νότι,
467 4989 562 5044 καὶ
595 4990 836 5059 σφοδρῶς
868 4990 1001 5058 ἡμῖν
1032 4988 1426 5058 ἐπιτιθέμενοι,
1472 4989 1521 5042 οἱ
1584 4989 1682 5059 τ’ἧς
1735 4987 1880 5058 ζωῆς

302 5084 461 5152 ἡμῶν
485 5081 773 5135 ἀντίπαλοι
803 5081 1073 5151 δαίμονες.
1104 5079 1294 5143 Οὕτως
1310 5080 1450 5134 ἑάλω
1471 5082 1569 5152 τῆς
1616 5083 1751 5150 πρὸς
1780 5079 1881 5151 τὴν

301 5176 580 5245 Παρθένον
618 5176 838 5246 ἀγάπης
881 5175 911 5226 ὁ
981 5175 1296 5245 Προφήτης,
1321 5201 1326 5206 ·
1356 5175 1450 5229 καὶ
1493 5173 1664 5240 οὕτως
1710 5175 1878 5246 αὐτὴν

305 5269 553 5336 ἠγάσατο
578 5284 593 5298 ·
626 5267 720 5319 καὶ
749 5265 923 5318 ταῦτα
985 5269 1126 5338 μετὰ
1175 5266 1441 5330 τοσαύτας
1480 5265 1628 5335 αὐτῷ
1684 5266 1877 5334 γενεάς

304 5356 532 5427 ὕστερον
558 5355 1016 5426 προσδοκωμένην
1043 5355 1213 5427 αὐτὴν
1277 5355 1657 5426 τεχθήσεσθαι.
1737 5356 1877 5410 Ἐὰν

305 5446 391 5512 δῷ
422 5447 578 5515 ἀνὴρ
601 5448 707 5502 τὸν
739 5448 935 5502 πάντα
985 5449 1132 5512 βίον
1173 5449 1359 5503 αὐτοῦ
1424 5449 1492 5502 ἐν
1544 5446 1619 5515 τῇ
1675 5447 1876 5518 ἀγάπῃ

306 5540 702 5605 ἐξουδενώσει
737 5542 1260 5605 ἐξουδενώσουσιν
1288 5542 1495 5595 αὐτόν.
1560 5541 1706 5594 Ἀντὶ
1758 5542 1873 5608 τοῦ,

384 5714 426 5743 ⁸⁸
448 5713 592 5767 Psal.
614 5729 727 5780 cm,
770 5716 821 5770 4.
901 5716 941 5746 ⁸⁷
965 5714 1108 5771 Psal.
1135 5727 1322 5781 cxxtn,
1358 5717 1409 5770 5.

1978 4453 2074 4500 tes.
2114 4443 2173 4500 Si
2205 4445 2351 4499 enim
2395 4444 2489 4499 Dei
2524 4436 2761 4501 ministri
2807 4445 3038 4501 ﬂamma:
3086 4436 3210 4503 sunt
3258 4449 3420 4519 ignis,
3447 4451 3544 4520 qni

1980 4532 2073 4588 Dei
2125 4535 2488 4590 adversantur
2542 4529 2794 4606 imperio,
2823 4553 2961 4607 aqua
2985 4539 3091 4593 dici
3127 4549 3374 4609 possunt,
3405 4558 3545 4611 quos

1981 4639 2112 4679 sane
2133 4627 2478 4680 adversarios
2505 4643 2700 4697 aquam
2733 4629 3131 4685 intolerabilem
3159 4631 3334 4688 Dav-id
3365 4646 3546 4698 vocat,

1985 4733 2108 4772 cum
2172 4717 2345 4772 dicit:
2414 4717 2674 4772 Forsitan
2735 4723 3108 4788 pertransisset
3137 4725 3316 4777 anima
3365 4739 3551 4780 nostra

1982 4824 2177 4877 aquam
2240 4809 2623 4862 intolerabilem
2664 4810 2725 4864 ".
2757 4811 2823 4863 Et
2859 4811 3082 4877 ﬂumina
3101 4829 3203 4866 non
3238 4816 3552 4871 concludent

1981 4903 2172 4969 ipsam.
2222 4899 2374 4954 Licet
2406 4900 2702 4956 facinerosi
2738 4901 2926 4966 utique
2960 4912 3013 4956 et
3064 4913 3400 4962 veteratores
3431 4910 3554 4978 qui-
3591 4972 3593 4975 η

1983 4989 2106 5043 dam
2140 4982 2270 5050 sin’t.
2321 4999 2374 5046 et
2402 4990 2559 5044 valde
2587 4991 2746 5046 nobis
2780 4991 3134 5060 insidientur,
3183 4995 3417 5066 vitaeque
3454 5016 3554 5053 nu-

1982 5093 2107 5139 stra:
2169 5083 2529 5138 adversentur
2567 5083 2864 5140 daemones.
2922 5087 3073 5140 Adeo
3129 5087 3400 5158 Propheta
3437 5101 3554 5145 erat

1980 5173 2225 5245 Virginis
2277 5189 2463 5229 amore
2497 5188 2711 5244 Captus,
2739 5176 2926 5246 sicque
2957 5179 3131 5248 ipsam
3163 5183 3548 5237 venerabatur.

1980 5263 2148 5334 quue
2168 5277 2292 5317 cum
2327 5272 2450 5332 post
2493 5265 2808 5320 inmimeras
2838 5267 2904 5320 ab
2939 5268 3054 5334 ipso
3081 5269 3292 5322 futuras
3330 5284 3553 5338 genera-

1983 5357 2186 5419 tiones,
2237 5357 2513 5412 nascitura
2563 5367 2978 5426 eXspectaretur
3039 5356 3226 5428 Virgo.
3258 5358 3317 5411 Si
3347 5358 3552 5412 dederit

1981 5448 2066 5501 vir
2085 5461 2238 5500 suam
2268 5461 2470 5499 omnem
2507 5451 2667 5500 vitam
2698 5466 2792 5518 pro
2825 5449 3125 5513 dilectione,
3161 5448 3296 5502 nihil
3317 5449 3553 5514 pendent

1984 5541 2176 5605 illum;
2204 5541 2306 5595 hoc
2339 5549 2442 5606 est,
2479 5552 2605 5596 sunt
2632 5544 2766 5596 adeo
2788 5543 3199 5597 cacodtemoncs
3233 5539 3423 5605 invidi,
3453 5540 3552 5591 ho-
