4028 6270
561 364 699 426 1079

1700 344 2066 410 ΜΑΤΤΗᾹΞῘ
2102 342 2637 408 CANTACUZENI

3668 336 3818 403 1080

560 479 882 542 miliumque
938 488 1151 536 osores,
1194 480 1245 525 et
1295 470 1433 538 legis
1500 467 1705 521 amoris
1762 474 2131 535 repugnantes

2239 462 2421 523 Οὕτως
2451 460 2592 513 εἰσὶν
2620 461 2669 512 οἱ
2695 456 2946 528 δαίμονες
2977 454 3247 525 φθονεροὶ,
3272 452 3363 506 καὶ
3404 453 3827 524 μισάνθρωποι,

562 571 771 633 hostes,
810 574 872 620 ut
903 566 949 620 si
970 564 1053 617 vir
1085 562 1259 631 egerit
1294 576 1447 615 suam
1503 573 1722 613 onmem
1760 559 1927 610 vitam
1962 557 2017 635 in
2055 555 2135 608 di-

559 657 818 720 lectione,
849 654 1025 722 ipsum
1051 650 1417 719 despicantes,
1446 650 1499 702 in
1522 647 1748 702 nihilum
1772 645 2019 715 redigere
2042 659 2133 699 co-

560 758 780 803 nentur.

1273 827 1472 902 csnr.

628 923 743 987 8,9.
777 923 944 978 Soror
962 931 1141 975 nostra
1165 937 1329 989 parva
1359 929 1457 983 est,
1482 928 1558 970 ει·
1588 916 1747 969 ubera
1787 930 1893 968 non
1934 913 2083 966 habet
2112 930 2131 977 ,-

559 1016 686 1085 quid
714 1016 967 1083 faciemus
989 1016 1159 1067 sorori
1186 1024 1381 1067 nostra
1434 1012 1489 1063 in
1520 1010 1623 1072 die,
1681 1023 1784 1078 qua
1805 1022 1974 1060 sermo
2034 1005 2132 1059 erit

559 1106 629 1158 ad
655 1106 824 1173 ipsam
865 1105 890 1157 .’
919 1102 980 1158 Si
1011 1119 1195 1157 murus
1220 1113 1320 1167 est,
1354 1100 1736 1168 a'diﬁcabimus
1762 1112 1917 1165 super
1961 1098 2132 1164 ipsum

556 1195 954 1264 propugnacula
984 1203 1230 1262 argentea
1260 1209 1280 1257 ;
1306 1203 1353 1245 et
1395 1193 1439 1245 si
1461 1203 1612 1260 porta
1647 1201 1745 1253 est,
1770 1190 2130 1257 impingemus,

557 1290 611 1341 in
640 1288 799 1354 ipsam
828 1285 1063 1339 tabulam
1083 1284 1375 1338 redrinam.

1188 1461 1502 1518 SCHOLIA.

636 1556 803 1621 Quasi
829 1560 895 1610 ex‘
924 1556 1030 1609 alio
1062 1556 1321 1610 interciso
1354 1566 1516 1610 cantu
1564 1554 1843 1608 exorditur
1879 1572 1890 1606 :
1927 1562 1977 1606 et
2018 1561 2134 1606 tan-

562 1663 726 1717 quam
760 1647 824 1701 ad
856 1646 1151 1715 prophetia:
1193 1645 1353 1699 ﬁnem
1400 1644 1685 1708 accedens,
1735 1643 1865 1699 dicit
1899 1660 1912 1696 :
1969 1642 2135 1697 Soror

2239 549 2333 601 καὶ
2356 548 2433 617 τῷ
2460 547 2647 618 Θεσμῷ
2678 548 2777 616 τῆς
2827 547 3048 614 ἀγάπης
3108 544 3646 613 ἀντικαθιστάμενοι,
3707 546 3820 605 ὅτι,

2236 638 2331 693 ιάν
2369 638 2443 707 δῷ
2471 639 2610 709 ἀνὴρ
2644 638 2736 691 τὸν
2766 640 2941 691 πάντα
2969 638 3085 705 βίον
3148 635 3314 689 αὑτοῦ
3342 637 3401 692 ιν
3459 639 3524 707 τῇ
3590 637 3820 705 ἀγάπῃ,

2237 726 2583 791 εξοοδενώσει
2615 727 3063 795 ὲξουδενώσουσιν
3091 726 3278 779 αὐτόν.

2897 810 3139 888 τᾼΣΜΑ.

2331 911 2401 963 Ἡ
2446 909 2683 978 ἀδελφὴ
2735 906 2906 977 ἡμῶν
2946 909 3131 977 μικρά
3158 946 3174 973 ,
3216 908 3317 963 καί
3366 908 3647 978 μαστοὺς
3696 909 3819 963 οὐκ

2236 1000 2381 1067 ἔχει’
2416 1003 2474 1055 τί
2517 999 2853 1068 ποιήσομεν
2894 1000 2973 1069 τῇ
3014 1000 3255 1069 ἀδελφῇ
3282 999 3453 1068 ήμῶν
3490 1000 3564 1054 ἐν
3592 998 3817 1069 ἡμέρᾳ,

2235 1086 2276 1163 ἦ
2328 1090 2405 1146 ἂν
2435 1086 2677 1159 λαληθῇ
2718 1091 2790 1145 ἐν
2832 1090 2987 1159 αὐτῇ
3012 1107 3032 1155 ;
3080 1092 3149 1144 Et
3181 1075 3379 1158 τεῖχος
3407 1091 3616 1155 ἐστιν,
3648 1094 3817 1145 οικο-

2237 1182 2584 1251 δομήσομεν
2624 1184 2717 1235 ἐπ’
2742 1181 2940 1251 αὐτὴν
2987 1183 3275 1249 ἐπάλξεις
3304 1174 3596 1252 ἀργυρᾶς*
3627 1184 3728 1237 καὶ
3758 1185 3818 1236 εί

2237 1276 2387 1341 θύρα
2432 1273 2589 1338 ἐστι,
2642 1275 3054 1344 ὄιαγράψομεν
3086 1273 3399 1343 ὲπάὺτὴν
3443 1273 3672 1329 σανίδα
3712 1292 3814 1327 κε-

2235 1364 2470 1433 δρίνην.

2891 1456 3166 1510 ΣΧΟΛΙΔ.

2317 1542 2405 1606 Ὠς
2437 1543 2496 1610 ἐξ
2530 1544 2697 1614 ἀλλης
2748 1545 3058 1616 περικοπῆς
3089 1545 3189 1614 τῆς
3235 1543 3377 1616 ᾠδῆς
3408 1543 3672 1615 ἇρχεταν
3707 1544 3806 1598 καὶ

2234 1637 2295 1687 τὸ
2337 1636 2512 1706 πέρας
2567 1636 2669 1703 τῆς
2712 1638 3053 1707 προφητείας
3101 1636 3294 1706 ὥσπερ
3326 1636 3806 1706 ἐπαναλαμϐἀνων

486 1748 494 1754 “
560 1750 741 1793 nostra
770 1755 929 1808 parra
968 1748 1068 1804 est,
1102 1747 1152 1792 et
1177 1738 1339 1791 ubera
1362 1753 1464 1789 non
1495 1736 1681 1799 habet;
1712 1749 1850 1804 quae,
1883 1749 1910 1788 τ
1930 1734 2133 1789 ιιριὶοοι

2239 1723 2402 1790 φησίν
2428 1740 2441 1754 ·
2483 1724 2557 1778 Ἦ
2582 1725 2816 1796 ἀδελφὴ
2852 1726 3021 1797 ἡμῶν
3043 1726 3245 1796 μικρὰ,
3274 1729 3371 1781 καί
3388 1728 3662 1797 μαστοὺς
3687 1729 3804 1781 οὐκ

557 1847 624 1885 ex
664 1830 823 1885 Patre
853 1845 975 1885 meo
1010 1830 1283 1884 nascitura
1315 1837 1398 1882 est
1420 1827 1551 1882 ﬁlia.
1594 1826 1744 1881 llanc
1766 1827 1912 1881 enim
1974 1842 2129 1881 suam

2239 1813 2381 1883 ἔχει.
2417 1817 2595 1883 Ἤτοι,
2643 1820 2677 1888 ἡ
2732 1822 2796 1872 ἐκ
2828 1796 2922 1872 tot”:
2956 1821 3161 1890 πατρὸς
3188 1821 3309 1889 ἐμοὶ
3349 1796 3799 1890 γεννηθησομινη

558 1930 717 1975 vocat
778 1936 1052 1975 sororem.
1118 1921 1288 1975 Parva
1344 1931 1443 1985 est,
1480 1930 1527 1973 et
1578 1921 1741 1973 ubera
1799 1934 1902 1971 non
1953 1917 2129 1980 habet,

566 2012 807 2064 nondum
828 2013 971 2064 enim
996 2011 1193 2066 idonea
1217 2009 1447 2074 scilicet,
1472 2018 1575 2085 est,
1601 2010 1665 2063 ad
1685 2007 2128 2076 concipiendum.

564 2102 706 2167 Quid
730 2102 983 2170 faciemus
1004 2104 1176 2156 sorori
1209 2114 1404 2156 nostra:
1432 2103 1485 2154 in
1534 2101 1639 2164 die,
1672 2116 1775 2169 qua
1822 2100 1921 2153 erit
1964 2114 2134 2153 sermo

561 2192 632 2244 ad
660 2208 777 2245 eam
802 2193 827 2245 ?
847 2193 1040 2248 Sermo
1067 2192 1349 2257 nimirum,
1370 2191 1638 2245 Gabrielis
1657 2190 1851 2259 angeli.
1878 2189 1937 2244 Si
1956 2206 2132 2243 murus

561 2293 661 2348 est,
690 2285 1065 2354 wrii/icabimus
1090 2300 1244 2352 super
1265 2285 1427 2351 ipsam
1451 2282 1845 2352 propugnacula
1866 2293 2132 2350 argentea;

561 2376 667 2428 hoc
704 2388 790 2431 est
817 2393 830 2429 :
860 2375 914 2428 Si
951 2384 1003 2429 et
1028 2389 1193 2443 parva
1222 2385 1325 2436 est,
1359 2383 1414 2427 et
1458 2388 1566 2427 non
1624 2375 1814 2428 idonea
1841 2374 1907 2426 ad
1949 2375 2130 2427 conci-

560 2464 845 2533 piendum,
898 2467 1087 2519 saltem
1119 2464 1544 2518 accelerabimus
1573 2463 1891 2530 aediﬁcium;
1938 2464 2136 2532 ipsam-

569 2568 677 2623 que
713 2554 1026 2607 instaurare
1086 2552 1428 2618 conabimur,
1486 2568 1591 2607 non
1621 2568 1780 2607 secus
1805 2567 1869 2607 ac
1916 2568 2132 2605 murum

563 2646 996 2716 prepnguaculis
1025 2626 1325 2701 carentem.
1344 2643 1453 2699 Nec
1471 2645 1737 2715 simplicia
1757 2646 1855 2712 ipsi
1883 2644 2136 2715 apposuit

562 2740 998 2809 prepugnacula,
1049 2739 1143 2793 sed
1205 2747 1477 2808 argentea,
1538 2738 1861 2807 purissimas
1931 2737 2137 2791 scilicet

561 2832 943 2901 cogitationes,
969 2838 1023 2885 et
1062 2820 1238 2886 instar
1278 2829 1511 2900 argenti,
1572 2837 1811 2884 mentem
1868 2837 2133 2891 nostram,

559 2922 862 2991 principem
892 2921 1087 2975 anima:
1118 2930 1348 2990 partem,
1379 2921 1786 2976 collustrantes.
1832 2919 1953 2989 Ipsa
1991 2920 2135 2973 enim

560 3026 751 3066 revera
768 3021 850 3065 est
872 3010 1446 3075 cmlestisJerusalem,
1463 3026 1626 3081 super
1642 3026 1803 3079 quam
1826 3024 2136 3079 propugna-

2238 1908 2507 1979 Θυγάτηρ·
2541 1909 2781 1981 ἀδελφὴν
2832 1913 2937 1982 γὰρ
2983 1911 3150 1966 αὐτοῦ
3200 1912 3374 1969 καλεῖ.
3404 1912 3601 1981 Μικρά
3646 1913 3799 1977 ἐστι,

2235 2001 2335 2054 καὶ
2361 2002 2639 2069 μαστοὺς
2670 2005 2781 2057 οὐκ
2800 2004 2945 2071 ἔχει.
2973 2003 3139 2057 Οὔπω
3164 2003 3274 2076 γὰρ
3299 2004 3585 2076 ἐπιτηδεία
3614 2004 3801 2073 δηλον-

2234 2093 2318 2145 ότι
2381 2094 2519 2163 πρὸς
2580 2094 2867 2164 σύλληψιν.
2930 2097 2991 2149 Tl
3041 2094 3377 2165 ποιήσομεν
3432 2096 3510 2164 τῇ
3566 2096 3803 2166 ἀδελφῇ

2235 2183 2404 2253 ἡμῶν
2432 2185 2501 2238 ἐν
2528 2186 2736 2255 ἡμέρᾳ.
2763 2181 2803 2257 ᾖ
2837 2184 2915 2240 ἂν
2953 2185 3197 2255 λαληθῇ
3226 2186 3296 2240 ἐν
3324 2186 3517 2253 αὐτῇ;
3562 2187 3621 2241 ’0
3652 2187 3801 2256 παρά

2234 2278 2330 2331 τοῦ
2370 2278 2602 2345 ἀγγέλου
2630 2279 2832 2349 δηλαδὴ
2880 2278 3058 2342 λόγος.
3085 2280 3154 2331 El
3195 2268 3389 2346 τεῖχός
3414 2279 3608 2343 ἐστιν,
3644 2281 3796 2331 οικο-

2234 2369 2588 2437 δομήσομεν
2620 2370 2714 2423 ἐπ’
2740 2371 2936 2437 αὐτὴν
2966 2370 3249 2435 ἐπάλξεις
3274 2370 3536 2438 ἀργυρᾶς
3556 2385 3571 2400 ⁸
3611 2371 3792 2439 ἧγουνο

2237 2460 2299 2511 Et
2334 2462 2428 2512 καὶ
2468 2464 2679 2528 σμικρά
2716 2462 2857 2523 ἐστι,
2897 2463 2989 2513 καὶ
3024 2459 3375 2528 ἀνεπιτηδεία
3420 2459 3561 2527 πρὸς
3612 2459 3798 2526 σύλλη-

2234 2551 2351 2619 ψιν,
2407 2550 2544 2603 ἀλλά
2594 2549 2687 2603 οὖν
2735 2551 3150 2619 ἑπισπεύσομεν
3191 2550 3668 2619 ἀνοικοδομῆσαι,
3703 2551 3794 2603 καὶ
3858 2556 3867 2566 '

2237 2647 2689 2716 ἀποκαταστῆσαι
2760 2646 2962 2714 ταύτην
3042 2645 3229 2717 ὥσπερ
3311 2644 3562 2696 ιλλείπον
3624 2648 3796 2714 τεῖχος

2237 2736 2560 2803 ἐπάλξεωνο
2610 2737 2706 2789 καὶ
2764 2738 2823 2789 οὐ
2902 2738 3001 2799 τὰς
3048 2737 3219 2799 ἁπλᾶς
3264 2736 3572 2789 ἐπιτιθέναι
3631 2737 3794 2807 ταύτῃ

2236 2827 2512 2894 ἐπάλξεις,
2534 2829 2671 2883 ἀλλὰ
2701 2830 2972 2899 ἀργυρᾶς
3003 2831 3121 2897 ἦτοι
3146 2829 3544 2901 καθαρωτάτας
3576 2832 3793 2892 ἑννοίας,

2237 2923 2330 2971 καὶ
2382 2920 2540 2991 δίκην
2594 2920 2839 2991 ἀργύρου
2878 2921 2937 2972 τὸ
2970 2921 3297 2990 ἡγεμονικὸν
3330 2922 3488 2989 ἡμῶν
3534 2922 3794 2991 περιλαμ-

2239 3000 2466 3077 πούσας.
2520 3011 2673 3083 Αὕτη
2729 3014 2835 3083 γάρ
2893 3014 3042 3067 ἐστιν
3098 3014 3173 3076 ὠς
3231 3013 3449 3084 ἀληθῶς
3487 3015 3520 3083 ἠ
3555 3015 3793 3084 οὐράνιος

564 3104 708 3165 cula,
743 3102 1002 3156 Ecclesiae
1027 3101 1205 3170 opifex
1243 3102 1513 3166 Christus,
1562 3101 1876 3165 a-diiieavit,
1926 3101 1993 3154 de
2024 3115 2130 3168 qua

2248 3107 2631 3176 Ἰερουσαλὴμ,
2660 3106 2801 3175 ὑπὲρ
2822 3100 2889 3176 ἦς
2907 3106 3004 3169 τὰς
3034 3104 3285 3170 ἐπάλξεις
3309 3108 3336 3157 ὁ
3362 3108 3461 3174 τῆς
3478 3108 3790 3175 Ἐκκλησίας

567 3203 621 3248 et
647 3193 818 3247 Isaias
850 3193 983 3247 dicit
1009 3211 1022 3248 :
1055 3192 1187 3246 Ecce
1219 3194 1272 3247 in
1318 3195 1559 3247 manibus
1614 3194 1741 3247 meis
1763 3210 1854 3262 ego
1885 3193 2138 3263 descripsi

563 3301 743 3337 muros
776 3294 913 3351 tuos,
952 3294 1005 3338 et
1027 3299 1204 3337 coram
1231 3299 1311 3337 me
1338 3300 1389 3338 es
1434 3300 1653 3352 semper.
1689 3282 1754 3335 Et
1780 3285 1823 3336 si
1870 3292 2019 3349 porta
2041 3292 2138 3347 est,

567 3376 1007 3430 describamusin
1065 3375 1237 3444 ipsam
1282 3374 1517 3428 tabulam
1558 3374 1819 3427 cedrinam
1865 3373 1930 3425 ¹⁸.
1987 3373 2139 3426 Adeo

563 3468 708 3520 enim
740 3466 1002 3537 propheta
1035 3466 1449 3536 praestolabatur
1475 3466 1687 3521 Domini
1740 3466 2052 3527 adventum.
2083 3473 2139 3519 ut

565 3560 610 3614 si
647 3568 799 3628 porta
830 3559 1065 3625 deficiet,
1093 3557 1497 3627 videlicet,quia
1530 3558 1768 3611 nondum
1828 3558 1893 3611 ad
1937 3557 2138 3626 puber-

565 3654 696 3707 tatis
758 3651 1040 3707 devenerit
1100 3665 1296 3705 annos.
1359 3648 1766 3713 Describemus,
1834 3650 2030 3717 inquit,
2082 3650 2136 3702 in

568 3745 766 3811 ipsam,
843 3741 1082 3796 tabutam
1138 3743 1433 3807 cedrinam,
1478 3742 1579 3796 hoc
1635 3750 1739 3807 est,
1790 3740 2137 3810 Replebimus

571 3840 746 3907 ipsam
808 3833 1232 3904 cogitationibus
1284 3833 1593 3888 divinarum
1649 3830 2135 3904 rationnm,'quas

564 3928 710 3982 nulla
733 3927 972 3982 exedunt
1001 3926 1304 3982 adulterina
1344 3932 1399 3978 et
1432 3924 1616 3994 spuria
1655 3926 1930 3996 dogmata.

788 4150 835 4197 ⁸
1298 4191 1501 4245 CANT.

643 4286 733 4340 l0.
769 4282 886 4352 Ego
913 4298 1116 4347 murus,
1140 4292 1189 4335 et
1228 4283 1388 4335 ubera
1420 4272 1546 4347 ,mea
1573 4291 1765 4336 turres.
1819 4281 1927 4351 Ego
1990 4299 2135 4337 eram

569 4380 623 4433 in
658 4376 824 4430 oculis
850 4374 1016 4443 ipsius
1045 4372 1307 4425 inveniens
1331 4386 1537 4439 pacem.

1204 4567 1493 4626 SCHOLIA
1504 4608 1519 4623 .

650 4662 971 4734 Complexio
1005 4671 1091 4719 est
1117 4664 1430 4719 cantionem
1470 4661 1750 4730 claudens,
1779 4678 1899 4734 qua:
1948 4678 2145 4735 propo-

572 4757 691 4811 sila:
745 4773 774 4811 a
806 4756 1070 4828 prepheta'
1116 4755 1425 4825 quaastioni,
1486 4754 1632 4825 quod
1663 4770 1829 4825 parva
1874 4764 2142 4822 esset,re-

576 4848 827 4915 spondet.
878 4844 1032 4900 Tunc
1079 4845 1225 4899 enim
1275 4844 1329 4897 in
1360 4843 1558 4899 Sancta
1616 4855 1929 4900 sanctorum
1971 4846 2140 4916 ipsam

574 5034 847 5088 idoneam.
905 5030 1248 5101 Responsum
1285 5039 1369 5085 est
1403 5030 1584 5100 igitur,
1644 5031 1806 5084 veluti
1840 5046 1870 5084 a
1918 5027 2139 5099 Virgine

574 5132 747 5177 matre
782 5139 799 5177 :
833 5121 967 5190 Ego,
1002 5124 1199 5192 inquit,
1231 5136 1435 5186 murus,
1477 5130 1525 5173 et
1560 5120 1715 5173 ubera
1754 5136 1865 5173 mea
1913 5132 2082 5174 turres
2117 5138 2136 5185 ;

576 5216 741 5276 idest,
776 5229 882 5267 non
919 5214 1059 5267 sicut
1090 5224 1147 5266 tu
1183 5226 1375 5266 censes
1402 5228 1564 5279 parva
1607 5227 1750 5277 sum,
1805 5211 1898 5266 sed
1952 5228 2135 5267 murus

577 5324 697 5362 sum
734 5309 785 5360 in
808 5306 1149 5360 altitudinem
1188 5319 1360 5372 usque
1392 5304 1514 5357 (τωιὶ
1565 5304 1833 5367 videlicet,
1899 5315 2137 5371 erectus,

572 5410 623 5451 et
655 5400 717 5452 ad
754 5399 930 5466 ipsum
991 5399 1148 5466 plane
1213 5394 1337 5448 caeli
1387 5408 1648 5448 cacumen
1707 5409 1765 5447 se
1815 5395 2135 5450 extendens.

579 5492 643 5542 [Ct
706 5496 867 5543 ubera
920 5506 1034 5541 mea
1102 5499 1315 5549 turres;
1370 5486 1701 5541 munitiones
1751 5487 2034 5552 nimirum,
2083 5498 2138 5543 et

578 5585 845 5648 civitates,
877 5582 928 5635 in
962 5581 1159 5650 quibus
1188 5596 1341 5635 suam
1402 5581 1602 5649 regiam
1654 5580 1834 5637 ﬁrmet
1890 5582 2133 5637 omnium

663 5762 707 5795 "
740 5763 841 5817 lsa.
876 5776 963 5826 ιι,
1000 5762 1087 5816 lii.

1406 5872 1413 5877 μ
1456 5867 1585 5879 Ἇ-σο-

2242 3198 2500 3269 δομήτωρ
2548 3198 2783 3269 Χριστὸς
2816 3197 3132 3268 ᾠκοδᾶμησε
3153 3214 3165 3229 ⁸
3194 3197 3328 3266 περὶ
3358 3192 3422 3268 ἧς
3442 3199 3527 3250 καὶ
3568 3198 3781 3259 Ἡσαΐας

2242 3287 2444 3355 φησίν·
2476 3286 2636 3341 Ἰδοὺ
2668 3288 2767 3341 ἐπὶ
2826 3286 2946 3340 τῶν
2989 3288 3206 3357 χειρῶν
3246 3306 3359 3357 μου
3403 3286 3773 3356 ἐζωγράφησά

2241 3394 2357 3433 σου
2389 3378 2460 3431 τὰ
2488 3380 2677 3448 τείχη·
2708 3379 2803 3430 καὶ
2849 3378 3105 3433 ἐνώπιόν
3151 3396 3270 3447 μου
3302 3373 3356 3432 εἳ
3402 3378 3496 3432 διὰ
3543 3380 3779 3443 παντός.

2240 3466 2352 3522 Καὶ
2389 3469 2441 3521 εὶ
2473 3469 2624 3535 θύρα
2667 3468 2819 3535 ἐστὶ,
2856 3469 3269 3538 διανγφάψομεν
3324 3468 3415 3521 ἐπ’
3461 3468 3649 3536 αὐτὴν
3683 3485 3791 3521 σα·

2240 3560 2383 3613 νίδα
2414 3559 2723 3627 κεδρίνηνσ
2756 3560 2926 3624 οὕτως
2957 3564 2984 3613 ὁ
3024 3562 3318 3631 Προφήτης
3358 3561 3672 3613 ὲπισπεύδει
3702 3563 3795 3630 τὴν

2196 3694 2203 3699 .
2240 3649 2333 3702 τοῦ
2382 3650 2650 3703 Δεσπότου
2702 3651 3039 3719 παρουσίαν,
3074 3653 3168 3704 καὶ
3203 3648 3254 3705 εἴ
3288 3652 3430 3720 θύρα
3473 3654 3616 3705 ἐστὶν
3644 3652 3797 3705 tua.

2240 3740 2368 3811 πής·
2401 3740 2670 3811 δηλονότι,
2700 3742 2786 3795 διὰ
2819 3742 2879 3795 τὸ
2914 3741 3136 3810 ἄνηϐον,
3176 3742 3583 3813 διαγράψομεν,
3618 3744 3792 3813 φησὶν,
3902 3774 3905 3775 ν

2238 3829 2333 3882 ἐπ’
2380 3831 2574 3897 αὐτὴν
2638 3832 2861 3885 σανίδα
2924 3831 3229 3900 κεδρίνην.
3271 3834 3603 3897 Τουτιστιν,
3650 3835 3795 3886 Ἀνα-

2240 3921 2607 3991 πληρὼσομεν
2655 3925 2824 3993 αὐτὴν
2876 3926 3107 3989 ἐννοίαις
3160 3927 3441 3995 λογισμῶν
3492 3926 3791 3995 Θειοτέρων,

2239 4015 2331 4066 καὶ
2390 4014 2467 4084 μὴ
2500 4014 2958 4088 βιϐρωσκομὲνων
3014 4019 3289 4090 κιϐδήλοις
3338 4019 3448 4072 τισὶ
3503 4020 3599 4073 καὶ
3632 4021 3790 4082 νόθοις

2238 4106 2530 4176 δόγμασιν.

2903 4197 3145 4273 tam“.

2322 4293 2470 4364 Ἐγὼ
2504 4294 2721 4363 τεῖχος,
2755 4294 2855 4348 καί
2903 4299 2958 4349 οι
2979 4297 3203 4364 μαστοι
3240 4314 3358 4365 μου
3390 4298 3627 4367 πύργοι.
3661 4298 3794 4369 Ἐγὼ

2242 4385 2405 4455 ἤμην
2453 4387 2524 4441 ἐν
2568 4387 2893 4458 ὀφθαλμοῖς
2938 4390 3162 4458 αὐτοῦ,
3214 4391 3593 4458 copiosioan
3644 4391 3796 4460 ειρή-

2159 4479 2214 4538 D
2240 4495 2379 4548 νην.

2888 4575 3159 4630 ΣΧΟΛΙΔ.

2315 4665 2601 4730 ’Λπόοεσις
2658 4667 2758 4737 τῆς
2804 4666 2947 4738 ᾠδῆς
2996 4668 3134 4738 πρὸς
3179 4667 3539 4739 προτεθεῖσαν
3566 4668 3643 4739 τῷ
3670 4669 3800 4738 Προ-

2246 4758 2393 4829 φήτῃ
2420 4758 2852 4830 ἀμφισϐήτησιν,
2885 4760 2969 4812 ὅτι
3010 4760 3187 4830 μικρά
3212 4761 3385 4818 ἔστιν.
3443 4761 3533 4814 Ἐν
3564 4762 3669 4831 γὰρ
3696 4763 3800 4822 τοῖς

2257 4847 2461 4913 ’Δγίοις
2499 4848 2610 4901 τῶν
2644 4850 2816 4917 ἁγίων
2847 4849 3264 4921 ὲνδιαιτωμένην
3295 4850 3466 4921 αὐτὴν
3490 4851 3640 4921 ἑώρα
3662 4868 3801 4921 τηνιο

470 4935 489 4944 “
571 4940 859 5008 degentem
920 4938 1155 5002 viderat,
1210 4947 1266 4993 et
1322 4939 1388 4993 ad
1440 4938 1856 5007 concipiendum
1918 4940 2135 4994 minime

2244 4940 2439 5004 καῦτα,
2484 4941 2580 4993 καὶ
2613 4940 2747 5010 πρὸς
2777 4940 2839 4993 τὸ
2872 4940 3161 4995 συλλαϐεῖν
3200 4942 3374 5012 αὐτὴν
3406 4942 3798 5012 ἀνεπιτηδείαν.

2262 5032 2579 5102 ’Δπόκρισις
2602 5032 2677 5095 ὠς
2703 5034 2767 5085 ὲκ
2795 5034 2893 5103 τῆς
2916 5033 3193 5103 Παρθένου
3218 5035 3440 5104 μητρός.
3466 5033 3635 5102 Ἐγὼ,
3656 5035 3799 5103 φησι,

2252 5124 2449 5191 τεῖχος
2472 5164 2489 5187 ,
2544 5122 2643 5176 καὶ
2698 5125 2753 5177 oi
2783 5124 3010 5191 μαστοί
3041 5141 3161 5193 μου
3191 5125 3408 5192 πύργοι
3434 5140 3448 5157 ’
3480 5125 3665 5195 ἤγουν,
3698 5126 3803 5194 Οὐχ

2250 5211 2325 5277 ὡς
2359 5217 2421 5268 σὺ
2456 5214 2868 5283 ὑπολαμϐάνεις
2896 5256 2911 5278 ,
2953 5216 3125 5288 μικρά
3172 5217 3308 5286 εἰμι,
3360 5217 3492 5269 ἀλλά
3523 5219 3698 5287 τεῖχος
3728 5218 3802 5279 εἰς

2248 5308 2494 5378 οὐρανῶν
2552 5307 2687 5377 ὕψος
2740 5308 3004 5378 ἠρμένον,
3050 5308 3315 5378 δηλονότι,
3352 5313 3441 5363 καὶ
3470 5310 3606 5379 πρὸς
3641 5311 3805 5377 αὐτὴν

2247 5397 2505 5468 ἄντικρυς
2543 5399 2731 5467 διῆκον
2760 5400 2858 5468 τὴν
2887 5398 2983 5452 τοῦ
3037 5400 3266 5469 οὐρανοῦ
3314 5404 3579 5470 κορυφήν.
3619 5402 3723 5455 Καὶ
3754 5402 3805 5453 οι

2244 5493 2463 5558 μαστοί
2495 5508 2614 5561 μου
2650 5493 2865 5561 πύργοι
2894 5509 2909 5525 ⁶
2965 5494 3088 5546 ἀντὶ
3144 5493 3262 5558 τοῦ,
3316 5494 3683 5564 ὀχυρώματα,
3716 5493 3805 5545 καὶ

2245 5581 2429 5648 πόλεις
2482 5586 2561 5647 εἰς
2592 5585 3013 5657 κατοικητήριον
3066 5584 3161 5639 τοῦ
3224 5585 3615 5657 παμϐασιλέως
3677 5586 3806 5655 Χρι-

3446 5831 3501 5855 ‘0“
3558 5844 3589 5857 ΕΑ
3622 5852 3645 5857 ν
3699 5853 3703 5857 .
