4028 6270
348 329 482 398 1031

1337 338 1734 402 COMMENT.
1782 341 1864 403 ΙΝ
1899 343 2226 405 CANTICA
2261 345 2568 409 CANTIC.

3455 352 3589 416 10:2

344 450 489 504 στοῦ.
526 449 675 519 Ἐγὼ
708 451 873 520 ἢμην
902 451 1326 522 ἐνμὸςοθαλμοῒς
1355 457 1565 521 αὐτοῦ,
1596 459 1895 524 εὑρίσκον

2016 473 2110 515 rex
2164 459 2437 516 Christus.
2474 461 2585 532 Ego
2636 478 2780 516 eram
2825 464 2880 517 in
2909 463 3076 519 oculis
3115 464 3283 534 ipsius
3322 465 3588 524 inveniens

341 560 424 597 σα
472 542 754 611 είρήνην⁶
787 546 906 612 ἤτοι
937 547 1042 614 πρὸ
1070 546 1367 615 ὀφθαλμῶν
1398 548 1561 600 αὑτοῦ
1596 549 1685 601 ἀεὶ
1726 551 1913 618 κειμέ-

340 653 427 703 νη,
458 637 549 687 καὶ
599 636 708 703 πρὸ
757 636 1060 707 καταϐολῆς
1093 638 1304 707 κόσμου
1338 639 1438 707 τὴν
1473 637 1566 692 τοῦ
1600 643 1910 708 μυστηρίου

340 727 480 796 πρὸς
513 728 616 795 ἐμὲ
651 728 824 797 ἄκραν
852 729 1020 782 αὐτοῦ
1048 731 1467 796 συγκατάὸασιν
1488 732 1908 802 προορίσαντος.

342 817 734 882 Εὑρίσκουσα
780 817 1066 888 εἰρήνην·
1115 822 1276 891 χάριν
1315 821 1518 892 δηλαδὴ
1569 822 1660 875 καὶ
1699 824 1912 892 παρρη-

341 905 463 960 σίαν
498 910 640 977 πρὸς
669 909 854 964 αὐτόν.

1005 1000 1243 1075 τᾼΣΜΑ.

422 1093 726 1162 Ἄμπελὼν
767 1095 1024 1164 ἐγενήοη
1100 1095 1182 1161 τῷ
1225 1097 1516 1166 Σαλομὼν
1571 1097 1642 1152 ὲν
1692 1101 1910 1154 Baeda-

330 1183 482 1251 μών·
517 1182 704 1237 ἔδωκε
730 1184 837 1238 τὸν
863 1185 1192 1254 ἀμπελῶνα
1226 1187 1415 1241 αὐτοῦ
1441 1188 1568 1254 τοῖς
1591 1190 1906 1256 τηροῦσιν.

349 1278 529 1346 Ἀνὴρ
563 1274 719 1334 οισέι
758 1281 829 1334 ἐν
859 1281 1070 1350 καρπῷ
1099 1283 1284 1338 αὐτοῦ
1331 1284 1567 1352 χιλίους
1597 1277 1907 1354 ἀργυρίου.

333 1364 648 1433 Ἀμπελών
690 1385 810 1441 μου
855 1370 999 1436 ἐμὸς
1029 1369 1290 1424 ἐνώπιόν
1327 1386 1485 1442 μου·
1513 1374 1572 1426 οι
1604 1375 1787 1441 χίλιοι
1826 1374 1907 1442 τῷ

332 1458 686 1526 Σαλομῶνι,
746 1458 844 1513 καί
899 1463 953 1514 ol
992 1461 1289 1517 διακόσιοι
1329 1461 1455 1529 τοῖς
1491 1464 1750 1534 τηροῦσι
1799 1467 1908 1521 τὸν

332 1549 568 1618 καρπὸν
597 1551 808 1607 αὑτοῦ.

976 1649 1252 1703 ΣΧΟΛΙΑ.

401 1733 513 1803 Τῆς
549 1736 651 1804 μὲν
677 1735 818 1807 πρὸς
846 1737 947 1808 τὴν
979 1739 1256 1807 Παρθένον
1277 1743 1659 1813 προφητείας,’
1680 1749 1774 1800 καὶ
1806 1749 1905 1819 τῆς

2013 566 2192 618 pacem
2225 566 2245 604 :
2274 567 2337 606 ac
2367 553 2411 606 si
2460 554 2708 607 diceret:
2745 555 2888 610 Ante
2945 556 3093 610 illius
3148 558 3338 612 oculos
3371 575 3590 630 semper

2014 643 2323 706 maneham,
2406 644 2500 713 qui
2560 655 2615 699 et
2680 657 2808 701 ante
2873 648 3060 702 mundi
3132 651 3588 705 constitutionem

2012 732 2260 798 mysterii
2319 732 2775 802 magnitudinem,
2827 736 3000 805 ipsius
3046 739 3331 805 nimirum,
3386 741 3440 794 in
3500 754 3588 796 me

2011 815 2324 874 decreverat
2353 822 2704 878 descensum.
2753 822 3031 879 Inveniam
3075 843 3255 896 pacem
3290 845 3311 895 ;
3351 831 3581 901 gratiam

2011 909 2246 977 scilicet,
2274 921 2331 967 et
2383 912 2640 970 ﬁduciam
2677 917 2846 971 ineo.

2687 1005 2893 1062 CANT.

2114 1090 2203 1154 Η,
2240 1091 2326 1145 12.
2373 1091 2533 1149 Vinea
2562 1095 2708 1164 facta
2736 1109 2816 1153 est
2852 1099 3128 1156 Salomoni
3151 1102 3206 1156 in
3255 1102 3584 1172 Beelamon;

2008 1179 2153 1233 dedit
2191 1183 2397 1238 vineam
2428 1201 2581 1240 suam
2609 1191 2934 1249 custodibus.
2973 1193 3065 1248 Vir
3094 1197 3254 1250 solvet
3285 1200 3340 1251 in
3404 1200 3584 1267 fructu

2007 1271 2122 1340 ejus
2172 1275 2318 1328 mille
2373 1287 2666 1349 argenteos.
2719 1283 2880 1338 Vinea
2914 1302 3029 1340 mea
3060 1289 3190 1341 mihi
3217 1291 3272 1342 in
3306 1303 3583 1360 conspectu

2008 1379 2123 1417 meo
2151 1380 2172 1418 :
2217 1365 2362 1423 mille
2394 1369 2695 1440 Salomoni,
2725 1385 2773 1430 et
2803 1377 3014 1432 ducenti
3039 1381 3344 1435 custodibus
3373 1382 3584 1451 [ructus

2008 1469 2144 1523 ejus.

2057 1686 2078 1712 ,
2594 1693 2605 1712 ,
2626 1645 2944 1708 senem.

2078 1730 2214 1789 Cum
2250 1734 2318 1790 de
2346 1736 2628 1806 prophetia
2657 1743 2876 1812 quidem
2916 1744 3169 1816 Virginis,
3221 1748 3399 1821 deque
3456 1752 3580 1808 Sal-

327 1826 424 1880 τοῦ
465 1829 715 1900 Σωτῆρος
773 1828 830 1895 ἐξ
892 1831 1068 1898 αὐτῆς
1117 1834 1608 1907 ἐνανθρωπήσεως,
1663 1841 1760 1895 καὶ
1803 1842 1895 1896 τοῦ

2005 1833 2193 1881 vatore
2221 1842 2288 1882 ex
2313 1828 2804 1901 ipsaincarnando,
2844 1838 2982 1892 etde
3007 1840 3264 1908 passione
3291 1857 3354 1898 ac
3391 1859 3582 1900 resur-

330 1919 532 1995 πάθεος
557 1957 572 1982 ,
606 1921 702 1973 καὶ
736 1920 836 1990 τῆς
867 1923 1240 1990 ἀναστάσεως,
1277 1927 1478 1992 ἱκανῶς
1522 1931 1658 2000 πρὸς
1687 1933 1902 1988 ἀπόδειο

331 2009 433 2074 ειν,
488 2011 576 2064 διὰ
635 2013 850 2065 πολλῶν
882 2015 992 2067 τῶν
1034 2015 1189 2085 ᾠδῶν
1242 2017 1303 2069 ἐν
1350 2019 1567 2084 πολλοῖς
1605 2022 1696 2075 τὸν
1743 2023 1902 2092 λόγον

330 2103 693 2171 ὲνεστήσατο·
733 2105 828 2158 νῦν
874 2105 932 2159 δὲ
978 2106 1053 2169 ὥς
1101 2109 1159 2161 ὲν
1207 2109 1448 2180 ἐπιλόγῳ
1479 2114 1611 2182 περὶ
1641 2115 1741 2184 τῆς
1775 2116 1902 2180 νέας

342 2195 669 2266 Ἐκκλησίας
721 2198 824 2268 τὴν
874 2203 1221 2270 προφητείαν
1283 2209 1539 2268 ποιεῖται,
1580 2195 1901 2276 ὥσπερκαὶ

327 2285 387 2337 ὲν
420 2288 487 2354 τῇ
517 2289 661 2357 ἀρχῇ
697 2291 826 2358 περὶ
871 2290 1079 2362 ταύτην
1111 2297 1553 2364 μεμνημὸνευκε,
1581 2298 1677 2350 καί
1708 2316 1897 2367 φησιν’

337 2379 640 2446 Ἀμπελὼν
683 2381 943 2451 ἐγενήθη
983 2384 1090 2438 τοῦ
1121 2386 1412 2456 Σολομὼν
1446 2392 1516 2442 ἐν
1559 2393 1897 2460 Βεελαμών.

302 2458 306 2463 ’
335 2469 480 2524 Ἀντὶ
533 2473 652 2539 τοῦ,
689 2473 752 2526 Ἦ
789 2475 882 2528 νέα
929 2477 1224 2548 Ἐκκλησία
1252 2481 1329 2552 τῷ
1361 2483 1624 2554 είρηνικῷ
1651 2458 1896 2555 Χριστῷ.

323 2564 457 2632 Περὶ
487 2566 693 2634 ταύτης
726 2567 818 2619 καὶ
864 2567 1096 2633 Ἡσαΐας
1130 2573 1318 2640 φησιν’
1361 2573 1671 2643 Ἀμπελὼν
1699 2578 1898 2648 ἐγενή-

323 2659 396 2722 011
425 2655 503 2721 τῷ
528 2657 915 2725 ἠγαπημένῳ.
947 2662 1177 2717 Ἔδωκε
1205 2665 1314 2718 τὸν
1349 2665 1679 2734 ἀμπελῶνα
1711 2671 1898 2725 αὐτοῦ

327 2746 451 2813 τοῖς
491 2748 788 2816 τηροῦσιν
813 2766 825 2779 '
864 2751 1007 2820 ἦτοι,
1051 2755 1188 2821 μετά
1216 2754 1277 2806 τὸ
1309 2758 1773 2826 περιποιήσασθαι
1801 2761 1900 2813 αὖ·

324 2837 418 2891 τὸν
454 2839 532 2908 τῷ
565 2840 752 2909 οἰκείῳ
786 2841 1002 2911 αἵματι.
1050 2843 1275 2898 Ἔδωκε
1313 2846 1438 2910 τοῖς
1473 2851 1746 2916 τηροῦσι.
1781 2853 1894 2904 Μαι

325 2933 538 3002 θηταῖς,
571 2935 682 2997 τοῖς
715 2933 977 3004 μάρτυσι,
1015 2939 1130 2997 τοῖς
1173 2937 1540 3005 διδασκάλοις.
1581 2942 1751 2997 Αὐτοὶ
1789 2945 1896 3014 γὰρ

327 3025 392 3079 ἂν
436 3021 548 3079 εἶεν
600 3027 648 3079 οἱ
700 3027 1064 3094 φυλάσσοντες
1105 3030 1204 3101 τὴν
1257 3033 1351 3084 τοῦ
1399 3034 1640 3103 Χριστοῦ
1675 3036 1899 3108 Ἐκκλη-

328 3117 472 3182 σίαν,
521 3119 571 3170 ol
601 3118 711 3171 τῶν
743 3119 838 3171 τοῦ
873 3120 1209 3188 [εὐαγγελίου
1251 3122 1539 3192 δογμάτων
1576 3127 1895 3198 ἀκραιφνεῖς
1924 3158 1968 3215 c
1999 3111 2112 3217 fi“?
2175 3115 2319 3171 νηπία
2365 3130 2635 3217 ανξθθηιεοδ

2006 1920 2270 1987 rectione,
2305 1929 2366 1975 ut
2401 1935 2462 1976 ea
2498 1924 2906 1982 demonstraret
2940 1931 3176 1999 abunde,
3229 1934 3416 1989 multis
3448 1951 3582 1990 can-

2006 2011 2270 2079 tionibus,
2304 2029 2402 2084 per
2429 2018 2596 2072 multa
2626 2029 2951 2090 argumenta
2971 2021 3280 2082 sermonem
3311 2027 3582 2082 instituis~

2002 2109 2105 2167 set,
2144 2118 2296 2186 nunc
2326 2121 2462 2162 sane
2493 2109 2640 2164 velut
2669 2111 2724 2165 in
2755 2113 2985 2184 epilogo,
3020 2115 3088 2171 de
3136 2132 3278 2173 nova
3335 2119 3581 2176 Ecclesia

2002 2197 2343 2264 prophetiam
2375 2200 2552 2267 ali'ert,
2601 2205 2794 2259 eodem
2851 2209 3010 2276 plane
3061 2210 3246 2278 modo,
3294 2227 3405 2282 quo
3425 2221 3478 2267 ct
3525 2217 3578 2267 in

2002 2289 2275 2357 principio
2318 2291 2386 2346 de
2444 2307 2510 2348 ea
2569 2308 2996 2355 memoraverat.
3055 2282 3354 2372 Dicitque:
3417 2305 3582 2362 Vinea

2001 2377 2148 2446 facta
2162 2389 2240 2433 est
2269 2381 2572 2451 Salomoni,
2601 2388 2657 2440 in
2680 2387 2967 2444 Beelamon
2995 2410 3016 2457 ;
3049 2395 3303 2452 videlicet
3332 2397 3580 2456 Ecclesia

2005 2484 2154 2525 nova
2188 2472 2416 2542 pacifico
2445 2476 2690 2545 Christo,
2732 2482 2800 2536 de
2825 2484 3115 2552 qualsaias
3146 2505 3365 2562 quoque
3417 2494 3581 2550 dicit:

2012 2562 2174 2619 Vinea
2209 2567 2354 2636 facta
2382 2581 2458 2624 est
2483 2572 2673 2629 dilecto
2693 2577 2758 2630 ¹⁹.
2788 2577 2941 2632 Dedit
2978 2583 3182 2638 vineam
3210 2602 3362 2640 suam
3402 2600 3582 2643 custo-

2000 2656 2196 2722 dibus;
2221 2659 2497 2724 videlicet.
2525 2676 2820 2736 postquam
2848 2685 2968 2726 eam
2990 2674 3094 2730 sibi
3122 2693 3222 2732 suo
3240 2685 3583 2750 comparavit

2001 2750 2305 2818 sanguine;
2380 2753 2524 2807 dedit
2575 2759 2900 2826 custodibus,
2958 2765 3241 2836 discipulis
3295 2773 3580 2838 nimirum,

2000 2841 2332 2910 martyribus
2360 2852 2414 2898 et
2463 2845 2802 2908 doctoribus.
2847 2853 2941 2908 Isti
2980 2857 3126 2912 enim
3185 2860 3292 2916 dici
3349 2879 3582 2934 possunt

1962 2979 1978 3002 ν
2000 2931 2256 2986 custodes
2284 2932 2541 2992 Ecclesiae
2561 2937 2793 3005 Christi,
2827 2944 2922 3013 qui
2972 2957 3102 3002 sum
3131 2931 3578 3022 evangelicorum

1998 3019 2312 3092 doginatum
2343 3028 2604 3084 custodes
2636 3032 2961 3107 incorrupti.
2997 3037 3091 3093 Vir
3113 3019 3349 3100 solvet‘in
3398 3048 3577 3116 [ructu

2691 3139 2706 3189 ;
2759 3127 2895 3182 adeo
2950 3144 3186 3202 namque
3246 3142 3576 3205 praeconium

323 3210 582 3278 φύλακες.
626 3213 798 3281 Ἀνὴρ
837 3213 992 3267 οἴσει
1043 3215 1115 3268 ἐν
1169 3216 1374 3284 καρπῷ
1418 3220 1604 3275 αὑτοῦ
1659 3223 1895 3290 χιλίους

2001 3205 2174 3274 ipsius
2208 3214 2470 3278 excrevit,
2503 3228 2563 3268 ut
2586 3231 2692 3270 nou
2716 3219 3295 3291 modosexagesimum
3323 3240 3419 3285 aut
3450 3249 3578 3288 cen-

318 3306 634 3372 ἀργυρίου.
691 3306 847 3358 Οὕτω
900 3306 1010 3377 γὰρ
1060 3310 1124 3361 τὸ
1184 3311 1452 3381 κήρυγμα
1510 3313 1898 3368 πεπολλαπλα-

320 3397 561 3463 σίασται,
602 3399 678 3461 ὡς
734 3398 796 3450 οὗ
861 3401 1023 3469 μόνον
1077 3381 1156 3463 εἰς
1205 3403 1492 3472 ἐξήκοντα,
1555 3407 1650 3458 καὶ
1677 3407 1892 3472 ἑκατὸν,

320 3488 457 3541 ἀλλὰ
513 3491 610 3542 καὶ
655 3493 736 3553 εἰς
785 3491 992 3562 χιλίους
1047 3495 1295 3564 προεὰν,
1327 3495 1437 3548 τῶν
1491 3496 1894 3565 διαυγεστάτων

318 3579 668 3648 διδαγμάτων
696 3584 831 3651 ὁμοῦ
881 3585 972 3637 καὶ
998 3584 1286 3652 δογμάτων
1312 3587 1476 3640 πᾶσιν
1501 3588 1758 3658 ἀφορμὰς
1789 3607 1894 3642 πα-

321 3673 568 3742 ρασχόν.’
598 3673 911 3741 Ἀμπελών
967 3693 1088 3744 μου
1145 3676 1288 3746 ἐμὸς
1328 3678 1587 3734 ἐνώπιόν
1627 3698 1748 3749 μου
1773 3699 1786 3713 ·
1819 3682 1893 3745 ὡς

319 3765 386 3816 ἂν
439 3765 488 3816 εί
535 3763 742 3832 ἔλεγενο
791 3768 855 3819 Ol
888 3767 1185 3836 ὀφθαλμοί
1239 3787 1361 3837 μου
1438 3769 1542 3823 ἐπὶ
1595 3771 1891 3838 δικαίους,

316 3855 414 3908 καί
454 3856 526 3909 τὰ
552 3850 672 3909 ὦτά
712 3873 834 3925 μου
889 3857 976 3922 εἰς
1031 3856 1246 3926 δέησιν
1268 3858 1487 3916 αὐτῶν.
1545 3861 1630 3925 Ὠς
1660 3863 1769 3916 ἀπὸ
1799 3863 1891 3917 τοῦ

316 3948 570 4018 Σωτῆρος
617 3947 723 4018 γὰρ
755 3948 1017 4018 Χριστοῦ,
1055 3950 1192 4021 πρὸς
1235 3952 1336 4020 τὴν
1377 3952 1702 4022 Ἐκκλησίαν
1742 3954 1894 4024 εἴρη-

313 4058 422 4103 ται,
471 4042 729 4112 ἄντικρυς
781 4042 1100 4108 φάσκοντος·
1164 4043 1313 4112 Ἐγὼ
1368 4045 1488 4112 εἰμὶ
1541 4048 1671 4114 μεθ’
1720 4047 1889 4117 ἡμῶν

312 4137 518 4200 πάσας
575 4134 682 4198 τὰς
734 4136 995 4204 ἡμέρας,
1045 4135 1158 4202 ἕως
1206 4139 1318 4204 τῆς
1371 4140 1728 4207 συντελείας
1780 4141 1887 4196 τοῦ

311 4226 548 4293 αἰῶνος.
591 4226 658 4281 Ol
693 4227 876 4296 χίλιοι
907 4226 986 4292 τῷ
1012 4228 1323 4297 Σολομὼν,
1351 4231 1450 4283 καὶ
1490 4233 1543 4285 οί
1587 4230 1885 4286 διακόσιοι

311 4319 434 4386 τοῖς
461 4319 716 4386 τηροῦσι
757 4321 867 4374 τὸν
893 4322 1132 4390 καρπὸν
1157 4322 1366 4377 αὐτοῦ.
1403 4324 1478 4376 Οὐ
1525 4324 1633 4394 γὰρ
1668 4324 1882 4378 ἀδάπασ

311 4427 402 4463 νον
447 4413 508 4464 τὸ
550 4412 907 4480 Εὐαγγέλιον,
959 4413 1072 4466 οὐδ’
1108 4413 1364 4484 ἄμισθον,
1415 4415 1552 4469 ἀλλὰ
1608 4416 1883 4469 πεπολλα-

2003 3299 2280 3368 tesimum,
2309 3305 2404 3359 sed
2422 3307 2584 3360 etiam
2615 3309 2968 3368 millesimum
3001 3314 3240 3374 fructum
3265 3326 3577 3394 percipien-

1998 3390 2075 3457 di,
2097 3395 2482 3462 praeclararnm
2502 3397 2880 3458 doctrinarum
2907 3407 3132 3476 pariter,
3149 3425 3212 3465 ac
3231 3390 3572 3483 dogmatum.

1997 3491 2252 3547 omnibus
2292 3494 2583 3562 praebuerit
2648 3501 2990 3557 occasiones.
3063 3503 3224 3560 Vinea
3277 3525 3394 3564 mea
3441 3516 3573 3570 mihi

1996 3580 2050 3633 in
2078 3592 2359 3650 conspectu
2393 3601 2506 3638 meo
2532 3603 2546 3652 ;
2600 3601 2663 3641 ac
2687 3589 2733 3642 si
2791 3592 2996 3648 diceret
3024 3611 3042 3648 :
3067 3595 3220 3675 oculi
3271 3605 3369 3654 mei
3421 3622 3576 3676 super

1987 3671 2185 3740 justas,
2239 3683 2288 3728 et
2319 3692 2475 3730 aures
2501 3694 2629 3732 mete
2663 3681 2732 3733 ad
2765 3697 2939 3751 preces
2972 3671 3232 3744 eorum".
3264 3691 3380 3748 Non
3416 3671 3575 3755 secus

1995 3764 2140 3818 enim
2171 3780 2236 3822 ac
2273 3781 2304 3820 a
2333 3766 2617 3826 Salvator'e
2642 3771 2860 3829 Christo
2889 3778 2953 3830 ad
2974 3776 3567 3854 Ecclesiamprolatum

1993 3866 2096 3920 cst,
2127 3860 2416 3930 perspicue
2445 3863 2661 3920 dicente
2690 3883 2703 3920 :
2741 3865 2851 3936 Ego
2876 3872 3139 3926 vobiscum
3179 3891 3296 3930 sum
3323 3883 3565 3939 omnibus

1993 3951 2174 4005 diebus
2190 3967 2351 4023 usque
2372 3955 2442 4008 ad
2453 3962 2957 4016 consummationem
2974 3967 3155 4021 seaculi
3165 3964 3233 4001 ¹’¹ο
3253 3969 3404 4027 Mille
3417 3972 3570 4030 Salo-

1992 4042 2155 4106 moni,
2180 4053 2229 4097 et
2259 4045 2473 4099 ducenti
2504 4050 2808 4105 custodibus
2844 4052 3050 4122 fructus
3073 4059 3209 4125 ejus.
3245 4060 3361 4117 Non
3418 4067 3564 4122 enim

1991 4133 2198 4191 fenoris
2245 4152 2440 4207 expers
2485 4140 2856 4213 Evangelium
2912 4158 3023 4216 est,
3077 4167 3254 4222 neque
3312 4161 3565 4215 mercede

1988 4236 2160 4296 caret,
2191 4229 2284 4286 sed
2313 4231 2546 4288 multum
2571 4237 2774 4306 ubique
2801 4247 3073 4298 terrarum
3109 4250 3355 4304 excrevit
3379 4249 3559 4305 Evan-

1987 4320 2188 4389 gelium
2219 4323 2324 4378 sub
2362 4326 2624 4393 apostolis
2673 4327 2762 4382 Dei
2803 4334 3142 4399 praeconibus
3174 4353 3189 4403 ;
3236 4353 3565 4410 receperunt

1987 4420 2168 4467 autem
2203 4413 2400 4483 singuli
2429 4431 2616 4471 eorum
2653 4421 2968 4492 centuplum
2999 4440 3100 4495 pro
3125 4430 3376 4487 mercede
3403 4433 3564 4490 labo-

313 4503 616 4557 πλασίαστο
651 4506 750 4572 μὲν
781 4505 842 4558 τὸ
872 4506 1206 4576 Εὐαγγέλιον
1234 4509 1313 4572 είς
1359 4509 1543 4561 πᾶσαν
1574 4508 1674 4579 τὴν
1697 4509 1878 4562 οίκου-
1908 4493 1960 4554 Ῑ)
1986 4523 2104 4562 rum
2130 4523 2376 4565 suorum.

326 4593 497 4664 μένην
534 4595 640 4648 ὑπὸ
693 4595 800 4648 τῶν
855 4597 1211 4668 θεοκηρύκων
1250 4601 1595 4657 ἀποστόλων.
1633 4600 1837 4655 Ἕλαόε
1873 4599 1920 4654 δ’
1952 4600 2184 4666 ἕκαστος
2242 4603 2424 4657 αὐτῶν
2494 4607 3065 4678 ἑκατονταπλασίονας
3104 4614 3228 4679 τοὺς
3297 4615 3522 4686 μισθοὺς
3547 4659 3562 4684 ,

313 4689 456 4760 ὑπὲρ
485 4683 559 4744 ὧν
592 4690 916 4745 κεκοπίακα.

553 4778 582 4786 -
985 4780 1217 4854 ᾊΣΜΑ.

389 4872 455 4927 '0
484 4873 820 4942 καθήμενος
840 4874 909 4928 ἐν
933 4875 1170 4945 κήποις,
1192 4876 1409 4946 ἑταῖροι
1435 4880 1876 4949 προσ-σχόντες,

311 4967 418 5038 τῆς
443 4967 651 5038 φωνῆς
691 4981 807 5020 σου
833 4967 1156 5022 ἀκούτισόν
1183 4984 1282 5038 με.

955 5049 1230 5119 ΣΧοΑιΑ.

391 5155 723 5219 ’Λσυνδέτως
771 5155 944 5210 ταῦτα
1005 5159 1252 5228 ἐκφέρει,
1312 5158 1402 5213 διὰ
1454 5161 1514 5211 τδ
1545 5204 1549 5208 .
1578 5160 1770 5222 εἰωθὸς
1820 5163 1879 5213 ὲν

306 5247 426 5308 ταῖς
464 5247 673 5315 εὐχαῖς,
725 5247 822 5298 καὶ
882 5246 1115 5315 μάλιστα
1173 5250 1300 5303 ὅταν
1353 5249 1592 5319 γνησίως
1651 5251 1879 5313 ταύταις

309 5337 704 5403 προσκείμεθα.
758 5334 914 5388 Οὕτω
961 5339 1067 5407 γάρ
1120 5355 1319 5408 φαμεν,
1367 5339 1468 5393 Θεέ
1517 5358 1644 5409 μου,
1685 5341 1879 5410 Σωτήρ

313 5441 438 5500 μου,
467 5428 718 5490 Θεοτόκε,
775 5431 1172 5494 παντάνασσα,
1220 5429 1368 5498 ἆγιοι
1437 5434 1664 5497 πάντες,
1717 5433 1879 5498 ὅσιοι,

312 5517 404 5565 καὶ
432 5515 656 5571 δίκαιοι.
691 5517 956 5580 Εὑκτικός
991 5520 1142 5572 ἐστιν
1194 5523 1221 5574 ὁ
1266 5520 1447 5588 λόγος,
1473 5523 1566 5574 καὶ
1599 5521 1763 5574 οἱονεί
1797 5539 1882 5583 τις

307 5605 618 5670 ἁπόπαυσις
651 5609 758 5662 τῶν
796 5610 968 5679 ᾠδώνο
1002 5611 1123 5664 ἀντὶ
1165 5612 1281 5678 τοῦ,
1310 5613 1423 5666 εἴθε
1464 5616 1770 5680 ἁκουτίζοις
1811 5636 1879 5682 με

2688 4795 2891 4855 CANT.

2099 4882 2184 4936 15.
2273 4883 2378 4948 Qui
2411 4885 2695 4941 habitasin
2765 4891 2954 4957 hortis,
3017 4895 3177 4950 amici
3232 4896 3558 4969 intendent“

1987 4981 2109 5027 sunt
2143 4991 2162 5039 ;
2200 4989 2374 5028 vocem
2414 4984 2564 5030 tuam
2603 4979 2691 5048 [ac
2727 4997 2805 5035 me
2839 4984 3048 5038 audire.

2373 5128 2393 5146 κ
2626 5069 2940 5131 δειιοωςι.

2060 5159 2194 5217 Sine
2223 5161 2612 5233 conjunctione
2647 5166 2764 5222 haec
2794 5167 2910 5237 ipsa
2939 5169 3168 5239 profert,
3196 5169 3387 5230 ndstro
3420 5191 3552 5244 sup-

1985 5251 2304 5320 plicantium
2369 5270 2539 5319 more,
2586 5264 2642 5311 et
2688 5259 2925 5314 maxime
2983 5263 3204 5331 quando
3259 5279 3324 5319 ex
3371 5267 3557 5319 animo

1981 5343 2468 5412 supplicatiOnibns
2538 5348 2847 5406 innitimur.
2906 5351 2997 5408 Sic
3051 5356 3195 5408 cnim
3247 5355 3482 5410 dicimus
3539 5374 3550 5409 :

1981 5435 2124 5492 Deus
2157 5453 2330 5507 meus,
2353 5439 2620 5497 Salvator
2639 5444 3047 5514 meus,Deipara
3069 5446 3255 5516 regina
3278 5448 3522 5500 omnium
3538 5487 3552 5508 ,

1980 5529 2153 5584 sancti
2177 5546 2389 5597 omnes,
2421 5533 2760 5601 innocentes,
2788 5547 2843 5592 et
2864 5539 3018 5608 justi.
3046 5538 3239 5594 Sermo
3257 5549 3342 5593 cst
3362 5553 3556 5608 optan-

1981 5616 2070 5682 tis,
2103 5631 2166 5672 ac
2188 5622 2484 5692 precantis,
2505 5635 2558 5680 et
2575 5627 2733 5695 quasi
2759 5626 2923 5692 tinem.
2942 5628 3181 5683 Canticis
3199 5628 3556 5699 imponentis,

381 5781 421 5815 ¹⁹
469 5781 572 5839 lsa.
610 5799 663 5853 ν,
722 5785 769 5838 1.
847 5788 892 5819 ²⁰
938 5787 1082 5844 Psal.
1112 5792 1403 5858 xxxnt,l6.
1484 5793 1525 5824 ¹¹
1572 5793 1761 5854 Matth.
1795 5745 2004 5865 lxxvm’,
2042 5799 2132 5855 :20.

2470 5917 2560 5924 -....-
