4028 6270
300 359 439 424 1093

291 562 487 630 διέγνω
543 567 640 618 καὶ
697 565 1043 637 ἀπεφήνατο·
1095 570 1282 641 ἐπειδὴ
1337 572 1517 641 χρόνοι
1575 574 1851 644 παρῆλθον

295 652 534 705 πλεῖστοι
565 656 656 706 καὶ
677 656 752 717 εἰς
779 658 840 709 τὸ
867 658 1276 728 ἀμνημόνευτον
1303 662 1490 732 σχεδὸν
1513 663 1760 732 ῆκοντες,
1794 663 1853 728 ἐξ

293 742 352 795 οῦ
381 745 472 795 τὸν
501 745 669 814 ἀγρὸν
691 748 740 813 οἰ
769 749 826 800 ἑν
863 751 928 817 τῇ
963 749 1056 802 τοῦ
1086 749 1456 819 Ἐσφιγμένου
1503 755 1635 822 μονῇ
1670 756 1853 806 κατεῖ-

293 836 384 904 χόν
417 851 476 888 τε
517 838 610 890 καὶ
654 839 945 909 ἐνέμοντο,
1000 845 1094 912 καὶ
1136 842 1442 912 παλαιγενῆ
1502 844 1850 914 δικαιώματα

292 929 612 996 ἐνεφάνισαν
640 933 729 982 καὶ
765 933 935 985 σεπτᾶι
985 933 1236 1000 βασιλικὰ
1271 935 1693 1005 προστάγματα,
1739 939 1852 1001 τοῖς

292 1020 658 1090 δικαιώμασιν
689 1024 746 1086 ἐς
782 1022 1012 1094 ὕστερον
1049 1027 1130 1088 είς
1166 1028 1439 1097 ἑδρασμὸν
1485 1029 1853 1097 ἐπακολουθή-

293 1128 478 1177 σαντα,
516 1114 836 1182 βεϐαιοῦ-ιτα
866 1119 930 1186 τῇ
979 1119 1111 1186 μονῇ
1142 1117 1203 1170 τό
1223 1136 1280 1171 τε
1308 1119 1400 1172 ἐπὶ
1430 1118 1506 1187 τῷ
1538 1119 1693 1189 ἀγρῷ
1718 1137 1853 1172 παν·-

290 1204 526 1257 τάπασιν
557 1206 934 1276 ἀνενόχλητον,
959 1208 1040 1260 ἔτι
1071 1209 1125 1261 δὲ
1158 1212 1251 1261 καὶ
1280 1209 1377 1280 τήν
1407 1211 1604 1280 χρῆσιν
1631 1212 1729 1280 τῆς
1755 1213 1852 1280 ἀρ-

291 1295 437 1358 δείας
467 1296 557 1348 τοῦ
585 1299 763 1349 ἐκεῖσε
791 1297 983 1362 ὓδατος
1013 1300 1150 1370 αὐτῇ
1204 1301 1545 1369 ἀπονέμοντα
1581 1302 1719 1354 κατά
1753 1301 1851 1371 τὴν

293 1383 390 1453 ήδη
423 1386 704 1455 προϐἄσαν
736 1388 861 1456 περὶ
891 1389 1084 1442 τούτου
1111 1390 1291 1458 κρίσιν
1313 1391 1576 1460 πρότερον
1597 1391 1850 1462 τοπικὴν,

293 1478 379 1529 διά
416 1478 590 1530 ταῦτα
615 1479 820 1532 δίκαιον
850 1480 989 1535 εἶναι
1031 1485 1281 1550 κατέχειν
1320 1482 1413 1534 καὶ
1449 1483 1709 1548 νέμεσθαι
1757 1485 1852 1536 καὶ

293 1569 372 1630 εἰς
394 1571 453 1622 τὸ
487 1571 615 1638 ἑξῆς
651 1571 778 1634 τοὺς
806 1575 866 1625 ἐν
893 1575 955 1642 τῇ
990 1573 1218 1644 ῥηθείσῃ
1262 1576 1398 1643 μονῇ
1425 1573 1519 1625 τοῦ
1550 1573 1852 1643 Ἐσφιγμέ-

293 1676 382 1712 νου
407 1661 497 1713 τον
530 1661 770 1713 τοιοῦτον
791 1663 982 1732 ἀγρὸν,
1011 1662 1106 1716 καὶ
1154 1663 1229 1732 μὴ
1268 1664 1546 1729 εὑρίσκειν
1577 1665 1728 1732 παρὰ
1757 1662 1852 1716 τοῦ

296 1751 496 1822 μέρους
516 1752 613 1820 τῆς
628 1751 962 1823 δηλωθείσης
993 1755 1158 1821 μονῆς
1184 1753 1276 1806 τοῦ
1307 1753 1633 1807 Βατοπεδίου
1659 1754 1852 1808 τούτου

293 1841 478 1894 ἕνεκεν
501 1843 819 1897 δυναστείαν
842 1845 942 1912 τὴν
972 1844 1238 1914 τυχοῦσαν
1266 1845 1298 1916 ἦ
1341 1845 1695 1914 διενόχλησιν,
1718 1848 1852 1914 μήτε

293 1932 378 1984 ἐπ’
411 1933 548 2004 αὐτῇ
583 1934 648 2004 δὴ
673 1936 740 2003 τῇ
788 1937 926 2004 νομῇ
957 1936 1050 1986 καὶ
1080 1937 1281 2005 κατοχῇ
1312 1933 1406 1986 τοῦ
1457 1935 1630 2004 ἀγροῦ
1661 1935 1756 1988 καὶ
1788 1936 1851 2002 τῇ

294 2024 558 2078 ἀνέκαθεν
617 2028 846 2096 περιοχῇ
895 2023 1084 2088 αὐτοῦ,
1123 2027 1260 2094 μήτε
1313 2026 1407 2078 ἐπὶ
1441 2029 1507 2093 τῇ
1534 2026 1726 2095 χρήσει
1753 2024 1856 2092 τῆς

295 2116 513 2184 ἀρδείας
545 2117 639 2170 τοῦ
666 2118 960 2186 εἰρημένου
987 2118 1197 2180 ὓδατος,
1241 2117 1322 2170 ἑτι
1351 2117 1407 2169 δὲ
1436 2117 1855 2184 ἀνοικοδομῆσαι

293 2207 416 2269 τοὺς
443 2207 850 2276 Βατοπεδηνοὺς
883 2208 951 2262 τά
979 2209 1406 2278 πυρποληθέντα
1438 2210 1531 2262 καὶ
1579 2210 1855 2279 καταϐλη-

294 2300 451 2355 θέντα
475 2303 750 2371 οἰκήματα
774 2318 844 2354 πα
855 2302 903 2371 ρ’
931 2301 1110 2354 αὐτῶν
1135 2301 1167 2370 ἢ
1192 2302 1288 2368 τὴν
1312 2301 1398 2355 ἐπ’
1425 2303 1608 2363 αὐτοῖς
1637 2302 1731 2354 καὶ
1754 2303 1854 2373 τὴν

291 2394 456 2463 ἀλλην
514 2392 732 2448 ἃπασαν
780 2395 1074 2448 ἀποδοῦναι
1126 2393 1354 2462 ζημίαν,
1409 2393 1593 2457 καθὼς
1628 2394 1694 2448 ἀν
1738 2395 1854 2446 δια-

291 2491 466 2556 γνοῖεν
492 2490 559 2542 τά
594 2491 721 2555 περλ¹
748 2491 845 2558 τῆς
877 2486 1081 2555 ζημίας
1110 2490 1157 2541 οἰ
1193 2491 1289 2558 τὴν
1337 2490 1465 2558 περὶ
1498 2484 1690 2539 τούτου
1722 2487 1853 2539 ἀναν

290 2581 536 2642 τεθέντες
565 2580 696 2649 παρ’
726 2581 886 2650 ήμῶν
926 2579 1259 2650 ποιήσασθαι
1313 2579 1608 2646 διάγνωσιν
1631 2593 1646 2608 ·
1697 2578 1854 2646 ὀφείο

180 2680 185 2685 “
291 2673 444 2726 λουσι
472 2674 579 2743 γὰρ
637 2672 1074 2742 ἑμφανιζομένου
1114 2669 1208 2724 τοῦ
1260 2669 1529 2737 παρόντος
1564 2670 1664 2736 τῆς
1697 2669 1852 2736 ἡμῶν

294 2768 651 2836 μετριότητος
707 2765 1099 2831 ύπομνήματος
1156 2763 1468 2814 συνέλευσιν
1520 2758 1852 2828 ποιήσασθαι

291 2862 431 2915 κατά
461 2860 560 2928 τὴν
595 2859 688 2912 ἐπὶ
718 2861 828 2919 τοῖς
860 2853 1122 2918 τοιούτοις
1142 2856 1454 2926 κρατοῦσαν
1497 2856 1555 2908 ἐν
1586 2855 1662 2921 τῷ
1696 2855 1852 2923 Ὀρει

290 2953 440 3018 τάξιν
473 2969 532 3004 τε
590 2949 681 3003 καί
737 2947 1024 3017 συνήθειαν
1071 2947 1097 2998 ὅ
1147 2964 1206 2998 τε
1243 2945 1324 3007 εἰς
1353 2945 1450 3015 τὴν
1483 2945 1576 2998 τοῦ
1626 2945 1850 3012 Πρώτου

290 3043 484 3112 ἐνοχήν
518 3028 986 3108 ἀνατεθησόμενος
1033 3037 1139 3088 τῶν
1191 3035 1369 3087 ἐκεῖσε
1403 3033 1716 3102 σεϐασμίων
1759 3050 1854 3101 μο-

1041 427 1053 442 ,
1369 371 1757 434 SYNODIC/E
1799 361 2476 442 CONSTITUTIONESI

294 469 526 540 Βιζύης,“
573 467 668 526 τοῦ
699 475 855 541 Κίου,
898 474 991 529 τοῦ
1027 477 1297 549 Γαρέλλης
1349 483 1444 534 καὶ
1473 483 1566 536 τοῦ
1601 484 1852 554 Βρύσεως
1882 479 1936 547 Α”
1959 507 2080 557 ραις
2112 493 2234 552 ταῖς
2264 492 2454 560 μοναῖς
2480 491 2540 542 τὸ
2565 489 2665 560 τῆς
2698 490 2920 562 εἰρήνης
2948 491 3070 546 ὅσον
3100 491 3265 546 καλὸν
3287 493 3378 546 καὶ
3397 494 3523 546 ὅσον

3388 375 3525 447 1094

1955 575 2022 633 αὖ
2055 579 2225 633 κακὸν
2256 581 2341 632 ,τὸ
2388 581 2488 647 τῆς
2527 583 2773 650 ταραχῆς
2830 599 2890 635 τε
2938 584 3030 635 καὶ
3069 582 3404 644 διαστάσεως
3429 584 3524 635 καὶ

1955 670 2125 724 πᾶσιν
2162 664 2244 734 οἷς
2268 671 2413 733 είκδς
2440 671 2570 740 περὶ
2601 672 2810 725 τούτων
2840 673 2978 741 πρὸς
3011 673 3209 736 αὐτοὺς
3239 671 3525 741 χρησάμε-

1955 777 2035 814 νοι
2065 761 2267 827 λόγοις,
2294 761 2473 814 πᾶσαν
2503 761 2824 830 ἐπιμέλειαν
2870 764 3188 831 ποιήσαιντο
3235 766 3330 815 καί
3358 778 3526 816 σπου-

1953 849 2068 918 δὴν,
2109 849 2247 903 ὥστε
2270 851 2351 902 ἐνί
2380 866 2442 916 γε
2477 849 2556 918 τῷ
2587 849 2772 919 τρόπῳ
2806 834 2886 914 εἰς
2936 850 3285 916 καταλλαγὰς
3325 852 3524 914 αὐτοὺς

1954 939 2253 1007 ἐμϐιϐάσαι
2288 941 2379 992 καὶ
2400 939 2499 1009 τὴν
2525 939 2606 1002 εἰς
2637 939 2697 992 τὸ
2724 939 2853 1008 ἑξῆς
2878 938 3212 1009 μνηστεῦσαι
3237 940 3523 1008 εἰρηνικὴν

1953 1032 2047 1085 ἐπὶ
2073 1031 2150 1101 τῷ
2181 1032 2467 1101 πράγματι
2491 1035 2826 1088 κατάστασιν
2862 1037 2956 1088 καὶ
2981 1037 3167 1087 πεῖσαι
3195 1035 3319 1096 τοὺς
3347 1035 3519 1086 τοιού-

1951 1141 2096 1190 τους,
2127 1125 2175 1177 εἰ
2231 1123 2476 1189 δυνατὸν,
2525 1126 2558 1195 ἢ
2615 1127 2814 1195 πράσει
2868 1126 2900 1197 ἢ
2935 1126 3246 1196 ἀνταλλαγῇ
3287 1128 3349 1195 τῇ
3384 1142 3515 1195 πρε-

1953 1214 2130 1286 πούσῃ
2155 1217 2248 1268 καὶ
2354 1217 2418 1270 ἀν
2449 1218 2498 1270 οἰ
2525 1217 2619 1270 τοῦ
2664 1217 3027 1285 Ἐσφιγμένου
3053 1217 3394 1286 ἀρέσκοιντο,
3422 1215 3522 1286 τὴν

1952 1304 2046 1356 ἐπὶ
2078 1304 2156 1373 τῷ
2205 1306 2360 1375 ἀγρῷ
2413 1301 2658 1361 διάλυσιν
2692 1309 3030 1377 ποιήσασθαι
3084 1308 3194 1359 τῶν
3220 1309 3520 1377 ὀχλήσεων,

1954 1379 2408 1462 καταδεξαμένων
2462 1397 2705 1466 δηλονότι
2769 1397 2878 1450 τῶν
2929 1397 3022 1451 τοῦ
3075 1397 3435 1468 Ἐσφιγμένου
3485 1396 3518 1468 ἢ

1956 1484 2201 1553 πωλῆσαι
2231 1485 2262 1558 ῆ
2292 1487 2622 1553 ἀνταλλάξαι
2651 1489 2786 1558 πρὸς
2819 1491 2944 1550 τοὺς
2991 1490 3400 1558 Βατοπεδηνοὺς
3430 1488 3521 1541 τὸν

1953 1575 2193 1628 τοιοῦτον
2225 1576 2419 1643 ἀγρόν,
2454 1580 2644 1649 ἐπειδὴ
2677 1581 2770 1634 καὶ
2801 1582 2850 1633 οἰ
2882 1581 3270 1646 Βατοπεδηνοὶ,
3306 1580 3355 1631 εί
3393 1579 3522 1647 βού-

1953 1665 2130 1717 λοιντο
2157 1667 2250 1719 τοῦ
2284 1669 2623 1739 ζητουμένου
2679 1673 2979 1740 ἐπιτυχεῖν,
3038 1670 3194 1742 ίκανῇ
3245 1670 3524 1736 ὀφείλουσι

1954 1757 2263 1824 χρήσασθαι
2295 1761 2358 1827 τῇ
2389 1761 2818 1826 συγκαταϐάσει,
2859 1746 3005 1814 ὥστε
3033 1764 3217 1814 πεῖσαι
3247 1762 3340 1814 καί
3368 1760 3523 1829 ἐφελ-

1956 1846 2222 1900 κύσασθαι
2248 1851 2376 1910 τοὺς
2402 1851 2459 1901 ἐν
2485 1853 2548 1920 τῇ
2596 1850 2690 1903 τοῦ
2737 1851 3102 1920 Ἐσφιγμένου
3138 1855 3274 1922 μονῇ
3312 1851 3518 1920 προθύ-

1964 1933 2081 2004 μως
2110 1939 2261 2005 σχεῖν
2290 1939 2384 1990 καὶ
2413 1938 2717 2000 αὑτοθελῶς
2752 1940 2885 2008 πρὸς
2914 1941 2946 2008 ἢ
3001 1941 3100 2007 τὴν
3129 1940 3389 2012 πράσινῆ
3423 1940 3524 2010 τὴν

1962 2026 2304 2093 ἀπαλλαγὴν
2336 2026 2429 2080 τοῦ
2465 2029 2634 2096 ἀγροῦ
2665 2033 2755 2082 καὶ
2784 2031 2876 2082 τοῦ
2903 2031 3110 2084 οἰκείου
3134 2033 3319 2093 αὐτοῖς
3352 2033 3526 2103 ἐκχω-

1962 2115 2127 2187 ρῆσαι
2161 2117 2394 2172 δικαίου.
2430 2119 2490 2170 Εἰ
2538 2119 2582 2170 δ’
2609 2120 2716 2190 ἀρα
2773 2123 2846 2190 μὴ
2888 2121 3030 2174 οὕτω
3056 2122 3231 2176 ταῦτα
3263 2123 3524 2193 προϐαίη,

1963 2207 2098 2276 μηδέ
2153 2208 2466 2278 πειθόμενοι
2509 2211 2783 2278 φαίνοιντο
2835 2214 2929 2266 ἐπὶ
2955 2217 3021 2284 τῇ
3052 2214 3322 2284 συμϐάσει
3353 2217 3400 2268 οἱ
3430 2215 3524 2268 τοῦ

1972 2300 2353 2367 Ἐσφιγμένου,
2383 2302 2503 2354 τότε
2534 2302 2598 2372 δὴ
2647 2304 2860 2369 πάντως
2907 2305 2968 2368 ἐξ
3020 2307 3266 2375 ἀνάγκης
3300 2309 3435 2360 κατά
3465 2307 3528 2360 τδ

1957 2389 2165 2444 δίκαιον
2199 2392 2589 2463 στερχθήσεται
2615 2396 2710 2447 καλ⁵
2755 2395 3003 2464 διαμενεῖ
3055 2397 3141 2450 ἐπ’
3183 2397 3529 2466 ἀμφοτέραις

1959 2481 2053 2534 καὶ
2079 2483 2158 2544 εἰς
2179 2487 2239 2536 τό
2259 2484 2384 2552 ἑξῆς
2441 2487 2562 2547 ταῖς
2591 2489 2782 2554 μοναίς
2819 2488 2852 2556 ὴ
2885 2488 3096 2540 παλαιά
3143 2489 3236 2540 ἐπὶ
3268 2490 3344 2556 τῷ
3371 2489 3526 2559 ἀγρῷ

1958 2573 2097 2642 νομὴ
2127 2576 2224 2628 καὶ
2261 2576 2542 2646 συνήθεια,
2597 2579 2692 2631 καὶ
2721 2577 2845 2630 οὔτε
2883 2582 3034 2647 παρά
3092 2580 3188 2645 τὴν
3221 2580 3404 2648 κοινὴν
3430 2578 3526 2631 τοῦ

1963 2663 2166 2734 Ὄρους
2212 2667 2364 2731 τάξιν
2409 2668 2502 2720 καὶ
2533 2669 2869 2721 διατύπωσιν
2898 2672 3288 2739 ἐνεργήσουσιν
3337 2671 3386 2722 οἰ
3417 2670 3527 2723 τῶν

1960 2753 2285 2825 ἀμφοτέρων
2335 2757 2512 2824 μονῶν
2559 2759 2694 2827 πρὸς
2741 2758 3018 2830 ,ἀλλήλους
3050 2760 3144 2811 ἐπὶ
3187 2758 3265 2828 τῷ
3301 2758 3528 2828 τοιούτῳ

1960 2849 2136 2918 ἀγρῷ,
2186 2848 2326 2902 ὥστε
2384 2847 2560 2919 ἦςιῖια
2588 2852 2902 2918 ἐπεισάγειν
2950 2850 3203 2921 ῆέτερόν
3254 2869 3307 2903 τι
3351 2852 3528 2904 ποιεῖν

1961 2940 2110 3010 παρά
2138 2941 2208 2992 τὰ
2235 2944 2385 3011 κοινῇ
2428 2944 2783 3013 κρατήσαντα
2816 2941 2910 2994 τοῦ
2950 2944 3151 3013 Ὄρους
3185 2943 3372 3012 ἑθιμα,
3395 2941 3521 2996 οὔτε

1963 3035 2069 3102 μὴν
2099 3034 2250 3104 παρά
2274 3033 2372 3104 τὴν
2404 3034 2542 3087 ἰδίαν
2571 3034 2719 3103 αὐτῷ
2745 3035 3033 3100 συνήθειαν
3058 3034 3153 3103 τήν
3187 3035 3250 3086 ἐκ
3281 3034 3530 3088 παλαιῶν

289 3135 414 3199 νῶν,
443 3133 576 3185 ἀλλά
606 3132 669 3202 δὴ
703 3133 792 3183 καὶ
818 3130 868 3182 οἱ
890 3129 1066 3182 λοιποὶ
1090 3129 1412 3196 τιμιώτατοι
1452 3125 1854 3196 καθηγούμενοι
1885 3138 1926 3195 C
1958 3124 2066 3176 τῶν
2095 3126 2306 3193 χρόνων
2337 3125 2393 3175 ἐν
2426 3124 2612 3185 αὐτοῖς
2650 3125 2986 3194 τηρηθεῖσαν
3031 3124 3419 3196 διαπράξονταί
3449 3143 3524 3192 τι,

286 3230 394 3280 τῶν
426 3227 482 3278 ἐν
511 3224 590 3292 τῷ
617 3223 766 3292 αύτῷ
792 3224 948 3291 Ὄρει
974 3222 1325 3289 σεμνοτέρων*
1349 3221 1526 3288 μονῶν
1555 3220 1650 3291 καὶ
1677 3217 1856 3270 λοιποί

286 3337 430 3383 τινες
459 3319 564 3372 τῶν
597 3319 779 3370 ἐκεῖσε
813 3315 1012 3383 τιμίων
1069 3315 1161 3366 καὶ
1196 3311 1588 3381 πνευματικῶν
1620 3310 1852 3379 ἀνδρῶν,

289 3413 384 3466 καὶ
418 3408 771 3479 ποιήσασθαι,
797 3407 870 3468 ὡς
895 3403 1284 3472 διεταξάμεθα,
1318 3403 1416 3471 τὴν
1444 3403 1737 3469 διάγνωσιν
1763 3405 1857 3457 καὶ

292 3501 584 3570 ἐκτίμησιν
638 3501 735 3568 τῆς
792 3501 850 3549 ἑν
883 3496 959 3564 τῷ
1013 3493 1171 3563 ἀγρῷ
1222 3495 1528 3562 γενομένης
1565 3491 1715 3563 παρὰ
1746 3491 1854 3543 τῶν

241 3593 258 3608 “
291 3590 679 3661 Βατοπεδηνῶν
731 3588 934 3660 ζημίας
980 3589 1074 3640 καὶ
1116 3585 1501 3654 ίκανοποιῆσαι
1530 3584 1757 3653 ταύτην.
1794 3581 1856 3635 δν

291 3685 508 3754 εἴρηται
535 3683 754 3751 τρόπον,
789 3680 923 3748 πρὸς
952 3679 1012 3730 τὸ
1050 3677 1214 3746 μέρος
1243 3676 1346 3743 τῆς
1371 3674 1465 3729 τοῦ
1496 3675 1856 3742 Ἐσφιγμένου

295 3775 456 3845 μονῆς
482 3789 495 3803 ·
523 3771 662 3840 πλὴν
685 3767 828 3822 οὕτω
865 3768 968 3836 μὲν
1003 3767 1102 3836 τὴν
1156 3765 1396 3820 νικῶσαν
1439 3765 1660 3833 εἴληφεν
1700 3765 1733 3832 ή
1761 3763 1855 3817 τοῦ

303 3863 666 3933 Ἐσφιγμένου
715 3860 850 3929 μονὴ
886 3859 980 3910 καὶ
1008 3857 1106 3927 τὴν
1130 3856 1450 3909 δεσποτείαν
1485 3855 1630 3925 ἔχειν
1658 3853 1858 3924 ἐψήφι-

291 3973 414 4010 σται
450 3954 543 4008 τοῦ
599 3952 794 4023 ἀγροῦ,
845 3950 927 4004 ἔτι
983 3947 1039 4002 δέ
1089 3947 1385 4003 ἀπολαϐεῖν
1414 3948 1508 3999 καὶ
1566 3945 1664 4015 τὴν
1694 3947 1750 3997 ἐν
1779 3945 1856 4014 τῷ

288 4047 445 4118 ἀγρῷ
470 4044 768 4116 γενομένην
814 4043 997 4104 αὐτοῖς
1051 4039 1258 4110 ζημίαν
1292 4038 1445 4109 παρά
1477 4037 1586 4090 τῶν
1615 4039 1858 4090 Βατοπε-

285 4139 480 4207 δηνῶν.
527 4137 667 4190 Ἀλλ’
697 4134 912 4204 ἐπειδὴ,
951 4131 1276 4200 ἀνθρώπους
1299 4129 1460 4191 ὄντας
1495 4129 1619 4190 τοὺς
1649 4129 1707 4181 ἐν
1738 4129 1857 4189 ταῖς

287 4230 608 4300 εἰρημέναις
668 4227 764 4280 τοῦ
823 4222 1157 4277 Βατοπεδίου
1205 4223 1301 4274 καὶ
1348 4223 1444 4275 τοῦ
1485 4221 1853 4289 Ἐσφιγμένου

290 4325 499 4392 μοναῖς,
542 4319 695 4374 οὐδὲν
726 4317 954 4380 ἀπεικὸς
989 4316 1084 4370 καὶ
1144 4313 1307 4367 πάλιν
1341 4330 1394 4366 τι
1451 4313 1562 4365 τῶν
1596 4312 1855 4365 τοιούτων

288 4417 352 4466 ἐκ
386 4411 750 4483 μικροψυχίας
777 4409 992 4472 παθεῖν,
1027 4404 1304 4460 καὶτοῦτο
1337 4403 1497 4456 εἴωθε
1535 4401 1854 4472 συμϐαίνειν

1959 3216 2094 3269 ἀλλά
2127 3217 2353 3286 μενοῦσι
2387 3216 2522 3284 πρὸς
2550 3217 2817 3285 ἀλλήλους
2840 3216 3205 3284 ἀπρόσκοποι,
3238 3216 3332 3269 καὶ
3358 3217 3524 3287 ἀρκε-

1960 3307 2252 3378 σθήσονται
2285 3307 2376 3360 ἐπὶ
2405 3309 2516 3370 τοῖς
2545 3309 2752 3360 ἑαυτῶν
2780 3308 2928 3368 ἰδίοις
2962 3307 3056 3360 καὶ
3095 3309 3354 3377 καθαρῶς
3390 3309 3524 3376 ἀνή-

1957 3415 2146 3452 κουσιν
2177 3400 2382 3461 αὐτοῖς,
2429 3399 2700 3473 μηδεμίαν
2749 3399 2843 3453 τοῦ
2903 3399 3092 3451 λοιποῦ
3154 3399 3526 3468 προσάγοντες

1957 3489 2233 3559 ἀφορμὴν,
2257 3490 2378 3542 ἐπεὶ
2407 3490 2468 3542 τὸ
2501 3489 2574 3559 μὴ
2608 3489 2846 3556 ἐμμένον
2882 3489 3092 3550 τούτοις
3117 3489 3173 3553 ἐξ
3200 3491 3527 3559 ἀμφοτέρων

1957 3582 2063 3633 τῶν
2092 3581 2273 3648 μερῶν
2301 3583 2365 3650 τῇ
2398 3581 2686 3650 πρεπούσῃ
2724 3580 3210 3651 καθυπαχθήσεται
3240 3581 3414 3650 ζημία
3436 3581 3530 3633 καὶ

1957 3669 2156 3740 εύθύνῃ
2217 3663 2411 3742 βαρείᾳ
2437 3671 2799 3724 ύποπεσεῖται
2836 3674 3209 3740 πνευματικῇ.
3269 3671 3389 3723 Τῶν
3420 3671 3530 3742 γὰρ

1959 3759 2266 3830 εἰρημένων
2301 3762 2464 3830 χάριν
2499 3764 2594 3815 καί
2631 3764 2729 3830 τῆς
2757 3765 2836 3824 εἰς
2870 3763 2928 3814 τὸ
2961 3761 3088 3832 έξῇς
3129 3761 3392 3831 διαμονῆς
3419 3751 3529 3814 ἀύ-

1957 3851 2068 3904 τῶν
2105 3868 2165 3904 τε
2201 3853 2295 3905 καὶ
2325 3851 2671 3922 βεϐαιώσεως
2697 3854 2789 3906 καὶ
2816 3854 2876 3906 τδ
2911 3854 3086 3923 παρὸν
3115 3853 3521 3924 ὑπομνηματῶ-

1958 3944 2047 4004 δες
2080 3946 2312 4014 γράμμα
2362 3944 2463 4013 τῆς
2488 3944 2648 4014 ήμῶν
2680 3946 3036 4013 μετριότητος
3078 3945 3296 3998 ἐκτεθὲν
3335 3945 3426 3996 καὶ
3457 3947 3522 4016 τῇ

1958 4034 2260 4105 ὑπογραφῇ
2290 4038 2383 4089 καὶ
2414 4037 2668 4105 σφραγῖδι
2693 4036 2858 4100 αὐτῆς
2889 4035 3159 4089 πιστωθέν
3190 4035 3420 4105 ἐπεδόθη
3447 4037 3528 4106 τῷ

1962 4129 2124 4196 μέρει
2157 4129 2254 4196 τῆς
2284 4127 2583 4195 σεϐασμίας
2613 4127 2905 4197 βασιλικῆς
2939 4127 3106 4198 μονῆς
3127 4127 3220 4180 τοῦ
3253 4130 3526 4181 Δεσπότου

1959 4219 2210 4290 Σωτῆρος
2240 4221 2478 4289 Χριστοῦ
2504 4221 2604 4290 τῆς
2630 4221 3078 4290 ἐπικεκλημένης
3101 4220 3192 4273 τοῦ
3232 4221 3532 4291 Ἐσφιγμέ-

1959 4325 2051 4363 νου
2071 4313 2150 4372 εἰς
2175 4312 2396 4380 διηνεκῆ
2420 4314 2517 4381 τὴν
2543 4312 2866 4378 ἀσφάλειαν.
2899 4311 3044 4380 Μηνὶ
3077 4310 3280 4381 Ἰουλίῳ
3309 4312 3407 4365 ινδ.
3435 4318 3527 4379 ιγ’.

2028 4401 2065 4472 ’ί-
2095 4397 2235 4471 Elge
2270 4401 2302 4468 ἡ
2337 4403 2657 4472 ὑπογραφὴ
2718 4404 2784 4456 τό
2809 4418 2822 4434 ·
2877 4403 3166 4470 Ἰωάννης
3204 4402 3353 4469 ἐλέῳ
3382 4403 3529 4456 Θεοῦ

286 4506 361 4566 ώς
388 4481 459 4557 τά
487 4481 676 4566 πολλὰ,
711 4504 832 4554 ἐπεὶ
864 4503 956 4554 καὶ
991 4500 1151 4569 φύσει
1183 4497 1471 4566 πρόχειρον
1501 4496 1533 4567 ή
1563 4495 1731 4549 κακία
1761 4495 1854 4547 καὶ
1887 4481 1932 4537 Ῑ)
1958 4492 2430 4561 ἀρχιεπίσκοπος
2451 4495 3164 4557 Κωνσταντινουπόλεως,
3203 4493 3356 4556 Νέας
3395 4493 3528 4546 Ῥώ-

286 4597 453 4658 πολὺς
478 4596 571 4647 ἐπὶ
593 4595 651 4646 τὸ
688 4597 867 4664 χεῖρον
890 4592 918 4642 ό
945 4591 1071 4660 ῥοῦς
1129 4592 1162 4660 ἢ
1222 4590 1422 4657 μᾶλλον
1481 4589 1716 4641 πλατεῖά
1746 4605 1849 4653 τις,

285 4683 656 4753 εὐαγγελικῶς
713 4680 910 4746 εἰπεῖν,
937 4682 970 4750 ή
1005 4683 1085 4742 εἰς
1134 4679 1303 4749 αὐτὴν
1335 4679 1452 4742 ὁδδς
1485 4678 1580 4729 καὶ
1610 4666 1849 4753 εὐρύχω-

289 4792 403 4846 ρος,
431 4773 525 4826 καὶ
551 4773 656 4842 χρὴ
679 4773 841 4824 πᾶσιν
869 4769 1196 4838 ἀνθρώποις,
1228 4769 1479 4838 μοναχοτς
1505 4783 1569 4833 γε
1601 4765 1709 4834 μὴν
1747 4765 1854 4834 μά-

282 4871 465 4927 λιστα,
502 4865 595 4916 ἆτε
632 4863 821 4930 κόσμῳ
856 4859 1182 4930 νεκρωθεῖσι
1230 4858 1324 4909 καὶ
1357 4857 1665 4925 κοσμικοῖς,
1691 4857 1854 4924 μηδε-

284 4959 418 5028 μίαν
477 4955 678 5008 διδόναι
707 4951 786 5022 τῷ
833 4949 1057 5020 πονηρῷ
1115 4928 1370 5019 πάροδον,
1401 4937 1536 5001 ἀλλά
1569 4946 1853 5014 παροῦσαν

281 5047 385 5118 μὲν
441 5045 665 5116 εἰρήνην
701 5044 1006 5112 περιέπειν,
1071 5040 1319 5093 ἀποῦσαν
1361 5040 1418 5091 δὲ
1461 5037 1852 5092 ἀνακαλεῖσθαι

280 5139 433 5210 πάσῃ
459 5135 805 5205 σπουδῇ,καὶ
857 5133 1036 5186 πάντα
1087 5131 1296 5184 ἐλάττω
1349 5130 1603 5200 ἡγεῖσθαι
1654 5133 1753 5200 τῆς
1793 5131 1851 5182 ἑν

277 5230 502 5301 Χριστῷ
530 5228 782 5299 ὁμονοίας
815 5227 1074 5296 κτήματά
1101 5242 1161 5278 τε
1201 5227 1296 5278 καὶ
1343 5225 1648 5296 πράγματα
1671 5241 1684 5256 ’
1729 5224 1851 5276 ἐπεὶ

277 5320 371 5373 οὖν
399 5319 540 5373 οὕτω
560 5320 732 5372 ταῦτα
761 5319 854 5372 καὶ
883 5318 1036 5370 οὐδὲν
1063 5317 1205 5370 οὕτω
1231 5318 1585 5386 περιποιητὸν
1614 5318 1692 5378 εἰς
1716 5315 1850 5383 ὁμό-

280 5428 429 5462 νοιαν
461 5410 533 5474 ὡς
561 5411 622 5463 τὸ
647 5409 1054 5480 περιαιρεῖσθαι
1084 5409 1180 5470 τὰς
1207 5409 1578 5476 ὑποκειμένας
1607 5408 1699 5460 καὶ
1728 5409 1850 5476 ἐρε-

281 5504 536 5567 θιζούσας
566 5507 643 5567 εἰς
675 5504 737 5557 τὸ
792 5504 962 5557 κακὸν
994 5503 1272 5574 ἀφορμὰς,
1325 5503 1437 5556 δεῖν
1469 5503 1614 5571 έγνω
1645 5503 1736 5554 καὶ
1761 5501 1850 5555 διὰ

276 5593 439 5645 τοῦτο
493 5597 525 5663 ή
579 5595 878 5664 μητριότης
911 5591 1091 5664 ήμῶν,
1122 5593 1197 5655 ὡς
1226 5592 1290 5646 ἂν
1343 5593 1392 5645 οί
1418 5593 1515 5659 τὴν
1547 5591 1848 5661 εἰρημένην

277 5683 530 5749 ἐξέτασιν
559 5686 652 5737 καὶ
683 5687 944 5738 ἰκάνωσιν
974 5684 1266 5754 ταχθέντες
1303 5685 1526 5753 ποιῆσαι
1558 5684 1731 5751 τίμιοι
1755 5683 1848 5734 καὶ

278 5775 642 5845 πνευματικοὶ
666 5775 879 5846 ἄνδρες,
916 5777 1331 5849 ὑπομνήσαντες
1356 5778 1478 5841 τοὺς
1508 5775 1564 5829 ἐν
1601 5774 1845 5844 ἀμφοτέ-

1955 4600 2097 4653 μης,
2132 4581 2230 4635 καὶ
2260 4583 2673 4651 οἰκουμενικὸς
2699 4583 3088 4653 πατριάρχης.

1960 4697 2048 4752 Ἥ.
2083 4694 2324 4766 Synodus
2349 4695 2565 4768 absolvi;
2587 4699 2896 4768 monac/pun
2927 4698 3192 4768 Ignatium
3221 4707 3527 4760 monasterii

2305 4776 2501 4819 sancta:
2529 4767 2713 4820 Annw.
2747 4766 2992 4835 (Initium
3024 4772 3210 4841 deat.)

2032 4897 2047 4912 .
2087 4900 2100 4915 .
2141 4896 2156 4912 .
2186 4899 2198 4911 .
2228 4861 2322 4911 καλ⁷
2348 4859 2609 4928 ἠρώτησα
2640 4860 2827 4922 αὐτὸν,
2861 4862 2956 4913 καὶ
2981 4862 3363 4931 ἀπελογήσατο
3391 4883 3526 4935 προς

1963 4989 1978 5006 .
2007 4989 2023 5006 .
2049 4988 2063 5004 .
2090 4988 2105 5004 .
2142 4949 2433 5022 [ἀῙπλοϊκῷ
2458 4951 2602 5021 λόγῳ
2652 4949 2746 5002 καὶ
2773 4950 2831 5016 ἐξ
2881 4951 3100 5021 ἀγάπης
3155 4952 3349 5019 οὕτως,
3391 4957 3472 5008 ὅτι
3500 4958 3526 5008 ὁ

1959 5041 2216 5110 Θεόφιλος
2244 5044 2472 5106 ἐκεῖνος,
2514 5041 2588 5104 ὠς
2620 5035 2788 5111 ἦλθεν
2826 5043 2905 5105 είς
2942 5041 3038 5113 τὴν
3061 5043 3374 5112 Ἀνατολὴν,
3398 5047 3532 5100 ὠνό-

1963 5149 2132 5203 μασεν
2189 5134 2382 5187 ἐαυτὸν
2439 5132 2908 5204 Ἱεροσολυμίτην,
2942 5137 3035 5187 καὶ
3065 5129 3211 5206 εἶχεν
3248 5140 3309 5190 ἐκ
3335 5141 3526 5192 τούτου

1959 5226 2151 5294 φήμην
2184 5225 2450 5296 μεγάλην,
2486 5227 2582 5278 καὶ
2614 5225 2844 5279 ἔϐλεπον
2878 5227 3086 5281 ἐκεῖνον
3117 5229 3303 5282 πολλοὶ
3325 5231 3397 5292 ὡς
3425 5249 3525 5282 κα-

1958 5314 2046 5368 λὸν
2071 5314 2380 5384 ἄνθρωπον.
2422 5315 2698 5384 ’Λπῆλθον
2723 5317 2816 5369 οῦν
2837 5317 3013 5384 κάγὼ,
3041 5319 3136 5370 καὶ
3166 5314 3307 5370 εἶδον
3337 5320 3522 5384 αὑτὸν,

1955 5407 2047 5457 καὶ
2076 5405 2332 5475 ὡμίλησα
2377 5408 2514 5478 πρὸς
2540 5407 2723 5476 ὀλίγον
2743 5424 2756 5438 ·
2787 5407 3013 5478 ὕστερον
3036 5409 3111 5472 δὲ,
3147 5409 3222 5471 ώς
3250 5409 3522 5478 ἐγνώσθη,

1956 5499 2038 5551 ὅτι
2065 5501 2165 5552 οὐκ
2190 5497 2343 5552 ἐστιν
2379 5499 2842 5570 Ἱεροσολυμίτης,
2871 5501 2986 5554 ἀλλ’
3007 5504 3034 5554 ὁ
3063 5503 3372 5570 κατάρατος
3396 5501 3526 5554 Θεό-

1957 5591 2132 5658 φιλος,
2162 5591 2518 5661 κατήργησαν
2547 5593 2642 5644 καὶ
2673 5591 3073 5659 ἀνεθεμάτισαν
3105 5592 3304 5653 πάντες
3334 5593 3521 5659 αὑτὸν,

1955 5684 2048 5735 καὶ
2078 5680 2188 5750 ἐγὼ
2220 5683 2275 5734 δέ
2313 5683 2516 5752 ὁμοίως
2549 5685 2878 5752 κατήργησα
2908 5685 3000 5732 καὶ
3028 5680 3398 5749 ἀνεθεμάτισα
3425 5685 3520 5736 αύ-

1953 5774 2066 5831 τόν.
2133 5773 2318 5828 Ταῦτά
2371 5791 2461 5845 μοι
2517 5772 2721 5830 εἰπενό
2754 5774 2858 5844 κῦρ
2917 5772 3176 5842 Ἰγνάτιος
3237 5776 3383 5842 ἐντὸς
3418 5776 3518 5847 τῆς
