4010 6258
275 317 405 384 1199

1339 311 1733 376 summm:
1761 277 2444 374 CONSTITUTIGNES.

3371 311 3509 378 1130

271 435 599 506 ἐξωνήσατο,
653 431 840 495 καθὼς
881 429 1122 502 εἴρηται,
1174 429 1264 483 διὰ
1306 429 1414 483 τῶν
1465 427 1828 498 ὐπερπύρων,
1855 435 1906 498 Α
1933 426 2085 497 παρά
2140 425 2238 480 τοῦ
2299 427 2595 495 ίερωτάτον
2661 427 3066 502 μητροπολίτου
3126 428 3356 499 Μύρων,
3415 433 3514 487 καὶ

269 525 408 595 άπερ
437 523 628 578 ἔλασεν
674 523 813 592 ὑπὲρ
849 517 957 574 τῶν
994 518 1286 591 προικῴων
1314 519 1595 590 δσπητίων
1642 515 1832 582 αὐτοῦ,

271 615 388 679 δούς
424 614 601 669 ταῦτα
633 611 969 684 ἐνεχυρικῶς
1000 611 1098 665 σὺν
1123 612 1238 674 τοῖς
1285 610 1416 681 περὶ
1444 609 1646 671 αὐτοὺς
1685 608 1834 682 εὐρι-

275 706 555 775 σκομένοις
601 706 919 776 οίκήμασιν,
954 705 1047 760 καὶ
1103 705 1195 758 τὸν
1240 704 1444 775 τρόπιν
1487 702 1679 756 τοῦτον
1709 701 1838 753 ἀνα-

275 797 440 850 σῶσαι
476 801 542 868 τῇ
595 797 831 869 θυγατρὶ
859 799 926 851 τά
957 796 1191 868 ρηθέντα
1243 793 1492 866 προικῷα
1523 793 1730 862 ταύτης
1759 791 1836 844 οί-

275 889 492 958 κήματα
519 888 615 942 καὶ
655 888 718 942 τδ
765 887 1037 960 ἀμπέλιον
1071 888 1165 939 ἐπὶ
1207 884 1288 955 τῷ
1335 881 1667 954 κατέχεσθαι
1700 879 1838 951 παρ’

273 979 439 1047 αὐτῆς
464 978 660 1044 ταῦτα,
702 980 903 1050 μέχρις
942 979 1029 1045 ἂν,
1077 977 1154 1041 ώς
1186 976 1425 1047 εἴρηται,
1462 974 1492 1027 6
1523 973 1664 1044 ἀνὴρ
1695 973 1838 1044 πρὸς

275 1073 441 1144 αὐτὴν
485 1071 780 1144 ἐπανέλθῃ.
815 1072 1006 1136 Οὐδεὶς
1037 1072 1218 1125 τοίνυν
1259 1065 1517 1139 ἐμποδὼν
1549 1067 1726 1136 τούτῳ
1748 1081 1837 1134 γε-

274 1166 493 1234 νήσεται
519 1165 768 1234 νομίμως
792 1163 969 1216 ταῦτα
1002 1162 1397 1232 πιπράσκοντι,
1441 1157 1563 1212 ἀλλ’
1587 1157 1840 1210 ἐάσουσιν

274 1254 437 1307 αὐτὸν
492 1253 694 1316 πάντες
747 1251 1166 1320 ἀνεμποδίστως
1220 1250 1324 1319 τὴν
1374 1247 1584 1299 τούτων
1635 1243 1839 1313 πρᾶσιν

275 1345 628 1416 ποιήσασθαι.
669 1344 873 1398 Τούτου
915 1345 1024 1414 γὰρ
1059 1343 1222 1414 χάριν
1263 1339 1568 1393 ἐπιδέδοται
1604 1336 1683 1405 τῷ
1727 1336 1843 1388 δια-

274 1435 531 1506 ληφθέντι
562 1435 815 1507 σεύαστῷ
848 1434 956 1506 κῦρ
1001 1431 1284 1503 Εὐσταθίῳ
1313 1431 1390 1502 τῷ
1436 1429 1703 1498 Κιννάμῳ
1748 1425 1844 1480 καὶ

272 1530 332 1582 τὸ
363 1530 539 1599 παρὸν
562 1531 798 1599 γράμμα
833 1531 930 1598 τῆς
959 1527 1120 1597 ήμῶν
1153 1525 1535 1597 μετριότητος.

337 1622 379 1691 -ι-
409 1617 551 1690 Εἶχε
581 1623 649 1676 τό
672 1636 686 1652 ·
727 1620 885 1689 Μηνὶ
920 1621 1086 1685 Μαΐῳ
1113 1619 1230 1673 ίνδ.
1266 1617 1359 1672 ιδ’.

273 1751 462 1808 XXXI.
497 1751 732 1837 Jganneg
752 1748 1631 1837 nzet_r0polIIquA113136?quIn
1659 1745 1846 1800 alieni:
1877 1781 1918 1837 Β

506 1823 805 1876 ἀίωεεεὶὁιιε
830 1819 964 1892 jura
997 1819 1323 1891 episcOpalia
1344 1833 1601 1873 exercere.

341 1937 382 2010 -ι-
430 1936 720 2008 Ἰερώτατε
771 1934 1148 2006 μητροπολῖτα
1191 1932 1510 1997 ’Δτταλείας
1543 1933 1640 1986 καὶ
1673 1931 1847 2000 ὐπέρ-

275 2048 422 2100 τιμε,
456 2032 512 2082 ἐν
541 2029 686 2098 ἁγίῳ
718 2029 998 2095 Πνεύματι
1029 2025 1287 2096 ἀγαπητέ
1321 2025 1522 2094 ἀδελφέ
1551 2025 1650 2093 τῆς
1689 2024 1848 2094 ήμῶν

280 2121 635 2194 μετριότητος
667 2119 764 2174 καὶ
802 2117 1212 2187 συλλειτουργέ,
1243 2118 1403 2187 χάρις
1427 2115 1516 2185 εῐη
1539 2116 1633 2169 καὶ
1656 2116 1848 2185 είρήνη

279 2216 432 2284 παρά
481 2211 616 2266 Θεοῦ
671 2215 736 2282 τῇ
791 2214 859 2282 σῇ
914 2211 1173 2280 ἱερότητι.
1225 2209 1290 2262 Ἦ
1346 2208 1642 2278 μετριότης
1691 2206 1849 2276 ήμῶν

279 2303 598 2374 ἐγνώρισεν,
637 2303 742 2368 ὅτι,
779 2303 863 2356 διὸ
887 2302 1211 2373 εὑρίσκοντο
1245 2300 1301 2354 αί
1335 2298 1526 2353 αὐτόθι
1558 2296 1848 2366 ἐκκλησίαι

279 2395 355 2464 μὴ
396 2395 619 2464 ἔχουσαι
662 2392 925 2464 γνησίους
975 2393 1279 2463 ἀρχιερεῖς,
1317 2383 1477 2460 εὗρες
1518 2389 1706 2443 ἀδειαν
1754 2390 1850 2440 καὶ

274 2487 470 2558 ἐξέρχῃ
502 2484 610 2540 ἀπὸ
654 2485 752 2555 τῆς
798 2484 1012 2556 ἐνορίας
1053 2499 1173 2548 σου,
1211 2482 1306 2536 καὶ
1339 2482 1726 2552 ίεροπρακτεϊς
1758 2479 1852 2532 καὶ

277 2578 520 2646 ἐνεργεῖς
566 2576 637 2628 τὰ
681 2575 792 2630 τῶν
841 2577 1146 2647 ἀρχιερέων
1194 2574 1273 2637 είς
1323 2575 1422 2636 τὰς
1468 2571 1683 2638 ἐνορίας
1740 2570 1852 2624 τῶν

277 2667 453 2722 ἀλλων
493 2667 827 2737 ἐκκλησιῶν,
873 2667 970 2719 καὶ
1016 2665 1174 2718 τοῦτο
1222 2664 1378 2718 οὐδὲν
1431 2663 1516 2716 ενι
1564 2662 1852 2717 κανονικὸν

279 2758 398 2814 οὐδέ
429 2757 658 2820 δίκαιον,
689 2757 778 2810 ῖνα
807 2755 1026 2825 γίνηται
1048 2755 1202 2824 παρά
1230 2755 1345 2806 σοῦ’
1374 2756 1472 2807 καὶ
1498 2754 1684 2822 ἐπειδὴ
1711 2753 1854 2822 ἐχει-

282 2849 545 2918 ροτονήθη
577 2847 673 2900 καὶ
716 2844 1134 2915 καταλαμὸάνει
1164 2845 1259 2897 καὶ
1300 2845 1597 2914 ἀρχιερεὺς
1642 2845 1723 2907 είς
1754 2844 1854 2912 τὴν

280 2939 592 3009 ἁγιωτάτην
651 2935 986 3008 μητρόπολιν
1031 2935 1260 3006 Μύρων,
1315 2936 1408 2987 καὶ
1461 2935 1853 3004 ἀπεστάλησαν

281 3030 372 3080 καὶ
417 3029 596 3098 ἕτεροι
649 3027 930 3096 ἀρχιερεῖς
989 3027 1070 3087 είς
1127 3025 1226 3087 τὰς
1283 3023 1471 3078 αὐτόθι
1529 3025 1850 3096 ἐκκλησίας,

279 3120 543 3191 χωρεῖσθε
593 3111 676 3181 εἷς
717 3118 951 3179 ἕκαστος
991 3120 1086 3169 καὶ
1136 3117 1395 3186 ἀρκεῖσθε
1429 3118 1509 3180 είς
1555 3117 1660 3189 τήν
1709 3118 1851 3170 ίδίαν
1877 3146 1924 3200 c

277 3212 514 3282 ἐνορίαν,
552 3212 645 3263 καὶ
699 3209 868 3279 μηδὲν
901 3208 1282 3282 παρεκϐαίνῃς
1324 3211 1419 3262 καὶ
1471 3211 1850 3281 ίεροπρακτῇς

274 3305 358 3365 είς
387 3302 556 3372 ἄλλης
587 3300 887 3373 ἐκκλησίας
927 3303 1163 3371 ἐνορίαν,
1191 3301 1276 3353 ὃτι
1316 3299 1476 3355 τοῦτο
1509 3304 1590 3366 εἰς
1627 3303 1850 3357 καταδί-

279 3410 383 3460 κην
415 3395 509 3446 καὶ
552 3391 782 3463 εὐθύνην
828 3391 887 3445 σὲ
919 3391 1076 3461 φέρει
1108 3391 1419 3462 κανονικήν,
1453 3393 1546 3446 καὶ
1577 3395 1672 3446 ἐὰν
1698 3394 1850 3446 οὐδὲν

280 3483 498 3554 παύσῃς
539 3482 636 3536 τοῦ
668 3485 845 3538 ποιεῖν
873 3485 942 3536 τὰ
969 3485 1220 3549 τοιαῦτα,
1255 3485 1403 3556 άπερ
1438 3487 1576 3540 είσὶν
1605 3487 1711 3553 ἔξω
1742 3486 1850 3540 τῶν

281 3575 540 3638 κανόνων,
595 3575 808 3643 μέλλεις
855 3576 1324 3646 καταδικασθῆναι
1378 3568 1472 3630 καὶ
1525 3577 1852 3648 εὐθυνθῆναι

280 3664 436 3733 παρά
464 3664 564 3734 τῆς
587 3667 746 3735 ήμῶν
775 3668 1126 3738 μετριότητος
1155 3669 1249 3720 καὶ
1275 3668 1377 3737 τῆς
1407 3667 1555 3732 θείας
1579 3671 1674 3724 καὶ
1702 3670 1851 3740 ίερᾶς

283 3755 506 3809 συνόδου
561 3757 884 3820 κανονικῶς.
918 3759 1017 3812 Διὰ
1063 3760 1225 3812 τοῦτο
1279 3761 1375 3813 καὶ
1434 3761 1701 3831 συντήρου
1758 3764 1854 3814 καὶ

281 3848 431 3900 ποίει
478 3847 588 3901 ἀπὸ
633 3848 728 3900 τοῦ
780 3847 896 3914 νῦν,
956 3849 1140 3912 καθὼς
1209 3850 1513 3920 παραδηλοῖ
1559 3853 1697 3922 πρδς
1753 3854 1852 3923 τήν

283 3935 542 4007 ίερότητά
595 3954 689 3990 σου
748 3939 781 4007 ή
841 3938 1134 4008 μετριότης
1187 3940 1366 4012 ήμῶν.
1414 3941 1480 3996 Ἥ
1537 3941 1696 4012 χάρις
1757 3941 1853 3995 τοῦ

279 4029 418 4083 Θεοῦ
456 4030 542 4102 εἴη
575 4031 716 4102 μετά
744 4029 867 4086 σοῦ.
1579 4053 1582 4056 ’

351 4118 394 4192 ἰ-
428 4117 570 4191 Εῖχε
606 4123 692 4176 τό·
720 4122 878 4190 Μηνὶ
908 4123 1076 4187 Μαΐῳ
1101 4124 1214 4178 ινδ.
1248 4124 1340 4180 ιδ’.

279 4255 499 4313 XXXII.
525 4255 768 4328 Synodus
785 4257 1089 4334 eleqtiqnem
1107 4263 1333 4334 epucopi
1356 4261 1554 4320 Macae
1579 4277 1626 4318 et
1651 4263 1851 4334 Libysii

867 4332 1079 4384 irritam
1108 4332 1258 4400 facit.

1937 518 2145 591 ἀγιάζῃ
2173 519 2269 573 καὶ
2295 520 2564 592 ποιμαίνῃ
2596 521 2689 574 τὸν
2713 521 2891 574 ἐκεῖσε
2939 521 3330 592 εὑρισκόμενον
3377 522 3514 592 Χρι-

1944 609 2223 664 στιανικὺν
2234 609 2385 664 λαόν.
2401 609 2602 679 Τοίνυν,
2625 611 2721 665 καὶ
2744 610 2947 680 ὀφείλει
2976 611 3198 684 στέρξαι
3232 613 3327 667 καὶ
3351 613 3515 676 αὐτὸς

1936 701 2035 771 τὴν
2061 700 2347 770 παροῦσαν
2388 701 2675 773 συνοδικήν
2709 702 3135 774 παρακέλευσιν,
3176 703 3312 774 μηδέ
3367 705 3517 756 ἀντι-

1939 793 2130 860 στῆναι
2165 790 2302 861 μηδέ
2323 791 2620 861 ἀπειθῆσαι
2636 792 2770 856 δλως
2789 794 2868 856 είς
2893 793 3118 863 ταύτην.
3134 793 3437 861 Ὀφείλουσι
3456 795 3517 848 δέ

1939 881 2160 955 στέρξαι
2191 887 2287 937 καί
2333 886 2676 957 συντηρῆσαι
2709 887 2804 941 καὶ
2849 888 2897 941 οί
2945 887 3128 940 ἐκεῖσε
3171 889 3514 957 Χριστιανοὶ,

1938 973 2066 1027 ὅσον
2091 976 2220 1047 περὶ
2253 975 2446 1029 τούτου
2493 977 2881 1046 πνευματικῶς
2919 977 3219 1049 διορίζεται
3253 979 3392 1049 μετὰ
3418 980 3518 1050 τῆς

1940 1064 2094 1128 θείας
2121 1066 2342 1120 συνόδου
2381 1067 2414 1137 ή
2451 1068 2742 1139 μετριότης
2779 1069 2960 1139 ήμῶν.

2013 1158 2054 1227 -ι-
2085 1153 2226 1226 Εἶχε
2255 1160 2342 1212 τό”
2378 1158 2537 1226 Μηνὶ
2574 1162 2738 1225 Μαΐῳ
2775 1159 2892 1216 ινδ.
2932 1159 3022 1216 ιδ’.

1944 1318 2184 1374 XXXIII.
2217 1317 2452 1375 Joannes
2479 1320 2828 1392 metropolilm
2856 1320 3101 1376 Melem'ci
3127 1322 3182 1375 in
3206 1321 3299 1392 jus
3333 1331 3519 1376 vocato

2325 1391 2558 1444 concedit
2584 1391 2892 1445 dilationem
2919 1393 3147 1447 termini.

2016 1524 2056 1594 -ι-
2103 1523 2390 1595 Ἱερώτατε
2427 1525 2801 1597 μητροπολῖτα
2855 1524 3160 1580 Μελενίκου
3203 1527 3298 1580 καὶ
3352 1528 3521 1598 ὐπέρο

1948 1635 2098 1688 τιμε,
2126 1618 2186 1672 ἐν
2213 1616 2356 1689 ἁγίῳ
2397 1616 2676 1688 Πνεῦματι
2707 1618 2963 1688 ἀγαπητέ
2994 1618 3190 1687 ἀδελφέ
3238 1619 3334 1690 τῆς
3363 1619 3522 1690 ήμῶν

1951 1707 2309 1778 μετριότητος
2332 1709 2428 1760 καὶ
2452 1708 2862 1779 συλλειτουργέ,
2903 1708 3067 1781 χάρις
3097 1709 3184 1781 ετη
3210 1711 3303 1763 καὶ
3326 1711 3520 1780 εἰρήνη

1951 1800 2102 1868 παρὰ.
2126 1799 2265 1854 Θεοῦ
2293 1793 2458 1872 τῇ’σῇ
2489 1802 2752 1873 ίερότητι.
2787 1802 2857 1855 Ἦ
2889 1801 3078 1873 γραφή
3110 1803 3210 1872 τῆς
3246 1803 3344 1873 σῆς
3382 1802 3524 1873 ίερό-

1946 1907 2110 1956 τητος
2142 1891 2464 1963 διεκομίσθη
2499 1894 2639 1964 πρὸς
2679 1894 2779 1964 τὴν
2828 1895 2986 1964 ήμῶν
3040 1896 3399 1966 μετριότητα,
3432 1895 3524 1948 καὶ

1949 1983 2364 2051 ἀναγνωσθεῐσα
2419 1985 2741 2056 ἐγνώρισεν,
2790 1987 2892 2040 ὅσα
2943 1986 3014 2039 δι’
3064 1986 3237 2057 αὐτῆς
3283 1987 3525 2058 παρεδή-

1950 2073 2092 2142 λους,
2122 2076 2292 2148 ῆγουν
2323 2077 2472 2140 ὅπως
2500 2077 2641 2148 μετά
2681 2078 2884 2149 πολλῆς
2920 2077 3236 2149 προθυμίας
3271 2078 3526 2132 ἐϐούλετο

1946 2167 1984 2238 ή
2011 2167 2221 2236 ίερότης
2255 2183 2349 2220 σου
2373 2167 2707 2221 καταλαϐεῖν
2734 2169 2972 2224 ἐνταῦθα
2996 2171 3090 2223 ἐπὶ
3114 2169 3194 2243 τῷ
3223 2171 3527 2240 ἀπολογίαν

1949 2259 2138 2313 δοῦναι
2177 2260 2271 2313 καὶ
2319 2261 2807 2316 ἀποσκευάσασθαι
2851 2263 2920 2316 τὰ
2959 2263 3081 2316 κατ’
3132 2264 3305 2334 αὐτῆς
3359 2264 3526 2336 λαλη-

1951 2353 2111 2405 θέντα
2171 2354 2490 2421 συνοδικῶς,
2527 2355 2832 2425 διεκωλύθη
2897 2355 2954 2409 δὲ
3014 2357 3167 2426 ὅμως
3225 2357 3333 2412 ὑπό
3381 2375 3528 2422 τινος

1951 2447 2305 2518 ἐνσκηψάσης
2334 2447 2411 2518 τῷ
2439 2447 2652 2518 σώματι
2679 2449 2847 2516 αὐτῆς
2884 2449 3197 2516 ἀσθενείας,
3227 2451 3324 2504 καὶ
3360 2467 3530 2522 παρε-

1949 2535 2142 2605 δήλους
2186 2539 2280 2591 καὶ
2326 2537 2565 2608 ἐζήτεις,
2613 2538 2690 2600 ώς
2733 2537 2800 2592 ἀν
2852 2539 3082 2609 γένηταί
3127 2558 3213 2604 τις
3249 2539 3337 2594 διὰ
3368 2539 3528 2595 τοῦτο

1955 2627 2271 2696 ὑπέρθεσις,
2319 2629 2412 2682 καὶ
2457 2630 2704 2701 παρέλθῃ
2744 2633 2771 2683 6
2805 2632 2996 2700 καιρὸς
3045 2631 3140 2684 τοῦ
3193 2631 3406 2702 θέρους,
3434 2637 3530 2687 καὶ

1957 2718 2099 2772 κατά
2135 2719 2198 2772 τδ
2229 2719 2572 2790 φθινόπωρον
2603 2721 2918 2795 καταλάϐῃς
2946 2724 3206 2793 ἐνταῦθα,
3233 2727 3309 2787 ώς
3340 2743 3528 2780 συντε-

1956 2811 2171 2873 λοῦντος
2215 2813 2295 2876 είς
2338 2812 2496 2867 τοῦτο
2543 2815 2636 2867 καὶ
2687 2815 2780 2868 τοῦ
2830 2815 3048 2886 καιροῦ.
3105 2817 3354 2882 Ἐδέξατο
3399 2819 3532 2888 γοῦν

1956 2902 2111 2955 τοῦτο
2145 2905 2177 2972 ή
2213 2905 2512 2976 μετριότης
2554 2906 2735 2976 ήμῶν,
2773 2908 2864 2960 καὶ
2911 2907 3214 2980 παραδηλοῖ
3260 2910 3396 2979 πρὸς
3430 2912 3530 2982 τῆν

1959 2995 2216 3064 ίερότητά
2253 3011 2372 3053 σου.
2407 2995 2482 3055 ώς
2519 2995 2607 3058 ἂν,
2648 2997 2770 3050 ἐπεὶ
2811 2995 2903 3050 ὐπ’
2943 2997 3229 3062 ἀσθενείας
3261 3001 3530 3057 κωλύεται

1956 3080 2185 3154 ἐλθεῖνή
2222 3083 2439 3154 ίερότης
2470 3101 2563 3137 σου
2599 3089 2695 3140 καὶ
2730 3087 2992 3157 τοιαύτης
3024 3087 3308 3153 ἀσθενείας
3337 3090 3532 3162 ἀκινη-

1959 3171 2082 3224 σίαν
2110 3175 2351 3242 παντελῆ
2381 3177 2786 3248 παρεχομένης,
2822 3181 3284 3253 προσκαρτερήσῃ
3318 3183 3530 3250 αὐτόθι,

1958 3265 2051 3317 καὶ
2088 3263 2381 3339 διασιόἁσῃ
2411 3267 2503 3320 τὸν
2553 3267 2647 3322 τοῦ
2678 3269 2876 3339 θέρους
2909 3271 3124 3339 καιρὸν,
3163 3273 3440 3348 σπουδάσῃ
3474 3275 3533 3328 δὲ

1957 3357 2054 3410 καὶ¹
2097 3355 2486 3425 διαγωνίσηται
2520 3358 2698 3412 ἐλθεῖν
2745 3359 2816 3412 δι’
2841 3362 2967 3414 ὅλου
3015 3362 3113 3416 τοῦ
3148 3365 3532 3434 Σεπτεμὸρίου

1963 3449 2132 3518 μηνὸς
2158 3450 2329 3519 χωρίς
2355 3449 2622 3520 ἀναϐολῆς
2658 3451 2752 3503 καὶ
2787 3452 3135 3521 ὑπερθέσεως
3169 3456 3528 3527 οἱασδήτινος·

1957 3539 2081 3590 ὅθεν
2109 3539 2203 3590 καὶ
2237 3541 2514 3609 ποιησάτω
2547 3543 2578 3610 ή
2612 3541 2832 3613 ίερότης
2859 3561 2975 3612 σου,
3019 3546 3161 3600 καθά
3193 3545 3535 3619 παραδηλοῦ-

1959 3645 2063 3695 μεν
2112 3631 2274 3701 αὐτῇ.
2312 3631 2378 3684 Ἦ
2423 3633 2582 3702 χάρις
2631 3635 2724 3688 τοῦ
2776 3635 2911 3688 Θεοῦ
2966 3638 3052 3711 εῐη
3109 3641 3248 3710 μετὰ
3284 3645 3382 3712 τῆς
3432 3644 3532 3712 σῆς

1962 3719 2255 3789 ίερότητος.

2030 3810 2069 3882 -ι-
2108 3808 2252 3882 Εἶχε
2280 3816 2369 3869 τό·
2402 3818 2559 3885 Μηνὶ
2596 3817 2762 3885 Μαΐῳ
2800 3821 2919 3874 ενδ.
2947 3821 3035 3876 ιδ’.

1957 3961 2200 4047 XXXIV.
2232 3968 2482 4047 Shynodug
2537 3973 2756 4047 αὸεοίυὶι
2810 3978 3165 4047 presbyterum
3235 3978 3530 4039 Garianum

1963 4046 1972 4054 '
2243 4039 2635 4110 Bogomilorum
2662 4039 2914 4100 Ιιωνεεεοε
2941 4039 3270 4105 αέειιεαιιιηι.

2029 4175 2070 4247 ’ί-
2118 4177 2178 4231 Ὅ
2212 4178 2504 4248 ἱερώτατος
2552 4183 2957 4254 μητροπολίτης
3005 4185 3354 4258 Ἡρακλείας,
3395 4193 3532 4258 πρό-

1959 4267 2114 4337 εδρος
2145 4268 2254 4322 τῶν
2286 4270 2607 4340 ὐπερτίμων
2653 4274 2747 4327 καὶ
2791 4273 3020 4346 ἔξαρχος
3070 4278 3252 4350 πάσης
3307 4281 3529 4352 Θρᾴκης

1957 4361 2055 4410 καὶ
2082 4359 2447 4426 Μακεδονίας,
2480 4363 2535 4414 ἐν
2565 4363 2708 4433 ἁγίῳ
2743 4365 3020 4436 Πνεῦμα-τι
3057 4369 3344 4441 ἀγαπητὸς
3375 4370 3527 4424 ἀδελ-

353 4442 420 4535 τ-
445 4442 664 4535 Ἐπειδὴ
698 4443 996 4512 ἐγνώρισεν
1054 4445 1088 4517 ή
1141 4447 1432 4519 μετριότης
1486 4449 1666 4519 ήμῶν,
1714 4451 1787 4516 ώς
1823 4453 1852 4505 6
1885 4477 1928 4534 ο
1959 4450 2059 4520 φὺς
2087 4453 2187 4522 τῆς
2234 4453 2391 4521 ἡμῶν
2427 4457 2778 4526 μετριότητος
2821 4459 2914 4512 καὶ
2941 4459 3373 4535 συλλειτουργὸς,
3415 4467 3528 4519 ἐνε-

284 4533 618 4603 ὐποψήφιος,
653 4534 710 4596 ὃς
757 4535 1074 4605 εὑρίσκεται
1123 4539 1344 4608 κρατῶν
1387 4540 1488 4610 τήν
1539 4542 1853 4614 ἀγιωτάτην
1894 4533 1901 4534 ί
1959 4549 2151 4617 φάνισε
2183 4537 2475 4614 ὅυνοδικῶς
2507 4550 2573 4618 τῇ
2610 4550 2766 4619 ήμῶν
2795 4552 3106 4622 μετριότητι
3136 4533 3354 4625 γραφήν
3383 4572 3529 4621 τινος

283 4625 592 4695 ἐπισκοπὴν
639 4627 873 4698 Μάκρης
917 4628 1011 4681 καὶ
1048 4631 1332 4693 Λιϐυσίου,
1365 4632 1488 4703 ήτις
1537 4635 1853 4704 εὑρίσκεται

285 4718 396 4772 ὑπὸ
423 4717 522 4787 τὴν
545 4718 856 4788 άγιωτάτην
888 4721 1226 4790 μητρόπολιν
1251 4724 1476 4792 Μύρων,
1503 4726 1654 4778 οὐδὲν
1679 4730 1854 4795 πράτ-

281 4825 370 4861 τει
416 4808 720 4871 κανονικῶς
769 4811 862 4864 καὶ
910 4809 1312 4880 Χριστιανικῶς
1361 4816 1442 4877 είς
1492 4818 1584 4869 τὸν
1612 4817 1855 4872 τοιοῦτον

281 4899 480 4964 τόπον,
505 4898 642 4952 ἀλλὰ
671 4900 765 4952 καὶ
793 4901 869 4963 ώς
903 4897 1068 4971 ἦλθεν
1101 4903 1336 4957 ἐνταῦθα
1369 4907 1449 4968 είς
1481 4906 1577 4976 τὴν
1602 4905 1855 4976 βασιλεύ-

283 5006 459 5044 ουσαν
505 4990 684 5057 πόλιν,
717 4992 962 5063 ἀνεφάνη
995 4993 1170 5057 δόλιος
1215 4996 1310 5049 καὶ
1343 4997 1726 5068 ἁνυπόληπτος
1775 5001 1854 5062 είς

281 5085 416 5146 τοὺς
462 5071 695 5136 ἐκΘεοῦ
743 5084 1169 5148 εύσεδεστάτους
1218 5086 1314 5138 καὶ
1349 5087 1538 5155 ἀγίους
1588 5089 1853 5158 βασιλεῖς,

285 5173 731 5244 παρακελεύεται
767 5176 800 5247 ή
848 5177 1140 5246 μετριότης
1195 5179 1355 5248 ήμῶν
1403 5180 1543 5249 μετά
1579 5181 1682 5250 τῆς
1723 5183 1857 5251 περὶ

286 5265 463 5335 αὐτὴν
498 5265 654 5336 ίερᾶς
702 5267 798 5320 καὶ
830 5267 981 5330 θείας
1029 5268 1270 5335 συνόδου,
1321 5270 1407 5324 ἵνα
1458 5271 1708 5341 μηδόλως
1755 5273 1852 5346 ἔχῃ

289 5357 488 5427 ἔνοχὴν
536 5357 921 5428 πνευματικὴν
973 5360 1051 5422 είς
1084 5359 1183 5430 τήν
1232 5360 1492 5431 τοιαύτην
1545 5363 1853 5434 ἐπισκοπὴν

287 5446 525 5516 Μάκρης
556 5451 652 5503 καὶ
693 5450 975 5517 Διῦυσίσυ,
1021 5452 1154 5521 μηδέ
1202 5451 1621 5522 παραδέχωνται
1661 5452 1854 5506 τοῦτον

286 5536 344 5588 οῖ
387 5539 562 5591 ἐκεῖσε
593 5541 932 5610 Χριστιανοὶ,
968 5542 1100 5597 ἀλλά
1146 5545 1386 5616 σχολάσῃ
1420 5545 1512 5597 καὶ
1545 5545 1728 5617 παύσῃ
1761 5547 1856 5600 καὶ

286 5627 474 5696 ἀπέχῃ
517 5629 700 5682 τέλεον
736 5633 844 5685 ἀπὸ
889 5636 989 5699 τῆς
1038 5635 1294 5703 τοιαύτης
1336 5634 1665 5700 ἐπισκοπῆς,
1704 5638 1852 5701 ὅπως

284 5717 517 5784 γένηται
543 5718 763 5786 γνήσιος
797 5721 1089 5791 ἀρχιερεὺς
1119 5725 1212 5775 καὶ
1242 5723 1542 5786 ἐπίσκοπος
1573 5725 1652 5787 είς
1679 5725 1853 5796 αὐτὴν

578 5811 844 5874 ΡΑτιιοι.
881 5817 997 5878 Gn.
1035 5817 1212 5878 CLII.

1956 4641 2021 4692 ἐκ
2047 4641 2144 4708 τῆς
2184 4639 2366 4710 χώρας
2399 4639 2493 4695 τοῦ
2542 4642 2846 4712 Παμφύλου
2878 4644 3160 4716 Μανουήλ,
3193 4646 3527 4719 καλουμένου

1955 4731 2051 4785 τοῦ
2084 4731 2542 4810 Χαλκεωπούλου,
2579 4735 2718 4804 πρὸς
2749 4738 2840 4788 τὸν
2873 4738 2952 4798 είς
2989 4734 3174 4808 ἔνοχον
3203 4738 3530 4810 εὑρισκόμε-

1956 4838 2047 4875 νον
2091 4823 2201 4875 τῶν
2232 4807 2362 4894 περὶ
2397 4822 2495 4894 τήν
2540 4825 2911 4895 Χαριούπολιν
2949 4807 3226 4899 δημοσίων
3263 4807 3528 4904 πραγμά-

1955 4929 2064 4966 των
2116 4912 2205 4966 τδν
2255 4915 2615 4986 Βλαστάριον,
2671 4917 3150 4988 διαλαμϐάνουσαν
3210 4924 3350 4994 μετά
3413 4925 3522 4979 τῶν

1956 5003 2132 5060 ἀλλων
2173 5005 2302 5076 περί
2331 5024 2472 5072 τινος
2512 5009 2700 5079 ίερέως
2735 5012 2830 5064 καὶ
2875 5011 3069 5068 ταῦτα·
3103 5016 3132 5068 6
3179 5015 3235 5069 δὲ
3289 5021 3521 5082 παππᾶς

1956 5096 2219 5166 Γαριάνος
2264 5093 2428 5171 ἦλθεν
2474 5102 2554 5164 είς
2604 5102 2732 5168 τοὺς
2779 5105 3130 5176 Πατερίνους,
3177 5109 3272 5162 καὶ
3318 5109 3524 5164 ἔδωκαν

1957 5187 2119 5242 αὐτὸν
2147 5190 2443 5262 ὐπέρπυρα
2466 5194 2805 5263 πεντήκοντα
2827 5197 2920 5251 καὶ
2945 5183 3162 5266 ἄλογον,
3187 5200 3280 5253 καὶ
3308 5201 3527 5268 ἐγένετο

1958 5271 2037 5340 εἷς
2075 5277 2190 5348 μετ’
2215 5279 2435 5344 αὐτούς.
2486 5277 2618 5338 Εἶτα
2661 5284 2844 5356 ἀπῆρε
2894 5287 3312 5360 δισκοποτήριον
3356 5292 3528 5358 ἀργυ-

1963 5367 2092 5439 ροῦν
2116 5369 2209 5421 καὶ
2229 5371 2543 5440 χουλιάριον
2576 5372 2668 5426 καὶ
2695 5375 2785 5429 τὸν
2817 5379 3172 5446 μαγαρισμὸν
3197 5376 3398 5442 αὐτῶν,
3428 5377 3525 5432 καὶ

1959 5459 2285 5530 ἀπέδρασεν,
2316 5461 2430 5532 ἔχει
2453 5464 2509 5520 δέ
2539 5464 2630 5518 τὸν
2662 5467 3016 5537 μαγαρισμὺν
3047 5469 3127 5530 είς
3157 5465 3218 5521 τὸ
3254 5467 3525 5523 σκιάδειον

1957 5549 2144 5605 αὐτοῦ.
2192 5551 2303 5605 Καὶ
2349 5553 2448 5623 τῆς
2497 5555 2756 5625 τοιαύτης
2808 5559 3252 5626 ἀναγνωσθείσης
3304 5558 3526 5627 γραφῆς

1958 5638 2205 5708 παρέστη
2240 5639 2268 5690 6
2301 5640 2541 5704 τοιοῦτος
2591 5645 2984 5713 πρεσϐύτερος,
3027 5647 3118 5698 καὶ
3149 5645 3434 5716 ἀνέφερεν,
3466 5647 3525 5712 ἐξ

1970 5728 2264 5798 Ἀνατολῆς
2297 5730 2398 5801 μὲν
2424 5733 2759 5804 ὁρμηθῆναι,
2798 5735 2961 5805 φῦναι
3010 5739 3066 5790 δέ
3109 5739 3202 5790 καὶ
3252 5737 3529 5809 τραφῆναι

3014 5832 3088 5895 36
