4076 6264
505 313 552 374 -ςι
568 311 664 375 135

1495 296 1822 364 JOANNIS
1861 288 2130 356 GLYUIS
2165 287 2275 350 CP.
2321 279 2826 349 PATRIARCHIE

3638 261 3780 328 1136

523 431 733 499 κλήρου
789 425 858 478 τὰ
895 424 993 492 τῆς
1027 421 1277 490 προικός.
1312 417 1372 472 ’0
1403 417 1458 469 66
1500 414 1822 482 ἀπαντῆσαι
1873 409 1973 480 μὲν
1999 408 2100 499 οὐκ
2132 417 2176 473 Α
2205 421 2292 499 ναι
2338 403 2419 464 εἰς
2467 397 2773 499 ὑπέρπυρα
2800 392 3169 499 πεντήκοντα,
3223 385 3587 499 καὶ

525 496 748 590 ἴσχυσεν
803 513 908 568 ὑπό
957 511 1245 574 ἀσθενείας
1305 506 1676 579 ἐμποδισθεῖς,
1730 503 1990 570 πέπομφε
2044 496 2101 590 66

525 589 766 684 γράμμα
790 608 1082 676 ὑπογραφῇ
1115 603 1279 656 αὐτοῦ
1303 596 1898 667 πεπιστωμένον,ὅπερ
1915 589 2103 684 καὶείς

529 680 766 770 ἐπήκοον
787 696 1133 764 ἀναγνωσθέν
1153 691 1537 761 διελάμϐανεν,
1555 689 1632 751 ῶς
1664 686 1800 756 μόνα
1828 680 2106 752 τεσσαρά-

529 811 696 849 κοντα
715 793 957 858 τέσσαρα
973 788 1072 839 ὑπέ
1081 801 1263 857 ρπυρα
1281 782 1603 845 λοιπάζεται
1626 780 1705 849 τῷ
1720 777 1944 846 τοιούτῳ
1962 791 2106 844 γαμ-

531 888 652 958 ϐρῷ
669 884 829 939 αὐτοῦ
849 883 956 937 ἀπὸ
972 882 1072 950 τῆς
1095 878 1344 950 προικὸς,
1372 877 1518 945 ἆπερ
1537 872 1633 927 καὶ
1650 873 1750 924 οὐκ
1778 868 2107 924 ἀποδίδωσιν

532 981 606 1042 ὡς
665 978 740 1048 μή
791 973 1061 1043 εὐπορῶν,
1099 973 1421 1040 ὑπισχνεῖτο
1465 968 1522 1020 δὲ
1567 966 1656 1018 διά
1715 963 1809 1016 τοῦ
1859 960 2105 1014 τοιούτου

533 1072 885 1140 γράμματος,
926 1065 1000 1128 ὡς
1037 1065 1085 1116 εἰ
1121 1061 1222 1132 μὲν
1254 1060 1478 1122 δυνατὸς
1514 1059 1743 1126 γένηται
1789 1051 2108 1120 ἁποφλῆσαι

533 1165 631 1216 καὶ
678 1160 873 1224 ταῦτα,
911 1157 1017 1220 ἓως
1067 1155 1148 1208 ἐτι
1207 1153 1480 1222 περίεστι,
1522 1150 1727 1203 καλόν*
1787 1147 1836 1200 εἰ
1878 1145 1922 1198 δ’
1977 1143 2109 1204 ἴσως

536 1262 750 1331 φθάσας
787 1255 1108 1326 τελευτήσει
1157 1255 1250 1308 τὸν
1285 1253 1421 1322 βίον,
1455 1251 1542 1303 ἵνα
1657 1247 2053 1318 προτιμότερος
2083 1245 2112 1294 6

534 1353 783 1414 τοιοῦτος
830 1349 1080 1418 γαμϐρὸς
1131 1345 1295 1398 αὐτοῦ
1343 1342 1679 1411 ἰκανωθῆναι
1727 1338 1837 1393 ἀπὸ
1883 1338 1980 1406 τῆς
2017 1353 2113 1389 κα-

539 1445 896 1516 θευρεθείσης
952 1441 1100 1510 αὐτῷ
1133 1437 1450 1510 περιουσίας
1484 1437 1579 1488 καὶ
1609 1435 1678 1488 τὰ
1729 1432 1956 1486 τοιαῦτα
1992 1446 2115 1482 τεσ-

531 1535 1100 1607 ’σαρακοντατέσσαρα
1141 1533 1458 1601 ὑπέρπυρα.
1504 1528 1632 1580 Ἐπὶ
1686 1525 1818 1592 γοῦν
1878 1520 2115 1590 ἐγνώρι-

537 1629 705 1696 eam]
741 1631 1032 1697 μετριότης
1075 1623 1254 1692 ήμῶν,
1297 1621 1371 1683 ὼς
1417 1618 1639 1687 ἀπόρως
1672 1617 1789 1686 ἔχει
1833 1612 1930 1668 νῦν
1977 1610 2117 1664 κατά

527 1721 802 1791 ’ἀλήθειαν
842 1719 920 1780 εἰς
952 1718 1052 1787 την
1083 1715 1194 1768 τῶν
1229 1710 1567 1782 ὑπερπύρων
1597 1707 1852 1761 ἀπόδοσιν
1887 1706 1916 1756 6
1944 1701 2117 1771 δηλω-

513 1815 659 1876 “’θεῖς
696 1813 1093 1882 Χριστοφόρος,
1127 1808 1308 1877 ἔκρινε
1348 1806 1487 1875 μετὰ
1521 1801 1630 1856 τῶν
1675 1800 1803 1868 περλ⁸
1835 1797 2006 1866 αὐτὴν
2037 1795 2112 1846 ἰε-

542 1907 806 1976 ρωτάτων
825 1903 1126 1972 ἀρχιερέων
1161 1899 1255 1952 τοῦ
1284 1895 1632 1967 Ἡρακλείας,
1660 1893 1755 1946 τοῦ
1791 1889 2110 1958 Περγάμου,

544 1996 640 2049 τοῦ
666 1992 1140 2065 Χριστουπόλεως,
1178 1987 1274 2043 τοῦ
1302 1986 1607 2058 Δυρραχίου
1657 1983 1755 2035 καὶ
1791 1979 1885 2032 τοῦ
1933 1981 2116 2046 ἀρχιε-

503 2097 516 2116 ’
549 2087 823 2141 πισκόπου
881 2081 1166 2145 Ξανθείας,
1203 2076 1462 2146 γενέσθαι
1517 2073 1664 2126 κατά
1715 2069 1814 2138 τὴν
1852 2065 2116 2132 τοιαύτην

548 2179 741 2234 τούτου
769 2178 1081 2244 ὑπόσχεσιν,
1118 2174 1241 2225 ὅθεν
1276 2170 1373 2222 καὶ
1405 2164 1658 2233 οὐδαμῶς
1688 2162 1896 2228 ὀφείλει
1925 2156 2120 2226 πειρά⁴

529 2271 753 2325 ’σασθαι
779 2271 866 2331 εἰς
899 2267 1159 2334 ἀθέτησιν
1205 2261 1299 2316 καὶ
1351 2255 1668 2329 ἀνατροπὴν
1720 2253 1969 2324 χωρῆσαι
2022 2249 2121 2317 τῆς

529 2360 810 2426 λτοιαύτης
841 2353 1158 2425 συμφωνίας
1186 2348 1377 2415 αὐτοῦ,
1424 2346 1538 2400 ἀλλ’
1601 2343 1874 2398 ἀποδώσει
1913 2340 2012 2408 μέν
2045 2337 2123 2402 τῷ

554 2446 794 2517 γαμϐρῷ
827 2444 994 2496 αὐτοῦ
1025 2442 1122 2495 καὶ
1150 2442 1221 2492 τὰ
1248 2436 1561 2507 δηλωθέντα
1596 2427 2127 2499 τεσσαρακοντατέσ-

555 2556 702 2608 σαρα
761 2535 860 2605 τῆς
894 2533 1120 2602 προικὸς
1155 2531 1472 2598 ὐπέρπυρα,
1525 2525 1685 2593 εἰπερ
1719 2520 1962 2582 δυνατῶς
2013 2519 2126 2583 ἐξει

553 2629 849 2684 ἀποδοῦναι
880 2626 1019 2678 αὐτά
1041 2641 1054 2653 ·
1083 2625 1130 2676 εἰ
1157 2622 1202 2674 δ’
1252 2618 1336 2685 οὒ,
1375 2615 1855 2688 προτιμηθήσεται
1884 2611 2039 2673 οὗτος
2064 2609 2128 2679 δὴ

553 2723 584 2774 6
628 2719 876 2790 γαμϐρὸς
909 2714 1072 2768 αὐτοῦ
1114 2713 1252 2782 μετὰ
1281 2711 1379 2780 τὴν
1415 2709 1627 2762 ἐκείνου
1670 2703 1954 2772 τελευτὴν,
1989 2701 2130 2753 ὥστε

559 2809 892 2876 ἰκανωθῆναι
920 2806 988 2858 τά
1032 2803 1408 2872 λοιπαζόμενα
1453 2803 1552 2868 τῆς
1585 2798 1812 2867 προικὸς
1840 2795 2132 2862 ὑπέρπυρα

553 2903 667 2958 ἀπὸ
709 2900 816 2952 τῶν
853 2896 1198 2966 εὑρεθέντων.
1229 2893 1422 2961 ἐκείνῳ
1475 2887 1845 2959 πραγμάτων,
1906 2883 2135 2954 μηδενὸς

539 2988 1162 3064 ··ὀφείλοντος.ἐμποδὼν
1199 2985 1454 3055 γενέσθαι
1511 2981 1688 3050 τούτῳ
1739 2980 1820 3041 εἰς
1869 2977 1968 3048 τὴν
2026 2975 2136 3030 τῶν

559 3083 817 3137 τοιούτων
871 3077 1208 3147 ὑπερπύρων
1267 3075 1528 3128 ἰκάνωσιν
1591 3074 1657 3138 τῇ
1719 3070 1992 3138 ἐμφανείᾳ
2041 3065 2136 3119 τοῦ

564 3172 831 3240 παρόντος
881 3149 1165 3219 συνοδικοῦ
1198 3163 1532 3231 γράμματος
1563 3159 1663 3227 τῆς
1718 3159 1874 3227 ήμῶν
1917 3155 2140 3226 μετριό-

563 3278 748 3330 τητος,
783 3257 1124 3317 ἐπιδοθέντας
1157 3252 1308 3322 αὐτῷ
1336 3253 1414 3313 εἰς
1442 3253 1540 3319 την
1567 3251 1695 3319 περὶ
1735 3247 1928 3300 τούτου
1959 3245 2134 3314 ἀσφά-

564 3357 737 3407 λιιαν.

781 3441 820 3512 τι·
857 3434 998 3509 Εἶχε
1034 3437 1102 3491 τό
1121 3451 1134 3466 ·
1159 3433 1309 3502 Μηνί
1339 3431 1661 3501 Ὀκτωὸρίῳ
1691 3431 1806 3484 ἰνὸ.
1845 3435 1931 3483 ιε’.

629 3627 716 3680 Ἠ.
751 3623 790 3694 ἰ’
813 3621 1075 3692 Παρέστη
1103 3617 1178 3687 τῷ
1206 3615 1326 3669 καθ’
1363 3614 1506 3684 ἡμᾶς
1537 3609 1669 3682 ἰερῷ
1699 3606 1965 3678 συνοδικῷ
1995 3606 2146 3660 δικα-

578 3717 788 3786 στηρίῳ
823 3717 850 3767 6
892 3712 1247 3774 Ἑξάκουστος
1276 3704 1558 3772 Μανουὴλ,
1595 3705 1692 3756 καὶ
1745 3702 2034 3770 ἀνέφερεν,
2068 3698 2146 3760 ῶς

579 3806 728 3879 εἶχεν
774 3807 850 3867 εἰ;
893 3805 1128 3871 γυναῖκα
1158 3798 1408 3868 νομίμως
1437 3796 1537 3864 τὴν
1578 3794 1855 3862 θυγατέρα
1880 3791 1974 3844 τιοῦ
2011 3807 2148 3860 πρε-

581 3901 852 3969 σϐυτέρου
903 3893 1223 3961 Πανωραίου
1258 3891 1352 3944 τοῦ
1387 3887 1696 3956 Τζυμισχῆ,
1737 3887 1832 3938 καὶ
1860 3882 2146 3952 διεζεύχθη

577 3993 784 4062 ταύτης
816 3987 950 4058 πρὸς
978 3984 1293 4052 ἀλλοτρίους
1320 3981 1529 4050 ἔρωτας
1552 3977 1900 4047 ἐκκλινάσης,
1929 3976 2150 4029 δικαιω-

580 4088 692 4146 θεὶς
723 4082 810 4134 διὰ
851 4075 1136 4130 συνοδικοῦ
1168 4074 1500 4142 γράμματος
1544 4070 1638 4122 τοῦ
1673 4067 2150 4138 πατριαρχεύσαν-

569 4195 670 4239 ,τος
711 4175 816 4245 πρὸ
845 4170 1000 4241 ήμῶν
1032 4167 1404 4234 ἀποκερδῆσαι
1450 4165 1546 4216 καὶ
1576 4163 1675 4230 τὴν
1723 4164 1928 4230 προῖκα
1969 4159 2149 4211 πᾶσαν

573 4268 790 4335 αὐτῆς,
855 4263 1040 4330 μέντοι
1093 4257 1187 4310 καὶ
1240 4253 1639 4324 ὰπεκέρδησεν.
1681 4247 1814 4304 Εἶτα
1862 4251 2151 4321 δυναστείᾳ

578 4359 929 4432 ,χρησάμενος
960 4354 988 4402 6
1033 4349 1270 4408 τοιοῦτος
1301 4344 1674 4416 πρεσϐύτερος
1723 4343 2019 4394 ἐπελάϐετο
2045 4343 2153 4394 τῶν

2205 496 2303 564 τῆς
2333 491 2614 562 γυναικὸς,
2642 491 2720 551 εις
2746 489 2815 560 ἢν
2848 485 2986 556 αὕτη
3031 483 3206 554 μονὴν
3233 479 3586 548 ἀποκαρῆναι
3621 476 3783 530 συνέ-

2207 588 2354 651 θετο,
2387 585 2546 653 εἰπερ
2570 579 2924 651 ἐκπληρώσει
2952 577 3131 640 τοῦτο,
3170 575 3266 628 καὶ
3294 571 3450 626 οὐδὲν
3479 567 3783 640 προέληται

2207 678 2350 732 κατὰ
2371 677 2648 745 κοσμικὰς
2687 673 2766 726 ἐτι
2803 672 3036 739 διάγειν,
3061 667 3128 721 τὰ
3169 666 3226 718 δέ
3256 663 3424 717 λοιπὰ
3448 658 3779 729 κατέχεσθαι

2209 769 2362 838 παρά
2390 765 2487 820 τοῦ
2526 762 2911 829 Ἑξακούστου,
2941 761 2990 813 εἰ
3024 759 3082 812 66
3117 756 3192 826 μὴ
3216 751 3519 825 προαιρεθῇ
3567 750 3662 803 τὸν
3691 766 3783 817 μο-

2209 861 2352 931 νήρη
2389 857 2504 930 βίον
2533 853 2914 918 ἐπανελέσθαι,
2958 849 3213 919 κατέχειν
3245 846 3314 899 τὰ
3361 842 3596 896 τοιαῦτα
3630 841 3788 905 οἰκή-

2213 967 2359 1022 ματα
2409 949 2470 1013 ἐξ
2505 947 2806 1016 ὁλοκλήρου
2835 943 3026 996 τοῦτον
3059 941 3124 1010 δὴ
3156 939 3248 992 τὸν
3277 935 3592 1007 δηλωθέντα
3633 932 3792 997 Ἐξά-

2211 1057 2439 1095 κουστον
2462 1041 2554 1092 καὶ
2581 1037 2704 1092 κατ’
2753 1035 3008 1100 ἐξουσίαν
3030 1033 3216 1094 αὐτοῖς
3258 1029 3516 1100 χρῆσθαι,
3541 1025 3786 1094 ὀφείλον-

2211 1151 2304 1196 τος
2361 1131 2458 1185 τοῦ
2513 1129 2808 1200 εἰρημένου
2867 1124 3248 1196 πρεσϐυτέρου
3307 1118 3401 1174 τοῦ
3458 1115 3789 1183 ῐιανωραίου

2215 1223 2554 1292 ὑπεκστῆναι
2585 1221 2662 1284 ῶς
2707 1217 3005 1288 ἀλλοτρίων
3035 1214 3218 1269 αὐτῶν
3279 1213 3376 1265 καὶ
3422 1209 3687 1262 οὐδέποτε
3723 1204 3791 1255 δι’

2214 1316 2375 1386 δχλου
2405 1315 2661 1383 γενέσθαι
2687 1311 2860 1380 αὐτῷ,
2883 1305 3288 1375 δεδικαιωμένῳ
3315 1303 3468 1371 παρά
3491 1298 3600 1352 τῶν
3627 1295 3793 1366 ἱερῶν

2216 1408 2396 1475 νόμων
2423 1407 2520 1458 καὶ
2549 1400 2984 1473 προτρεπομένῳ
3025 1398 3134 1449 πᾶν
3167 1395 3228 1447 16
3251 1393 3394 1447 κατά
3437 1387 3669 1458 γνώμην
3699 1388 3795 1437 ἐπὶ

2217 1496 2432 1559 τούτοις
2466 1496 2662 1550 ποιεῖν.
2716 1493 2920 1545 Τούτου
2976 1488 3087 1558 γάρ
3142 1487 3306 1556 χάριν
3352 1480 3661 1534 ἐπιδέδοται
3715 1475 3795 1543 τῷ

2218 1589 2571 1660 διαληφθέντι
2619 1586 2967 1652 Ἐξακούστφ
2993 1582 3090 1634 καὶ
3127 1580 3188 1633 16
3213 1575 3392 1647 παρδν
3421 1572 3659 1645 γράμμα
3696 1570 3792 1639 τῆς

2219 1683 2380 1754 ἡμῶν
2418 1681 2795 1751 μετριότητος.
2837 1691 2846 1700 '
3048 1729 3053 1734 _

2419 1773 2459 1842 -ι-
2489 1768 2630 1841 Είχε
2655 1772 2754 1825 τό’
2787 1768 2943 1836 Μηνί
2985 1763 3313 1832 Ὀκτωϐρίῳ
3349 1758 3462 1814 ἰνδ.
3503 1756 3591 1811 ιε’.

2293 1955 2384 2007 ΠΙ.
2417 1953 2456 2021 -Ῐ-
2490 1953 2744 2022 Παρέστη
2766 1953 2832 2020 τῇ
2862 1949 3019 2020 ήμῶν
3053 1946 3366 2019 μετριότητι
3399 1937 3796 2013 προκαθημένῃ

2225 2045 2518 2107 συνοδικῶς
2551 2047 2579 2097 6
2608 2044 2872 2110 Ἀγγελος
2909 2041 3186 2110 Ἰωάννης,
3213 2039 3308 2091 καὶ
3341 2037 3623 2104 ἀνέφερεν,
3659 2031 3733 2093 ὡς
3761 2031 3796 2098 ἡ

2229 2137 2410 2208 μήτηρ
2429 2137 2594 2190 αὐτοῦ
2613 2135 2919 2188 τελευτῶσα
2939 2134 3142 2186 διέθετο
3157 2133 3253 2184 καὶ
3269 2133 3506 2198 διένειμε
3523 2128 3592 2180 τά
3605 2126 3801 2178 καθευ-

2228 2231 2460 2302 ρεθέντα⁸
2478 2232 2614 2300 αὐτῇ
2647 2230 2951 2298 πράγματα
2995 2225 3301 2295 τηνικαῦτα
3349 2225 3488 2292 πρὸς
3514 2220 3707 2274 τοῦτον
3734 2218 3802 2286 δὴ

2230 2323 2324 2376 καὶ
2351 2323 2486 2391 πρὸς
2512 2323 2640 2385 τούς
2665 2323 2884 2384 λοιποὺς
2915 2322 3111 2382 παῖδας
3143 2320 3336 2388 αὐτῆς,
3357 2311 3688 2384 ἐπαφῆκεδέ
3713 2312 3806 2364 καὶ

2233 2413 2500 2480 ἀμπέλιόν
2523 2429 2575 2465 τι
2599 2413 2794 2480 ἐαυτῆς
2832 2413 2967 2482 πρὸς
2988 2415 3081 2465 τὸν
3103 2409 3437 2476 αὐτάδελφον
3464 2405 3678 2467 τούτου,
3711 2405 3804 2456 τὸν

2183 2544 2186 2549 -
2238 2505 2504 2572 Ἀγγελον
2536 2502 2944 2558 Κωνσταντῖνον
2971 2521 2984 2557 τ
3016 2505 3206 2557 ἔπειτα
3227 2502 3496 2555 τελευτῶν
3522 2500 3619 2551 καὶ
3640 2497 3805 2560 αὐτὸς

2235 2597 2300 2666 δὴ
2343 2595 2641 2663 δ”Αγγελος
2669 2599 3074 2659 Κωνσταντῖνος
3111 2599 3202 2649 καὶ
3235 2597 3371 2664 μήτε
3395 2595 3630 2662 γυναῖκα
3667 2592 3804 2661 μήτε

2239 2688 2433 2750 παῖδας
2463 2689 2600 2756 ἔχων
2630 2688 2885 2758 ἐπαφῆκε
2939 2688 3078 2758 πρὸς
3109 2687 3297 2741 τοῦτον
3331 2689 3392 2740 16
3435 2686 3676 2741 τοιοῦτον
3699 2685 3808 2755 ἀμ-

2240 2779 2428 2832 πέλιον
2482 2784 2575 2832 καὶ
2603 2779 2657 2832 εί
2678 2795 2730 2832 τι
2782 2781 2970 2849 ἓτερον
3015 2764 3186 2849 εἶχεν,
3216 2779 3321 2833 ὑπὸ
3352 2777 3615 2850 μάρτυσι,
3645 2777 3724 2848 τῷ
3752 2795 3811 2830 τε

2242 2871 2343 2941 υἰῷ
2379 2872 2473 2924 τοῦ
2504 2872 2880 2926 πανσεῖάστου
2907 2871 3172 2925 σεϐαστοῦ
3201 2873 3404 2925 οἰκείου
3431 2871 3510 2941 τῷ
3536 2873 3814 2942 κρατίστῳ

2243 2965 2336 3018 καὶ
2370 2964 2512 3033 ἁγίῳ
2547 2982 2650 3034 μου
2708 2965 3078 3034 αὐτοκράτορι
3114 2967 3431 3035 πραῐτωρος
3460 2965 3555 3017 τοῦ
3609 2964 3811 3033 δήμου.

2244 3058 2320 3128 τῷ
2361 3059 2585 3128 Ῥαῖάνη
2617 3057 2938 3128 Δημητρίῳ,
2985 3059 3076 3110 καὶ
3105 3057 3182 3127 τῷ
3217 3057 3577 3127 πρεσϐυτέρῳ
3593 3057 3818 3128 Ἰωάννῃ

2243 3151 2321 3221 τῷ
2358 3151 2675 3220 Ἀγαπητῷ,
2709 3152 2830 3203 ἐπεὶ
2873 3152 3184 3222 ,ηὑρίσκετο
3218 3154 3299 3214 εἰς
3355 3151 3625 3217 ταξείδιον
3666 3151 3815 3211 ἐντὸς

2244 3243 2512 3313 κατέργου
2549 3245 2686 3313 μετά
2717 3242 2813 3297 τοῦ
2861 3243 3194 3313 δηλωθέντος
3220 3244 3538 3315 πραίτωρος
3576 3243 3674 3297 τοῦ
3721 3242 3815 3312 δή·

2247 3352 2372 3404 μου,
2399 3336 2491 3388 καὶ
2521 3339 2621 3388 οὐκ
2643 3335 2883 3406 ήδυνήθη
2913 3335 3141 3405 ποιῆσαι
3173 3335 3439 3407 διαθήκην
3466 3353 3481 3369 ο
3517 3337 3819 3401 διαναστὰς

2243 3425 2300 3478 δέ
2329 3428 2356 3479 6
2384 3426 2472 3478 ἐπ’
2520 3426 2724 3497 ἀδελφῇ
2755 3427 3004 3498 γαμϐρὸς
3043 3427 3210 3482 αὐτοῦ
3243 3431 3436 3493 Φωκᾶς
3464 3430 3492 3482 6
3532 3431 3818 3484 Σπαντου-

2245 3517 2365 3586 νῆς,
2393 3519 2754 3572 ἀντιποιεῖται
2779 3517 2872 3571 τοῦ
2896 3519 3143 3573 τοιούτου
3171 3520 3467 3587 ἀμπελίου,
3504 3520 3818 3588 σύγκληρα-

2249 3612 2433 3680 νομεῖν
2462 3610 2859 3680 διατεινόμενος
2893 3611 2986 3665 ἐπὶ
3042 3615 3154 3676 τοῖς
3188 3614 3456 3672 τοιούτοις
3501 3612 3820 3680 πράγμασι,

2249 3701 2344 3752 καὶ
2373 3700 2574 3772 ἐδεήθη
2609 3701 2801 3754 τούτου
2828 3702 2989 3772 χάριν
3019 3703 3048 3754 6
3071 3703 3336 3774 δηλωθεὶς
3368 3702 3638 3770 Ἀγγελος
3670 3705 3822 3755 ἀντι-

2250 3791 2506 3862 κριθῆναι
2562 3792 2641 3863 τῷ
2669 3794 2899 3864 τοιούτῳ
2958 3795 3301 3865 Σπαντουνῇ.
3356 3797 3554 3864 Παρὼν
3611 3796 3669 3849 66
3723 3797 3818 3849 καὶ

2249 3887 2414 3948 αὐτὸς
2451 3886 2545 3939 καὶ
2584 3885 2804 3938 ἀκούων
2825 3885 2936 3939 τῶν
2981 3886 3132 3956 παρὰ
3162 3885 3256 3938 τοῦ
3298 3887 3560 3954 Ἀγγέλου
3589 3887 3822 3956 εἰρημέ-

2251 3996 2378 4044 νων,
2419 3978 2487 4030 τά
2520 3978 2714 4048 πρῶτα
2754 3981 2853 4046 μὲν
2888 3978 3099 4047 ἔλεγεν,
3134 3979 3499 4049 ἀμφιϐάλλειν
3551 3981 3687 4050 περὶ
3715 3980 3821 4032 τῶν

2256 4071 2571 4141 μαρτύρων,
2619 4072 2667 4123 εἰ
2719 4070 3108 4139 ἀληθεύουσιν,
3159 4071 3234 4134 ὼς
3272 4074 3300 4123 6
3332 4072 3604 4138 Ἀγγελος
3670 4073 3823 4123 Κων-

2255 4163 2532 4222 σταντῖνος
2583 4162 2852 4213 τελευτῶν
2888 4163 3139 4228 ἐπαφῆκε
3203 4163 3338 4230 πρὸς
3394 4161 3589 4214 τοῦτον
3623 4162 3688 4230 δὴ
3731 4161 3821 4213 16v

2255 4252 2586 4321 αὐτάδελφον
2640 4252 2829 4318 αὐτοῦ,
2867 4253 2956 4304 τὸν
2997 4252 3266 4320 ’Ἄγγελον
3306 4253 3588 4318 Ἰωάννην,
3624 4255 3690 4308 τὰ
3726 4271 3822 4305 κα-

2257 4343 2580 4412 θευρεθέντα
2617 4344 2764 4412 αὐτῷ
2808 4344 3134 4412 πράγματα,
3187 4345 3280 4396 καὶ⁵
3335 4343 3520 4413 ἐζήτει
3570 4343 3822 4408 δέξασθαι

584 4429 653 4519 έτῇ
702 4442 1074 4514 πατριαρχικῇ
1105 4437 1284 4507 κρίσει
1332 4435 1595 4486 δοθέντων
1650 4432 1970 4500 οἰκημάτων
2001 4431 2150 4500 αὐτῷ
2185 4443 2229 4499 ι)
2258 4435 2452 4497 αὐτοὺς
2489 4436 2652 4505 βάρος
2707 4437 3004 4504 ἐπιτιμίου,
3035 4437 3119 4502 ἐφ’
3152 4429 3196 4504 ᾧ
3239 4437 3299 4488 16
3325 4435 3525 4505 ἀληθὲς
3562 4437 3823 4505 ἀνομολο-

524 4581 528 4586 .
584 4543 670 4600 εἰς
697 4535 1087 4604 ἀναπλήρωσιν
1141 4526 1376 4598 μερικὴν
1426 4525 1524 4594 τῆς
1559 4524 1732 4588 αὐτῆς
1779 4523 2024 4594 προικὸς,
2059 4522 2153 4576 καὶ

533 4683 538 4687 ,
589 4633 685 4685 ἐπὶ
714 4629 890 4699 τρισὶν
914 4627 1011 4694 ἤδη
1046 4623 1257 4692 χρόνοις
1285 4620 1525 4688 κατέχει,
1551 4611 1626 4670 ῶν
1656 4619 1815 4687 χάριν
1844 4616 1938 4669 καὶ
1961 4615 2154 4685 ἐδεήθη

590 4727 691 4793 τῆς
725 4720 882 4790 ἡμῶν
919 4715 1271 4788 μετριότητος
1296 4712 1323 4763 6
1352 4711 1515 4772 αὐτὸς
1559 4709 1938 4772 Ἐξάκουστος,
1973 4708 2156 4777 φέρων

593 4814 698 4868 ἀνὰ
726 4813 913 4882 χεῖρας
946 4808 1040 4860 καῖ
1070 4806 1131 4856 16
1155 4801 1398 4855 τοιοῦτον
1434 4799 1716 4852 συνοδικὸν
1743 4797 2011 4868 γράμμα⁹
2054 4813 2158 4847 πα-

595 4905 703 4976 ρὼν
732 4903 789 4955 δέ
821 4903 915 4954 καὶ
937 4901 964 4952 6
992 4895 1255 4965 δηλωθεὶς
1288 4891 1660 4963 πρεσϐύτερος
1685 4891 1778 4943 καί
1808 4889 2159 4960 ἀκροώμενος

584 4996 686 5050 τοῦ
733 4991 977 5046 τοιούτου
1016 4986 1378 5052 Ἐξακούστου
1406 4986 1476 5036 τὰ
1531 4983 1797 5052 εἰρημένα
1845 4981 2156 5045 διεξιόντος,

577 5088 730 5144 ,ἄλλα
787 5083 874 5136 ἐπ’
905 5081 1083 5141 ἄλλοις
1117 5075 1588 5147 προφασιζόμενος
1617 5070 1705 5142 ἦν,
1743 5073 1823 5123 ἑτι
1857 5072 1912 5123 δὲ
1961 5073 2054 5123 καὶ
2087 5071 2162 5134 ὡς

584 5181 690 5250 ,τῆς
727 5174 983 5245 γυναικὸς
1034 5173 1112 5232 εἰς
1146 5167 1512 5238 μοναστήριον
1538 5164 1802 5216 εἰσελθεῖν
1834 5163 2164 5232 βουλομένης

580 5274 692 5325 ρκαὶ
716 5269 861 5321 κατὰ
897 5265 1135 5334 μοναχάς
1165 5259 1514 5326 ἀποκαρῆναι
1552 5257 1777 5324 κατέχει
1824 5257 1892 5308 τὰ
1935 5253 2162 5306 τοιαῦτα

591 5363 878 5431 οἰκήματα
903 5357 996 5408 ἐπὶ
1017 5353 1094 5422 τῷ
1115 5351 1505 5419 προσενεγκεῖν
1527 5348 1668 5400 αὐτά
1687 5346 1765 5414 τῷ
1794 5346 2161 5416 μοναστηρίῳ,

585 5458 653 5507 ἐν
685 5447 728 5522 ᾧ
760 5449 1109 5517 ἁποκαρῆναι
1139 5443 1395 5495 συνέθετο
1426 5440 1590 5509 αὐτη.
1624 5438 1788 5490 ’Ὅθεν
1813 5439 1909 5490 καῖ
1949 5439 2166 5505 ἐκρινεν

599 5547 634 5616 ή
671 5542 954 5615 μετριότης
981 5537 1136 5606 ήμῶν
1182 5535 1399 5601 σύναμα
1426 5533 1536 5593 τοῖς
1578 5532 1706 5600 περ)⁵
1738 5530 1908 5598 αὐτὴν
1943 5528 2166 5596 ἱερωτά-

591 5650 712 5694 τοις
743 5628 1094 5700 ἀρχιερεῦσιν
1127 5621 1554 5690 ὐπεξαιρεθῆναι
1604 5620 1711 5672 ἀπὸ
1763 5620 1874 5673 τῶν
1913 5620 2168 5670 τοιούτων

487 5708 490 5710 ⁷
581 5723 920 5793 -οἰκημάτων
951 5720 1018 5772 τά
1046 5709 1344 5788 οἰκήματα,
1379 5713 1537 5768 ἅτινα
1566 5712 1810 5782 ἔφθασαν
1839 5710 2167 5781 διατιμηθῆ-

881 5939 914 5962 υ

2259 4528 2540 4596 γήσουσιν,
2576 4527 2603 4579 6
2631 4527 2696 4596 δὴ
2746 4530 2840 4580 καὶ
2871 4529 3183 4597 δεξαμένων
3238 4531 3335 4582 καὶ
3383 4531 3825 4598 πιστωσαμένων

2255 4619 2325 4669 τὰ
2359 4618 2485 4690 περὶ
2518 4617 2728 4677 τούτου,
2762 4618 3128 4687 ἐρωτηθέντος
3165 4619 3222 4670 66
3257 4619 3354 4670 καὶ
3385 4619 3481 4671 τοῦ
3532 4618 3823 4686 εἰρημένου

2259 4708 2634 4760 πανσεϐάστου
2684 4709 2946 4760 σεϐαστοὺ
2993 4709 3309 4778 πραίτωρος
3351 4709 3445 4760 τοῦ
3502 4709 3675 4778 δήμου
3733 4709 3823 4760 καὶ

2261 4797 2783 4866 ἀνομολογήσαντος,
2812 4796 3027 4865 άληθῶς
3071 4798 3234 4865 ἔχειν,
3269 4799 3393 4850 ὅσον
3427 4798 3453 4849 ὅ
3479 4814 3538 4849 τε
3587 4799 3703 4858 υἱὸς
3734 4799 3826 4850 αὐ-

2260 4886 2353 4938 τοῦ
2377 4890 2470 4938 καὶ
2498 4888 2526 4938 6
2553 4887 2924 4956 πρεσϐύτερος
2965 4887 3372 4957 ἐμαρτύρησεν.
3407 4887 3606 4956 ἑτέραν
3635 4888 3824 4940 ἔπειτα

2263 4979 2510 5047 ἐκίνησεν
2543 4980 2789 5048 ἀγωγὴν,
2816 4979 2891 5042 ὡς
2945 4981 2978 5049 ή
3021 4979 3252 5048 σύζυγος
3286 4980 3474 5032 τούτου
3502 4979 3703 5032 δέδωκε
3741 4980 3830 5032 δα-

2262 5073 2492 5133 νειακῶς
2545 5075 2609 5140 τῇ
2647 5073 2815 5140 μητρὶ
2872 5073 3096 5140 ταύτης,
3142 5072 3238 5138 ἀφ’
3285 5063 3360 5124 ὧν
3401 5071 3824 5141 ἐπροικοδοτήθη
3889 5130 3892 5136 ,

2264 5165 2608 5234 πραγμάτων
2640 5164 2932 5231 ὐπέρπυρα
2955 5165 3168 5227 ἑκατὸν,
3201 5164 3292 5215 καὶ
3315 5163 3631 5215 τελευτῶσα
3650 5163 3823 5232 ἐκείνη

2263 5260 2328 5308 τὰ
2362 5255 2759 5323 καθευρεθέντα
2792 5255 2929 5324 αὐτῇ
2957 5255 3258 5322 πράγματα
3284 5254 3648 5323 διανέμουσα,
3675 5253 3826 5307 οὐδὲν

2267 5345 2514 5415 ἐμνήσθη
2551 5345 2642 5396 καὶ
2697 5344 2828 5412 περὶ
2875 5345 2982 5394 τῶν
3033 5345 3292 5396 τοιιύτων
3338 5342 3697 5412 ὐπερπύρων,
3736 5341 3826 5394 καὶ

2267 5435 2448 5504 ἐζήτει
2481 5434 2663 5486 λλϐεἰν
2692 5434 2944 5486 ἐντεῦθεν
2975 5436 3033 5486 τ’)
3070 5441 3308 5488 τοιοῦτον
3339 5435 3632 5504 άμπὲλιον.
3679 5433 3827 5486 Ἐπεὶ

2265 5526 2322 5577 66
2355 5525 2611 5596 ἀπῃτήθη
2644 5525 2827 5578 δοῦναι
2860 5525 3208 5594 παράστασιν
3267 5527 3367 5590 τῆς
3397 5527 3654 5591 τοιαύτης
3703 5525 3830 5577 ὑπο-

2268 5617 2488 5679 θέσεως,
2523 5619 2871 5686 παράστασιν
2904 5617 3004 5685 μὲν
3029 5618 3223 5680 ἑτέραν
3264 5617 3417 5669 οὐδὲν
3446 5617 3674 5685 ἴσχυσεν
3697 5617 3830 5668 ἀπο-

2267 5710 2470 5779 δοῦναι,
2521 5711 2800 5777 ἐνεφάνισε
2850 5709 2906 5762 δὲ
2945 5709 3180 5779 γράμμα
3206 5711 3300 5780 τῆς
3348 5710 3618 5777 πενθερᾶς
3645 5705 3830 5771 αὐτοῦ,
