4076 6264
455 335 592 404 1H3

1423 329 1747 406 JOANNIS
1777 343 2044 408 GLYClS
2083 347 2189 409 ει).
2233 347 2739 411 PATRIARCH/B

3554 345 3692 412 Ῑῖιί

449 449 622 520 νομάς
655 449 1012 520 ὀδηγήσοντος
1057 452 1150 504 τδν
1180 453 1238 506 ἐν
1271 453 1408 522 αὐτῇ
1440 453 1834 524 Χριστώνυμον
1865 456 2015 522 λαὸν,
2046 471 2090 528 Α
2121 459 2420 513 ποιούντων
2477 459 2620 514 αύτά
2665 461 2737 531 τῇ
2762 458 2856 512 τοῦ
2900 457 3202 531 ἀρχιερέως
3239 458 3564 528 παραινέσει
3592 463 3690 515 καὶ

446 536 700 610 διδόαμεν
747 539 898 611 αὖτῷ
939 543 1081 596 κατὰ
1123 543 1278 610 λόγον
1327 543 1616 608 ἐπιδόσεως
1661 547 1813 617 κοινῇ
1847 545 2014 618 ψήφῳ

446 630 557 684 τῶν
607 630 734 700 περὶ
787 631 934 701 ἡμᾶς
996 633 1305 701 ίερωτάτιυν
1357 636 1661 707 ἀρχιερέων
1709 638 1803 691 τοῦ
1846 640 2015 710 Ἦρα-

448 720 658 785 κλείας,
687 721 782 775 τοῦ
829 723 1191 792 Χαλκηδόνος,
1233 726 1330 778 τοῦ
1357 727 1869 800 Ἀδριανουπόλεως,
1913 729 2010 783 τοῦ

448 808 768 883 Μελιτινῆς,
821 813 916 867 τοῦ
961 813 1374 882 Μονεμϐασίας,
1443 818 1538 872 τοῦ
1587 820 1873 890 Γαγγρῶν,
1922 822 2016 878 τοῦ

450 901 724 973 Προύσης,
759 903 852 958 τοῦ
909 906 1130 976 Πηγῶν,
1165 908 1258 960 τοῦ
1313 907 1595 981 Βερροίας,
1643 911 1736 964 τοῦ
1776 913 2018 985 Σερρὦ,

447 991 543 1046 τοῦ
581 994 888 1060 Φιλίππων,
939 996 1034 1050 τοῦ
1071 1000 1402 1072 Δυρραχίου,
1430 1001 1522 1054 τοῦ
1561 1002 1894 1074 Μιτυλήνης,
1925 1007 2018 1060 τοῦ

457 1083 706 1150 Ῥωσίου,
757 1085 854 1140 τοῦ
886 1088 1104 1160 Ἀπρω,
1149 1090 1242 1144 τοῦ
1289 1093 1632 1156 Καυκασίου,
1663 1093 1757 1147 τοῦ
1789 1095 2017 1166 Βιζύης,

445 1177 540 1228 τοῦ
573 1175 849 1247 Μεσήνης,
881 1180 975 1233 τοῦ
1006 1179 1291 1246 Ξανθείας,
1334 1184 1429 1237 τοῦ
1483 1186 1576 1238 Κῶ
1626 1186 1720 1238 καὶ
1759 1187 1854 1240 τοῦ
1895 1189 2018 1256 Μη-

445 1266 616 1334 δείας,
649 1266 724 1332 ὡς
757 1269 823 1325 ἂν
850 1270 1012 1334 αὐτὸς
1038 1271 1138 1340 μὲν
1187 1272 1442 1343 βοηθείας
1473 1275 1683 1328 ἐκεῖθεν
1727 1277 2020 1346 ἐπιτυγχά-

445 1374 526 1413 νοι
569 1360 738 1426 τινὸς,
779 1363 866 1430 ἐφ’
903 1356 984 1427 οἷς
1023 1365 1082 1416 ἐν
1128 1365 1288 1436 χρείᾳ
1335 1363 1696 1435 καθέστηκεν,
1729 1367 1757 1419 ὀ
1803 1365 1859 1420 δέ
1901 1369 2018 1420 κατ’

442 1451 662 1522 ἐκείνην
695 1450 821 1516 λαός
844 1455 910 1524 τῇ
947 1455 1138 1509 τούτου
1169 1457 1538 1526 προσσχόντες
1569 1457 1894 1530 διδασκαλίᾳ
1928 1459 2020 1511 καὶ⁵
2045 1518 2052 1523 ο

447 1538 841 1613 ὑποθήκῃιτῶν
889 1541 1072 1597 καλῶν
1121 1545 1420 1614 ὠφελοῖντο
1480 1545 1608 1616 περὶ
1671 1546 1874 1618 ψυχὴν,
1928 1549 2022 1601 καλ⁸

444 1631 804 1698 ἐπανάγοιντο
853 1635 1128 1706 ὁσημέραι
1183 1636 1320 1706 πρὸς
1376 1635 1474 1706 τὴν
1528 1639 1609 1701 είς
1663 1637 1732 1692 τά
1787 1638 2023 1708 κρείττω

443 1721 706 1789 ἐπίδοσιν,
744 1725 1006 1797 συνάρσει
1037 1729 1132 1782 καὶ
1163 1730 1383 1800 εὐδοκία
1427 1729 1588 1784 Θεοῦ.
1627 1731 1863 1798 Καθέξει
1912 1731 2021 1784 τοί-

2124 559 2188 596 συ
2197 543 2425 615 μϐουλῇ,
2449 542 2758 613 ὀφείλουσιν
2779 543 2828 596 οί
2846 543 3078 596 τοιοῦτοι
3101 541 3386 614 ίερώτατοι
3415 543 3690 614 ἀρχιερεῖς

2123 634 2352 705 ποιῆσαι
2411 633 2750 704 ἐπιφώνησιν
2794 633 2931 701 πρὸς
2967 634 3057 687 τὸν
3090 636 3269 688 ἐκεῖσε
3307 634 3691 702 Χριστιανικόν

2088 725 2269 790 ¹λαὸν,
2301 724 2378 788 ὡς
2423 725 2492 779 ἀν
2540 725 2707 796 μηδὲν
2755 726 2997 796 τολμῶσί
3054 743 3106 780 τι
3153 727 3414 795 τοιοῦτον,
3470 729 3553 780 ὅτι
3611 730 3692 789 είς

2123 819 2301 889 κρίμα
2327 818 2423 872 καὶ
2445 819 2722 873 ἀπώλειαν
2746 820 2823 873 ἐνι
2848 821 2945 887 τῆς
2971 818 3154 890 ψυχῆς
3187 819 3391 883 αὐτῶν,
3419 821 3517 874 καὶ
3537 820 3693 873 οὐδὲν

2123 911 2398 979 ὀφείλουσι
2421 913 2763 984 παρακούειν
2786 911 2880 966 τοῦ
2905 912 3130 982 γνησίου
3153 913 3337 968 αὐτῶν
3364 912 3692 984 ἀρχιερέως,

2124 1001 2250 1056 οὔτε
2281 1004 2376 1056 ἐπὶ
2405 1005 2520 1064 τοῖς
2545 1005 2830 1068 τοιούτοις,
2853 1001 2976 1057 οὔτε
3006 1003 3099 1059 ἐπὶ
3125 1005 3242 1067 τοῖς
3278 1003 3481 1070 ἀλλοις,
3508 997 3590 1066 οἷς
3610 1004 3698 1056 λέ-

2124 1110 2210 1162 γει
2250 1096 2387 1166 πρὸς
2416 1095 2613 1160 αὐτοὺς
2663 1097 2744 1159 είς
2785 1095 3055 1166 ὠφέλειαν
3099 1097 3207 1150 τῶν
3250 1097 3440 1168 ψυχῶν
3475 1097 3693 1160 αὐτῶν,

2127 1186 2264 1240 ἀλλά
2315 1187 2412 1240 καὶ
2442 1188 2495 1241 εί
2518 1205 2572 1241 τι
2609 1188 2948 1242 συνοικέσιον
2976 1187 3315 1258 εὑρίσκεται,
3345 1187 3554 1257 ὀφείλει
3576 1189 3697 1242 δια-

2128 1277 2459 1349 σπασθῆναι.
2499 1277 2591 1341 Είς
2622 1278 2733 1349 γάρ
2761 1278 2861 1348 τὴν
2885 1278 3018 1350 περὶ
3047 1278 3240 1332 τούτου
3267 1279 3569 1348 ἀσφάλειαν
3599 1278 3696 1330 καὶ

2125 1367 2188 1422 τὸ
2230 1369 2403 1440 παρὸν
2437 1369 2718 1423 συνοδικὸν
2749 1369 2985 1441 γράμμα
3028 1369 3128 1442 τῆς
3163 1370 3320 1441 ήμῶν
3344 1369 3696 1440 μετριότητος

2127 1461 2476 1522 άπολέλυται.
3163 1455 3170 1461 ’

2195 1551 2235 1623 -ι-
2266 1549 2409 1623 Εἶχε
2441 1551 2721 1620 zd'Mnrl
2755 1591 2770 1606 .
2813 1589 2829 1606 .
2874 1591 2889 1606 .
2933 1589 2948 1607 .
2990 1592 3006 1608 .
3049 1552 3165 1607 ινδ.
3199 1557 3273 1606 α’.

2128 1667 2288 1740 XLII.
2326 1669 2567 1740 Synodus
2595 1669 2866 1736 respondet
2886 1671 2964 1740 iad
3003 1669 3303 1740 petitionem
3355 1665 3696 1740 mgtropolitc

2198 1738 2414 1794 Attalilz
2439 1740 2500 1793 de
2531 1740 2704 1809 pravis
2743 1739 2969 1794 moribus
3011 1740 3101 1796 aui
3141 1739 3196 1792 in
3235 1739 3350 1808 ejus
3379 1738 3582 1792 (timui
3606 1739 3692 1792 in-

443 1831 539 1867 νυν
563 1818 589 1868 ὀ
613 1815 772 1880 αὐτὸς
799 1815 1093 1888 ἱερώτατος
1122 1822 1524 1892 μητροπολίτης
1555 1823 2020 1894 Ποντοηρακλείας
2053 1821 2094 1877 Β
2194 1809 2379 1863 υαίαθν
2381 1817 2495 1863 “'1‘-

445 1906 540 1959 καὶ
568 1907 868 1979 ὖπέρτιμος
898 1911 994 1982 τὴν
1035 1913 1336 1983 εἰρημένην
1370 1914 1684 1986 ἀγιωτάτην
1711 1915 2018 1984 ἐπισκοπὴν

444 1997 539 2050 τοῦ
574 1997 864 2068 Ἀμυκλίου
895 2004 1031 2073 μετὰ
1055 2004 1274 2057 πάντων
1312 2004 1422 2058 τῶν
1452 2005 1546 2058 ὑπ’
1576 2003 1770 2076 αὐτὴν,
1803 2006 1899 2059 καὶ
1931 2005 2017 2058 ἐπ’

449 2087 637 2156 ἀδείας
665 2092 776 2156 ἔξει
807 2095 1113 2165 ἱερουργεῖν
1136 2100 1192 2149 ἐν
1219 2098 1354 2169 αὐτῇ
1387 2099 1481 2151 καὶ
1513 2098 1795 2154 διακόνους
1827 2097 2017 2170 προϐι-

449 2183 639 2249 ϐάζειν
667 2187 784 2240 καὶ.
811 2225 828 2244 .
857 2229 872 2244 .
906 2226 921 2242 .
951 2228 965 2241 .
1003 2187 1154 2243 Finis
1183 2190 1347 2243 deest.

448 2342 588 2398 XLI.
621 2343 864 2414 Synodus
905 2345 1055 2414 jubet
1087 2347 1384 2400 examinari
1429 2361 1616 2399 causas
1643 2344 2018 2402 ecclesiasticas

907 2418 964 2468 in
994 2416 1270 2485 metropoli
1297 2414 1559 2486 Sugdmt.

450 2590 466 2606 .
511 2589 527 2606 .
573 2590 588 2606 .
629 2590 644 2605 .
691 2594 704 2608 .
749 2588 765 2604 .
811 2591 824 2602 .
867 2550 1270 2622 (οί)κοδομῆσαι
1307 2553 1590 2622 μέλλοντες
1632 2551 1807 2618 θείους
1835 2554 2016 2618 ναούς.

448 2645 513 2698 Ol
563 2644 618 2696 δέ
652 2644 998 2714 κατέστησαν
1031 2644 1169 2698 αὐτά
1205 2647 1285 2708 είς
1315 2642 1444 2707 τοὺς
1483 2646 1592 2715 πρὸ
1636 2645 1842 2716 χρόνων
1886 2647 2021 2714 φθά-

447 2752 651 2800 σαντας
684 2737 1071 2808 ἀνεγερθῆναι,
1103 2737 1180 2800 ὼς
1227 2739 1466 2808 εἴρηται,
1499 2737 1684 2805 ναοὺς,
1713 2738 1806 2790 καὶ
1834 2738 2018 2792 ἔκτοτε

451 2827 836 2882 ίδιοποιοῦνται
897 2829 1097 2891 αὐτοὺς
1142 2828 1217 2889 ὡς
1261 2829 1723 2900 πατριαρχικούς.
1761 2830 2017 2900 Ἀνέφερε

447 2921 542 2975 καὶ
571 2921 648 2984 ώς
682 2921 790 2990 πρὸ
831 2921 1040 2992 χρόνων
1083 2921 1280 2991 συνέϐη
1342 2921 1706 2991 ἐξοικισθῆναί
1741 2940 1861 2974 τινα
1911 2923 2021 2976 τῶν

449 3013 668 3084 χωρίων
723 3011 824 3082 τῆς
887 3013 1102 3083 ἐνορίας
1151 3013 1315 3065 αὐτοῦ
1359 3016 1424 3065 ἐκ
1457 3015 1556 3082 τῆς
1594 3013 1703 3065 τῶν
1736 3013 2021 3082 Ταταρίων

447 3104 774 3174 ἐπιδρομῆς,
809 3104 1213 3158 ἐπανελθόντων
1239 3105 1296 3157 δέ
1331 3104 1493 3158 πάλιν
1523 3107 1603 3167 είς
1625 3105 1764 3159 αύτά
1790 3107 1901 3160 τῶν
1923 3109 2022 3160 ἐπ-

447 3196 611 3249 οίκων
655 3195 838 3247 αὐτῶν
866 3198 960 3246 καὶ
987 3195 1434 3265 κατοικησάντων
1467 3197 1525 3248 ἐν
1547 3196 1752 3263 αὐτοῖς,
1782 3197 2023 3267 ἀπῆλθον

447 3293 496 3345 οί
530 3291 750 3360 ἐξαρχοι
776 3288 870 3342 τοῦ
905 3289 1201 3358 ίερωτάτου
1238 3288 1640 3359 μητροπολίτου
1683 3289 1906 3354 Γοτθίας
1931 3290 2024 3343 καὶ

451 3382 780 3452 ὑπερτίμου,
814 3380 908 3434 καὶ
962 3380 1224 3451 ἐποίησαν
1264 3382 1322 3434 ἐν
1367 3382 1481 3440 τοῖς
1514 3381 1779 3446 τοιούτοις
1803 3382 2023 3451 χωρίοις

451 3473 840 3540 σταυροπήγια
868 3469 965 3536 τῆς
993 3469 1382 3541 μητροπόλεως
1413 3471 1659 3535 Γοτθίας,
1707 3471 1800 3524 καὶ
1835 3471 2019 3524 ἔκτοτε

450 3561 772 3616 ἀπαιτοῦσιν
824 3562 979 3615 αὐτοὶ
1026 3561 1179 3632 παρά
1207 3561 1316 3614 τῶν
1348 3562 1586 3615 ἐποίκων
1616 3562 1728 3615 τῶν
1760 3562 2022 3617 τοιούτων

450 3656 665 3724 χωρίων
717 3655 814 3706 καὶ
868 3653 927 3706 τὸ
969 3653 1279 3719 κανονικὸν,
1327 3654 1447 3706 ὅσον
1478 3653 1750 3723 ὀφείλεται
1795 3654 1931 3723 πρὸς
1960 3653 2021 3706 τὸ

453 3745 619 3814 μέρος
675 3743 777 3812 τῆς
815 3743 1202 3814 μητροπόλεως
1248 3745 1566 3812 Σουγδαίας,
1611 3746 1705 3798 καὶ
1751 3746 2021 3816 ἐζήτησαν

451 3838 547 3890 ἐπὶ
581 3835 791 3903 τούτοις
839 3838 1022 3906 τυχεῖν
1067 3837 1353 3905 συνοδικῆς
1395 3837 1758 3904 διαγνώσεως.
1795 3837 2020 3908 Ἕκρινε

450 3930 628 3983 τοίνυν
682 3931 716 4000 ή
783 3929 1074 4000 μετριότης
1129 3929 1288 3999 ἡμῶν
1340 3929 1478 3999 μετά
1510 3928 1801 3999 τῶν-περὶ
1853 3928 2021 4000 αὐτὴν

455 4021 766 4090 ίερωτάτων
792 4020 1116 4090 ἀρχιερέων,
1145 4019 1238 4074 τοῦ
1270 4019 1620 4090 Ἡρακλείας,
1639 4021 1733 4073 τοῦ
1761 4019 2017 4084 Νικαίας,

449 4112 547 4168 τοῦ
582 4113 992 4176 Φιλαδελφείας,
1038 4111 1134 4165 τοῦ
1191 4112 1465 4182 Προύσης,
1508 4113 1602 4164 τοῦ
1657 4111 1880 4181 Πηγῶν,
1925 4111 2020 4163 τοῦ

452 4205 692 4276 Σερρῶν,
745 4205 840 4257 τοῦ
892 4203 1222 4274 Δυρῤἀχίου,
1272 4203 1368 4256 τοῦ
1429 4203 1746 4267 Ἀτταλείας
1800 4206 1894 4258 καὶ
1927 4203 2020 4255 τοῦ

451 4299 732 4368 Μεσήνης,
766 4298 853 4350 ῖνα
885 4297 1112 4365 γένηται
1160 4296 1398 4359 τοπικῶς
1433 4296 1503 4348 δι’
1545 4296 1867 4356 ἐπιστασίας
1911 4295 2021 4347 τῶν

454 4387 986 4456 πλησιοχωρούντων
1053 4383 1360 4454 ἀρχιερέων
1425 4381 1697 4447 ἐξέτασις,
1770 4384 2019 4452 παρεῖναι

2192 1921 2233 1992 -ι-
2280 1922 2343 1976 Ὀ
2397 1920 2692 1992 ἱερώτατος
2749 1919 3157 1991 μητροπολίτης
3219 1920 3539 1983 ’Δτταλείας
3596 1919 3692 1973 καὶ

2121 2013 2443 2082 ὑπέρτιμος,
2473 2014 2530 2066 ἐν
2551 2012 2694 2083 ἁγίῳ
2723 2011 3000 2081 Πνεύματι
3027 2010 3315 2080 ἀγαπητὸς
3339 2010 3567 2077 ἀδελφὸς
3592 2009 3690 2078 τῆς

2119 2104 2276 2174 ήμῶν
2302 2105 2654 2174 μετριότητος
2697 2104 2794 2157 καὶ
2843 2103 3279 2174 συλλειτουργδς,
3310 2102 3578 2171 ἀνέφερεν
3610 2101 3691 2162 είς

2117 2192 2218 2260 τὴν
2242 2190 2365 2243 καθ’
2395 2192 2542 2261 ἡμᾶς
2568 2191 2721 2262 ίεράν
2750 2191 2845 2244 καὶ
2868 2191 3019 2245 θείαν
3049 2191 3290 2260 σύνοδον,
3310 2190 3386 2255 ῶς
3409 2207 3556 2252 τινες
3583 2189 3692 2243 τῶν

2119 2282 2397 2354 κληρικῶν
2421 2283 2520 2354 τῆς
2547 2286 2668 2338 κατ’
2703 2284 3148 2355 αύτόνητοιαύτης
3181 2284 3567 2356 μητροπόλεως
3597 2283 3695 2335 καὶ

2117 2373 2228 2427 τῶν
2263 2375 2445 2427 ἐκεῖσε
2487 2375 2772 2444 κοσμικῶν
2807 2374 3110 2444 ἀνθρώπων
3148 2374 3392 2443 ἔφθασαν
3438 2373 3694 2438 ἀναδέξα-

2122 2463 2244 2516 σθαί
2274 2481 2398 2517 τινα
2443 2463 2549 2516 ἀπὸ
2580 2465 2689 2518 τῶν
2723 2465 3104 2536 μοναστηρίων
3152 2468 3248 2536 τῆς
3291 2465 3461 2533 αὐτῆς
3496 2481 3694 2534 μητρο-

2121 2553 2350 2620 πόλεως,
2381 2553 2645 2618 ὡσαύτως
2673 2554 2767 2608 καί
2789 2571 2940 2618 τινας
2969 2556 3076 2608 ἀπὸ
3098 2554 3205 2609 τῶν
3228 2555 3320 2607 ὑπ’
3341 2553 3510 2624 αὐτὴν
3534 2553 3694 2606 θείων

2123 2645 2270 2700 ναῶν
2303 2645 2631 2700 ἐκδοθέντων
2657 2648 2753 2700 καὶ
2782 2647 2888 2701 τῶν
2911 2647 3169 2700 τοιούτων
3200 2647 3575 2716 μοναστηρίων
3601 2646 3693 2698 καὶ

2119 2736 2228 2790 τῶν
2267 2736 2410 2790 ναῶν
2465 2737 2617 2808 παρὰ
2667 2737 2776 2791 τῶν
2818 2737 2961 2790 κατά
2998 2738 3223 2808 καιροὺς
3258 2736 3564 2807 ἀρχιερέων
3595 2736 3694 2806 τῆς

2121 2827 2293 2898 αὐτῆς
2322 2830 2630 2898 ἁγιωτάτης
2654 2829 2952 2899 ἐκκλησίας
2977 2829 3119 2883 κατά
3150 2829 3353 2882 σκοπὸν
3381 2827 3474 2881 τοῦ
3503 2829 3695 2897 ἐπιμε-

2120 2921 2268 2984 λείας
2300 2920 2428 2990 παρ⁹
2462 2919 2646 2974 αὐτῶν
2694 2918 2978 2986 ἀξιοῦσθαι
3034 2922 3129 2974 καὶ
3169 2920 3581 2990 περιποιήσεως
3617 2919 3696 2982 είς

2121 3013 2182 3063 τὸ
2229 3013 2583 3068 συνίστασθαι
2639 3015 2734 3067 καὶ
2788 3012 3128 3084 βελτιοῦσθαι
3175 3012 3335 3076 αὐτὰ,
3364 3011 3516 3081 διέϐη
3559 3010 3616 3064 δὲ
3661 3011 3694 3078 ἡ

2125 3103 2330 3173 κατοχὴ
2381 3103 2587 3158 τούτων
2630 3105 2728 3160 καὶ
2764 3105 2850 3168 είς
2891 3104 3017 3166 τοὺς
3048 3102 3351 3170 ἀπογόνους
3383 3102 3493 3154 τῶν
3524 3100 3694 3154 τοιού-

2124 3211 2233 3248 των
2272 3196 2549 3265 κληρικῶν
2592 3198 2687 3250 καὶ
2736 3195 3017 3266 κοσμικῶν
3050 3193 3354 3264 ἀνθρώπων
3389 3234 3406 3260 ,
3433 3193 3578 3246 κατά
3609 3212 3697 3264 μι-

2123 3287 2254 3356 κρὸν
2302 3287 2359 3338 δέ
2401 3287 2496 3340 ἐπὶ
2527 3286 2782 3341 τοσοῦτον
2825 3289 3172 3359 κατήντησαν
3205 3288 3284 3350 είς
3318 3287 3597 3357 ἐρήμωσιν
3627 3286 3696 3339 τὰ

2121 3377 2342 3431 τοιαῦτα
2389 3379 2730 3450 μοναστήρια
2762 3380 2856 3433 καὶ
2881 3381 2930 3432 οί
2958 3378 3076 3431 ναοὶ
3107 3377 3166 3443 ἐξ
3197 3375 3458 3447 ἀμελείας
3489 3377 3692 3443 αὐτῶν,

2120 3469 2194 3534 ὡς
2227 3471 2361 3540 μηδέ
2393 3472 2664 3540 μοναχοὺς
2697 3470 2842 3540 ἔχειν
2871 3471 3186 3540 οἰκήτορας,
3221 3471 3315 3521 καὶ
3345 3469 3411 3522 τά
3437 3469 3694 3538 κτήματα

2121 3559 2178 3613 δὲ
2222 3559 2404 3614 αὐτῶν
2437 3564 2508 3614 τὰ
2541 3561 2638 3630 μὲν
2685 3560 3062 3630 διεπράθησαν
3104 3559 3253 3628 παρά
3296 3559 3405 3611 τῶν
3434 3557 3693 3611 τοιούτων

2123 3651 2402 3722 κληρικῶν
2429 3652 2524 3704 καὶ
2555 3652 2833 3720 κοσμικῶν
2865 3651 2960 3705 ἀνθ
2971 3651 3189 3717 ρώπων,
3211 3649 3282 3702 τά
3300 3649 3356 3702 δέ
3373 3650 3693 3717 κατέχουσιν

2124 3741 2202 3795 ἐτι
2233 3744 2328 3795 καλ.
2369 3743 2624 3812 νέμονται
2668 3743 2844 3804 αὐτοὶ,
2872 3743 2966 3796 καὶ
2995 3741 3094 3803 τὰς
3133 3740 3193 3806 ἐξ
3225 3739 3407 3794 αὐτῶν
3455 3740 3692 3805 ἀποκερο

2120 3832 2364 3886 δαίνουσι
2397 3834 2721 3903 προσόδους.
2759 3832 3017 3903 Ἀνέφερε
3055 3833 3150 3884 καὶ⁵
3185 3830 3259 3891 ὣς
3288 3847 3430 3893 τινες
3467 3831 3576 3883 τῶν
3607 3846 3690 3882 το-

2123 3924 2303 3979 πικῶν
2335 3925 2552 3994 γυναιξὶ
2603 3925 2746 3979 κατά
2795 3924 2993 3994 νόμους
3041 3922 3440 3992 συναπτόμεναι
3472 3925 3568 3975 καὶ
3595 3921 3692 3988 τῆς

2123 4016 2582 4087 συμφωνηθείσης
2624 4016 2760 4085 πρὸς
2792 4016 2996 4078 αὐτοὺς
3033 4014 3261 4084 προικὸς
3295 4013 3689 4083 ἀποδιδομένης

2123 4105 2403 4178 βιάζονται
2460 4109 2553 4160 καὶ
2611 4106 3140 4174 καταναγκάζουσιν,
3173 4106 3259 4159 ἵνα
3319 4105 3388 4158 τὰ
3447 4105 3548 4173 μέν
3585 4104 3692 4156 τῶν

2121 4198 2491 4268 προικιμαίων
2509 4198 2852 4269 πραγμάτων
2881 4197 3130 4250 δίδωνται
3162 4196 3302 4266 πρὸς
3328 4195 3527 4257 αὐτοὺς
3553 4195 3692 4248 κατά

2121 4293 2276 4359 λόγον
2323 4291 2520 4356 ξενίου,
2570 4291 2639 4344 τά
2691 4291 2748 4343 δέ
2793 4289 3258 4361 προικοδοτῶνται
3292 4291 3414 4348 ταῖς
3452 4287 3689 4356 γυναιξὶ,

2121 4385 2215 4436 καὶ
2286 4385 2334 4437 εί
2395 4384 2578 4454 συμϐῇ
2642 4381 3076 4452 προτελευτῆσαι
3143 4381 3240 4451 τὴν
3303 4381 3543 4448 γυναῖκα
3604 4380 3694 4431 καὶ

455 4479 764 4548 ὀφείλοντος
804 4479 870 4548 τῇ
922 4474 1148 4549 τοιαύτῃ
1195 4475 1441 4540 ἐξετάσει
1475 4476 1568 4529 καὶ
1602 4475 1695 4529 τοῦ
1723 4477 2018 4545 ίερωτάτου
2054 4482 2097 4538 ι)
2125 4475 2494 4547 ἀπαιτηθῆναι
2537 4474 2640 4544 τὴν
2684 4475 2910 4543 προῖκα,
2960 4473 3388 4542 ἀντιστρέφηται
3439 4473 3600 4542 μόνον
3637 4470 3694 4524 τὸ

456 4572 758 4644 ἀρχιερέως
804 4569 1052 4636 Γοτθίας,
1115 4569 1210 4623 καὶ
1246 4569 1323 4634 ώς
1373 4569 1674 4640 εύρεθῶσιν
1720 4569 1910 4639 ἔχοντα
1946 4571 2027 4632 είς

457 4663 717 4732 ἀλήθειαν
761 4660 829 4714 τὰ
884 4659 994 4712 τῶν
1039 4659 1295 4712 τοιούτων
1343 4657 1678 4724 ὑποθέσεων,
1737 4659 2023 4731 σημειωθῇ

455 4755 588 4824 παρ’
615 4753 796 4808 αὐτῶν
827 4752 920 4806 καὶ
957 4752 1180 4824 πεμφθῇ
1217 4753 1276 4806 τό
1307 4733 1603 4822 σημείωμα
1637 4751 1895 4818 ἐνταῦθα,
1927 4752 2023 4805 καὶ

453 4847 644 4901 ἔπειτα
697 4850 945 4916 γένηται,
1007 4847 1134 4898 ὅσον
1195 4845 1446 4913 ἀναφανῇ
1497 4844 1704 4898 δίκαιον
1767 4844 1873 4898 ἀπὸ
1927 4843 2026 4912 τῆς

453 4941 738 5010 συνοδικῆς
793 4938 1162 5008 διαγνώσεως.
1225 4936 1612 5012 Ἀνατιθέαμεν
1663 4937 1720 4990 δὲ
1765 4938 1832 4990 τά
1893 4938 2022 5006 περὶ

451 5033 644 5087 τούτου
674 5035 788 5095 τοῖς
817 5031 1130 5101 ἱερωτάτοις
1178 5028 1496 5100 ἀρχιερεῦσι
1542 5029 1638 5082 καὶ
1675 5028 2020 5098 ύπερτίμοις,

449 5125 528 5197 τῷ
556 5125 830 5189 Ἀλανίας,
857 5123 934 5194 τῷ
980 5123 1230 5192 Βιτζίνης
1273 5121 1366 5176 καὶ
1393 5121 1467 5191 τῷ
1501 5120 1740 5190 Ζηκχίας
1775 5121 1870 5174 καὶ⁹
1900 5120 2019 5173 Μα-

449 5220 689 5289 τράχων,
751 5219 802 5269 οἳ
862 5216 926 5286 δὴ
962 5216 1054 5268 καὶ
1107 5213 1411 5281 ὀφείλουσιν
1459 5211 1762 5281 ἐνδημῆσαι
1810 5213 1889 5272 εἰς
1930 5210 2022 5262 τὸν

452 5309 633 5362 ἐκεῖσε
676 5309 841 5360 τόπον
896 5305 990 5359 καὶ
1040 5302 1437 5373 ἀποπληρῶσαι
1490 5301 1558 5353 τά
1592 5301 1690 5370 τῆς
1740 5300 2022 5367 συνοδικῆς

452 5403 656 5472 ταύτης
680 5400 772 5454 καὶ
799 5397 1078 5468 ήμετέρας
1104 5393 1468 5462 διαγνώσεως.
1492 5391 1647 5444 Ἐπεὶ
1676 5391 1731 5443 δέ
1757 5392 2021 5460 ἀνέφερεν

453 5494 482 5544 ὀ
507 5493 668 5556 αὐτὸς
697 5491 989 5561 ἱερώτατος
1016 5485 1307 5560 ἀρχιερεὺς
1337 5483 1660 5551 Σουγδαίας,
1686 5481 1760 5545 ὡς
1789 5482 2020 5552 προϐαί-

455 5601 640 5638 νουσιν
662 5585 743 5648 είς
772 5584 872 5654 τὴν
898 5582 1113 5654 ἐνορίαν
1143 5577 1309 5632 αὑτοῦ
1333 5576 1642 5630 συνοικέσια
1666 5575 2020 5644 κεκωλυμένα

455 5677 609 5742 παρά
639 5675 746 5729 τῶν
778 5675 936 5728 θείων
979 5673 1076 5726 καὶ
1117 5667 1455 5740 φιλευσεϐῶν
1501 5666 1701 5735 νόμων,
1732 5665 1800 5718 τά
1832 5665 1929 5734 μὲν
1962 5665 2021 5731 ἐξ

459 5764 711 5834 αἵματος,
751 5768 818 5821 τὰ
847 5766 902 5819 δέ
936 5764 992 5830 ἐξ
1020 5749 1471 5834 ἀγχιστείας,ίμὴ
1530 5755 1870 5827 πειθομένων
1913 5756 2020 5810 τῶν

2129 4564 2477 4635 καταγραφέν
2519 4564 2661 4632 ὑπὲρ
2695 4562 2944 4633 προικὸς,
2975 4563 3038 4615 τὸ
3080 4563 3138 4617 δέ
3178 4563 3434 4616 ἐπέκεινα
3463 4564 3694 4632 πρᾶγμα

2128 4655 2439 4726 ἐναπομένῃ
2491 4655 2676 4718 αὐτοῖς
2705 4653 3075 4722 άναπαίτητον
3105 4651 3180 4713 ώς
3213 4650 3388 4718 ξενίου
3433 4650 3578 4721 λόγῳ
3610 4651 3694 4703 60-

2128 4749 2220 4802 θέν
2255 4747 2391 4819 πρὸς
2441 4746 2660 4810 αὐτοὺς,
2687 4745 2828 4799 ὥστε
2863 4745 2955 4798 καὶ
2991 4743 3365 4814 ἐπεκράτησεν
3406 4745 3440 4813 ή
3470 4743 3689 4811 τοιαύτη

2129 4839 2409 4908 συνήθεια,
2443 4838 2540 4892 καὶ
2574 4839 2875 4904 ἐνεργεῖται
2920 4833 3270 4904 παραλόγως,
3331 4832 3404 4902 μὴ
3441 4831 3694 4901 βουλομέ-

2126 4949 2235 4986 νων
2287 4930 2462 4992 ἀλλως
2512 4928 2883 4982 συνάπτεσθαι
2913 4927 2994 4985 είς
3022 4925 3201 4994 γάμον
3226 4925 3334 4976 τῶν
3369 4924 3507 4992 πρὸς
3539 4921 3693 4975 τοῦτο

2126 5022 2437 5094 ἐρχομένων
2460 5020 2690 5090 ἀνδρῶν,
2718 5018 3010 5072 κάντεῦθεν
3034 5015 3473 5086 ἀναγκαζόμενοι
3511 5017 3559 5067 οἱ
3594 5015 3690 5076 τὰς

2127 5111 2347 5182 θηλείας
2377 5109 2589 5180 ἔχοντες
2636 5108 2833 5168 παῖδας
2865 5107 2960 5160 καὶ
2988 5105 3065 5176 μὴ
3100 5106 3312 5174 ἔχοντες
3348 5103 3525 5166 άλλως
3559 5102 3690 5171 πρὸς

2125 5204 2304 5274 γάμον
2332 5202 2624 5256 συνάπτειν
2645 5199 2838 5264 αὐτὰς,
2856 5197 3180 5268 ζημιοῦνται
3209 5195 3275 5248 τά
3304 5193 3515 5263 μεγάλα
3544 5193 3690 5261 παρά

2123 5295 2220 5366 τὴν
2233 5294 2341 5347 τῶν
2359 5293 2538 5359 νόμων
2555 5289 2838 5358 διαταγὴν,
2857 5288 3207 5356 στερούμενοι
3223 5284 3331 5336 τῶν
3347 5284 3581 5348 οἰκείων,
3597 5282 3690 5336 καὶ

2125 5383 2390 5453 ἐζήτησεν
2443 5381 2536 5433 ἐπὶ
2564 5379 2775 5441 τούτοις
2796 5377 3078 5444 συνοδικῆς
3110 5377 3294 5444 τυχεῖν
3325 5372 3686 5440 διαγνώσεως.

2128 5476 2384 5542 Ἔκρινεν
2417 5467 2510 5525 οῦν
2543 5473 2577 5540 ἡ
2611 5470 2903 5540 μετριότης
2944 5469 3100 5540 ἡμῶν
3134 5469 3270 5538 μετὰ
3307 5468 3414 5520 τῶν
3445 5469 3571 5536 περὶ
3595 5467 3688 5520 αὖ·

2124 5569 2223 5638 τὴν
2253 5565 2564 5636 ίερωτάτων
2596 5563 2921 5633 ἀρχιερέων,
2949 5561 3043 5615 τοῦ
3084 5558 3432 5631 Ἡρακλείας,
3465 5559 3559 5611 τοῦ
3589 5558 3688 5611 Na-

2125 5658 2307 5720 καίας.
2345 5656 2439 5710 τοῦ
2471 5655 2882 5723 Φιλαδελφείας,
2916 5653 3010 5706 τοῦ
3037 5652 3307 5724 Προύσης,
3338 5649 3433 5703 τοῦ
3468 5649 3683 5718 Πηγῶν,

2123 5751 2216 5805 τοῦ
2262 5748 2506 5820 Σερῤῶν,
2546 5746 2640 5802 τοῦ
2684 5745 3014 5818 Δυρραχίου,
3043 5744 3138 5799 τοῦ
3181 5742 3430 5820 Ἀλανίας
3482 5740 3684 5797 καὶτοῦ
