4076 6264
482 395 612 459 1151

1421 389 1750 450 JOANNIS
1786 386 2059 450 GLYCIS
2093 383 2182 446 (ΞΡ
2251 375 2770 443 ΡΑΤΒΙΑΒΟΗΑΞ

3593 361 3734 426 1152

478 501 598 568 γειν
627 501 723 555 καὶ
755 501 1002 570 μηδόλως
1031 500 1323 567 ταράττειν
1351 498 1484 568 μηδέ
1514 491 1911 567 διενοχλείν.Ἧ
1940 496 2050 564 γὰρ
2078 494 2127 555 Α
2155 493 2248 546 καὶ
2274 491 2412 545 κατά
2444 490 2612 560 μέρος
2659 484 2955 542 καὶταῦτα
3003 483 3528 552 ὑπανεγνὼσθησαν,
3558 481 3734 535 πολλά

479 592 548 648 ἂν
575 595 644 648 δι’
684 593 881 656 αἰῶνος
914 593 1193 661 ἀπέραντα
1229 591 1442 642 πονοίεν
1488 589 1535 640 οί
1583 586 1755 641 ταῦτα
1808 602 2053 656 προῃρη-

456 669 461 674 ’
487 687 661 754 μένοι,
695 686 853 752 οἵπερ
885 683 992 734 τῶν
1020 681 1125 750 πρὸ
1149 681 1328 732 αὐτῶν
1356 678 1617 740 πολλάκις
1647 679 1742 732 καὶ
1773 676 2054 746 ἀποχρών-

484 797 591 836 τως
622 775 998 845 δικασαμένων
1033 775 1126 826 καὶ
1158 772 1586 838 ἀγωνισαμένων
1619 770 1668 823 οί
1704 768 1936 836 καθεξῆς
1967 767 2056 820 ἀεὶ

485 874 600 930 τοῖς
632 867 844 936 ὁμοίοις
891 865 1184 934 ἐμμένοιεν
1213 864 1308 915 καὶ
1337 863 1607 932 πειρῷντο
1654 862 1745 913 τὸν
1794 861 1908 914 ίσον
1934 859 2060 927 τρό-

487 979 588 1015 πον
612 959 922 1026 διενοχλείν.
961 959 1027 1009 Ὃ
1053 956 1118 1026 δὴ
1163 956 1462 1026 καθορᾶται
1497 953 1796 1023 συμϐαῖνον
1830 953 1924 1004 καὶ
1963 951 2059 1003 ἐπὶ⁹

485 1057 551 1124 τῇ
593 1054 795 1120 μεταξὺ
851 1050 947 1104 νῦν
979 1050 1241 1104 ὑποθέσει
1268 1047 1361 1101 τοῦ
1392 1065 1450 1100 τε
1497 1047 1794 1116 ἱερωτάτου
1849 1060 2059 1114 μητρο-

487 1146 705 1199 πολίτου
761 1145 1064 1212 Λαρίσσης,
1111 1143 1432 1212 ὑπερτίμου,
1470 1140 1614 1194 κατά
1655 1138 1871 1205 πνεῦμα
1900 1135 2058 1190 ἀδελ-

489 1238 590 1306 φοῦ
626 1240 717 1290 καὶ
751 1235 1172 1306 συλλειτουργοῦ
1209 1236 1308 1302 τῆς
1348 1233 1510 1302 ἡμῶν
1558 1234 1932 1304 μετριότητος,
1957 1229 2060 1281 καὶ

488 1328 598 1379 τῶν
653 1325 1126 1396 Μαρμαριανιτῶν
1184 1323 1458 1392 μοναχῶν.
1509 1317 1678 1382 οὗτος
1727 1323 1821 1374 καὶ
1870 1319 1981 1387 γὰρ
2033 1317 2062 1370 ὁ

491 1417 786 1486 ἱερώτατος
822 1413 1244 1485 μητροπολὶτης,
1280 1413 1546 1482 πρότερον
1581 1411 1681 1480 μὲν
1710 1408 1941 1474 ταυτησὶ
1963 1409 2063 1476 τῆς

495 1511 662 1577 μονῆς
696 1505 1074 1574 ἡγουμενικῶς
1099 1505 1519 1574 προϊστάμενος.
1552 1505 1646 1556 καὶ
1678 1502 1836 1564 εἰδὼς
1883 1500 2060 1553 ὁπόσα

494 1599 636 1664 αῦτη
672 1599 936 1666 κέκτηται
999 1599 1347 1665 δικαιώματα
1380 1596 1575 1667 (ταῦτα
1608 1595 1654 1648 δ’
1707 1595 1813 1648 εἰσὶ
1866 1591 2064 1663 χρυσό-

493 1690 706 1742 ϐουλλοι
752 1689 901 1755 λόγοι
934 1689 1027 1742 καὶ
1082 1687 1457 1758 πατριαρχικά
1506 1684 1920 1754 ὑπομνήματα),
1959 1680 2064 1734 ὑπὸ

491 1783 591 1850 τὴν
622 1783 907 1852 περιωπὴν
953 1785 1052 1852 τῆς
1083 1782 1205 1834 καθ’
1236 1783 1384 1852 ἡμᾶς
1423 1781 1737 1848 ἁγιωτάτης
1787 1775 1884 1828 τοῦ
1924 1773 2061 1828 Θεοῦ

493 1875 755 1944 Μεγάλης
795 1874 1123 1944 Ἐκκλησίας
1155 1874 1328 1927 τελεῖν
1360 1874 1460 1942 τὴν
1488 1874 1658 1943 μονὴν
1686 1870 2063 1933 ἐπιτάττοντα,

495 1965 591 2017 ἆτε
615 1965 677 2032 δὴ
700 1965 792 2016 ἐπὶ
818 1965 1210 2034 στανροπηγίῳ
1240 1963 1628 2034 πατριάρχικῷ
1658 1960 2064 2028 ἀνιδρυθεϊσαν,

493 2057 522 2108 ὁ
552 2057 607 2110 δέ
650 2057 745 2110 καὶ
777 2056 921 2110 οὑτω
951 2059 1064 2119 τοῖς
1103 2059 1358 2126 μοναχοτς
1389 2056 1455 2108 δι’
1497 2053 1658 2124 ὁχλου
1701 2051 2068 2105 καθίσταται·

495 2148 622 2217 ἄρτι
675 2148 774 2219 μέν
809 2149 908 2219 τῆς
930 2149 1040 2202 τῶν
1085 2148 1431 2216 Λαρισσαίων
1485 2143 1892 2215 ἀρχιερατικῶς
1923 2140 2073 2211 ἡγεῖ-

499 2242 625 2295 σθαι
664 2240 847 2310 λαχὼν
881 2241 1295 2310 μητροπόλεως,
1330 2238 1532 2293 αὐτίκα
1559 2238 1617 2290 δὲ
1653 2237 1750 2290 καὶ
1782 2237 1896 2298 τοῖς
1922 2237 2076 2304 είρη·

503 2335 688 2403 μένοις
718 2333 1088 2401 δικαιώμασιν
1119 2332 1360 2402 ἐντυχὼν
1403 2332 1500 2384 καὶ
1530 2330 1743 2393 τούτοις
1771 2327 1932 2381 οἱονεί
1961 2342 2073 2378 τισι

500 2426 750 2494 κέντροις
782 2424 918 2495 πρὸς
951 2429 1048 2495 τὴν
1075 2425 1177 2494 τῆς
1221 2424 1386 2494 μονῆς
1417 2422 1850 2490 ὑπονυττόμενος
1886 2418 2074 2487 ἔφεσιν

500 2519 596 2570 καὶ
653 2518 750 2589 τὴν
799 2517 1119 2572 δεσποτείαν
1179 2516 1357 2587 ἐαυτῷ
1408 2514 1746 2584 πειρώμενος
1797 2511 2075 2566 κατακτᾶ-

504 2611 652 2677 σθαι,
695 2613 901 2679 ταύτην
952 2610 1127 2679 αὐτὴν
1178 2609 1581 2664 ὑποτάττεσθαι
1627 2610 1693 2678 τῇ
1739 2603 2075 2676 μητροπόλει

502 2705 686 2777 ζητῶν
708 2707 801 2759 καὶ
833 2706 959 2767 τοὺς
996 2708 1054 2758 ἐν
1083 2708 1220 2776 αὑτῇ
1262 2705 1533 2774 μοναχοὺς
1588 2696 1978 2770 άνακρίνεσθαί
2014 2713 2075 2748 τε

501 2802 592 2852 καὶ
627 2803 930 2861 κανονικῶς
954 2797 1046 2852 ὑπ’
1071 2796 1238 2851 αὐτοῦ
1265 2794 1634 2865 διεξάγεσθαι.
1672 2793 1775 2846 Διά
1799 2789 1960 2844 τοῦτο
1981 2786 2077 2840 καί

502 2909 656 2954 τινας
697 2891 864 2944 αὑτοῦ
919 2891 1190 2960 μοναχοὺς
1228 2889 1370 2960 πρὸς
1420 2890 1520 2954 τὴν
1569 2883 1696 2940 καθ’
1731 2885 1882 2952 ἡμᾶς
1925 2881 2078 2934 θείαν

509 2985 602 3036 καὶ
651 2983 801 3051 ίεράν
838 2982 1057 3035 σύνοδον
1090 2979 1652 3049 ἀντικριθησομένους
1686 2978 1801 3038 τοῖς
1836 2975 2079 3042 Μαρμα-

509 3075 773 3145 ριανίταις
803 3075 1105 3142 ἐκπέμπει.
1142 3073 1251 3125 Καὶ
1285 3073 1350 3141 δὴ
1369 3069 1751 3140 παραστάντες
1780 3061 1926 3122 οὑτοι
1955 3082 2079 3119 συν-

2093 1826 2142 1886 Β

2155 603 2215 639 τε
2242 586 2373 639 ὅντα
2403 583 2594 639 καὶτὰ
2625 583 2725 648 τῆς
2756 581 3072 642 ὑποθέσεως
3107 578 3348 649 ἐξαρχῆς
3395 577 3604 632 διιόντα
3633 577 3730 629 καὶ

2157 681 2239 736 ἐτι
2263 679 2616 746 παλαιτέρων
2646 676 2826 732 ἄλλων
2863 674 2957 729 ἐπὶ
2986 673 3269 727 δικαιώσει
3296 674 3400 742 τῆς
3435 673 3604 740 μονῆς
3629 670 3729 738 τὴν

2162 776 2385 845 μνήμην
2439 771 2762 842 ποιούμεια,
2801 768 3218 840 χρυσοϐούλλων
3276 764 3521 836 δηλονότι
3576 761 3732 832 παρά

2157 866 2268 919 τῶν
2291 865 2553 933 ἀοιδίμων
2573 861 2874 931 γεγονότων
2900 859 3186 930 βασιλέων,
3207 857 3302 912 τοῦ
3329 875 3386 910 τε
3421 855 3530 923 κῦρ
3547 855 3730 906 Ἰσααο

2161 958 2280 1012 κίου
2306 955 2525 1011 καὶτοῦ
2557 955 2896 1024 αὑταδέλφου
2947 951 3136 1016 αὑτοῦ,
3189 951 3295 1021 κῦρ
3341 949 3610 1015 Ἀλεξίου,
3653 948 3737 999 ἐτι

2159 1049 2218 1102 δέ
2251 1047 2344 1101 καὶ
2379 1044 2798 1116 πατριαρχικῶν
2841 1041 3255 1114 ὑπομνημάτων
3286 1041 3380 1094 καὶ
3417 1037 3626 1092 λοιπῶν
3655 1036 3740 1088 δι-

2163 1145 2524 1208 καιωμάτων,
2575 1139 2637 1190 ἐν
2664 1131 2744 1200 οἷς
2783 1135 2848 1207 δὴ
2896 1137 3011 1197 τοῖς
3065 1130 3486 1202 προκομισθεῖσι
3533 1125 3738 1195 δηλαδὴ

2162 1230 2297 1299 παρ’
2325 1230 2505 1284 αὐτῶν
2527 1228 2863 1298 δικαιώμασι
2905 1228 3001 1282 καὶ
3036 1225 3270 1296 γράμμα
3301 1222 3514 1291 προσῆν
3543 1220 3740 1287 ἕτερον

2161 1323 2257 1377 τοῦ
2289 1323 2673 1392 διαληφθέντος
2723 1301 3011 1384 δεσπότου,
3061 1318 3170 1388 κῦρ
3209 1317 3453 1388 Μιχαὴλ,
3495 1314 3559 1367 τδ
3594 1329 3736 1382 προ-

2163 1415 2386 1484 γεγονὸς
2417 1417 2482 1483 τῇ
2513 1414 2848 1486 μητροπόλει
2869 1412 3179 1483 ἀνατρέπον
3207 1413 3301 1464 καὶ
3328 1407 3614 1477 ἀναιροῦν,
3642 1402 3742 1458 καὶ

2164 1508 2286 1576 τὴν,
2325 1507 2449 1561 ὅθεν
2473 1507 2632 1561 τοῦτο
2660 1506 2897 1576 προέϐη,
2925 1506 3107 1559 αἰτίαν
3137 1503 3396 1572 καθαρῶς
3424 1499 3738 1572 παριστῶν,

2167 1602 2230 1654 ἐκ
2268 1601 2494 1670 ψεύδους
2517 1599 2761 1670 δηλονότι
2792 1599 2887 1652 καὶ
2918 1599 3135 1668 ἀπάτης
3172 1598 3237 1666 τῇ
3271 1595 3367 1649 τοῦ
3408 1591 3742 1664 Γοριανίτου

2165 1694 2348 1762 κρίσει
2401 1692 2797 1755 συσκευασθέν,
2848 1692 2966 1760 ἀμα
3019 1690 3078 1744 δέ
3135 1689 3229 1742 καὶ
3265 1685 3612 1754 δηλοποιοῦν,
3666 1683 3744 1746 ὡς

2168 1787 2311 1840 κατὰ
2345 1786 2576 1855 ζήτησιν
2605 1783 2771 1840 αὑτοῦ
2807 1783 2870 1853 δὴ
2895 1783 2991 1836 τοῦ
3018 1781 3282 1835 δεσπότου
3325 1783 3422 1834 καὶ
3452 1777 3748 1847 παράκλη-

2172 1897 2258 1933 σιν
2289 1879 2382 1931 ἐπὶ
2403 1877 2689 1948 διορθώσει
2719 1879 2821 1948 τῆς
2861 1877 3192 1945 ὑποθέσεως
3214 1874 3307 1928 καί
3351 1877 3414 1926 τὸ
3450 1873 3545 1926 τοῦ
3573 1871 3749 1925 ἀοιδί-

2174 1988 2278 2041 μου
2315 1970 2578 2040 βασιλέως
2606 1970 2712 2040 κῦρ
2747 1969 2996 2023 Ἰωάννου
3027 1965 3425 2038 χρυσόϐουλλον
3459 1964 3556 2018 ἐπὶ
3584 1965 3748 2017 ἀναι-

2172 2064 2321 2135 ρέσει
2352 2066 2445 2118 καὶ
2479 2063 2759 2133 ἀκυρώσει
2791 2061 2886 2116 τοῦ
2916 2061 3185 2131 προτέρου
3214 2059 3381 2114 αὑτοῦ
3413 2057 3750 2129 χρυσοϐούλ-

2170 2157 2266 2212 λου
2305 2159 2370 2242 τῇ
2409 2159 2546 2227 μονῇ
2575 2156 2808 2226 προέϐη,
2839 2154 2934 2208 am
2964 2153 3028 2220 δὴ
3066 2153 3170 2221 τῆς
3201 2150 3464 2220 ἀληθείας
3485 2149 3750 2220 καθαρῶς

2172 2240 2540 2320 αἰθρι-ασάσης
2571 2247 2799 2302 καὶτῶν
2828 2249 2893 2316 τῇ
2933 2247 3068 2316 μονῇ
3103 2243 3418 2312 προσόντων
3441 2240 3755 2309 δικαιωμά-

2171 2359 2281 2395 των
2315 2341 2611 2410 ἐσύστερον
2661 2337 3067 2406 ἀναφανέντων,
3111 2336 3217 2390 ὑπὸ
3269 2335 3370 2404 τῆς
3401 2333 3497 2387 τοῦ
3553 2332 3751 2404 καιροῦ

2173 2434 2494 2504 ἀνωμαλίας
2531 2434 2592 2487 τὸ
2632 2434 2896 2502 πρότερον
2946 2429 3358 2501 ἀφανισθέντων
3397 2428 3492 2481 καὶ
3523 2428 3620 2480 ἐπὶ
3653 2443 3757 2494 μα-

2174 2525 2306 2594 κρδν
2335 2523 2553 2592 συμϐἀν
2578 2522 2718 2577 αύτά
2752 2521 3123 2594 κρύπτεσθαι,
3163 2521 3242 2574 ἐτι
3269 2537 3333 2588 γε
3372 2518 3480 2589 μὴν
3525 2519 3620 2572 καὶ
3659 2516 3755 2571 τοῦ

2179 2618 2516 2689 μυροϐλύτου
2543 2618 2637 2669 καὶ
2664 2613 3114 2685 θαυματοϐρύτου
3143 2612 3457 2684 Δημητρίου
3511 2609 3590 2679 μὴ
3629 2613 3762 2665 ἀνα-

2179 2712 2370 2781 σχετὸν
2403 2708 2779 2780 ποιησαμένου
2835 2707 2906 2760 τά
2956 2705 3056 2775 τῆς
3085 2705 3344 2773 ἀληθείας
3379 2705 3458 2766 είς
3508 2703 3667 2766 τέλος
3702 2703 3762 2755 ἐν

2177 2805 2374 2873 ἀφανεῖ
2430 2801 2805 2872 κρύπτεσθαι,
2843 2798 2982 2854 ἀλλά
3023 2798 3330 2868 θαυμάσιόν
3355 2814 3481 2850 τινα
3531 2790 3769 2866 τρόπον,

2181 2897 2383 2967 μᾶλλον
2436 2897 2495 2950 δέ
2542 2894 2692 2964 αύτῷ
2739 2893 2949 2964 συνήθη
3006 2893 3104 2944 καὶ
3135 2893 3419 2960 πρέποντα
3463 2889 3762 2960 φοϐήτροις

2176 2990 2289 3044 τισὶ
2325 2989 2419 3042 καὶ
2475 2989 2729 3057 φάσμασι
2764 2989 2858 3041 καὶ
2911 2984 3383 3054 ἐκδειματώσεσιν
3429 2985 3489 3036 ἐν
3548 2983 3762 3046 τούτοις

2178 3082 2275 3136 καὶ
2311 3081 2486 3134 νόσων
2519 3079 2840 3146 ἐπαγωγαῖς
2873 3077 2969 3130 καὶ
3031 3077 3298 3136 ποικίλοις
3329 3075 3447 3126 τισὶ
3494 3072 3762 3135 τοιούτοις

501 3167 696 3227 οδικῶς
746 3164 1175 3233 προκαθημένης
1198 3163 1300 3233 τῆς
1321 3161 1479 3234 ἡμῶν
1515 3161 1890 3233 μετριότητος.
1915 3158 2080 3228 "PO"
2107 3183 2151 3242 α
2182 3175 2277 3228 τὸν
2312 3172 2423 3242 κύρ
2469 3171 2694 3242 Μιχαὴλ
2726 3171 2935 3224 ἐκεῖνον
2979 3168 3070 3222 τὸν
3096 3169 3367 3236 δεσπότην
3393 3167 3534 3236 πρδς
3577 3165 3763 3219 συναί-

506 3279 692 3314 τειναν
726 3259 826 3328 μὲν
863 3257 1137 3326 δικαίωμα
1183 3259 1248 3328 τῇ
1283 3255 1618 3328 μητροπόλει
1660 3254 1886 3323 γεγονὸς
1921 3254 2078 3324 παρά

504 3353 599 3407 τοῦ
628 3355 726 3421 τὴν
761 3353 940 3404 ἐκεῖσε
972 3351 1159 3422 χώραν
1187 3350 1265 3420 τῷ
1299 3351 1421 3404 τότε
1452 3348 1575 3403 κατ’
1601 3347 1852 3412 ἐξουσίαν
1880 3346 2078 3401 αὐθεν-

503 3447 663 3515 τικην
703 3443 1008 3505 διέποντος,
1034 3441 1129 3495 τοῦ
1155 3440 1419 3493 δεσπότου
1451 3438 1664 3492 ἐκείνου
1693 3435 1801 3505 κῦρ
1830 3435 2076 3507 Μιχαὴλ,

505 3539 582 3600 ὡς
626 3535 829 3604 μεταξὺ
870 3535 966 3588 καὶ
1000 3534 1121 3587 τότε
1169 3533 1264 3586 τοῦ
1298 3550 1358 3587 τε
1397 3533 1497 3602 τῆς
1535 3530 1927 3603 μητροπόλεως
1978 3529 2078 3600 μέ-

513 3648 641 3698 ρους
674 3632 763 3683 καῖ
794 3629 890 3698 τῆς
914 3629 1214 3699 είρημένης
1267 3627 1437 3697 μονῆς
1485 3627 1953 3697 ἀμφισϐητήσεως
1986 3624 2083 3677 καὶ

508 3723 790 3787 διενέξεως
821 3722 1160 3790 κατεχούσης
1187 3719 1315 3789 περὶ
1344 3719 1518 3789 αὐτῆς
1546 3719 1609 3789 δὴ
1634 3717 1735 3786 τῆς
1775 3717 1947 3786 μονῆς
1975 3715 2082 3768 ύπδ

509 3815 608 3884 τὴν
639 3814 974 3884 μητρόπολιν
999 3813 1232 3881 ἄγεσθαι
1258 3812 1353 3867 τοῦ
1403 3812 1526 3868 κατ’
1565 3811 1738 3878 αὐτὴν
1777 3809 2081 3882 ἀρχιερέως

509 3902 784 3969 ἀξιοῦντός
818 3921 879 3957 τε
911 3904 1006 3956 καὶ
1058 3903 1421 3970 δικαιοῦντος.
1470 3903 1582 3957 Καὶ
1618 3903 1804 3972 μέντοι
1832 3901 1928 3954 καὶ
1960 3899 2083 3969 κρί-

510 4011 650 4059 σεως
696 3995 790 4049 ἐπὶ
824 3995 1001 4064 τούτῳ
1047 3995 1352 4063 γενομένης
1415 3993 1568 4062 παρά
1617 3991 1712 4045 τοῦ
1764 3990 2082 4059 Γοριανίτου

2186 3267 2379 3336 σθησιν
2402 3265 2726 3332 ἀγαγόντος,
2753 3263 2830 3326 ὡς
2873 3263 2935 3316 οὑ
2968 3261 3152 3323 καλῶς
3182 3260 3290 3331 ἄρα
3323 3260 3400 3328 τῷ
3426 3260 3522 3312 τοῦ
3550 3259 3765 3336 Λαρίσ-

2189 3335 2291 3430 σης
2323 3359 2476 3427 μέρει
2509 3356 2607 3426 τὴν
2635 3356 2735 3424 τῆς
2765 3355 3076 3417 ὑποθέσεως
3101 3353 3388 3406 δικαίωσιν
3421 3354 3510 3407 διὰ
3548 3335 3656 3406 τοῦ
3690 3355 3766 3407 εί-

2192 3451 2432 3522 ρημένου
2496 3450 2828 3519 γράμματος
2897 3448 3300 3518 ποιησάμενον.
3368 3447 3494 3499 Ἐπὶ
3555 3446 3770 3509 τούτοις

2193 3544 2378 3614 μέντοι
2426 3542 2562 3594 πᾶσι
2610 3539 2705 3592 καὶ
2738 3538 3114 3608 ὑπομνήματα
3156 3540 3536 3608 πατριαρχικά
3565 3542 3675 3592 τῶν
3712 3542 3770 3592 ἐν

2195 3633 2446 3706 μακαρίᾳ
2482 3635 2549 3703 τῇ
2590 3631 2742 3702 λήξει
2777 3631 3159 3702 πατριαρχῶν,
3183 3632 3279 3684 τοῦ
3307 3650 3364 3684 τε
3398 3631 3505 3700 κῦρ
3551 3632 3768 3702 Γερμα-

2192 3725 2285 3779 νοῦ
2315 3727 2406 3778 καὶ
2445 3724 2539 3778 τοῦ
2567 3723 2675 3794 κῦρ
2712 3723 2992 3792 Μανουὴλ,
3034 3723 3185 3791 παρὰ
3215 3724 3326 3777 τῶν
3363 3723 3620 3792 μοναχῶν
3641 3741 3771 3792 προ-
3885 3776 3887 3778 .

2194 3816 2529 3885 κομισθέντα
2565 3816 2658 3869 καὶ
2707 3815 3125 3882 ἀναγνωσθέντα
3155 3816 3250 3868 καὶ
3283 3814 3463 3868 ταῦτα
3494 3812 3637 3885 ἦσαν
3675 3818 3768 3884 μὲν

2194 3909 2466 3979 ἀριδήλως
2499 3909 2854 3978 παριστῶντα
2885 3907 2984 3960 σὺν
3016 3911 3127 3972 τοῖς
3174 3908 3385 3973 λοιποῖς
3433 3908 3768 3977 δικαιώμασι

2193 4003 2294 4071 τῆς
2324 4001 2515 4070 μονῆς,
2541 4000 2691 4063 ὅπως
2724 4017 2784 4052 τε
2829 4000 2924 4052 καὶ
2953 3999 3077 4052 ὅθεν
3107 3999 3168 4051 τὸ
3192 4001 3249 4066 ἐξ
3288 4000 3462 4074 ἀρχῆς
3487 4000 3520 4070 ἡ
3548 4001 3650 4069 τῆς
3681 4017 3775 4070 μο-

510 4089 722 4143 ἐκείνου
762 4088 867 4141 ὑπὸ
899 4087 976 4156 τῷ
1003 4088 1243 4160 δεσπότῃ
1295 4085 1578 4148 τελοῦντος
1625 4085 1718 4139 καὶ
1755 4085 1824 4138 τὰ
1855 4084 2085 4137 τοιαῦτα
2198 4096 2294 4163 νῆς
2321 4091 2673 4162 πνευματικὴ
2694 4091 2984 4144 δεσποτεία
3006 4091 3102 4144 καὶ
3132 4092 3394 4162 κυριότης
3418 4093 3484 4161 τῇ
3508 4108 3772 4161 πατριαρ.

511 4179 1004 4270 ἐξυπηρετοῦντος,
1039 4179 1120 4232 ἔἐἰ
1146 4180 1204 4232 δὲ
1237 4181 1328 4231 καὶ
1353 4179 1523 4232 αὑτοῦ
1553 4177 1944 4270 τοῦνδεσπᾷτου
1976 4178 2084 4247 κῦρ
2198 4188 2327 4256 χικῇ
2367 4185 2722 4255 προσήκουσα
2759 4182 3145 4251 μεγαλειότητι
3176 4183 3503 4248 διετέλεσεν,
3551 4179 3694 4254 ἦσαν
3720 4183 3775 4235 δέ

513 4269 732 4344 Μιχαὴλ
776 4272 856 4343 τῷ
904 4270 1183 4342 εἰρημένῳ
1215 4271 1507 4339 γράμματι
1540 4270 1632 4322 καὶ
1657 4269 1990 4335 δικαιώματι
2020 4269 2090 4322 τὰ
2201 4279 2297 4331 καὶ
2349 4276 2418 4330 δι’
2471 4275 2768 4344 ἐπιτιμίων
2827 4274 3287 4343 φρικωδεστάτων
3335 4273 3413 4344 τῷ
3455 4275 3651 4345 δικαίῳ
3685 4273 3777 4344 τὴν

513 4367 614 4433 τῆς
646 4364 883 4434 κρίσεως
916 4362 1264 4431 βεϐαιοῦντος
1289 4378 1303 4393 ο
1341 4361 1656 4432 προέτεινον
1684 4362 1734 4414 οἱ
1764 4361 1860 4414 τοῦ
1885 4360 2091 4430 Λαρίσ-
2205 4369 2360 4438 ἰσχὺν
2386 4369 2755 4435 ἀπονέμοντα,
2805 4367 2879 4419 Τὸ
2921 4367 2979 4420 δδ
3033 4361 3123 4437 ἦν,
3164 4365 3430 4437 μηδαμῶς
3480 4367 3571 4434 ὑφ’
3621 4366 3779 4437 ἑτέρᾳ

517 4473 616 4524 σης
648 4454 744 4509 καὶ
773 4453 1172 4524 κρυσόδουλλον
1201 4453 1390 4524 ἕτερον
1435 4452 1531 4507 τοῦ
1566 4454 1838 4524 βασιλέως
1863 4454 1958 4506 τοῦ
1986 4471 2091 4507 πα·
2122 4503 2171 4526 η
2205 4458 2340 4513 ποτὲ
2386 4456 2680 4524 δεσποτεία
2711 4458 2808 4509 καὶ
2853 4456 3142 4525 ἀνακρίσει
3192 4458 3544 4526 πνευματικῇ
3571 4455 3641 4509 τὰ
3683 4457 3778 4524 τῆς

516 4545 643 4618 τρδς
675 4545 769 4599 τοῦ
803 4548 1096 4615 κρατίστου
1120 4548 1214 4600 καὶ¹
1237 4547 1396 4616 ἁγίου
1427 4565 1527 4617 μου
1561 4547 1989 4618 αὐτοκράτορος,
2019 4548 2090 4601 τά
2118 4545 2170 4563 υ
2203 4553 2375 4625 μονῆς
2409 4551 2666 4621 γενέσθαι
2723 4551 2782 4603 τὸ
2837 4549 3082 4610 σύνολον,
3117 4548 3240 4602 ἀλλ’
3278 4549 3313 4619 ἢ
3376 4549 3515 4620 μόνη
3559 4552 3627 4620 τῇ
3682 4567 3782 4602 πει-

521 4641 619 4709 τῆς
648 4639 961 4704 ὑποθέσεως
989 4641 1048 4694 ἐν
1079 4640 1293 4712 ὑστέρῳ
1327 4641 1422 4693 καὶ
1458 4640 1591 4694 αὑτὸ
1618 4638 1973 4692 ἐπιϐεϐαιοῦν
1999 4641 2095 4692 καὶ¹
2199 4644 2494 4713 τριαρχικῇ
2523 4641 2782 4710 περιωπῇ
2838 4638 3262 4710 προσηρμόσθαι
3312 4639 3401 4692 διὰ
3442 4641 3648 4703 παντὸς
3679 4640 3770 4694 καὶ

522 4734 590 4804 τῇ
615 4733 897 4803 Λαρίσσης
928 4733 1027 4803 τὴν
1051 4733 1150 4801 τῆς
1201 4733 1366 4803 μονῆς
1413 4731 1770 4802 ἐπιστηρίζον
1828 4727 1986 4793 αὖθις
2012 4731 2098 4782 δε-
2199 4734 2370 4804 ταύτῃ
2412 4735 2545 4804 μόνῃ
2577 4733 2657 4795 είς
2683 4732 2772 4784 τὸν
2803 4732 2930 4798 ἑξῆς
2962 4731 3182 4784 ἅπαντα
3225 4731 3418 4802 χρόνον
3449 4733 3783 4785 ὑποκύπτειν

524 4825 787 4880 σπςτείαν
815 4824 1197 4895 πνευματικὴν
1222 4825 1317 4879 καὶ
1338 4825 1665 4895 ἐπιτροπήν.
1687 4823 1797 4876 Καὶ
1827 4817 1972 4891 ἦσαν
2000 4823 2102 4893 μὲν
2201 4826 2298 4879 καὶ
2328 4823 2726 4879 ὑποτάττεσθαι
2759 4821 2970 4876 καὶτοῦ
2997 4820 3405 4892 πατριαρχικοῦ
3435 4822 3602 4890 μόνου
3627 4825 3784 4876 ποιεῖ-

528 4920 595 4971 τά
618 4916 844 4971 τοιαῦτα
878 4917 1252 4987 δικαιώματα,
1285 4916 1360 4980 ὡς
1392 4917 1535 4970 οὕτω
1568 4933 1634 4984 γε
1665 4915 1924 4979 ἀκοῦσαι,
1953 4916 2102 4984 ίσχυ-
2205 4919 2330 4971 σθαι
2360 4915 2639 4984 ἀναφορὰν
2669 4915 2933 4983 ὀνόματος
2955 4914 3095 4966 κατά
3127 4912 3188 4965 τὸ
3220 4913 3454 4966 παλαιὸν
3486 4914 3780 4981 δικαίωμα,

532 5011 601 5080 ρά
627 5013 692 5079 τῇ
724 5010 1002 5080 Λαρίσσης
1034 5012 1129 5064 καὶ⁴
1181 5011 1576 5080 ἀναντίρῤητα,
1618 5009 1748 5080 πρίν
1776 5027 1841 5077 γε
1895 5008 2004 5078 μὴν
2035 5009 2103 5061 τά
2208 5009 2495 5081 βασιλικὴν
2551 5007 2716 5061 οὖσαν
2767 5005 2883 5073 ἅμα
2939 5007 3032 5059 καὶ
3086 5008 3523 5076 πατριαρχικήν.
3568 5005 3782 5065 Τούτοις

524 5105 634 5157 τῶν
673 5103 1150 5174 Μαρμαριανιτῶν
1181 5105 1262 5168 είς
1298 5104 1465 5173 μέσον
1498 5103 1785 5171 ἐνεχθῆναι
1813 5103 1907 5154 καὶ
1929 5102 2107 5171 ἐμφα-

528 5196 792 5262 νίζεσθαι,
821 5197 1002 5250 καίτοι
1037 5214 1099 5264 γε
1149 5196 1250 5248 οὐκ
1292 5195 1431 5248 αὑτά
1458 5195 1525 5248 τὰ
1555 5195 1720 5262 κύρια
1753 5194 2105 5263 δικαιώματα

530 5284 925 5355 ἐμφανίζοντες
954 5281 1093 5355 ἦσαν
1122 5286 1171 5338 οί
1204 5284 1297 5336 τοῦ
1325 5285 1626 5353 Λαρίσσης,
1657 5283 1792 5336 ἀλλά
1822 5283 1931 5334 τῶν
1959 5299 2108 5352 πρω-

531 5380 778 5432 τοτύπων
834 5381 946 5443 ῐσα,
995 5379 1071 5441 ὡς
1119 5376 1388 5444 αὑτῶνδή
1445 5377 1553 5429 τῶν
1597 5375 1974 5444 πρωτοτύπων
2016 5373 2108 5425 ὑπ’

535 5473 735 5537 ἄλλοις,
765 5473 840 5534 ὡς
869 5472 1095 5538 ἔφασαν,
1132 5470 1570 5542 εὑρισκομένων,
1604 5469 1747 5521 οὕτω
1783 5468 1878 5521 τοῦ
1915 5467 2110 5539 καιροῦ

540 5563 962 5632 σχεδιάσαντος·
1019 5561 1157 5616 ἀλλά
1219 5560 1395 5615 ταῦτα
1447 5562 1546 5629 μὲν
1591 5561 1640 5612 οί
1688 5560 1781 5613 τοῦ
1831 5561 2114 5630 Λαρίσσης

541 5655 924 5722 προτείνοντες
975 5649 1139 5724 ἦσαν,
1175 5655 1250 5717 ὡς
1298 5652 1536 5723 εἴρηται,
1569 5656 1659 5707 καὶ
1690 5654 1783 5706 ἐπὶ
1820 5652 2032 5717 τούτοις
2054 5654 2116 5706 τὸ

545 5747 652 5797 πᾶν
713 5746 1136 5816 ἰσχυριζόμενοι.
1187 5747 1565 5817 Προεκόμισαν
1613 5747 1671 5800 δὲ
1723 5749 1870 5817 ὅμως
1919 5746 2014 5798 καὶ
2064 5747 2114 5799 οί

552 5841 1009 5912 Μαρμαριανῖται
1055 5844 1123 5898 τὰ
1173 5843 1442 5912 προσόντα
1483 5846 1547 5914 τῇ
1587 5847 1723 5915 μονῇ
1763 5842 2133 5913 δικαιώματα,

2207 5106 2366 5172 ἡμεῖς
2401 5103 2606 5156 ἅπασιν
2641 5098 2890 5169 ἀκριϐῶς
2942 5097 3308 5168 προσσχόντες
3339 5098 3434 5150 καὶ
3465 5097 3561 5167 τὴν
3597 5098 3689 5148 τοῦ
3714 5096 3781 5148 δι-

2209 5194 2366 5247 καίου
2400 5193 2571 5264 ῥοπὴν
2601 5194 2715 5254 τοῖς
2750 5188 3064 5260 εἰρημένοις
3093 5189 3318 5258 τρόποις
3348 5189 3443 5242 καὶ
3489 5189 3783 5256 δικαιώμα-

2213 5307 2297 5340 σιν
2356 5285 2660 5354 ὁλοσχερῶς
2710 5281 3200 5351 ἀπονενεμημένην
3253 5281 3694 5349 κατανοήσαντες
3726 5279 3785 5345 τῇ

2218 5381 2377 5449 μονῇ,
2409 5377 2486 5448 τῷ
2512 5376 2705 5446 δικαίῳ
2739 5377 2832 5430 καὶ
2863 5375 3016 5430 αὐτοὶ
3045 5373 3144 5442 τὴν
3176 5371 3420 5425 νικῶσαν
3447 5372 3630 5441 ψῆφον
3656 5368 3789 5422 κατά

2215 5474 2275 5526 τὶ
2312 5471 2591 5540 προσῆκον
2651 5468 3101 5522 ἀποδεδώκαμεν.
3147 5464 3351 5518 Μέντοι
3401 5464 3496 5516 καὶ
3553 5477 3791 5530 παρακε-

2216 5563 2438 5616 λεύεται
2474 5562 2568 5615 καὶ
2625 5560 2978 5613 διατάττεται
3015 5561 3072 5610 ἐν
3128 5555 3270 5625 ἁγίῳ
3311 5555 3592 5623 Ηνεύματι
3638 5554 3670 5620 ἡ
3707 5569 3793 5620 με·

2219 5657 2440 5724 τριότης
2473 5652 2631 5722 ἡμῶν
2667 5650 2806 5719 μετὰ
2833 5650 2933 5718 τῆς
2965 5651 3091 5718 περὶ
3125 5647 3294 5716 αὐτὴν
3331 5645 3483 5708 θείας
3527 5645 3622 5697 καὶ
3651 5645 3795 5712 ἱερᾶς

2226 5747 2445 5800 συνόδου
2480 5746 2576 5798 καὶ
2617 5742 2945 5813 ὁμηγύρεως
2970 5741 3079 5794 τῶν
3127 5740 3440 5809 ίερωτάτων
3479 5737 3573 5789 καὶ
3613 5736 3795 5804 ἀρχιε-

2216 5842 2374 5913 ρέων,
2412 5838 2474 5892 τὸ
2503 5838 2735 5908 στέργον
2765 5835 2908 5906 ἔχειν
2938 5835 3033 5888 καὶ
3063 5832 3287 5903 ἐνεργὸν
3318 5833 3387 5886 τά
3428 5829 3785 5899 διειλημμένα
