4076 6264
297 295 444 366 1153

1364 293 1761 356 SYNODICE
1795 290 2482 355 CONSTlTUTIONES.

3422 289 3560 354 1154

293 416 398 486 τῆς
428 410 598 481 μονῆς
627 406 976 478 δικαιώματα
1007 406 1103 461 καῖ⁵
1137 406 1280 463 κατά
1308 404 1409 476 τὴν
1442 404 1624 459 αὐτῶν
1653 403 1878 476 περίλη-
1903 408 1957 468 Δ
1980 420 2089 457 των
2113 404 2208 459 καὶ
2225 404 2449 459 δικαίων
2473 400 2609 468 ἐστὶ,
2636 401 2762 465 τοὺς
2786 400 2844 455 ἐν
2860 402 2974 466 τοῖς
2996 401 3325 472 πράγμασιν
3349 405 3561 460 εὐδοκι-

295 509 391 578 ψιν
422 499 711 579 βασιλικὴν
742 501 836 552 καί
887 496 1293 568 πατριαρχικην
1333 496 1437 549 κάν
1485 495 1565 563 τῷ
1608 494 1737 563 ἐξῆς
1779 493 1875 546 καὶ

296 598 539 668 διηνεκεῖ
566 594 748 665 χρόνῳ
781 592 874 645 καὶ
918 587 1056 644 εἶναι
1096 594 1191 643 καὶ
1223 588 1591 661 ὀνομάζεσθαι
1628 587 1728 657 τὴν
1766 602 1877 640 τοι-

301 690 476 758 αύτην
501 687 607 741 τῶν
641 683 1052 754 Μαρμαριάνων
1094 681 1280 752 μονὴν,
1311 681 1540 751 ἀπέχειν
1567 680 1625 733 δὲ
1669 677 1877 748 ταύτης

299 779 395 832 τόν
424 794 483 830 τε
515 775 609 829 νῦν
659 772 1064 844 μητροπολίτην
1098 773 1381 841 Λαρίσσης
1431 773 1528 824 καὶ
1576 770 1704 834 τοὺς
1759 767 1878 838 μετ’

304 870 466 926 αὐτὸν
508 871 608 938 τὴν
646 865 947 937 ἐκκλησίαν
979 864 1186 934 ταύτην
1229 862 1656 934 ἀναδεξομὲνους
1690 863 1879 932 ἀρχιε-

304 963 442 1033 ρεῖς,
475 960 556 1013 ἐτι
585 958 643 1012 δὲ
671 956 879 1012 καὶτὸν
903 955 1388 1027 πλησιοχωροῦντα
1425 956 1526 1025 τῆς
1552 955 1880 1025 Χαρμαίνης

303 1055 627 1115 ἐπίσκοπον,
650 1051 746 1103 ἆτε
779 1049 1093 1121 μηδαμόθεν
1122 1049 1247 1120 μηδ’
1276 1049 1441 1103 αὐτὸν
1462 1049 1555 1102 ἐπί
1581 1065 1727 1101 τισιν
1742 1048 1881 1111 ὅλως

301 1146 410 1199 τῶν
436 1144 539 1215 τῆς
584 1144 752 1214 μονῆς
792 1140 1199 1211 δικαιούμενον,
1230 1140 1540 1210 ὑφορᾶσθαι
1565 1139 1882 1208 ὀφείλοντας

301 1237 402 1308 τὴν
459 1235 849 1304 ἐπηρτημένην
889 1234 1187 1303 κανονικὴν
1245 1231 1547 1300 καταδίκην
1611 1233 1724 1292 τοῖς
1783 1230 1882 1284 οὐκ

304 1329 605 1400 ἐμμένουσι
645 1330 759 1390 τοῖς
790 1327 961 1395 ὁρίοις
988 1325 1171 1379 αὐτῶν
1193 1326 1291 1379 καὶ
1315 1323 1426 1377 τῶν
1452 1323 1751 1393 ἀλλοτρίων
1779 1339 1878 1375 κα-

301 1418 759 1490 τεπεμϐαίνουσι.
791 1419 883 1470 Διὸ
930 1417 1028 1471 καὶ
1080 1416 1234 1471 ἔσται
1290 1416 1530 1488 μένουσα
1580 1416 1615 1486 ἡ
1656 1414 1882 1484 τοιαύτη

306 1511 468 1580 μονὴ,
498 1509 583 1579 ἐφ’
603 1505 671 1583 ἦς
698 1510 955 1563 τέτακται
977 1508 1037 1562 τὸ
1062 1509 1313 1579 ἀπαρχῆς
1333 1506 1542 1572 τάξεώς
1559 1524 1619 1559 τε
1640 1513 1735 1563 καὶ
1760 1506 1885 1559 ἰδιό-

304 1622 491 1675 τητος,
512 1606 609 1659 καὶ
629 1604 734 1657 ὑπὸ
748 1605 847 1673 τὴν
866 1603 988 1657 καθ’
1016 1604 1165 1673 ἡμᾶς
1185 1601 1494 1671 ἀγιωτάτην
1511 1600 1604 1654 τοῦ
1621 1596 1758 1653 Θεοῦ
1774 1598 1886 1652 Με-

302 1697 480 1765 γάλην
510 1695 836 1765 Ἐκκλησίαν
860 1694 1102 1765 δηλόνοτι
1132 1693 1616 1765 συναριθμουμένη
1645 1691 1740 1746 καὶ
1756 1708 1887 1744 τατ-

304 1791 509 1858 τομένη
545 1790 758 1857 μοναῖς,
790 1788 1002 1841 ἔσονται
1033 1789 1088 1841 δι
1104 1787 1307 1857 ὁμοίως
1339 1788 1478 1858 αὐτῇ
1511 1788 1605 1840 καὶ
1643 1786 1693 1838 οί
1728 1785 1878 1856 παρά

305 1880 403 1934 τοῦ
426 1884 625 1948 μέρους
656 1881 859 1950 ταύτης
891 1880 1280 1952 ἀνεγερθέντες
1306 1878 1436 1931 θεῖοι
1460 1872 1601 1943 ναοὶ,
1637 1878 1733 1931 καὶ
1763 1878 1880 1931 ὅσοι

306 1973 387 2034 είς
403 1972 462 2023 τὸ
482 1971 610 2040 ἑξῆς
632 1970 1093 2042 ἀνεγερθήσονται
1111 1974 1254 2025 κατά
1275 1974 1366 2025 τδν
1385 1973 1564 2024 ἐκεῖσε
1595 1971 1763 2023 τόπον
1784 1969 1880 2023 καὶ

302 2062 377 2115 τά
416 2062 546 2131 ὅρια
592 2062 700 2115 τῶν
742 2067 1007 2133 μετοχίων
1038 2064 1137 2132 τῆς
1171 2063 1341 2133 μονῆς
1379 2064 1475 2116 καὶ
1506 2062 1710 2115 λοιπῶν
1745 2076 1879 2132 κτη-

306 2157 513 2224 μάτων,
550 2157 702 2223 παρά
733 2156 963 2225 μηδενὸς
992 2155 1225 2209 καὶτῶν
1270 2157 1329 2208 ἐν
1359 2157 1544 2217 αὐτοῖς
1578 2153 1882 2223 ἱερατεύειν

306 2244 613 2315 μελλόντων
642 2247 741 2314 τὴν
772 2247 1063 2316 ἀνάκρισιν
1094 2246 1238 2316 ἐχειν
1272 2246 1599 2313 ὀφειλόντων
1630 2246 1728 2297 καὶ
1761 2243 1880 2308 ἐξέ-

301 2318 486 2401 τασιν,
521 2334 701 2405 ἀλλ’ἢ
742 2336 905 2405 μόνον
945 2337 1100 2406 παρά
1128 2336 1238 2389 τῶν
1266 2338 1372 2390 ὑπὸ
1412 2337 1510 2406 τῆς
1549 2352 1881 2407 πατριαρχι-

304 2426 407 2495 κῆς
443 2426 862 2495 μεγαλειότητος
917 2428 999 2491 είς
1042 2429 1141 2498 τὴν
1174 2429 1284 2481 τῶν
1336 2429 1520 2482 ἐκεῖσε
1571 2428 1882 2499 ἐξαρχικῶν

305 2517 572 2588 διοίκησιν
599 2518 1088 2588 ἀποστελλομένων
1117 2523 1262 2573 κατά
1290 2520 1350 2574 τὸ
1379 2521 1584 2592 προσὸν
1611 2521 1883 2574 ἀνέκαθεν

304 2613 372 2682 τῇ
407 2612 540 2682 ἀγίᾳ
564 2612 659 2664 τοῦ
688 2611 823 2664 Θεοῦ
866 2612 1166 2685 Ἐκκλησίᾳ
1198 2614 1516 2684 προνόμιον.
1547 2615 1659 2668 Καὶ
1704 2614 1882 2676 οὐδεὶς

305 2705 560 2757 οὐδέποτε
591 2705 920 2775 πειραθῆναι
976 2706 1182 2776 ὀφείλει
1221 2709 1320 2759 οὐκ
1346 2707 1665 2776 ἀρχιερεὺς,
1699 2707 1759 2759 οὐ
1792 2722 1885 2758 κο-

308 2797 513 2867 σμικὴν
551 2797 709 2862 ἀξίαν
758 2799 1213 2869 ἐπανῃρημένος,
1253 2799 1349 2868 οὐχ
1400 2798 1588 2870 ἕτερός
1627 2816 1711 2862 τις
1770 2798 1882 2853 τῶν

307 2890 565 2943 ἁπάντων
612 2892 689 2952 είς
730 2890 1045 2960 ἀνατροπὴν
1076 2893 1169 2942 καὶ
1203 2890 1460 2959 ἀθέτησιν
1488 2891 1738 2960 χωρῆσαι
1771 2891 1882 2942 τῶν

307 2984 374 3052 τῇ
408 2986 543 3052 μονῇ
572 2985 883 3051 προσόντων
917 2982 1179 3033 τοιούτων
1206 2980 1598 3051 δικαιωμάτων
1628 2981 1725 3033 καὶ
1749 2996 1883 3051 προ-

310 3076 538 3143 νομίων,
571 3075 647 3137 ὡς
673 3077 739 3145 τῇ
763 3074 873 3126 τῶν
894 3072 1252 3145 Λαρισσαίων
1294 3073 1629 3144 μητροπόλει
1665 3073 1882 3125 ὑποθεῖ-
1912 3097 1958 3158 c

310 3184 399 3222 ναι
421 3167 589 3237 αὐτὴν
631 3167 663 3237 ἢ
714 3167 876 3235 ἐτέρᾳ
916 3166 1200 3237 δεσποτείᾳ
1235 3167 1562 3233 ὑπαγαγεῖν,
1611 3167 1771 3235 πλὴν,
1810 3164 1885 3228 ὡς

312 3260 528 3328 εἴρηται
561 3258 847 3320 πολλάκις,
873 3257 971 3326 τῆς
1011 3257 1418 3327 πατριαρχικῆς
1442 3272 1455 3285 ⁸
1498 3256 1641 3309 κατά
1686 3255 1886 3317 παντὸς

312 3351 421 3418 γὰρ
452 3347 546 3400 τοῦ
567 3348 974 3417 διαπράξασθαι
1002 3348 1160 3401 τοῦτο
1190 3348 1548 3418 πειραθέντος
1580 3349 1678 3415 τὴν
1716 3349 1888 3418 αὐτὴν

310 3442 630 3511 ἐπιτίμησιν
662 3440 757 3494 τοῦ
799 3441 1106 3512 ἀφορισμοῦ
1137 3442 1195 3496 ἐν
1229 3442 1368 3512 ἁγίῳ
1417 3442 1722 3511 Πνεύματι,
1765 3442 1885 3513 ἥτις

311 3534 371 3585 ἐν
392 3535 507 3596 τοῖς
538 3534 807 3603 πρότερον
833 3533 1185 3587 ἀπολυθεῖσιν
1212 3534 1605 3604 ὑπομνήμασιν
1624 3536 1770 3603 ὑπὲρ
1788 3534 1887 3602 τῆς

313 3627 483 3697 μονῆς
511 3626 857 3698 ἐπιφέρεται,
894 3628 990 3680 καὶ
1014 3630 1047 3698 ἡ
1078 3626 1373 3697 μετριότης
1404 3626 1564 3697 ημῶν
1595 3626 1888 3679 ἐπανατεί-

312 3734 462 3772 νεται
493 3718 580 3772 διά
605 3719 699 3771 τοῦ
742 3719 1008 3790 παρόντος
1044 3720 1218 3790 αὐτῆς
1252 3718 1760 3789 ὑπομνηματώδους
1791 3734 1888 3787 ση-

321 3815 653 3882 μειώματος,
683 3814 968 3882 γεγονότος
1002 3814 1142 3866 κατά
1168 3812 1313 3882 μῆνα
1352 3811 1694 3881 Ὀκτώδριον
1722 3812 1814 3875 τῆς
1841 3812 1886 3881 β’

312 3907 692 3974 ἐπινεμήσεως
721 3905 816 3957 τοῦ
844 3902 1039 3969 ,ς’ωκς’
1074 3904 1247 3967 ἔτους.

618 3994 1576 4068 -ξ-Εἷχε.............

311 4156 544 4213 XLVlll.
611 4136 938 4210 Aﬁdronicus
998 4154 1059 4209 11
1136 4154 1465 4225 Palwologus
1538 4155 1886 4223 melropolitw

518 4227 786 4296 Aprorum
829 4226 1027 4296 confert
1047 4226 1218 4279 locum
1272 4225 1664 4280 Euchwlorum.

380 4364 421 4435 -ι-
449 4363 571 4418 Τῶν
618 4366 1008 4434 προσηκόντων
1064 4364 1097 4433 ὴ
1134 4361 1384 4431 βασιλεία
1417 4380 1521 4433 μου
1557 4363 1730 4433 κρίνει
1758 4365 1883 4426 τοὺς

308 4458 435 4511 καθ’
466 4456 645 4511 ὁτιοῦν
666 4455 1092 4525 εὐδοκιμοῦντας
1119 4454 1424 4525 βασιλικῶν
1455 4455 1757 4508 ἀπολαύειν
1784 4473 1884 4526 χα-

311 4552 476 4621 ρίτων
519 4551 611 4603 καὶ
671 4549 952 4618 ἀμοιϐῶν·
999 4550 1125 4601 ἐπεὶ
1192 4549 1305 4617 γὰρ
1365 4548 1698 4602 οίκειότατον
1760 4549 1880 4617 μὲν,

306 4645 469 4713 εἴπερ
493 4643 623 4697 ἄλλο
645 4661 722 4706 τι,
766 4645 876 4706 τοῖς
922 4645 985 4695 ἐκ
1012 4641 1149 4695 Θεοῦ
1192 4642 1503 4711 βασιλεύειν
1532 4642 1759 4712 λαχοῦσι
1788 4642 1883 4695 καὶ

304 4736 370 4790 τὺ
394 4739 519 4801 τοὺς
562 4738 833 4805 ὑπηκόους
890 4735 949 4788 εὑ
984 4739 1160 4788 ποιεῖν
1214 4735 1359 4788 κατά
1401 4737 1636 4807 μίμησιν
1667 4733 1764 4788 τοῦ
1793 4738 1882 4787 δε-

304 4827 545 4890 δωκότος
593 4826 652 4879 τὸ
705 4826 1031 4895 βασιλεύειν,
1084 4827 1149 4879 ἂν
1207 4827 1302 4878 καὶ
1353 4825 1414 4877 τὸ
1474 4825 1584 4878 τῶν
1624 4826 1883 4892 ὑπηκόων

305 4917 424 4972 ἔσθ’
462 4920 551 4971 ὅτε
584 4922 857 4987 συντρέχῃ
888 4919 981 4970 καὶ
1012 4918 1112 4987 τὴν
1142 4917 1241 4986 τῆς
1286 4916 1533 4981 εὐποιίας
1568 4917 1743 4987 ῥοπὴν
1778 4917 1879 4970 οὐκ

306 5014 551 5083 ἀνασοδῇ
581 5013 672 5066 διὰ
709 5012 819 5065 τῶν
853 5011 1054 5083 ἔργων,
1093 5012 1290 5081 ῥᾳδίως
1322 5010 1386 5064 ἂν
1420 5011 1709 5081 ἑκατέροις
1732 5014 1885 5064 ἐκτε-

304 5109 453 5159 λοῖτο
473 5108 539 5158 τά
576 5105 790 5167 δέοντα,
830 5106 941 5166 τοῖς
1004 5106 1100 5173 μὲν
1150 5104 1348 5174 δηλαδὴ
1375 5103 1435 5155 τὸ
1468 5106 1781 5173 εὐεργετεῖν
1803 5104 1882 5158 δι-

307 5198 503 5262 καίως,
538 5199 647 5260 τοῖς
674 5194 719 5248 δ’
752 5194 819 5248 αῦ
852 5195 1113 5265 ὑπηκόοις
1142 5194 1204 5247 τὸ
1236 5194 1344 5247 τῶν
1381 5194 1713 5264 εὐεργεσιῶν
1736 5198 1882 5249 ἀκω-

305 5292 484 5353 λύτως
518 5288 943 5358 ἐπιτυγχάνειν·
998 5287 1190 5340 ἔπειτα
1245 5288 1339 5339 καὶ
1394 5288 1503 5341 τῶν
1552 5287 1771 5340 ἀτόπων
1816 5290 1884 5342 ἂν

305 5385 414 5454 είη,
452 5385 575 5444 τοὺς
609 5382 709 5449 μέν
742 5382 837 5434 ἐπὶ
889 5383 1002 5440 τοῖς
1037 5381 1392 5449 Ὀλυμπικοῖς
1419 5379 1689 5444 νικῶντας
1743 5382 1882 5437 ἐπά-

310 5476 454 5528 θλων
481 5476 599 5543 ἅμα
638 5474 731 5526 καὶ
760 5471 940 5542 γερῶν
978 5470 1261 5535 ἀξιοῦσθαι
1306 5470 1417 5523 τῶν
1467 5472 1880 5540 προσηκόντων,

306 5548 432 5629 τοὺς
469 5566 525 5617 δέ
574 5581 637 5632 γε
681 5564 811 5634 παρ’
866 5563 997 5633 ἡμῖν
1058 5562 1365 5632 χρησίμους
1413 5562 1882 5632 ἀναφαινομένους

304 5661 416 5720 τοῖς
450 5659 743 5726 πράγμασι
769 5656 960 5725 πόρρω
992 5655 1181 5723 μένειν»
1199 5653 1297 5721 τῆς
1320 5652 1676 5724 ὀφειλομένης
1707 5669 1884 5723 παρα-

303 5752 603 5821 χωρεῖσθαι
636 5749 816 5818 τιμῆς.
854 5748 917 5801 Εἰ
953 5746 1067 5814 οῦν,
1090 5748 1160 5810 ὡς
1190 5745 1423 5815 εἴρηται,
1447 5745 1554 5798 τῶν
1571 5749 1880 5818 προσηκόν-

1984 496 2222 564 μοῦντας
2253 498 2364 551 τῶν
2411 495 2713 567 βασιλικῶν
2759 494 2859 549 οὐκ
2897 495 3154 565 ἀμοιρεῖν
3188 498 3449 567 χαρίτων,
3485 494 3561 553 ὢν

1980 589 2102 661 κατέ
2153 589 2358 659 ἀρετὴν
2419 586 2801 658 πνευματικὴν
2852 588 2885 658 ἡ
2947 587 3345 658 εὐδοκίμησις,
3406 589 3559 655 ἀξίας

1980 681 2431 754 ἀντιμετρεῐσθαι
2477 682 2577 745 τὰς
2633 682 2783 751 παρά
2829 679 3099 752 βασιλέως
3146 680 3315 751 τιμάς
3350 699 3410 735 τε
3466 685 3565 737 καὶ
3642 674 3645 679 ’

1981 776 2211 847 χάριτας
2236 776 2442 841 αὐτοῖς,
2466 774 2624 828 τοῦτο
2644 774 2699 829 δὲ
2741 774 2835 828 καὶ
2863 774 2971 827 τῶν
3006 775 3212 845 σφόδρα
3243 776 3565 842 ἀναγκαίων

1981 866 2067 937 εἴη
2103 866 2189 933 ἂν,
2224 866 2413 935 ἐπειδὴ
2444 865 2582 933 πρὸς
2613 864 2789 937 ψυχὴν
2821 864 3088 919 διαϐαίνει
3133 867 3195 919 τὸ
3225 868 3325 936 τῆς
3357 867 3565 920 εὐδοκι-

1986 961 2204 1027 μήσεως
2230 956 2461 1011 ἐνταῦθα
2492 955 2803 1019 κάλλιστον,
2837 962 2932 1010 καὶ
2956 958 3044 1011 διὰ
3069 958 3228 1011 τοῦτο
3258 958 3441 1012 πλεῖον
3469 959 3565 1012 καὶ

1981 1049 2043 1102 τὸ
2072 1050 2171 1121 τῆς
2218 1049 2387 1119 τιμῆς
2434 1049 2699 1119 ὑπερέχον
2728 1049 3004 1118 ὀφείλεται
3050 1052 3164 1113 τοῖς
3213 1050 3332 1103 κατ’
3361 1045 3586 1119 ἀρετήν’

1983 1141 2367 1211 πνευματικὴν
2394 1141 2778 1210 εὐδοκιμοῦσιν
2803 1142 2833 1213 ἢ
2865 1145 2978 1204 τοῖς
3002 1144 3124 1196 καθ’
3148 1144 3329 1197 ὅντινα
3349 1143 3414 1212 δὴ
3440 1145 3564 1212 τρό-

1984 1250 2086 1286 πον
2109 1249 2125 1265 ⁸
2176 1233 2270 1286 καὶ
2304 1232 2484 1287 τοίνυν
2508 1233 2604 1287 καὶ
2642 1233 2779 1287 ἄλλα
2829 1234 3001 1288 πολλά
3032 1234 3133 1304 μὲν
3175 1236 3561 1304 τυγχάνουσιν,

1984 1324 2131 1395 ᾇπερ
2158 1326 2321 1395 ἡμεῖς
2368 1326 2460 1379 διὰ
2486 1326 2585 1391 τῆς
2650 1328 2715 1379 ἐκ
2765 1325 2898 1380 Θεοῦ
2945 1327 3191 1395 δοθείσης
3231 1328 3364 1397 ἡμῖν
3408 1327 3565 1397 βασι-

1985 1416 2134 1477 λείας
2169 1415 2491 1486 κεκτήμεθα
2518 1415 2590 1468 τά
2620 1417 2896 1487 προνόμια
2922 1419 3019 1471 καὶ
3049 1418 3398 1485 δικαιώματα
3429 1420 3566 1488 πρὸς

1988 1504 2086 1576 τὴν
2116 1504 2210 1557 τοῦ
2237 1504 2372 1559 Θεοῦ
2405 1506 2567 1574 ἁγίαν
2593 1505 2949 1576 Ἐκκλησίαν,
2984 1503 3060 1563 ὧν
3090 1509 3353 1563 ἁπάντων
3399 1509 3566 1562 ἕνεκα

1986 1595 2193 1666 ὁπόσην
2221 1596 2522 1665 ποιούμεθα
2552 1598 2649 1669 τὴν
2674 1601 2930 1669 φροντίδα
2962 1602 3058 1654 καὶ
3081 1602 3183 1672 τὴν
3216 1602 3476 1673 σπουδὴν,
3500 1602 3568 1655 ,τὸ

1989 1688 2266 1759 προσῆκον
2295 1690 2549 1754 ἑκάστοις
2579 1692 2888 1747 ἐπιτιθέναι
2918 1694 3092 1759 τέλος,
3128 1695 3225 1749 καὶ
3251 1697 3440 1750 όποῖον
3473 1696 3566 1749 τὸν

1989 1779 2155 1849 ζῆλον
2181 1781 2459 1851 τρέφομεν
2487 1786 2552 1854 τῇ
2582 1783 2677 1838 τοῦ
2705 1785 2841 1838 Θεοῦ
2878 1788 3065 1857 χάριτι
3093 1787 3237 1856 ὑπὲρ
3262 1788 3467 1857 ταύτης
3502 1787 3568 1856 δὴ

1985 1874 2084 1942 τῆς
2126 1873 2477 1946 Ἐκκλησίας,
2511 1878 2586 1940 ῶς
2621 1879 2690 1932 ἀν
2721 1879 3075 1944 διασώζοιντο
3099 1882 3192 1933 καὶ
3214 1881 3561 1951 διατηροῖντο

1985 1963 2160 2039 ταύτῃ
2172 1966 2355 2030 καλῶς
2369 1985 2426 2021 τε
2440 1970 2532 2022 καὶ
2544 1969 2619 2031 ὡς
2634 1970 2753 2041 Θεῷ
2765 1971 2917 2040 φίλον
2929 2014 2944 2037 ,
2954 1974 3055 2025 ὅσα
3067 1974 3146 2035 είς
3165 1972 3449 2037 σύστασιν,
3465 1973 3569 2025 ὅσα

1987 2055 2071 2119 είς
2094 2056 2358 2128 καλλονήν
2383 2075 2442 2112 τε
2471 2061 2565 2114 καὶ
2583 2061 2887 2132 εὐκοσμίαν
2921 2065 3018 2116 καὶ
3039 2064 3136 2116 ὅσα
3167 2065 3249 2125 εἰς
3277 2062 3338 2115 τὸ
3354 2065 3450 2131 τῆς
3478 2063 3571 2114 εὐ-

1989 2148 2204 2213 σεὸείας
2219 2152 2402 2222 ἀφορᾷ
2421 2154 2643 2221 κράτος,
2667 2156 2888 2223 ἀγνοεῖν
2910 2150 3067 2225 οἶμαι
3089 2156 3196 2209 τῶν
3207 2157 3465 2211 ἀπάντων
3479 2157 3569 2210 οὐ·

1987 2240 2242 2295 δένα.“Εν
2256 2243 2483 2314 δ’ὃμως,
2509 2245 2583 2308 ὡς
2604 2246 2842 2316 εἴρηται,
2863 2249 2956 2301 καὶ
2990 2250 3173 2315 τοῦτο,
3192 2246 3266 2303 ὧν
3302 2254 3566 2319 κέκτηται

1986 2332 2021 2400 ἡ
2047 2331 2296 2401 βασιλεία
2319 2334 2476 2404 ἡμῶν
2497 2338 2556 2388 ἐν
2578 2340 2691 2400 τοῖς
2723 2338 3197 2409 ἐκκλησιαστικοῖς
3229 2342 3563 2411 προνομίων,

1987 2424 2051 2476 τὸ
2078 2422 2171 2486 οὓς
2206 2424 2273 2478 ἂν
2308 2425 2567 2497 βούληται
2603 2429 2712 2482 τῶν
2746 2430 3055 2500 ίερωτάτων
3084 2433 3410 2502 ἀρχιερέων,
3445 2434 3567 2501 μεί-

1989 2514 2137 2579 ζοσιν
2165 2516 2343 2581 ἀξίαις
2372 2521 2539 2590 τιμᾷν
2568 2520 2664 2573 καὶ
2700 2521 2809 2574 ἀπὸ
2838 2516 3244 2593 ταπεινοτέρων
3273 2525 3412 2592 πρὸς
3431 2523 3572 2593 ὑψη-

1989 2606 2243 2677 λοτέρους
2276 2611 2637 2681 προόιόάζειν
2693 2611 2921 2682 θρόνους
2952 2615 3041 2669 διὰ
3092 2615 3153 2667 τὸ
3212 2615 3314 2684 τῆς
3368 2617 3571 2684 ἀρετῆς

1989 2700 2270 2771 αἰδέσιμον
2303 2703 2396 2754 καὶ
2456 2703 2781 2772 σεϐάσμιον.
2826 2705 3046 2775 Ἐπειδὴ
3095 2706 3278 2760 τοίνυν
3324 2709 3419 2759 καὶ
3475 2709 3569 2759 τὸν

1990 2792 2284 2862 ἱερώτατον
2322 2797 2729 2867 μητροπολίτην
2764 2799 2961 2867 ’Δπρω
3014 2800 3108 2852 καὶ
3144 2799 3449 2868 ὑπέρτιμον
3477 2793 3571 2853 εὗ-

1994 2890 2145 2955 ρενή
2183 2886 2434 2955 βασιλεία
2473 2906 2574 2957 μου
2630 2889 2802 2957 ἄνδρα
2856 2890 2999 2960 λόγῳ
3031 2891 3126 2942 καὶ
3177 2891 3346 2959 ἀρετῇ
3406 2906 3569 2942 κεκο-

1993 2980 2295 3050 σμημένον,
2318 2981 2501 3052 πλήρη
2529 2999 2586 3034 τε
2622 2983 2871 3046 παιδείας
2910 2986 3003 3036 καὶ
3037 2986 3413 3055 πνευματικῆς
3447 3003 3572 3040 συν-

1991 3071 2179 3137 έσεως,
2206 3072 2505 3126 κάντεῦθεν
2546 3073 2822 3144 ὠφέλιμον
2880 3078 3006 3130 ὄντα
3039 3080 3148 3139 τοῖς
3180 3081 3573 3149 ἐντυγχάνουσι

1987 3163 2057 3216 τά
2089 3180 2151 3230 γε
2190 3164 2245 3226 ἐς
2270 3163 2471 3234 ψυχὴν,
2506 3166 2598 3218 καὶ
2628 3168 2766 3235 πρὸς
2794 3169 3010 3233 τούτοις
3048 3168 3268 3224 εὔνοιαν
3301 3172 3572 3243 εἰλικρινῆ

1988 3251 2303 3306 δεικνύοντα
2329 3256 2465 3323 πρὸς
2492 3256 2593 3326 τὴν
2631 3257 2914 3326 βασιλείαν
2950 3277 3081 3330 μου,
3107 3263 3174 3332 τῇ
3212 3262 3571 3335 προσηκούσῃ

1987 3346 2175 3399 τοῦτον
2200 3350 2333 3419 τιμῇ
2367 3351 2461 3401 καὶ
2486 3348 2562 3417 τῷ
2588 3349 2685 3419 τῆς
2707 3350 2975 3421 καθέδρας
3000 3353 3370 3424 προδιδασμῷ
3403 3356 3571 3426 ἀμεί-

1988 3438 2182 3494 ϐεσθαι
2209 3439 2420 3493 δίκαιον
2449 3442 2483 3510 ἡ
2516 3439 2763 3509 βασιλεία
2794 3459 2898 3510 μου
2934 3444 3111 3513 κρίνει
3144 3448 3432 3513 (τιμᾶσθαι
3458 3450 3570 3518 γὰρ

1987 3531 2089 3601 τὴν
2118 3533 2319 3602 ἀρετὴν
2346 3534 2441 3586 καὶ
2470 3533 2571 3603 τὴν
2608 3535 2931 3604 πρέπουσαν
2979 3536 3199 3605 ἐπέχειν
3247 3540 3417 3608 τιμὴν
3445 3543 3575 3593 πολ-

1989 3623 2167 3692 λαχῶς
2203 3624 2271 3676 ἂν
2298 3624 2384 3694 είη
2418 3624 2527 3677 τῶν
2556 3625 2737 3678 καλῶν
2771 3629 2867 3678 καὶ
2900 3627 3357 3697 ἐπαινουμένων),
3388 3629 3573 3684 ἐπίδο-

1991 3716 2077 3768 σίν
2109 3732 2168 3767 τε
2191 3717 2300 3785 γὰρ
2326 3715 2384 3768 οὐ
2412 3717 2625 3787 μικράν
2649 3734 2774 3772 τινα
2798 3715 2922 3771 καθ’
2942 3718 3146 3787 ἑαυτὴν
3184 3719 3324 3791 αὕτη
3358 3721 3571 3792 λαμύά-

1988 3824 2070 3861 νει
2101 3808 2202 3878 τῆς
2234 3808 2553 3879 πρεπούσης
2597 3811 2762 3880 τιμῆς
2809 3812 3269 3881 ἐπιτυγχάνουσα,
3298 3817 3393 3868 καὶ
3431 3819 3569 3887 πρός

1987 3918 2051 3969 γε
2084 3903 2190 3971 μὴν
2222 3904 2355 3971 πρὸς
2388 3902 2482 3955 τὸν
2505 3903 2692 3968 ὅμοιον
2722 3904 3027 3974 διανίστησι
3064 3905 3229 3976 ζῆλον
3264 3908 3392 3969 τοὺς
3444 3909 3573 3963 ταύ-
3667 3934 3679 3947 -

1987 4012 2088 4065 της
2118 3996 2453 4059 ἀποδέοντας
2478 4012 2493 4027 ·
2531 3996 2711 4050 τοίνυν
2740 3997 2833 4050 καὶ
2860 3998 3071 4052 εὐδοκεῖ
3102 4002 3191 4052 καὶ
3214 3998 3506 4071 διορίζεται
3536 4005 3569 4070 ἡ

1990 4088 2240 4159 βασιλεία
2278 4105 2379 4157 μου
2400 4088 2488 4142 διὰ
2514 4088 2610 4143 τοῦ
2652 4092 2922 4160 παρόντος
2951 4092 3400 4161 προστάγματος,
3438 4095 3571 4148 ἐπέ-

1988 4200 2102 4250 χειν
2127 4182 2218 4234 τὸν
2246 4181 2555 4251 δηλωθέντα
2602 4183 2898 4251 ἱερώτατον
2931 4183 3341 4255 μητροπολίτην
3373 4186 3571 4256 ΙἈπρω

1988 4277 2083 4329 καὶ
2112 4275 2417 4346 ὑπέρτιμον
2468 4275 2562 4329 τὸν
2613 4276 2780 4329 τόπον
2831 4275 2927 4329 τοῦ
2982 4277 3268 4347 Εὐχαίτων
3300 4279 3395 4330 καὶ
3435 4280 3573 4331 ἀπο-

1988 4368 2175 4421 λαύειν
2200 4368 2301 4438 τῆς
2331 4368 2642 4439 ἀνηκούσης
2673 4369 2751 4439 τῷ
2776 4370 3001 4439 τοιούτῳ
3029 4370 3204 4441 θρόνῳ
3228 4371 3393 4441 τιμῆς
3423 4371 3480 4423 ἐν
3512 4388 3569 4425 τε

1989 4464 2108 4523 ταῖς
2138 4462 2282 4516 κατά
2329 4462 2429 4532 τὴν
2462 4462 2612 4516 θείαν
2644 4464 2737 4515 καὶ
2797 4461 2952 4533 ίεράν
3008 4463 3228 4515 σύνοδον
3262 4465 3568 4528 συνάξεσιν,

1991 4554 2049 4607 ἐν
2082 4573 2142 4608 τε
2169 4556 2394 4608 στάσεσι
2430 4556 2525 4608 καὶ
2549 4554 2844 4625 καθέδραις
2891 4557 2988 4608 καὶ
3019 4559 3141 4618 ταῖς
3176 4556 3389 4619 λοιπαῖς
3418 4574 3574 4609 συνε-
3676 4614 3685 4627 κ

1990 4647 2233 4712 λεύσεσι,
2265 4648 2364 4701 καὶ
2390 4646 2581 4709 ἁπλῶς
2606 4648 2780 4700 είπείν
2809 4648 3031 4700 πάντων
3060 4648 3170 4700 τῶν
3202 4651 3569 4719 ὁπωσδήποτε

1989 4741 2327 4808 ἀνηκόντων,
2377 4741 2452 4802 ὡς
2483 4739 2728 4809 εἴρηται,
2778 4739 2856 4810 τῷ
2916 4739 3091 4810 θρόνῳ
3145 4740 3238 4793 τοῦ
3289 4743 3573 4810 Εὐχαίτων

1994 4834 2132 4905 μετά
2163 4835 2343 4902 πάσης
2376 4832 2557 4894 ἀδείας
2593 4831 2656 4884 τὸ
2683 4835 2793 4885 ἀπὸ
2831 4831 2983 4884 τοῦδε
3022 4833 3282 4901 μετέχειν
3313 4834 3408 4885 καὶ
3431 4836 3572 4888 ἀπο-

1989 4926 2179 4980 λαύειν
2205 4927 2391 4988 αὑτὸν,
2420 4926 2506 4994 ἐφ’
2532 4916 2576 4992 ᾧ
2602 4926 2698 4979 καὶ
2736 4926 2763 4976 ὁ
2806 4923 3108 5003 ἁγιώτατός
3145 4942 3247 4993 μου
3278 4925 3570 4995 δεσπότης,

1989 5023 2018 5074 ὁ
2050 5019 2428 5089 οίκουμενικὸς
2460 5017 2832 5089 πατριάρχης,
2868 5015 3079 5085 στέρξει
3118 5020 3210 5071 καὶ
3242 5019 3571 5083 ἀποδέξεται

1990 5113 2151 5165 τοῦτο
2184 5112 2321 5182 μετὰ
2343 5110 2443 5179 τῆς
2485 5110 2615 5178 περὶ
2646 5108 2810 5163 αὐτὸν
2868 5108 3019 5171 θείας
3054 5116 3147 5161 καὶ
3183 5109 3334 5178 ἱεράς
3365 5110 3573 5179 όμηγύ-

1995 5221 2133 5274 ρεως
2159 5201 2268 5255 τῶν
2300 5201 2614 5270 ίερωτάταον
2648 5198 2978 5270 ἀρχιερέων,
3020 5201 3116 5253 καὶ
3147 5200 3375 5266 ἐκθήσει
3409 5201 3571 5269 χάριν

1990 5294 2183 5347 τούτου
2210 5292 2306 5345 καὶ
2334 5291 2532 5363 πρᾶξιν
2562 5291 2843 5362 συνοδικὴν
2867 5291 3039 5345 ταυτά
3065 5290 3240 5344 ταῦτα
3272 5290 3574 5359 διαλαμδάι

1990 5398 2234 5451 νουσαν,⁶
2248 5384 2390 5454 άπερ
2430 5386 2523 5437 καὶ
2556 5386 2583 5437 ὁ
2630 5384 2729 5454 τῆς
2756 5384 3036 5454 βασιλείας
3059 5400 3160 5451 μου
3187 5382 3434 5452 ὁρισμός.
3472 5383 3574 5436 Διά

1990 5479 2099 5547 γὰρ
2154 5477 2311 5529 τοῦτο
2344 5481 2439 5529 καὶ
2463 5478 2524 5530 τὸ
2552 5479 2727 5546 παρὸν
2754 5477 2848 5548 τῆς
2877 5477 3154 5546 βασιλείας
3183 5492 3286 5545 μου
3323 5474 3571 5542 ἐγεγόνει

1991 5567 2142 5637 αὐτῷ
2182 5568 2536 5638 πρόσταγμα.
3438 5580 3447 5591 ·

1988 5659 2030 5732 -ι-
2062 5656 2200 5727 Εἶχε
2230 5658 2305 5711 δι’
2329 5659 2595 5728 ἐρυθρῶν
2624 5659 2978 5729 ’,Ῥαμμάτων
3007 5656 3117 5725 τῆς
3146 5657 3311 5722 θείας
3337 5655 3435 5710 καί
3459 5657 3579 5723 ,βα-

2101 5750 2347 5821 σιλικῆς
2371 5752 2571 5823 χειρὸς
2592 5752 2662 5805 τό
2680 5766 2693 5780 ·
2714 5751 2871 5817 Μηνὶ
2910 5750 3211 5818 Νοεμϐρίῳ
3246 5748 3360 5803 ινδ.
3383 5749 3465 5815 β’.
