4010 6258
516 298 650 365 1159

1654 290 1894 355 ΕΞΔΙΒ
1932 291 2041 353 CP.
2082 284 2594 349 PATRIARCHIE

3613 276 3756 342 116‘.)

1862 608 2403 723 ESAIAS.

1332 905 1666 962 ΚΩΔΙΚΙΟΝ
1700 905 1838 959 ΤΩΝ
1876 905 2273 960 ΣΥΝΟΔῙΚΩΝ
2310 901 2940 958 ΠΑΡᾹΣΗΜΕῘΩΣΕΩΝ

524 1031 831 1087 ΓΕΓΟΝΟΣ
886 1032 1000 1084 ΕΠΙ
1046 1029 1181 1082 ΤΩΝ
1238 1027 1523 1082 ΗΜΕΡΩΝ
1587 1026 1723 1079 ΤΟΥ
1777 1026 2312 1081 ΠΑΝᾹΓΙΩΤΔΤΟΥ
2367 1025 2565 1078 ΗΜΩΝ
2617 1022 2977 1077 ΔΕΣΠΟΤΟΥ
3033 1023 3153 1077 ΚΑΙ
3225 1019 3765 1078 ΟΙΚΟΥΜΕΝΙΚΟΥ

1621 1139 2061 1195 ΠΑΤΡΙᾹΡΧΟΥ
2122 1141 2263 1196 ΚΥΡ
2290 1140 2565 1202 ΗΣΑῙΟΥ,

537 1272 642 1336 Ἐξ
678 1270 820 1323 ὅτου
852 1270 886 1321 ὀ
918 1261 1264 1335 τιμιώτατος
1296 1259 1684 1330 χαρτοςρύλαξ
1716 1257 1828 1324 τῆς
1857 1256 2187 1325 ἁγιωτάτης
2224 1255 2508 1326 Μεγάλης
2545 1257 2653 1311 τοῦ
2679 1256 2829 1311 Θεοῦ
2858 1257 3228 1323 Ἔκκλησίας
3260 1262 3767 1329 πανυπερεντιμόσ

950 1374 1128 1419 τατος
1155 1354 1264 1421 κῦρ
1293 1354 1622 1420 Γρηγόριος
1651 1350 1684 1403 ὁ
1723 1350 2038 1415 Κωτὰλης
2065 1347 2145 1414 τῷ
2171 1348 2279 1403 τοῦ
2301 1348 2764 1417 χαρτοφύλακος
2790 1349 3048 1419 ὀφφικίῳ
3069 1346 3343 1418 ἐτιμήθη.

526 1481 571 1536 Ι.
617 1479 804 1533 Esaias
848 1475 1095 1544 Gregorio
1164 1468 1867 1544 patriarchgzﬁlexandriw
1921 1477 2134 1530 nolum‘

2213 1471 2379 1538 τέρων
2414 1470 2632 1533 πάντως
2692 1469 3004 1539 ἁμαρτιῶν,
3056 1469 3316 1523 ἐπιπλέον
3370 1471 3644 1536 πιέζοιντο
3671 1474 3769 1526 καὶ

742 1548 867 1616 facit
890 1538 1544 1611 se'solium'palriarchale
1574 1540 1885 1594 ascendisse.

586 1667 639 1737 η-ι·
695 1664 995 1730 ’Δγιώτατε
1055 1661 1313 1724 δέσποτα,
1380 1657 1581 1711 πάππα
1639 1657 1735 1710 καὶ
1782 1655 2099 1725 πατριάρχα

544 1756 974 1825 ’Δλεξανδρείας,
1003 1752 1412 1813 Πενταπόλεως.
1441 1750 1744 1817 Αἰγύπτου,
1772 1748 1982 1818 Λιϐύης
2007 1748 2101 1800 καὶ

533 1853 714 1918 πάσης
751 1846 1062 1907 Αἰθιοπίας,
1089 1842 1229 1895 κατὰ
1264 1840 1468 1911 Κύριον
1498 1839 1748 1908 ἀγαπητδ
1775 1837 1973 1905 ἁδελφέ
2007 1836 2100 1891 καὶ

537 1937 943 2005 συλλειτουργέ,
976 1937 1025 1989 εί
1056 1936 1151 1989 καὶ
1175 1934 1280 2001 πρὸ
1311 1932 1502 2001 καιροῦ
1533 1933 1566 1999 η
1601 1931 1725 1985 καθ’
1760 1932 1910 2001 ἡμᾶς
1939 1928 2105 1983 καθο-

535 2033 661 2103 λικὴ
691 2033 786 2084 καὶ¹
820 2026 1155 2094 ἁποστολικὴ
1186 2026 1317 2093 ἁγία
1344 2023 1441 2077 τοῦ
1470 2022 1608 2076 Θεοῦ
1657 2023 1956 2091 Ἐκκλησία
1981 2022 2104 2092 ἐχή-

539 2141 665 2192 ρευε
710 2122 990 2189 ποιμένος,
1027 2117 1279 2185 καθάπερ
1319 2110 1473 2184 οἶμαι
1498 2114 1596 2168 καὶ
1640 2113 1739 2183 τὴν
1775 2109 1875 2180 σὴν
1900 2112 1960 2165 ού
1994 2111 2107 2165 διέ-

536 2216 697 2270 λαθεν
753 2214 1036 2280 ἁγιότητα,
1096 2208 1211 2260 ἀλλ’
1258 2207 1478 2276 εὐδοκίᾳ
1517 2204 1613 2258 νῦν
1668 2203 1763 2257 τοῦ
1816 2203 1885 2256 τὰ
1931 2204 2108 2257 πάντα

543 2306 752 2373 βαθέως
784 2305 881 2356 καὶ
930 2301 1108 2368 σοφῶς
1140 2298 1554 2367 οἰκονομοῦντος
1585 2295 1722 2350 Θεοῦ
1770 2295 2109 2365 ἐξηλέγημεν

540 2400 701 2467 ἡμεῖς
752 2396 876 2464 ἤδη,
929 2394 1192 2463 κρίμασιν
1244 2391 1579 2460 ἀπορρήτοις
1635 2388 1826 2454 αὐτοῦ,
1876 2388 1969 2440 καὶ
2009 2387 2111 2456 τὴν

545 2488 879 2560 προστασίαν
928 2486 1025 2554 τῆς
1092 2484 1348 2551 τοιαύτης
1403 2481 1713 2549 ἁγιωτάτης
1772 2478 2112 2549 Ἐκκλησίας

540 2578 1016 2649 ἐνεχειρίσθημεν.
1050 2576 1109 2639 ἐξ
1143 2575 1352 2628 ἑαυτῶν
1387 2574 1487 2645 μὲν
1517 2574 1576 2626 τὸ
1612 2572 1795 2626 ἱκανὸν
1824 2572 1924 2625 οὐκ
1958 2571 2113 2641 έχον-

540 2689 630 2733 τες
664 2671 800 2740 πρὸς
831 2668 1151 2739 τηλικοῦτον
1184 2665 1321 2735 ὕψος
1351 2670 1444 2719 καὶ
1475 2667 1747 2736 τοσαύτης
1773 2666 2114 2734 προστασίας

544 2761 800 2831 μέγεθος,
828 2763 894 2830 τῇ
924 2760 982 2812 δέ
1012 2759 1106 2812 τοῦ
1141 2757 1451 2828 Πνεύματος
1490 2755 1896 2826 τεθαρρηκότες
1929 2756 2110 2824 χάριτι

544 2853 638 2903 καὶ
670 2853 736 2920 τῇ
794 2852 902 2903 τῶν
954 2849 1333 2917 ἐκ)εξαμένων
1382 2848 1526 2916 ἡμᾶς
1580 2848 1752 2916 ἀρετῇ
1808 2845 1903 2899 καὶ
1946 2844 2111 2912 ψήφῳ

546 2942 891 3007 ὐπείξαντες,
920 2941 1046 2992 ὅθεν
1088 2942 1182 2994 καὶ
1205 2939 1411 3008 ίκαιροῦ
1442 2937 1665 2990 εὐθέτου
1698 2935 2011 3003 λαϐόμενοι,
2037 2934 2112 2996 ὡς

545 3034 653 3085 τῶν
679 3031 773 3083 τοῦ
801 3030 1096 3099 κρατίστου
1125 3030 1216 3082 καὶ
1241 3030 1397 3096 ἁγίου
1426 3046 1526 3095 μου
1559 3027 1960 3098 αὐτοκράτορος
1985 3027 2115 3095 πρέ-

546 3124 722 3175 σϐεων
751 3121 1182 3192 εὐμοιρήσαντες
1215 3121 1306 3173 τὸν
1337 3120 1569 3172 ἔκπλουν
1622 3121 1722 3191 ήδη
1772 3120 2113 3187 ποιουμένων

548 3213 758 3275 αὐτόθι,
790 3212 849 3263 οὐ
897 3212 1016 3263 δεον
1051 3212 1348 3281 ἐκρίναμεν
1396 3210 1470 3279 μὴ
1500 3210 1634 3277 δῆλα
1662 3209 1848 3264 θέσθαι
1876 3211 1945 3264 τὰ
1982 3210 2113 3279 περὶ

547 3302 706 3370 ⁴ἡμῶν
735 3300 906 3355 ταῦτα
943 3303 1007 3370 τῇ
1044 3303 1112 3371 σῇ
1158 3301 1429 3371 ἁγιότητι.
1468 3300 1774 3371 Ἐρῤῶσθαι
1802 3300 1981 3353 τοίνυν
2017 3301 2116 3368 τὴν

552 3374 946 3463 σὴν-ἁγιότητι
997 3392 1271 3463 εὐχόμεθα
1300 3395 1360 3445 ἐν
1408 3393 1599 3462 Κυρίῳ
1631 3393 1711 3453 είς
1763 3392 2118 3461 περιποίησιν

552 3487 643 3537 καὶ
678 3484 968 3554 οίκοδομὴν
1014 3484 1109 3537 τοῦ
1147 3483 1336 3537 αὐτόθι
1366 3483 1760 3552 Χριστωνύμου
1810 3483 1964 3548 λαοῦ,
2022 3484 2119 3538 καὶ

553 3578 692 3647 πρὸς
750 3578 849 3640 τὰς
879 3577 1019 3647 ὐπέρ
1077 3578 1225 3646 ἡμᾶς
1277 3576 1445 3644 εὐχὰς
1487 3576 1656 3646 αὐτὴν
1709 3575 2115 3644 ὲκκαλούμεθα,

551 3669 693 3722 ὥστε
728 3668 1077 3735 διεξάγεσθαι
1110 3668 1170 3719 τὸ
1200 3667 1543 3737 ἐγχειρισθὲν
1578 3668 1711 3736 ἡμῖν
1748 3668 1999 3734 ποίμνιον
2023 3666 2118 3720 καὶ

552 3759 961 3827 οἰκονομεῖσθαι
993 3759 1130 3826 πρὶς
1159 3758 1218 3809 τὸ
1254 3757 1417 3809 αὐτοῦ
1442 3756 1585 3810 θεῖον
1622 3756 1832 3825 θέλημα
1860 3756 1952 3808 καὶ
1983 3757 2119 3826 πρὸς

553 3849 824 3919 ἀποδοχὴν
862 3850 956 3901 καὶ
993 3848 1288 3917 ἀρέσκειαν
1320 3848 1417 3919 τῆς
1453 3849 1663 3915 ἀφάτου
1713 3847 1878 3901 αὐτοῦ
1914 3846 2119 3914 ἀγαθό-

553 3958 736 4007 τητος,
773 3940 963 4009 Ἡμεῖς
998 3939 1098 4008 μὲν
1127 3935 1219 3991 οὖν
1246 3939 1567 4001 ἐνδιαθέτιυς
1603 3940 1815 4008 ἔχοντες
1852 3939 1985 4009 πρὸς
2014 3940 2115 4008 τὴν

556 4030 656 4102 σὴν
685 4029 951 4098 ἁγιότητα
975 4031 1068 4081 καὶ
1102 4031 1201 4097 τῆς
1248 4029 1454 4097 ταύτης
1488 4028 1847 4097 ἐξηρτημένοι
1873 4046 2121 4098 πνευμα-

555 4124 713 4188 τικῆς
745 4122 967 4187 ἁγάπης
1018 4121 1113 4171 καὶ
1154 4118 1449 4187 ἁδελφικῆς
1483 4121 1788 4187 συμπνοίας
1834 4122 1929 4172 καὶ
1992 4123 2119 4192 δμο-

564 4214 727 4277 δοίας,
754 4213 850 4265 καὶ
875 4213 1049 4264 ταῦτα
1075 4213 1139 4279 δὴ
1169 4214 1236 4264 τὰ
1262 4213 1566 4279 γράμματα
1597 4216 1887 4282 πέμπομεν
1914 4213 2007 4267 καὶ
2040 4215 2119 4275 είς

557 4306 620 4357 τὸ
649 4304 775 4370 ἑξῆς
805 4304 885 4353 ἔτι
916 4301 1229 4369 πέμψομεν,
1260 4301 1353 4353 τοῦ
1387 4302 1522 4354 Θεοῦ
1557 4302 1715 4356 τοῦτο
1743 4305 2118 4375 παρεχομένου

560 4395 656 4446 καὶ
689 4391 1057 4457 εὐδοκοῦντος,
1110 4393 1241 4443 αὐτὸ
1275 4393 1332 4444 δὲ
1368 4390 1525 4444 τοῦτο
1570 4394 1664 4447 καὶ
1692 4394 1787 4465 τὴν
1841 4397 1941 4466 σὴν
1973 4397 2124 4464 ἁγιό-

551 4500 694 4551 τητα
730 4482 864 4552 πρὸς
893 4484 1038 4552 ἡμᾶς
1068 4486 1241 4534 ποιεῖν
1271 4482 1533 4553 ἀξιοῦμεν
1557 4499 1573 4515 ο
1609 4484 1769 4538 τοῦτο
1798 4487 1901 4558 γὰρ
1930 4488 1990 4540 οὐ
2027 4490 2122 4557 μό-

556 4591 646 4626 νον
673 4575 753 4634 είς
784 4572 1053 4642 ἀποδοχὴν
1077 4572 1214 4625 Θεοῦ
1250 4576 1346 4626 καὶ
1392 4576 1498 4625 τῶν
1533 4575 1620 4643 ὐφ’
1651 4577 1801 4645 ἡμᾶς
1840 4594 2126 4646 ποιμαινο-

559 4666 741 4735 μένων
776 4665 1064 4734 διόρθωσιν
1086 4666 1179 4717 καὶ
1212 4667 1501 4736 οἰκοδομήν
1526 4670 1643 4720 ἐστι
1675 4672 1767 4721 καὶ
1796 4668 2122 4738 ἀσφάλειαν,

558 4757 695 4808 ἀλλὰ
725 4759 818 4809 καὶ
854 4759 931 4819 είς
982 4757 1278 4823 ἀρέσκειαν
1323 4762 1416 4811 καὶ
1451 4760 1644 4829 ἡδονὴν
1688 4760 1781 4814 τοῦ
1832 4762 2123 4830 κρατίστου

560 4851 655 4902 καὶ
687 4850 842 4915 ἁγίου
876 4867 979 4918 μου
1016 4851 1443 4921 αὐτοκράτορος,
1467 4848 1528 4905 οὗ
1560 4853 1697 4923 πνοὴ
1721 4855 1816 4905 καὶ
1847 4854 2025 4923 τρυφὴ
2063 4854 2125 4907 τὸ

559 4944 656 5007 τὴν
682 4942 844 5008 ἁγίαν
874 4940 969 4993 τοῦ
1006 4942 1142 4995 Θεοῦ
1186 4944 1510 5013 Ἐκκλησίαν
1535 4946 1668 5014 όρᾷν
1694 4946 1998 5017 αὐξομένην
2034 4950 2124 4998 καὶ

560 5034 997 5100 κραταιουμένην
1040 5036 1097 5084 ἐν
1130 5034 1351 5103 όνμονοίᾳ
1386 5034 1484 5102 τῆς
1514 5037 1770 5100 πίστεως,
1815 5037 1921 5088 τῶν
1948 5036 2125 5106 ὀρθῶν

564 5126 777 5184 πάντως
808 5124 899 5174 καί
923 5124 1235 5192 εἰλικρινῶν
1266 5124 1528 5193 ἐχομένην
1554 5126 1860 5194 δογμάτων,
1887 5132 1980 5178 καί
2008 5126 2127 5180 τού-

562 5233 656 5268 του
687 5216 886 5285 ὃείγμα
919 5217 1090 5284 σαφὲς
1136 5219 1231 5268 καὶ
1264 5218 1400 5269 ἄλλα
1433 5218 1531 5285 μὲν
1565 5220 1794 5272 πλεῖστα
1842 5208 2002 5288 λόγου
2031 5222 2125 5273 καὶ

561 5307 835 5374 θαύματα,
867 5308 1034 5370 ὅντως
1086 5307 1235 5371 ἄξια,
1279 5308 1418 5375 μετὰ
1453 5309 1637 5377 μέντοι
1682 5308 1789 5362 τῶν
1817 5311 1990 5364 ἄλλων
2035 5316 2126 5365 καὶ

559 5399 607 5451 οί
638 5400 757 5450 κατ’
785 5400 903 5461 ἔτος
933 5396 1120 5451 αὐτόθι
1149 5414 1208 5449 τε
1243 5398 1334 5450 καὶ
1362 5400 1676 5470 ἁπανταχοῦ
1720 5403 1824 5472 γῆς
1856 5404 2123 5457 ἀποστελ-

562 5490 779 5557 Αόμενοι
814 5490 1072 5559 πρέσϐεις
1098 5489 1236 5560 ὑπὲρ
1262 5492 1370 5543 τῶν
1396 5493 1701 5563 ἐκκλησιῶν
1732 5494 1828 5547 τοῦ
1861 5497 1995 5549 Θεοῦ
2027 5500 2121 5551 καὶ

562 5580 662 5643 τῆς
693 5580 786 5633 τοῦ
816 5581 1207 5650 Χριστιανικοῦ
1234 5583 1362 5637 λαοῦ
1396 5587 1684 5655 οἰκοδομῆ,
1712 5604 1771 5640 τε
1806 5589 1900 5641 καὶ
1924 5592 2124 5644 συστά-

570 5682 730 5732 σεω,,
758 5670 832 5732 ὡς
865 5673 927 5721 ἂν
964 5670 1061 5740 μὴ,
1088 5670 1152 5723 δι’
1182 5672 1249 5742 ἣν
1272 5674 1600 5743 ὑπομένουσι
1625 5676 1871 5730 δουλείαν
1902 5678 1962 5745 ἐξ
1987 5682 2125 5750 ημε-

2201 1566 2596 1615 καταπονοϊντο
2622 1562 2701 1632 τῷ
2737 1561 2895 1632 βάρει
2940 1562 3034 1614 καί⁵
3069 1565 3137 1632 τῇ
3172 1562 3418 1615 κακώσει
3467 1565 3577 1616 τῶν
3606 1582 3769 1617 κατε-

2201 1653 2428 1721 χόντων,
2463 1653 2538 1723 μὴ
2569 1653 2729 1722 μόνον
2762 1655 2841 1714 είς
2885 1652 3059 1706 ταῦτα
3084 1653 3147 1722 δὴ
3194 1654 3262 1706 τὰ
3291 1656 3605 1721 σωματικά.
3634 1656 3771 1709 ἀλλὰ

2204 1743 2297 1795 καὶ
2325 1746 2406 1806 εἰς
2432 1744 2573 1796 αὐτά
2603 1761 2665 1811 γε
2695 1744 2759 1814 δὴ
2791 1743 2858 1797 τὰ
2888 1743 2985 1813 τῆς
3016 1743 3140 1797 καθ’
3169 1746 3318 1815 ἡμᾶς
3345 1746 3579 1807 πίστεως
3608 1749 3773 1813 ἀναγ-

2204 1836 2334 1886 καῖα
2391 1836 2486 1887 καὶ
2532 1835 2891 1904 καιριώτατα,
2944 1835 3088 1889 ὥστε
3140 1839 3292 1906 κοινῇ
3346 1839 3443 1891 καὶ
3473 1840 3620 1907 ἡμᾶς
3648 1838 3771 1891 δέον

2205 1924 2631 1994 ὑπερεύχεσθαι,
2675 1927 3000 1997 χαρίζεσθαι
3032 1927 3222 1981 τοῦτον
3252 1931 3317 1999 τῇ
3346 1929 3441 1982 τοῦ
3476 1929 3610 1982 Θεοῦ
3650 1931 3772 1983 Ἐκ-

2208 2015 2408 2087 κλησίᾳ
2435 2018 2527 2070 ἐπὶ
2557 2020 2792 2085 μακροῖς
2820 2022 2936 2081 τοῖς
2960 2019 3107 2072 ἔτεσι
3139 2019 3332 2088 βοηθὸν
3363 2022 3457 2073 καὶ
3492 2021 3773 2090 συνέριθον

2208 2110 2303 2162 καὶ
2328 2110 2612 2180 πρόμαχον
2634 2111 2849 2181 ὀχυρὸν,
2871 2112 3014 2165 κατὰ
3067 2111 3299 2180 γνώμην
3334 2112 3482 2181 αὐτῴ
3504 2112 3611 2164 τῶν
3637 2129 3776 2181 πρα-

2207 2202 2432 2271 γμάτων
2460 2201 2892 2273 κυϐερνωμένων
2916 2201 3011 2254 καὶ
3028 2202 3424 2272 διεξαγομένων
3451 2203 3776 2271 ἁκυμάντως

2210 2296 2306 2347 καὶ
2340 2294 2592 2363 γαληνῶς
2643 2295 2739 2348 καὶ
2769 2292 2888 2364 ἁμα
2926 2293 3182 2363 εὐθύμως
3212 2296 3305 2348 καὶ
3350 2295 3491 2364 μετὰ
3518 2296 3778 2365 πλείστης

2211 2382 2343 2451 ὅσης
2368 2385 2464 2453 τῆς
2493 2384 2710 2455 ἡδονῆς,
2744 2385 3150 2454 συναιρομένης
3178 2389 3258 2447 εἰς
3294 2385 3456 2437 τοῦτο
3480 2387 3582 2454 τῆς
3609 2385 3777 2440 αὐτοῦ

2211 2473 2304 2527 τοῦ
2333 2473 2467 2527 Θεοῦ
2513 2474 2757 2546 χάριτος.
2790 2476 2925 2547 Περὶ
2972 2475 3159 2546 μέντοι
3201 2476 3296 2546 τῆς
3324 2477 3675 2545 κρατησάσης
3720 2479 3778 2529 ἐν

2213 2570 2280 2635 τῇ
2329 2567 2624 2637 Ἐκκλησίᾳ
2654 2568 2947 2637 κανονικῆς
2972 2567 3259 2633 συνηθείας
3288 2569 3379 2620 κα)⁸
3409 2568 3775 2637 παραδόσεως,

2215 2656 2309 2711 τοῦ
2338 2658 2580 2711 δίδοσθαι
2612 2658 2859 2728 δηλονότι
2910 2659 3064 2729 παρὰ
3096 2659 3206 2711 τῶν
3234 2658 3357 2711 καθ’
3406 2661 3557 2728 ἡμᾶς
3595 2662 3779 2727 ἀρχιε-

2219 2748 2360 2819 ρέων
2398 2750 2495 2803 καὶ
2526 2752 2885 2820 πατριαρχῶν
2918 2750 3058 2819 πρὸς
3105 2749 3368 2813 ἀλλήλους
3397 2750 3491 2802 τὸν
3539 2749 3780 2802 λίϐελλον

2146 2825 2188 2881 Β
2217 2841 2315 2907 τῆς
2374 2839 2633 2904 πίστεως,
2682 2839 2841 2893 τοῦτο
2869 2840 3155 2910 γράφομεν
3213 2842 3309 2893 καὶ
3354 2840 3590 2908 λέγομεν
3642 2838 3780 2909 πρὸς

2215 2932 2317 3000 τῆν
2344 2931 2441 3000 σὴν
2472 2931 2757 2999 άγιότητα,
2790 2933 2868 2984 ὅτι
2900 2934 2931 3001 η
2963 2933 3189 3001 ἁγιότης
3223 2949 3317 2984 σου
3346 2931 3548 2998 ἔφθασε
3570 2932 3661 2985 καὶ
3684 2948 3784 2984 καο

2213 3025 2442 3077 τέλαϐεν
2472 3025 2711 3077 ἐνταῦθα
2747 3026 2841 3078 καὶ⁸
2881 3024 3182 3094 ἐγνώρισεν
3216 3025 3462 3095 ἀκριϐῶς
3493 3026 3553 3077 τὸ
3584 3026 3781 3093 ἀκραι-

2218 3115 2518 3183 φνέστατον
2549 3115 2644 3168 καὶ
2701 3116 3091 3186 καθαρώτατον
3124 3117 3290 3180 σέϐας
3331 3118 3424 3170 τοῦ
3481 3116 3775 3184 κρατίστου

2217 3208 2313 3262 καὶ
2348 3207 2509 3274 ἁγίου
2543 3224 2646 3277 μου
2699 3210 3124 3279 αὐτοκράτορος,
3160 3213 3253 3264 καὶ
3296 3212 3436 3270 ὅπως
3477 3208 3587 3276 ἔχει
3636 3209 3763 3275 περὶ

2214 3298 2286 3350 τὰ
2322 3297 2458 3367 ὀρθὰ
2491 3297 2737 3367 δόγματα
2768 3300 2801 3368 ή
2853 3300 2986 3368 ἁγία
3034 3299 3273 3368 βασιλεία
3307 3296 3470 3351 αὑτοῦ
3503 3296 3763 3365 ἀσφαλῶς

2217 3391 2309 3443 καὶ
2337 3390 2512 3460 ὀρθῶς
2541 3390 2629 3445 διὰ
2664 3391 2762 3461 τῆς
2792 3394 3013 3462 χάριτος
3043 3392 3136 3445 τοῦ
3188 3390 3343 3455 Θεοῦ,
3372 3390 3574 3459 ὁμοίως
3604 3388 3773 3457 ἐπλη-

2218 3482 2501 3553 ροφορήθη
2523 3482 2585 3535 τὸ
2614 3484 2758 3536 καθα
2768 3486 2857 3552 ρδν
2876 3488 2970 3538 καὶ
2998 3486 3159 3555 ὀρθὸν
3178 3486 3271 3538 καὶ
3291 3485 3580 3555 ἀκίϐδηλον
3602 3485 3778 3553 δόγμα

2216 3576 2311 3627 καὶ
2345 3574 2507 3637 σέϐας
2541 3574 2636 3628 τοῦ
2680 3579 2788 3647 πρὸ
2841 3577 2999 3648 ήμῶν
3046 3576 3609 3648 πατριαρχεύσαντος.
3649 3577 3782 3630 Οἶαν

2215 3665 2308 3719 οὖν
2334 3667 2705 3738 πληροφορίαν
2753 3670 2878 3737 ἔσχε
2912 3669 3004 3721 καὶ
3036 3668 3149 3739 ἔχει
3199 3670 3327 3740 περί
3372 3685 3432 3721 τε
3471 3670 3565 3721 τοῦ
3592 3668 3783 3739 κρατί-

2220 3776 2347 3812 στου
2401 3761 2494 3813 καὶ
2526 3760 2683 3828 ἁγίου
2731 3778 2832 3830 μου
2862 3764 3286 3832 αὐτοκράτορος.
3339 3763 3415 3826 ὡς
3463 3762 3701 3832 εῐρηται,
3749 3764 3783 3832 η

2220 3854 2446 3922 ἁγιότης
2500 3868 2595 3905 σου
2628 3853 2723 3906 καὶ
2769 3855 2898 3922 περὶ
2950 3853 3046 3906 τοῦ
3083 3854 3189 3922 πρὸ
3219 3854 3379 3924 ἡμῶν
3414 3853 3785 3922 πατριαρχεύ-

2222 3962 2433 4011 σαντος,
2460 3945 2718 4015 τοιαύτην
2745 3945 2914 4015 ἐχέτω
2939 3945 3313 4014 ἁναμφίϐολον
3334 3947 3430 3999 καὶ
3453 3945 3583 4015 περὶ
3608 3945 3781 4013 ἡμῶν,

2218 4035 2300 4088 ὅτι
2328 4034 2472 4089 οὕτω
2520 4035 2828 4105 φρονοῦμεν
2858 4035 2953 4089 καὶ
3000 4035 3355 4101 πιστεύομεν,
3409 4034 3487 4099 ὡς
3539 4034 3785 4100 ἐξέθεντο

2223 4129 2318 4181 καὶ
2353 4125 2799 4196 παραδεδώκασιν
2831 4127 2882 4178 οί
2910 4128 3054 4195 ἆγιοι
3098 4127 3414 4192 ἀπόστολοι,
3449 4129 3543 4180 καὶ
3572 4127 3647 4189 ὡς
3678 4142 3785 4177 πα-

2225 4218 2456 4289 ρέλαϐεν
2486 4218 2726 4287 ἀρχῆθεν
2764 4220 2796 4287 ἠ
2832 4218 2961 4286 ἁγία
2993 4217 3089 4271 τοῦ
3139 4218 3276 4272 Θεοῦ
3316 4217 3635 4286 Ἐκκλησία,
3686 4219 3785 4269 καὶ

2220 4312 2362 4365 οῦτω
2394 4313 2490 4365 καὶ
2534 4313 2658 4373 τοὺς
2691 4311 2779 4380 ὑφ’
2810 4313 2958 4381 ἡμᾶς
3014 4312 3293 4365 πιστεύειν
3334 4313 3432 4365 καὶ
3462 4311 3787 4377 διδάσκομεν

2223 4405 2319 4458 καὶ
2346 4406 2564 4475 φρονεῖν
2596 4405 2880 4475 πείθομεν.
2922 4407 2978 4459 Ὀ
3006 4407 3063 4460 δὲ
3092 4408 3211 4470 ταῖς
3254 4408 3286 4476 ἠ
3296 4406 3414 4475 μῶν
3442 4407 3788 4477 παρακλήσε-

2227 4514 2310 4550 σιν
2335 4498 2819 4567 ἐπικαμπτόμενος
2850 4496 3053 4568 Κύριος
3083 4499 3171 4551 διὰ
3199 4499 3298 4568 τῆς
3330 4497 3497 4552 αὐτοῦ
3525 4497 3791 4567 ἁγαθότη-

2224 4605 2311 4648 τος
2344 4589 2430 4657 εἴη
2480 4590 2579 4657 μὲν
2617 4589 3007 4660 συναιρόμενος
3044 4590 3137 4642 καὶ
3189 4592 3667 4659 συνεφαπτόμενος
3718 4592 3786 4658 τῇ
3822 4644 3825 4645 ,

2226 4682 2292 4749 σῇ
2322 4680 2697 4749 ἁγιότητιὲπὶ
2725 4682 2834 4742 τοῖς
2868 4682 3009 4750 ὐπέρ
3044 4681 3143 4748 τῆς
3175 4681 3413 4749 ποίμνης
3442 4682 3543 4750 τῆς
3568 4681 3667 4749 σῆς
3690 4681 3788 4731 πό-

2227 4788 2360 4835 νοις,
2390 4771 2707 4840 εὐμαρίζων
2758 4772 2981 4833 τούτους
3018 4772 3110 4825 καὶ⁵
3146 4773 3225 4834 είς
3276 4771 3337 4823 τὸ
3373 4771 3602 4841 εὐχερὲς
3635 4769 3789 4824 καθι-

2228 4863 2369 4914 στῶν
2433 4864 2510 4932 τῷ
2561 4865 2853 4934 κουφισμῷ
2900 4866 2998 4933 τῆς
3045 4864 3103 4929 ἐξ
3161 4865 3329 4918 αὐτοῦ
3370 4864 3786 4934 παρακλήσεως,

2225 4952 2341 5022 δοίη
2376 4953 2432 5005 δὲ
2464 4955 2560 5008 καὶ
2610 4958 2823 5026 καιρὸν,
2856 4954 2995 5008 ὥστε
3028 4955 3128 5024 τῆς
3173 4956 3262 5008 διὰ
3290 4956 3399 5007 τῶν
3444 4954 3789 5023 γραμμάτων

2228 5045 2570 5107 ἀποστάντας
2599 5046 2821 5114 ὁμιλίας
2846 5061 2905 5098 τε
2939 5046 3035 5099 καὶ
3064 5044 3308 5106 ἐνώσεως
3343 5044 3787 5113 αὐτοπροσώπως

2227 5133 2490 5204 ἀλλήλους
2555 5135 2857 5190 θεάσασθαι
2920 5138 3014 5190 καὶ
3072 5140 3222 5207 κοινῇ
3295 5137 3790 5206 λειτουργήσαντας

2228 5227 2378 5296 αὐτῷ
2404 5228 2471 5282 τὰ
2507 5225 2626 5281 θεῖα
2660 5230 2751 5280 καὶ
2794 5229 3053 5297 μυστικὰ,
3082 5229 3305 5292 ἐπαξίου
3335 5229 3432 5281 καὶ
3459 5230 3792 5297 τελεωτέρας

2228 5318 2536 5373 ἀπολαῦσαι
2590 5319 2690 5387 τῆς
2743 5320 2993 5372 ἐντεῦθεν
3039 5321 3255 5389 ἡδονῆς,
3310 5320 3630 5390 πρεσϐείαις
3687 5321 3791 5389 τῆς

2222 5410 2607 5479 κὺπεραμώμου
2637 5412 2728 5465 καὶ
2756 5414 3185 5480 πανυπεράγνου
3220 5414 3427 5483 μητρὸς
3461 5411 3650 5467 αὐτοῦ.

2152 5519 2201 5577 D
2298 5524 2361 5579 ll.
2386 5523 2681 5593 Imperator
2709 5525 3217 5595 archiepiscopatum
3237 5522 3459 5595 Bryseos
3494 5524 3644 5593 erigit
3668 5525 3723 5576 in

2848 5597 3195 5665 metropolim.

2301 5684 2340 5753 -ι-
2376 5684 2441 5737 'H
2469 5680 2717 5755 βασιλεία
2753 5704 2856 5757 μου
2878 5688 2970 5741 διὰ
2996 5687 3095 5757 τῆς
3121 5688 3218 5740 τοῦ
3243 5686 3380 5741 Θεοῦ
3415 5685 3636 5756 χάριτος
3661 5686 3799 5739 dvo)-
