4010 6258
329 343 458 410 1161

1375 345 1769 405 ΞΥΝΟΟῙΕΕ
1812 338 2489 402 CONSTITUTIONES.

3429 328 3565 393 1162

324 466 414 518 θεν
439 461 682 515 λαϐοῦσα
713 462 894 515 ἄδειαν
944 462 1036 514 καλ¹
1079 461 1288 514 ἔνδοσιν
1315 461 1426 514 ἀπὸ
1476 462 1571 530 τῆς
1613 463 1771 529 ἁγίας
1798 458 1893 511 τοῦ
1925 474 1970 528 Α
2000 456 2277 516 παντοίοις
2321 452 2534 521 ἀρετῶν
2571 452 2736 504 εἵίεσι
2791 449 3070 519 κομῶντα,
3111 448 3202 499 καὶ
3252 449 3307 498 τὸ
3338 448 3454 501 ὅλον
3490 451 3569 503 εί-

322 551 459 606 Θεοῦ
502 550 828 620 Ἐκκλησίας
881 551 961 612 είς
1004 551 1228 602 πλείονα
1277 549 1444 619 τιμὴν
1497 551 1745 619 ἐπαίρειν
1798 549 1891 601 καὶ

323 641 697 712 προϐιϐάζειν,
726 642 862 703 ὅσας
894 642 961 696 ἂν
990 643 1098 694 τῶν
1132 635 1304 707 ἁγίων
1346 641 1654 710 ἐκκλησιῶν
1681 634 1890 709 διακρί-

322 751 402 787 νοι
446 732 798 802 ἁρμοζούσας
843 733 981 803 πρὸς
1018 732 1198 796 τοῦτο,
1232 732 1484 796 θεσπίζει
1537 731 1627 784 καὶ
1660 729 1753 781 νῦν
1807 730 1893 781 διὰ

323 823 415 876 τοῦ
453 827 718 893 παρὶντος
751 823 1201 894 προστάγματος,
1241 817 1383 874 εῖναι
1417 823 1510 873 καὶ
1543 820 1891 891 εὑρίσκεσθαι

321 917 418 985 τὴν
451 915 765 984 ἁγιωτάτην
797 913 1238 984 ἀρχιεπισκοπὴν
1281 912 1538 981 Βρύσεως
1577 915 1655 974 εἰς
1688 912 1892 982 μητρό-

324 1007 480 1058 πολιν
510 1007 605 1058 καὶ
654 1005 1054 1060 συναπολαύειν
1099 1005 1194 1078 τὸν
1224 1007 1282 1057 ἐν
1315 1005 1450 1074 αὐτῂ
1500 1003 1892 1072 εὑρισκόμενον

326 1097 621 1168 ἱερώτατον
656 1097 919 1167 ἀρχιερέα
951 1099 1067 1160 τοῖς
1099 1097 1310 1158 λοιποῖς
1344 1097 1660 1166 ἱερωτάτοις
1690 1113 1892 1173 μητρο·

328 1189 576 1252 πολίταις
595 1190 692 1258 τῆς
716 1191 865 1253 θείας
884 1191 979 1244 καὶ
1002 1191 1152 1259 ἱερᾶς
1172 1189 1415 1259 μεγάλης
1441 1189 1657 1240 συνόδου
1677 1189 1773 1255 τῆς
1797 1185 1892 1238 αὐ-

321 1279 421 1347 τῆς
446 1277 693 1348 κλήσεως
708 1297 768 1332 τε
794 1281 889 1332 καὶ
908 1279 1075 1349 τιμῆς
1095 1283 1234 1332 κατὰ
1260 1280 1439 1333 πάντα
1461 1279 1681 1349 τρόπον,
1701 1273 1766 1349 ἦς
1797 1276 1894 1329 καὶ

321 1363 466 1424 οὗτοι
501 1371 846 1441 μετέχουσιν,
879 1369 1002 1425 ὅθεν
1036 1372 1129 1424 καὶ
1167 1370 1263 1424 νῦν
1319 1371 1418 1436 μὲν
1453 1369 1656 1438 ὀφείλει
1691 1368 1890 1436 τυγχά-

264 1528 269 1532 .
323 1479 434 1514 νειν
460 1463 561 1531 τῆς
591 1462 850 1533 τοιαύτης
870 1462 1076 1527 τὰξεὼς
1102 1479 1161 1514 τε
1197 1462 1291 1514 καὶ
1335 1461 1504 1531 τιμῆς
1536 1463 1562 1513 6
1599 1460 1891 1529 ἱερώτατος

325 1553 727 1623 μητροπολίτης
761 1554 1018 1623 Βρύσεως
1061 1555 1156 1606 καὶ
1190 1554 1511 1622 ὑπέρτιμος,
1563 1552 1796 1622 καθεξῆς
1833 1551 1890 1603 δέ

321 1643 657 1700 ἔσταιτοῦτο
691 1647 834 1699 κατά
865 1647 955 1700 τὸν
987 1645 1098 1700 ἴσον
1131 1647 1332 1716 τρόπον
1373 1646 1468 1699 καὶ
1501 1645 1581 1709 είς
1611 1646 1736 1708 τοὺς
1770 1644 1892 1714 μετ’

325 1735 491 1789 αὐτὸν
524 1736 817 1806 μέλλοντας
848 1735 1198 1808 εὑρίσκεσθαι
1228 1739 1371 1791 κατά
1402 1741 1624 1808 καιροὺς
1656 1741 1734 1802 είς
1765 1757 1890 1808 γνη-

2001 548 2145 608 πεῖν,
2183 547 2318 597 πᾶσι
2353 545 2463 603 τοῖς
2495 539 2675 602 καλοῖς
2715 541 2805 593 καὶ
2849 538 3116 607 θεοφίλοις
3148 537 3404 608 βρύοντα,
3438 541 3568 610 κλῆ‹

2003 655 2094 707 ρον
2125 635 2196 688 δι’
2230 636 2392 688 αὐτὸν
2423 634 2523 704 ήδη
2550 633 2648 702 τὴν
2679 631 2842 702 τιμὴν
2871 631 3074 699 ταύτην
3108 629 3304 684 ἔλαϐεν
3334 632 3565 701 ἀναφαί-

2003 743 2175 796 ρετον.
2212 723 2318 777 Τοῦ
2373 725 2462 776 ἐπὶ
2493 723 2666 791 τούτῳ
2721 721 2898 773 τοίνυν
2943 719 3306 782 ἀπολυθέντος
3363 721 3564 772 σεπτοῦ

2003 818 2432 884 προστάγματος
2460 817 2525 885 τῇ
2571 813 2694 866 καθ’
2721 814 2870 883 ήμᾶς
2916 810 3038 880 ἱερᾷ
3078 811 3173 862 καὶ
3207 811 3327 882 θείᾳ
3362 812 3566 881 συνόδῳ

2003 909 2512 977 ἐπαναγνωσθέντος
2539 908 2598 959 ἐν
2643 906 2884 975 ἐπηκόῳ,
2925 902 3218 966 συνοδικῶς
3263 905 3356 954 καὶ
3387 906 3420 971 ἡ
3465 921 3566 972 με-

1999 1003 2212 1073 τριότης
2239 1003 2395 1072 ἡμῶν
2410 999 2800 1064 διακελεύεται,
2830 996 3278 1068 συναριθμεῖσθαι
3301 999 3437 1065 μετά
3456 998 3564 1048 τῶν

2000 1093 2199 1146 λοιπῶν
2221 1093 2609 1163 μητροπόλεων
2627 1092 2830 1160 ἀπάρτι
2847 1091 2946 1158 τὴν
2965 1090 3133 1160 αὐτὴν
3151 1089 3460 1159 ἀγιωτὰτην
3477 1088 3566 1138 ὲκ-

1999 1186 2229 1254 κλησίαν
2252 1186 2504 1252 Βρύσεως
2527 1186 2617 1237 καὶ
2642 1184 2730 1236 τὸν
2755 1183 3048 1252 ἱερώτατον
3066 1182 3273 1249 ταύτης
3299 1180 3562 1249 ἀρχιερέα

2001 1276 2428 1358 μητροπρλίτην,
2461 1277 2594 1329 ἀλλά
2634 1275 2699 1343 δὴ
2729 1275 2823 1328 καὶ
2858 1263 3159 1344 ὑπέρ-,τιμον
3207 1267 3348 1324 εἷναί
3381 1286 3438 1321 τε
3470 1271 3564 1321 καὶ

1999 1370 2304 1434 καλεῖσθαι,
2335 1369 2634 1423 διαϐαίνειν
2661 1369 2714 1421 δὲ
2751 1367 2888 1420 κατά
2916 1367 3009 1418 τὸν
3035 1367 3220 1435 ὅμοιον
3243 1363 3445 1432 τρόπον
3466 1361 3562 1430 τὴν

1997 1461 2254 1529 τοιαύτην
2303 1461 2484 1531 τιμὴν,
2517 1461 2618 1530 τήν
2654 1478 2713 1512 τε
2762 1457 2964 1528 δηλαδὴ
2999 1456 3088 1509 τοῦ
3142 1453 3560 1525 μητροπολίτου,

1996 1553 2222 1620 προσέτι
2253 1552 2306 1604 δὲ
2357 1553 2451 1606 καὶ
2482 1553 2580 1623 τὴν
2625 1551 2716 1604 τοῦ
2751 1550 3075 1620 ὑπερτίμου,
3127 1548 3221 1600 καὶ
3269 1547 3405 1615 πρὶις
3438 1545 3563 1604 τοὺς

1999 1642 2291 1710 μέλλοντας
2325 1642 2747 1714 χειροτονεῖσθαι
2781 1642 3056 1712 ἀρχιερεῖς
3090 1641 3147 1691 ἐν
3181 1638 3338 1706 αὐτῇ,
3377 1635 3559 1696 καθὼς

1995 1735 2022 1785 ὅ
2058 1750 2116 1786 τε
2146 1736 2435 1804 κράτιστος
2468 1737 2561 1788 καὶ
2591 1734 2745 1802 ἆγιός
2786 1750 2884 1803 μου
2921 1732 3280 1800 αὐτοκράτωρ
3327 1727 3558 1796 διορίζε-

323 1829 470 1890 σίους
507 1827 782 1898 ἀρχιερεῖς
813 1824 911 1899 τῆς
951 1829 1208 1900 τοιαύτης
1246 1831 1558 1899 ἁγιωτάτης
1613 1832 1889 1902 μητροπό-
1923 1828 1963 1880 Β
1994 1840 2100 1890 ται,
2139 1827 2232 1878 καὶ
2260 1827 2402 1880 κατά
2433 1826 2529 1894 τήν
2564 1826 2919 1895 κρατήσασαν
2953 1825 3008 1875 ἐν
3043 1825 3156 1885 τοῖς
3185 1819 3446 1881 τοιούτοις
3473 1820 3562 1869 ἐκ-

319 1915 456 1976 λεως
490 1917 768 1986 Βρύσεως,
801 1917 895 1970 ἅτε
930 1918 993 1987 δὴ
1027 1920 1122 1970 καὶ
1155 1919 1214 1973 τὸ
1249 1919 1465 1988 ἑδραῖον
1490 1919 1584 1972 καὶ
1617 1919 1889 1990 ἀμετακί-

321 2027 481 2078 νητον
512 2011 822 2079 ὀφείλοντος
851 2011 997 2080 ἔχειν
1027 2012 1118 2063 τοῦ
1149 2012 1299 2080 παρὰ
1343 2013 1442 2082 τῆς
1473 2012 1750 2082 βασιλείας
1785 2031 1887 2082 μου

322 2102 606 2167 γεγονότος
633 2102 727 2155 ἐπὶ
770 2105 848 2174 τῇ,
879 2102 1105 2173 τοιαύτῃ
1144 2104 1427 2175 ἁγιωτάτῃ
1464 2104 1733 2177 ἐκκλησίᾳ
1756 2123 1888 2174 προ-

322 2191 619 2260 ϐιϐασμοῦ.
654 2194 858 2248 Τούτου
912 2196 1004 2246 καὶ
1054 2198 1215 2264 χάριν
1246 2197 1464 2263 ἐγένετο
1517 2200 1610 2252 καὶ
1644 2199 1888 2269 ἀπελύθη

324 2285 418 2335 καὶ
449 2283 510 2334 τὸ
543 2283 718 2354 παρὸν
743 2285 845 2352 τῆς
881 2284 1162 2352 βασιλείας
1197 2304 1299 2354 μου
1329 2288 1686 2359 πρόσταγμα.

460 2373 602 2440 Εἶχε
626 2374 696 2427 τό
721 2391 734 2403 ’
767 2376 922 2441 Μηνὶ
956 2372 1283 2445 Δεκεμϐρίῳ
1312 2379 1425 2432 ινδ.
1451 2377 1492 2438 C’
1517 2379 1590 2432 δι’
1614 2381 1881 2449 ἑρυθρῶν
1963 2401 1968 2406 ’

319 2462 679 2530 Ιγραμμάτων·
706 2462 817 2530 τῆς
836 2465 1175 2535 ,βασιλικῆς
1204 2469 1301 2520 καὶ
1335 2471 1498 2533 θείας
1526 2472 1743 2538 χειρός.

317 2617 408 2672 HI.
435 2618 624 2700 Εεαίαε
652 2621 1416 2700 σοιιβτηιαιῇμτίυξίεθίιιηι,ρει·
1437 2631 1574 2700 quod
1604 2632 1888 2700 imperator

393 2691 894 2758 archiep‘scopatum
928 2691 1163 2761 Bryseos'
1186 2697 1242 2746 in
1268 2691 1597 2766 ηιὲινοροίιηι
1629 2691 1813 2755 εὖεπὶι.

391 2821 430 2891 ’ξ-
472 2822 632 2875 Ἀλλά
663 2822 780 2886 πῶς
808 2825 874 2878 ἄν
899 2842 982 2886 τις
1030 2825 1104 2896 τῷ
1136 2827 1280 2895 λόγῳ
1321 2829 1638 2894 περιλαϐεῖν
1663 2833 1887 2898 δυνατὸς

319 2913 527 2981 γένοιτο
570 2915 666 2976 τὰς
695 2915 844 2984 παρά
876 2915 966 2968 τοῦ
999 2916 1294 2985 κρατίστου
1341 2920 1436 2972 καὶ
1467 2921 1622 2988 ἁγίου
1667 2941 1768 2992 μου
1795 2927 1886 2977 αὐ-

317 3006 646 3074 τοκράτορος
681 3006 974 3076 γινομένας
1003 3008 1262 3061 ἑκάστοτε
1308 3016 1418 3073 τιίς
1444 3011 1707 3081 ὑπηκόοις
1735 3017 1888 3086 εὐερ-

321 3097 501 3164 γεσίας
531 3097 625 3150 καὶ
648 3097 893 3167 δωρεάς;
926 3098 1174 3168 Κρείττεο
1199 3101 1304 3170 γὰρ
1332 3102 1505 3156 ταῦτα
1536 3106 1629 3157 καὶ
1653 3107 1886 3176 ἀριθμοῦ

319 3188 416 3238 καὶ
467 3186 567 3256 τὴν
610 3187 770 3255 λόγου
810 3188 1042 3259 δύναμιν
1093 3191 1535 3258 ὑπερϐαίνουσιν,
1594 3195 1730 3250 ὥστε
1794 3201 1886 3252 καὶ

319 3279 499 3342 καλῶς
532 3279 597 3333 ἂν
637 3282 722 3350 εῐη
759 3281 932 3336 ποιῶν
982 3285 1010 3336 ὁ
1045 3283 1201 3349 λόγος
1239 3287 1332 3338 καὶ
1366 3288 1543 3357 ἐαυτῷ
1585 3292 1888 3360 προσηκόν-

319 3379 452 3432 τως,
507 3371 790 3438 ἰκφεύγων
824 3371 921 3440 τὴν
967 3373 1075 3425 τῶν
1122 3375 1381 3429 τοιούτων
1423 3377 1761 3449 ἐγχείρησιν,
1793 3381 1887 3433 καὶ

318 3461 416 3511 οὑκ
446 3459 646 3512 ἐθέλων
702 3462 890 3531 ὥσπερ
937 3467 1044 3525 τοῖς
1081 3467 1366 3530 ἀδυνάτοις
1422 3472 1740 3539 ἐπιχειρεῖν,
1793 3474 1887 3525 καὶ

322 3542 398 3601 ῶν
429 3549 681 3618 οὐδαμῶς
739 3550 805 3604 ἂν
854 3554 1119 3620 ἐφίκοιτο.
1155 3557 1341 3610 Ἀλλοι
1384 3559 1485 3626 μὲν
1533 3560 1625 3612 οὐν
1674 3563 1881 3625 ἄλλως·

325 3641 636 3710 πρόσφορόν
668 3658 733 3710 γε
774 3645 882 3712 μὴν
912 3647 1124 3716 ἑκάστῳ
1157 3650 1299 3700 κατὰ
1342 3651 1433 3702 τὸν
1468 3653 1656 3704 ἐνόντα
1686 3655 1886 3724 τρόπον

320 3734 505 3790 αὐτοῖς
534 3733 634 3800 τὴν
663 3734 986 3802 εὐεργεσίαν
1015 3740 1334 3805 μετέλαϐον,
1369 3743 1463 3793 καὶ
1505 3743 1752 3812 οὐδαμῶς
1785 3747 1884 3798 οὐκ

320 3826 469 3878 ἐστιν
502 3825 700 3886 οὐδεὶς,
733 3826 790 3889 ὃς
828 3827 886 3878 ἐν
909 3829 1021 3891 τοῖς
1050 3830 1170 3882 κατ’
1195 3831 1358 3883 αὐτὸν
1390 3833 1753 3905 εὐδοκιμήσας
1787 3854 1888 3904 φαο

320 3919 432 3981 νεὶς
463 3919 564 3971 οὐκ
613 3919 880 3986 ἀναλόγου
914 3921 1008 3972 καὶ
1044 3921 1142 3988 τῆς
1175 3922 1410 3991 ἀμοιϐῆς
1464 3927 1882 3996 ἐπευμοίρησεν,

322 4010 508 4071 ἁπλῶς
541 4009 587 4060 δ’
615 4009 815 4068 εἰπεῖν,
835 4008 929 4061 καλ⁸
947 4009 1080 4062 πᾶσι
1104 4013 1212 4071 τοῖς
1239 4027 1297 4062 τε
1325 4017 1807 4083 προεισενεγκοῦσί
1833 4034 1884 4068 τι

321 4103 654 4172 κατόρθωμα
681 4102 777 4154 καὶ
803 4102 918 4162 τοῖς
955 4102 1045 4170 μή.
1065 4103 1328 4165 τοιούτοις
1367 4108 1546 4161 κοινὸν
1577 4110 1604 4159 6
1636 4106 1885 4177 βασιλεὺς

317 4197 542 4264 ἀγαθὸν,
574 4195 683 4267 ίδίᾳ
719 4213 775 4249 τε
801 4196 900 4248 καὶ
949 4197 1103 4265 κοινῇ
1139 4195 1356 4246 πάντων
1397 4196 1714 4265 εὐεργέτης,
1754 4197 1885 4250 Θεὸν

316 4287 592 4340 κάνταῦθα
615 4287 968 4357 μιμούμενος.
1004 4285 1188 4338 Ἀλλοι
1214 4286 1314 4355 μὲν
1337 4281 1430 4340 οὖν
1456 4287 1652 4351 ἄλλως,
1679 4287 1762 4339 ὥσ
1774 4305 1877 4355 περ

315 4377 562 4447 ιφθημεν
592 4378 864 4442 εἰπόντες,
901 4378 1008 4428 τῶν
1035 4375 1246 4428 ἐκεῖθεν
1271 4376 1588 4429 ἀπέλαυσαν
1615 4379 1880 4447 χαρίτων,

1993 1917 2391 1987 κλησιαστικὴν
2421 1920 2576 1982 τάξιν
2605 1921 2697 1971 καὶ
2731 1917 3042 1986 συνήθειαν.
3093 1914 3217 1968 Ἐπὶ
3249 1913 3421 1980 τούτῳ
3451 1912 3560 1978 γὰρ

1991 2009 2083 2060 καὶ
2113 2009 2172 2062 τὸ
2204 2012 2378 2079 παρδν
2407 2011 2685 2063 συνοδικὸν
2717 2009 2954 2080 γράμμα
3005 2009 3100 2076 τῆς
3136 2007 3293 2075 ήμῶν
3344 2003 3562 2073 μετριό-

1992 2115 2153 2170 τητος
2184 2101 2538 2154 ἀπολέλυται.

2062 2192 2100 2261 ἰ-
2137 2189 2277 2260 Είχε
2309 2194 2408 2246 τό·
2444 2193 2597 2260 Μηνὶ
2625 2192 2955 2261 Δεκεμϐρίῳ
2981 2191 3093 2244 ινδ.
3127 2189 3162 2251 ζ
3191 2189 3285 2242 διὰ
3322 2189 3428 2256 τῆς
3453 2205 3562 2240 πα-

1991 2284 2334 2352 τριαρχηιῆς
2369 2286 2464 2337 καὶ
2498 2285 2662 2349 θείας
2704 2287 2919 2352 χειρός.

2181 2423 2264 2476 IV.
2299 2423 2540 2492 Synodus
2568 2423 2771 2476 dirimit
2804 2422 2937 2477 duas
2957 2426 3359 2477 controversias.

2061 2555 2099 2610 Ι.
2131 2557 2169 2626 1-
2194 2557 2344 2625 Μην“ι
2363 2555 2614 2626 Μαρτίῳ,
2647 2564 2730 2623 κγ’
2755 2557 2956 2626 ήμέρᾳ,
2983 2558 3333 2626 Παρασκευῇ,
3367 2556 3462 2610 ἰνδ.
3489 2556 3556 2621 ζ’,

1991 2647 2417 2716 προκαθημένου
2450 2647 2542 2699 τοῦ
2607 2648 3026 2714 παναγιωτάτου
3082 2648 3239 2717 ήμῶν
3292 2648 3555 2700 δεσπότου

1990 2737 2083 2790 τοῦ
2116 2737 2497 2805 οίκουμενικοῦ
2532 2738 2869 2806 πατριάρχου
2892 2738 2948 2790 ἐν
2979 2739 3092 2800 τοῖς
3119 2739 3260 2790 κατὰ
3288 2738 3378 2791 τὸν
3402 2737 3558 2804 ἅγιον

1992 2827 2358 2894 θεοφύλακτον
2421 2826 2653 2887 κελλίοις
2706 2826 2916 2889 αὐτοῦ,
2979 2825 3435 2894 συνεδριαζόντων
3490 2830 3554 2895 τῇ

1995 2919 2202 2990 μεγάλη
2235 2920 2512 2988 ἁγιωσύνῃ
2550 2920 2715 2972 αὑτοῦ
2749 2920 2842 2973 καὶ
2884 2919 3194 2986 ίερωτάτων
3226 2920 3553 2988 ἀρχιερέων,

1989 3009 2084 3063 τοῦ
2114 3011 2384 3080 Σάρδεων,
2419 3011 2720 3079 ὑπερτίμου
2746 3014 2841 3065 καὶ
2869 3009 3099 3079 ἐξάρχου
3126 3011 3307 3078 πάσης
3337 3010 3556 3070 Λυδίαν,

1992 3099 2318 3171 Γρηγορίου,
2369 3101 2461 3152 τοῦ
2497 3100 2860 3166 Χαλκηδόνος,
2910 3102 3218 3169 ὑπερτίμου
3248 3099 3343 3154 καὶ
3396 3099 3557 3169 προέ-

1989 3193 2115 3262 δρου
2177 3191 2530 3264 Μαρωνείας,
2580 3193 2894 3256 Θεοδούλου,
2951 3192 3046 3245 τοῦ
3101 3191 3407 3262 Μελιτηνῆς
3462 3193 3557 3243 καὶ

1991 3283 2314 3352 ὑπερτίμου,
2365 3283 2674 3347 Θεοδοσίου,
2699 3283 2792 3336 τοῦ
2828 3283 3074 3346 Πισιδίας
3102 3287 3197 3338 καὶ
3230 3285 3554 3354 ὐπερτίμου,

1990 3377 2315 3445 Γρηγορίου,
2367 3375 2460 3426 τοῦ
2497 3375 2800 3447 Δυρραχίυ
2843 3379 2936 3429 καὶ
2986 3377 3309 3445 ὑπερτίμου,
3351 3375 3556 3444 ιέρηγο.

1993 3468 2128 3534 ρίου,
2169 3466 2261 3518 τοῦ
2293 3466 2611 3536 Μιτυλήνης
2642 3469 2736 3520 καὶ
2768 3471 3093 3537 ὑπερτίμου,
3123 3469 3429 3531 Διονυσίου,
3460 3471 3554 3520 τοῦ

1989 3559 2370 3625 Διδυμοτείχου
2404 3560 2495 3610 καὶ
2519 3560 2619 3610 ὑπε
2631 3559 2844 3628 ρτίμου,
2871 3559 3186 3621 Θεοδούλου,
3211 3559 3305 3611 τοῦ
3334 3560 3552 3629 Ἀπρω,

1990 3645 2294 3714 ὑπερτίμου
2329 3647 2421 3697 καὶ
2455 3646 2545 3699 τὸν
2579 3647 2742 3698 τόπον
2777 3648 3073 3716 ἐπέχοντος
3103 3648 3199 3700 τοῦ
3250 3649 3552 3717 Εὐχαίτων,

1999 3735 2218 3805 Ἰωσὴφ,
2268 3737 2362 3790 τοῦ
2394 3739 2699 3809 Μηθύμνης
2725 3746 2844 3792 ὀιαὶ
2885 3740 3213 3809 ὑπερτίμου,
3247 3741 3550 3809 Μαλαχίον,

1986 3829 2082 3881 τοῦ
2112 3830 2550 3899 ἁρχιεπισκόπου
2585 3833 2811 3901 Δέρκου,
2846 3833 3048 3897 Λουκᾶ,
3081 3834 3174 3884 καὶ
3220 3832 3311 3885 τοῦ
3340 3833 3552 3900 ὑποψή-

1989 3921 2111 3987 φίου
2162 3920 2452 3985 Μαδύτων,
2507 3925 2934 3991 παρισταμένων
2970 3924 3064 3976 καὶ
3121 3922 3562 3992 θεοφιλεστάτων.

1987 4012 2322 4064 δεσποτικῶν
2369 4013 2664 4083 ἀρχόντων.

2055 4104 2094 4173 ’ξ-
2125 4106 2371 4174 Παρέστη
2397 4108 2462 4175 τῇ
2485 4106 2642 4175 ἡμῶν
2671 4109 2980 4176 μετριότητι
3011 4108 3408 4178 προκαθημένῃ
3429 4123 3554 4158 συν-

1986 4194 2176 4256 οδικῶς
2205 4197 2232 4248 ὁ
2255 4195 2647 4274 Μελαγχρηνὸς
2701 4197 3053 4266 Ἀνδρόνικος,
3105 4199 3198 4249 καὶ
3233 4199 3552 4265 ἀνήνεγκεν,

1985 4286 2059 4349 ὡς
2096 4288 2409 4356 εἰσεποίησε
2465 4291 2560 4341 καὶ
2591 4288 2877 4359 υίοθέτησέ
2922 4306 3044 4341 τινα
3090 4290 3280 4359 κόρην,
3325 4290 3417 4342 καὶ
3449 4292 3552 4342 ὅσα

1988 4381 2078 4429 καὶ
2111 4379 2344 4447 γνησίαν
2371 4379 2566 4432 ἑαυτοῦ
2611 4379 2890 4449 θυγατέρα
2927 4380 3151 4449 ἔστεργε
3197 4379 3420 4449 ταύτην,
3456 4383 3553 4431 καὶ

316 4469 542 4537 ἀνδράσι
591 4469 648 4520 δὲ
698 4469 884 4532 θείοις,
934 4467 1136 4536 ἀρετὴν
1186 4467 1615 4538 ἀσπαζομένοις,
1667 4468 1794 4521 λαοῦ
1825 4486 1883 4522 τε
1914 4498 1960 4557 D
1990 4470 2306 4537 ἐπιμελείας
2339 4469 2512 4538 ἠξίου,
2545 4471 2796 4537 πέμπτον
2824 4470 2882 4521 δὲ
2918 4469 3015 4538 τῆς
3054 4470 3271 4538 ἡλικίας
3298 4469 3416 4529 ἔτος
3455 4471 3552 4520 αὑ·

317 4559 406 4611 διὰ
435 4559 592 4610 τοῦτο
623 4558 912 4629 προεδρίαν
943 4559 1038 4610 καὶ
1062 4558 1253 4626 ψυχῶν
1285 4560 1598 4629 οἰκονομίαν
1633 4560 1878 4630 λαχοῦσι,

317 4653 414 4705 καὶ
469 4651 902 4719 ἐπιδειξαμένοις
938 4654 997 4702 ἐν
1033 4651 1248 4713 πολλοῖς
1281 4655 1426 4716 ὅσοις
1457 4657 1523 4706 τά
1572 4657 1670 4723 τῆς
1703 4657 1885 4711 αὐτῶν

315 4741 542 4809 ἀρετῆς,
575 4739 712 4808 πρὸς
737 4742 851 4801 ταῖς
877 4739 1068 4802 ἀλλαις
1100 4739 1404 4807 βασιλικαῖς
1436 4743 1764 4810 φιλοτιμίαις
1792 4750 1885 4799 καὶ

315 4832 545 4900 δωρεαῖς
577 4832 853 4898 ἐξεγένετο
885 4831 1129 4896 κάκεῖνο,
1186 4831 1455 4900 καθέδρας
1483 4833 1728 4900 δηλονότι
1773 4837 1886 4903 μεί-

312 4923 464 4986 ζονος
523 4925 617 4974 καὶ
678 4924 1014 4990 ὑψηλοτέρας
1075 4925 1464 4992 ἐπιτυγχάνειν
1519 4927 1759 4993 αὐτοὺς,
1817 4927 1882 4980 ἵν’

311 5015 499 5086 ῶσπερ
534 5019 598 5068 ἐκ
628 5018 723 5086 τῆς
759 5018 962 5086 ἀρετῆς
991 5017 1085 5069 καὶ
1114 5016 1210 5069 τοῦ
1241 5018 1469 5087 τρόπου,
1503 5016 1646 5070 οὑτω
1675 5020 1737 5087 δὴ
1789 5018 1885 5070 καὶ⁷

312 5109 421 5162 ἀπὸ
445 5106 539 5160 τοῦ
581 5107 773 5177 θρόνου
822 5109 916 5160 καὶ⁵
944 5108 1041 5177 τῆς
1076 5109 1250 5177 ἀρχῆς
1279 5110 1338 5160 τὸ
1367 5109 1637 5177 ἐπίσημον
1686 5111 1882 5179 ἔχοιεν.

315 5199 589 5262 Τοιούτοις
637 5199 738 5269 ήδη
773 5199 1068 5268 τετίμηται
1104 5200 1500 5268 προδιδασμοίς
1545 5203 1638 5254 καὶ
1675 5202 1884 5269 σεμνώ-

316 5307 450 5356 μασι
480 5291 748 5360 βασιλικῷ
797 5290 1080 5361 προνομίῳ
1117 5291 1210 5342 καὶ
1244 5294 1271 5342 6
1305 5292 1594 5360 ἱερώτατος
1631 5293 1881 5362 ἁρχιεπί·

319 5396 518 5443 σκοπος
547 5381 826 5451 Βρύσεως,
863 5386 941 5444 εἰς
993 5385 1402 5454 μητροπολίτην
1451 5386 1753 5456 ὑπέρτιμον
1790 5388 1882 5438 καὶ

319 5472 566 5540 τιμηθεὶς
593 5477 685 5528 καὶ
715 5476 1130 5544 προδιδασθεὶς,
1158 5461 1356 5538 καὶ-είς
1376 5480 1472 5547 τὴν
1497 5479 1764 5548 λαχοῦσαν
1787 5482 1882 5530 αὑ-

317 5564 409 5615 τὸν
434 5566 635 5633 ταύτην
677 5570 988 5637 ἀγιωτάτην
1016 5570 1314 5636 ἐκκλησίαν
1345 5570 1441 5636 τῆς
1488 5570 1737 5636 Βρύσεως
1770 5572 1882 5624 δια-

318 5654 545 5716 διῦάσας
574 5661 638 5707 τὰ
676 5660 768 5726 τῆς
816 5661 980 5728 τιμῆς
1022 5661 1100 5720 είς
1138 5663 1306 5712 αἰῶνα
1349 5661 1437 5711 τὸν
1487 5661 1610 5729 ἑξῆς
1643 5661 1880 5722 ᾶπαντα,

219 5741 226 5746 ’
317 5748 410 5799 καὶ
442 5746 580 5816 μάλα
613 5752 830 5812 εἰκότως
852 5769 863 5782 ·
896 5757 1158 5822 ἀρχιερέα
1191 5754 1294 5818 γάρ
1326 5753 1466 5820 αῦτη
1505 5755 1872 5823 πλουτήσασα,

645 5848 907 5904 ΡΑτιιυιι.
969 5848 1083 5906 Gn.
1130 5845 1300 5905 CLII.
1623 5876 1685 5904 φ

1988 4565 2082 4632 τῆς
2129 4563 2416 4631 ἀνυούσης,
2450 4562 2599 4615 ἔθετο
2653 4564 2777 4613 διάσ
2830 4563 3105 4631 ταυρικῶν
3143 4562 3360 4631 δεσμῶν
3411 4566 3550 4628 μετά

1987 4673 2128 4719 τινος
2170 4656 2279 4708 ἀπὸ
2318 4654 2414 4723 τῆς
2450 4655 2615 4722 νήσου
2648 4653 2742 4706 τοῦ
2793 4653 3100 4721 Πρίγκιπος
3141 4654 3412 4714 Ἰωάννου,
3449 4671 3548 4706 κα-

1986 4748 2246 4816 λουμένου
2291 4746 2384 4799 τοῦ
2427 4747 2800 4815 Χασολόγρου,
2837 4747 3138 4812 ἀγαγέσθαι
3173 4747 3421 4816 γαμϐρὸν
3464 4749 3570 4798 ἐπ’.

1987 4841 2122 4909 αὐτῇ
2154 4839 2244 4890 τὸν
2271 4838 2462 4890 τούτου
2512 4839 2648 4901 υἱὸν,
2706 4837 2926 4889 ἔννατον
2951 4837 3047 4904 τῆς
3079 4837 3295 4904 ἡλικίας
3343 4839 3549 4904 ἄγοντα

1987 4932 2197 5000 χρόνον,
2232 4935 2326 4984 καὶ
2352 4931 2459 4982 τῶν
2490 4929 2746 4982 τοιούτων
2777 4929 2993 4998 δεσμῶν
3039 4930 3188 4998 παρά
3219 4929 3326 4980 τῶν
3369 4932 3550 4983 αὐτῶν

1987 5025 2188 5089 γονέων
2243 5023 2602 5092 προδάντων,
2663 5023 2736 5092 μὴ
2796 5024 3229 5078 συναινεσάντων
3305 5023 3549 5091 δηλονότι

1989 5117 2124 5186 μηδὲ
2165 5116 2546 5185 προταξάντων
2579 5117 2637 5167 ἐν
2689 5115 2900 5176 τούτοις
2949 5116 3278 5183 ἀμφοτέρων
3316 5118 3544 5180 τούτων,

1985 5210 2078 5262 τοῦ
2110 5226 2168 5262 τε
2199 5207 2452 5278 γαμϐροῦ
2486 5210 2579 5262 καὶ
2609 5209 2708 5278 τῆς
2751 5213 2940 5279 κόρης,
2984 5212 3080 5262 ἀτε
3115 5211 3208 5263 τοῦ
3262 5195 3360 5278 μέν
3393 5215 3448 5262 ἐν
3479 5215 3543 5275 τῇ

1985 5300 2211 5370 τοιαύτῃ
2241 5303 2386 5370 νήσῳ
2415 5299 2510 5353 τοῦ
2557 5302 2866 5370 Πρίγιιιπος
2902 5304 3001 5368 τὴν
3029 5301 3246 5371 οἴκησιν
3292 5302 3549 5366 ποιουμέ-

1987 5407 2099 5453 νου,
2135 5392 2232 5457 τῆς
2267 5391 2311 5442 δ’
2367 5394 2425 5442 ἐν
2476 5394 2541 5460 τῇ
2577 5392 2927 5460 θεοδοξὰστῳ,
2984 5390 3402 5459 θεομεγαλύντῳ
3456 5394 3548 5438 καὶ

1986 5477 2335 5552 θεοφυλάκτῳ
2361 5485 2930 5536 Κωνσταντινουπόλει
2972 5481 3386 5550 εὑρισκομένης,
3423 5497 3547 5530 συν-

1984 5577 2062 5636 εὶς
2092 5577 2120 5624 6
2174 5576 2468 5626 ταὸελλίων
2517 5578 2612 5643 τὴν
2680 5575 2952 5640 τοσαύτην
3005 5575 3101 5642 τῆς
3143 5573 3305 5640 κόρης
3353 5569 3547 5637 ἀνηδύ-

1986 5685 2142 5736 τητα,
2180 5667 2254 5728 ὼς
2288 5670 2437 5737 παρά
2470 5669 2576 5719 τῶν
2605 5669 2764 5721 θείων
2792 5669 2972 5735 νόμων
3022 5665 3369 5718 παντάπασιν
3397 5666 3544 5732 ἀπη-

1986 5761 2344 5829 γορευμένην,
2401 5764 2534 5829 μετὰ
2596 5761 2723 5830 μίαν
2775 5760 2988 5828 ἡμέραν
3039 5759 3248 5810 διέλυσε
3302 5756 3546 5834 τούτους,

3110 5850 3176 5909 37
