4010 6258
359 370 378 434 1
398 371 496 437 169
1416 383 1812 446 SYNODlC/E
1857 381 2530 451 CONSTITUTIONES.
3453 381 3589 452 1170

349 489 619 551 (ἑανίσασα
649 489 728 552 εἶς
761 492 1104 561 παράστασιν
1137 496 1232 549 τοῦ
1256 497 1472 566 άληθῶς
1505 501 1649 572 ἔχειν
1675 505 1742 558 τὰ
1765 505 1916 575 εἰρη-
1949 508 1994 564 Λ
2027 505 2430 576 Καλωνυμίτην
2475 505 2628 570 αὐτὸ,
2675 505 2811 576 μηδέ
2857 522 2907 558 τι
2959 499 3328 574 μεταποιῆσαι
3366 501 3460 554 τοῦ
3491 504 3595 571 09--

351 581 488 644 μένα
517 581 606 633 καὶ
631 583 690 635 τὸ
725 584 970 640 τοιοῦτον
998 589 1231 660 γράμμα
1274 591 1372 660 τῆς
1423 595 1765 663 συμφωνίας.
1797 598 1916 650 Διέ-
2021 595 2176 665 χαίου
2232 597 2510 666 σχήματος
2537 614 2550 628 ο
2591 597 2624 666 ή
2654 614 2713 649 τε
2765 597 2872 666 γὰρ
2921 595 3122 664 ἄποψις
3169 593 3263 647 τοῦ
3288 593 3590 661 οἰκήματος

351 685 592 738 γνωσται
649 668 743 728 οὖν
788 681 853 748 τῇ
913 679 1069 748 ἡμῶν
1127 683 1444 753 μετριότητι
1481 686 1575 739 καὶ
1625 688 1738 750 τοῖς
1789 690 1922 756 περὶ
2021 685 2116 738 τοῦ
2167 685 2437 741 ἰσαακίου
2479 688 2730 742 ἐντεῦθεν
2783 687 3134 757 ἀπείργεται,
3187 685 3281 737 καὶ
3313 684 3371 737 αί
3398 682 3588 735 τούτου

351 765 524 836 αὐτὴν
584 768 899 838 ἱερωτάτοις
955 772 1292 844 ἀρχιερεῦσι,
1339 778 1776 848 συνεδριάζοντος
1828 781 1924 833 καὶ
2024 779 2336 850 παράθυροι
2383 779 2680 846 κλείονται,
2722 779 3026 848 προϐάντος
3067 777 3259 830 τούτου
3309 775 3468 845 χάριν
3496 775 3591 826 καὶ

351 856 507 910 τοῦδε
560 859 655 912 τοῦ
707 863 1003 934 ίερωτάτου
1066 869 1470 938 μητροπολίτου
1535 871 1921 943 Διδυμοτείχου
2027 870 2383 941 γράμματος.
2431 872 2566 935 Μεθ’
2605 872 2789 926 ἰκανὸν
2835 871 2892 926 δὲ
2939 873 3018 934 είς
3052 869 3221 924 ταυτὸ
3250 869 3474 936 γνώμης
3504 868 3593 919 έλ-

356 950 450 1001 καὶ
483 950 808 1021 ὑπερτίμου,
841 954 1050 1011 δίκαιον
1080 954 1245 1025 εἶναι,
1273 959 1452 1022 ὡ;.ἂν
1484 962 1546 1014 ὲκ
1574 962 1682 1016 τῶν
1709 964 1927 1033 κτημά.
2025 957 2232 1024 θόντες,
2255 953 2412 1024 οὗτός
2449 978 2509 1014 τε
2537 963 2566 1015 δ
2601 960 2872 1023 Ἰσαάκιος
2901 961 2994 1014 καὶ
3036 961 3065 1014 δ
3116 959 3302 1031 ῥηθεὶς
3332 956 3592 1026 πενθερδς

355 1057 462 1093 των
494 1045 588 1096 καὶ
619 1049 962 1117 πραγμάτων
989 1051 1098 1104 τῶν
1133 1053 1408 1108 λαϐόντων
1435 1055 1506 1109 τά
1535 1056 1802 1126 εἰρημένα
1836 1056 1926 1110 κό-
2025 1055 2190 1110 αὐτοῦ
2219 1059 2248 1110 ὁ
2279 1058 2560 1128 ναυπηγὸς
2616 1059 2750 1128 πρὸς
2786 1058 3090 1128 συμϐάσεις
3118 1057 3429 1126 ἐχώρησαν.
3469 1070 3592 1105 συν-

358 1149 493 1200 σμια
527 1136 620 1189 καὶ
646 1138 715 1190 τὰ
744 1139 910 1194 λοιπὰ
947 1144 1250 1212 πράγματα
1282 1146 1490 1215 ταύτης
1524 1146 1589 1216 δὴ
1619 1148 1715 1216 τῆς
1749 1150 1924 1217 μεγά-
2028 1146 2250 1216 θέμενοι
2322 1149 2420 1202 καὶ
2491 1151 2962 1219 συμφωνήσαντες
3018 1149 3106 1203 διὰ
3163 1144 3594 1213 ταϐουλλαρικοῦ

357 1225 456 1294 λης
494 1231 801 1301 παπιαίνης
834 1233 928 1286 καὶ
974 1236 1084 1288 τῶν
1121 1235 1266 1290 ἰδίων
1299 1236 1393 1290 106
1434 1239 1730 1309 εἰρημένου
1768 1241 1927 1310 ίερω-
2028 1237 2387 1309 γράμματος,
2434 1243 2752 1310 σταυρικοῐς
2789 1242 3010 1312 δεσμοῖς
3054 1239 3596 1308 σιγνογραφήσαντες

361 1316 520 1370 τάτου
579 1322 983 1392 μητροπολίτου
1039 1327 1444 1397 Διδυμοτείχου,
1494 1327 1573 1393 ὡς
1621 1331 1688 1400 τῇ
1732 1331 1925 1385 τούτου
2029 1330 2091 1380 ὲν
2113 1329 2284 1398 αὐτῷ,
2310 1328 2453 1382 ὥστε
2483 1329 2766 1399 άνυψῶσαι
2796 1331 2886 1382 τὸν
2920 1330 3160 1383 τοιοῦτον
3196 1327 3599 1396 Καλωνυμίτην

359 1408 534 1462 πειθοῖ
563 1411 660 1463 καὶ
693 1415 911 1468 συναινέ
923 1433 1003 1469 σει
1038 1417 1146 1470 τῶν
1176 1419 1436 1474 τοιούτων
1461 1422 1708 1492 κοσμίων
1746 1424 1930 1478 δοθέν·
2028 1418 2146 1472 τόδε
2181 1420 2242 1472 τὸ
2272 1419 2578 1490 χαμαίγ....
2602 1422 2808 1492 οίκημα
2835 1422 3024 1489 αὐτοῦ,
3059 1424 3151 1477 καὶ
3173 1423 3298 1476 ὅσον
3325 1422 3391 1476 ἂν
3418 1421 3601 1490 χῶρον

356 1517 466 1551 των
509 1504 642 1573 παρ’
675 1506 870 1574 αὐτῆς,
935 1512 985 1562 εί
1043 1511 1137 1564 καὶ
1191 1512 1265 1583 μὴ
1324 1512 1530 1581 ἔφθασε
1586 1515 1648 1567 τὸ
1706 1519 1930 1584 γεγονὸς
2012 1511 2303 1582 -περιλάϐῃ
2335 1511 2398 1566 τὸ
2427 1512 2620 1581 μέλλον
2645 1516 2725 1576 εἰς
2757 1514 2892 1584 ὕψος
2925 1514 3188 1585 ἀρθῆναι,
3215 1514 3481 1581 σύνεγγυς
3517 1511 3599 1572 ὃν,

359 1592 594 1663 γράμμα
623 1597 1001 1653 πιστώσασθαι
1031 1604 1125 1654 καὶ
1159 1603 1458 1675 ὑπογραφῇ
1486 1605 1654 1659 αὐτοῦ
1684 1608 1932 1678 άποφλη-
2029 1602 2105 1664 ὼς
2148 1602 2389 1673 εἴρηται,
2433 1606 2530 1658 καὶ
2562 1597 2833 1674 σύγκολλα
2869 1607 2969 1675 τῆς
2998 1605 3255 1674 ἀπόψεως
3298 1602 3394 1657 τοῦ
3437 1600 3602 1654 αὑτοῦ

359 1683 494 1738 Οώσι
533 1689 708 1742 πάντα
742 1691 812 1744 τὰ
849 1692 1199 1762 ὀφειλόμενα,
1237 1695 1333 1748 καὶ
1363 1696 1618 1770 ἀπολάϐῃ
1667 1699 1701 1768 ή
1758 1699 1931 1770 δηλω-
2033 1695 2336 1764 οἰκήματος
2383 1695 2478 1749 τοῦ
2513 1697 2787 1750 Ἶσαακίου
2826 1698 2923 1760 ,εἰς
2970 1696 3064 1750 δύο
3113 1695 3342 1766 μερίδας
3385 1694 3604 1756 διελεῖν,

362 1777 516 1832 θεῖσα
557 1782 772 1849 μεγάλη
812 1786 1088 1840 παπίαινα
1132 1786 1250 1840 σῶα
1296 1789 1394 1842 καὶ
1438 1789 1705 1861 ἀνελλιπῆ
1751 1793 1934 1848 πάντα
1967 1841 2008 1861 “
2037 1789 2128 1841 καὶ
2151 1787 2252 1856 τὴν
2285 1788 2416 1858 μίαν
2442 1789 2541 1858 μιν
2565 1791 2656 1843 τὸν
2687 1789 2924 1861 ρηθέντα
2957 1789 3232 1844 Ἰσαάκιον
3261 1787 3472 1850 λαϐεῖν,
3506 1785 3607 1854 τὴν

359 1869 429 1922 τὰ
464 1871 570 1924 ῐδια
594 1873 797 1944 ἑαυτῆς
835 1878 1061 1948 κόσμια,
1091 1878 1192 1932 ὅσα
1220 1879 1466 1951 δηλονότι
1513 1883 1574 1935 ὲν
1601 1881 1680 1951 τῷ
1705 1883 1934 1954 τοιούτῳ
1963 1869 2010 1901 ³³
2035 1878 2092 1931 δὲ
2124 1879 2319 1949 ἑτέραν
2351 1880 2500 1932 τόνδε
2552 1878 2641 1933 τὸν
2686 1879 2980 1944 Ἰσαάκιον,
3028 1877 3122 1931 καὶ
3169 1875 3480 1930 ἀντιδοῦναι
3529 1872 3610 1940 τῷ

362 1961 650 2031 γράμματι
693 1966 834 2020 κατὰ
881 1969 1050 2038 μέρος
1086 1969 1612 2040 περιλαμϐάνονται.
1647 1970 1812 2024 Ὅθεν
1839 1972 1938 2025 καὶ
2037 1970 2187 2040 αύτῷ
2213 1970 2585 2044 Καλωνυμίτῃ
2634 1971 2758 2041 ῐσην
2795 1971 2990 2041 μερίδα
3028 1969 3138 2024 ἀπὸ
3180 1967 3277 2020 106
3310 1964 3608 2036 προσόντος

272 2132 282 2141 ⁸
360 2055 671 2120 ὀφείλουσιν
711 2059 739 2111 ὅ
788 2075 847 2112 τε
881 2059 1144 2131 δηλωθεὶς
1182 2061 1477 2132 ἱερώτατος
1530 2063 1936 2134 μητροπολίτης
2038 2061 2187 2132 αὐτῷ
2215 2061 2442 2117 ὄπισθεν
2477 2064 2572 2116 καὶ
2603 2063 2668 2115 έκ
2706 2061 2941 2131 πλαγίου
2995 2061 3222 2131 μέρους.
3275 2050 3351 2112 O6
3399 2056 3465 2126 δὴ
3512 2071 3610 2108 τα-

364 2145 752 2219 Διδυμοτείχου
788 2151 882 2204 καὶ
903 2153 957 2204 οἰ
985 2155 1049 2206 ὲκ
1085 2153 1192 2207 τῶν
1220 2155 1499 2223 ῥηθέντων
1526 2155 1804 2226 κληρικῶν
1846 2159 1936 2224 έγ-
2039 2155 2401 2227 ϐουλλαρικοῦ
2432 2157 2762 2227 γράμματος
2793 2158 2891 2211 καὶ
2922 2155 3219 2218 συνοδικῶς
3261 2155 3342 2217 εἰς
3372 2153 3610 2221 ἐπήκοον

366 2237 593 2304 γράφως
629 2238 1026 2310 ὑποσχεθέντες
1055 2244 1149 2298 καὶ
1181 2243 1438 2308 λαϐόντες
1467 2246 1596 2300 τάδε
1627 2246 1699 2300 τά
1732 2246 1936 2316 κόσμια

370 2331 551 2384 καὶτὰ
596 2333 757 2386 λοιπὰ
790 2337 1094 2404 πράγματα
1125 2335 1230 2406 τῆς
1267 2336 1522 2406 τοιαύτης
1555 2337 1798 2408 μεγάλης
1829 2356 1932 2392 πα-

366 2422 612 2490 πιαίνης,
667 2425 899 2494 ποιῆσαι
946 2428 1086 2480 κατά
1130 2428 1230 2497 τὴν
1279 2429 1565 2498 συνοδικὴν
1611 2430 1814 2501 ταύτην
1841 2432 1938 2485 καὶ

259 2593 263 2596 γ
364 2513 646 2580 ἡμετέραν
690 2514 982 2583 διάγνωσιν
1041 2517 1136 2571 καὶ
1187 2519 1548 2592 ἀποφλῆσαι,
1594 2521 1698 2576 ὅσα
1741 2521 1938 2585 δάνους

368 2606 530 2674 χάριν
563 2607 708 2677 ὑπὲρ
730 2609 910 2662 αὐτῶν
940 2609 1154 2676 ἔλαϐον,
1178 2613 1275 2665 καὶ
1303 2614 1354 2666 εί
1387 2612 1486 2682 μὶν
1512 2615 1940 2685 εὐπειθήσαντες

371 2698 660 2763 ποιήσουσι
695 2701 838 2754 κατὰ
874 2701 972 2769 τὴν
997 2702 1276 2772 ἔγγραφον
1301 2704 1507 2759 τούτων
1533 2706 1850 2776 ὑπόσχεσιν,
1881 2707 1942 2759 εὖ

370 2786 439 2841 ἂν
467 2789 563 2840 καὶ
605 2790 782 2854 καλῶς
833 2791 983 2861 ἔχοιο
1037 2795 1089 2846 εί
1121 2794 1167 2847 δ’
1199 2789 1314 2858 οὖν,
1369 2796 1498 2860 τοὺς
1545 2797 1646 2866 μὲν
1675 2799 1734 2866 ἐξ
1763 2799 1944 2852 αὐτῶν

373 2880 648 2954 ἱερωσύνῃ
696 2885 1095 2954 τετιμημένους
1136 2887 1542 2959 έπισχημένους
1589 2889 1833 2959 ἔχειτοῦ
1872 2892 1946 2944 ίεο

373 2976 629 3043 ρουργείν
659 2977 689 3043 ἡ
731 2975 1024 3048 μετριότης
1058 2977 1238 3047 ήμῶν,
1267 2979 1400 3032 ἀλλὰ
1427 2980 1490 3050 δὴ
1521 2983 1614 3034 καὶ
1651 2981 1743 3035 τὸν
1771 2983 1944 3054 δηλω-

377 3063 542 3115 θέντα
591 3065 997 3136 Διδυμοτείχου,
1043 3068 1171 3130 τοὺς
1201 3068 1259 3122 δέ
1295 3086 1359 3137 γε
1419 3070 1492 3141 μὴ
1540 3071 1818 3136 τοιούτους
1851 3073 1947 3127 καὶ

2039 2247 2510 2316 ἀναγνωσθέντος,
2535 2249 2862 2316 διέγνωσται
2884 2250 2950 2318 τῇ
2975 2247 3140 2317 ἡμῶν
3169 2245 3490 2317 μετριότητι
3517 2235 3630 2296 καὶ

2039 2338 2152 2401 τοῖς
2183 2338 2314 2408 περὶ
2345 2336 2518 2408 αὐτὴν
2549 2337 2864 2408 ἱερωτάτοις
2893 2335 3242 2409 ἀρχιερεῦσι,
3279 2336 3340 2388 τὸ
3385 2335 3616 2402 στέργον

2040 2432 2138 2486 καὶ
2163 2430 2584 2502 ἀπαραποίητον
2633 2430 2779 2500 ἔχειν
2809 2429 2907 2497 τὴν
2940 2429 3200 2499 τοιαύτην
3243 2426 3446 2480 τούτων
3477 2442 3613 2495 συμ-

2041 2521 2282 2586 ϐἰϐασιν,
2331 2522 2428 2576 καὶ
2475 2521 2678 2592 μηδένα
2709 2524 2776 2574 έκ
2811 2523 3020 2575 τούτων
3063 2520 3434 2591 πειράσασθαι
3478 2519 3614 2587 πρὸς

2044 2614 2360 2685 ἀνατροπὴν
2411 2615 2502 2668 καὶ
2532 2615 2794 2682 ἀθέτησιν
2843 2615 3095 2684 χωρῆσαι
3131 2613 3323 2682 αὐτῆς,
3363 2610 3479 2664 ἀλλ’
3517 2612 3617 2680 έμο

2048 2708 2234 2777 μένειν
2262 2706 2560 2777 ἑκατέρους
2594 2706 2966 2776 ἀπαραϐάτως
3013 2705 3174 2774 αὐτῇ.
3210 2704 3272 2758 Et
3314 2703 3358 2757 δ’
3391 2703 3522 2764 ῐσως
3552 2702 3614 2754 οὐ

2046 2799 2322 2869 θελήσειὸ
2369 2800 2532 2860 αὐτὸς
2583 2797 2992 2866 Καλωνυμίτης
3047 2796 3271 2866 στέρξαι
3321 2795 3479 2864 τήνδε
3518 2794 3619 2863 τὴν

2049 2892 2390 2961 συμφωνίαν,
2423 2891 2626 2958 ὀφείλει
2655 2889 3066 2960 καταϐληθῆναι
3094 2889 3155 2941 τὸ
3184 2888 3308 2957 οῐκη
3319 2906 3393 2956 μα
3426 2887 3618 2940 τούτου

2047 2982 2144 3036 καὶ
2172 2982 2252 3046 εἰς
2282 2982 2344 3035 τὸ
2371 2981 2640 3052 πρότερον
2673 2982 2863 3054 σχῆμα
2917 2982 3273 3052 καταστῆναι,
3312 2978 3494 3042 καθὼς
3527 2979 3621 3030 καὶ

2048 3075 2108 3126 τὸ
2127 3075 2230 3143 τῆς
2257 3076 2495 3144 κρίσεως
2528 3073 2768 3143 γράμμα
2813 3073 3091 3140 διέξεισιν,
3133 3073 3258 3125 ἐπεὶ
3292 3072 3386 3125 καὶ
3416 3073 3449 3140 ή
3484 3071 3623 3138 πρὸς

374 3158 674 3225 κοσμικοὺς
709 3157 814 3210 ὑπὸ
863 3159 1318 3225 ἐκκλησιαστικὸν
1363 3161 1644 3232 ἐπιτίμιον
1688 3167 1945 3234 ποιεῖται,
1974 3181 2017 3241 ο
2050 3166 2148 3235 τὴν
2177 3164 2466 3236 βασιλικὴν
2494 3165 2614 3218 ὁδὸν
2648 3164 2849 3233 ἄποψις
2874 3164 2969 3218 τοῦ
2996 3165 3295 3237 οἰκήματος
3325 3162 3418 3216 τοῦ
3456 3161 3624 3216 αὐτοῦ

380 3248 573 3317 μέχρις
604 3247 668 3302 ἂν
696 3249 764 3303 τά
791 3250 1122 3320 ὀφειλόμενα
1146 3252 1718 3324 ἀποφλήσωσι.Ταῦτα
1742 3273 1952 3328 παρεκ-

375 3337 662 3410 ϐληθέντα,
695 3359 752 3396 κ.
787 3358 840 3396 τ.
870 3345 934 3398 λ.

450 3520 543 3578 ιν.
568 3529 610 3593 1-
639 3525 786 3593 Μηνὶ
828 3527 1056 3598 Ἰουλίῳ,
1095 3534 1157 3583 ιε’
1189 3531 1399 3602 ἡμέρα,
1452 3531 1706 3600 Τετράδι,
1757 3532 1856 3586 ίνδ.
1881 3531 1950 3596 ζ’,

381 3615 802 3686 προκαθημένου
823 3620 919 3672 τοῦ
945 3621 1359 3688 παναγιωτάτου
1385 3623 1417 3691 ή
1427 3623 1544 3691 μῶν
1570 3623 1832 3676 δεσπότου
1854 3621 1950 3676 τοῦ

379 3709 766 3778 οἰκουμενικοῦ
797 3713 1139 3784 πατριάρχου
1187 3717 1246 3767 ὲν
1285 3715 1364 3785 τῷ
1398 3715 1548 3785 αὐτῷ
1579 3718 1752 3786 τόπῳ,
1797 3734 1954 3770 συνε-

381 3800 714 3870 δριαζόντων
742 3801 808 3872 τῇ
843 3804 1058 3876 μεγάλῃ
1086 3805 1368 3878 ἁγιωσύνῃ
1399 3807 1564 3862 αὐτοῦ
1592 3810 1684 3862 καὶ
1714 3809 1822 3863 τῶν
1862 3810 1956 3864 αὑ-

380 3892 490 3944 τῶν
523 3891 838 3962 ίερωτάτων
865 3895 1190 3965 ἀρχιερέων.

455 3985 496 4050 ᾖ
549 3986 806 4057 Παρέστη
857 3991 924 4058 τῇ
980 3987 1139 4058 ἡμῶν
1193 3989 1511 4059 μετριότητι
1559 3991 1962 4063 προκαθημένῃ

386 4075 683 4138 συνοδικῶς
728 4079 757 4129 ό
809 4075 1185 4140 Εὐθειοτόκιος
1236 4077 1541 4144 Ἰσαάκιος,
1583 4079 1676 4133 καὶ
1725 4080 1958 4151 ἀνήνεγ-

385 4189 502 4234 κεν,
528 4173 605 4235 ὡς
631 4173 660 4224 ό
687 4171 1026 4242 καλούμενος
1055 4171 1354 4242 Ναυπηγὸς
1382 4172 1634 4241 γαμϐρὸν
1671 4171 1834 4226 αὐτὸν
1863 4173 1958 4226 ἰπὶ

384 4264 447 4331 τῇ
509 4261 617 4332 ἰδίᾳ
665 4261 900 4331 θυγατρὶ
940 4263 1309 4331 ἀγαγόμενος,
1365 4260 1750 4332 συνεφώνησεν
1806 4261 1959 4331 αὐτῷ

385 4351 616 4420 προικὸς
644 4350 806 4422 χάριν
835 4353 928 4407 καὶ
957 4352 1264 4421 πράγματα
1301 4351 1638 4423 ὑπερπύρων
1667 4351 1957 4405 διακοσίων

387 4445 481 4497 καὶ
513 4443 727 4514 οίκημά
758 4463 812 4500 τι
848 4446 987 4514 πρὸς
1012 4444 1222 4509 τούτοις
1243 4445 1626 4517 άδιατίμητον.
1664 4444 1746 4499 ἔτι
1779 4461 1838 4497 τε
1865 4443 1960 4499 καὶ

2052 3258 2432 3313 Εὑθειοτοκίου
2481 3260 2832 3328 ἀπείργεται,
2873 3261 2971 3313 καὶ
3000 3257 3058 3312 αἱ
3088 3257 3276 3311 τούτου
3309 3255 3622 3326 παράθυροι

2056 3352 2348 3422 μέλλουσιν
2391 3352 2825 3420 ἀποκλεισθῆναι
2859 3351 3106 3415 τελείως,
3144 3351 3268 3404 καθ’
3312 3351 3372 3404 ὃν
3406 3351 3625 3420 εἴρηται

2053 3445 2278 3515 τρόπον,
2310 3445 2398 3513 ἐφ’
2423 3439 2468 3513 ᾧ
2511 3445 2606 3498 καὶ
2633 3448 2662 3497 δ
2704 3445 2904 3505 οἰκεῖος
2933 3443 3012 3512 τῷ
3041 3444 3320 3512 κρατίστῳ
3351 3441 3444 3496 καί
3485 3439 3628 3506 ἁγίῳ

2059 3552 2166 3606 μου
2196 3534 2561 3604 αὐτοκράτορι
2599 3534 2773 3604 μέγας
2802 3533 3164 3604 δρουγγάριος
3189 3531 3286 3585 106
3321 3530 3626 3584 θεοσὼστου

2060 3628 2274 3692 στόλου,
2333 3629 2393 3681 έν
2440 3628 2581 3698 ἁγίῳ
2634 3627 2914 3697 Πνεύματι
2953 3625 3322 3696 γνησιώτατος
3374 3625 3489 3686 υἱὸς
3530 3625 3629 3692 τῆς

2058 3718 2217 3787 ήμῶν
2253 3718 2632 3789 μετριότητος,
2663 3717 2770 3786 κῦρ
2805 3717 3065 3783 Ἰωάννης
3093 3717 3122 3768 ὁ
3150 3714 3626 3784 Φιλανθρωπηνὺς,

2057 3808 2376 3874 ἀναδέξεται
2407 3809 2500 3862 τὸν
2522 3808 2887 3876 διαληφθέντα
2929 3804 3224 3869 ῑίσαάκιον,
3263 3807 3360 3860 καὶ
3387 3803 3635 3858 ἀπαλλά-

2059 3905 2140 3968 ξει
2170 3904 2266 3971 τῆς
2295 3901 2764 3969 καταδυναστείας
2798 3902 2894 3954 καὶ
2917 3900 3195 3972 ὀχλήσεως
3228 3901 3322 3953 τοῦ
3368 3898 3630 3968 ῥηθέντος

2058 3993 2479 4062 Καλωνυμίτου,
2506 3994 2653 4047 κατὰ
2683 3991 2783 4063 τὴν
2814 3989 3332 4062 συνοδικὴνκταύτην
3367 3991 3463 4042 καὶ
3496 3989 3633 4058 ήμε-

2057 4087 2226 4157 τέραν
2256 4087 2575 4156 διάγνωσιν.
2603 4084 2792 4140 Ταῦτα
2819 4083 3295 4156 παρεκϐληθέντα,
3320 4101 3377 4137 κ.
3408 4099 3461 4136 τ.
3491 4084 3554 4137 λ.

2131 4267 2194 4320 ν.
2219 4265 2260 4336 ’ί-
2279 4265 2430 4336 Μηνί
2451 4265 2770 4334 Αὐγούστῳ,
2801 4270 2862 4316 ιε’
2883 4265 3089 4335 ήμέρᾳ,
3126 4262 3479 4334 Παρασκευῇ,
3531 4259 3628 4312 ἰνδ.

2061 4359 2128 4425 ζ’,
2154 4357 2580 4429 προκαθημένου
2610 4355 2706 4409 106
2735 4356 3157 4424 παναγιωτάτου
3189 4354 3346 4423 ήμῶν
3371 4353 3632 4404 δεσπότου

2059 4451 2154 4504 τοῦ
2176 4447 2564 4519 οἰκουμενικοῦ
2600 4448 2939 4517 πατριάρχου
2978 4449 3034 4500 έν
3059 4448 3170 4507 τοῖς
3195 4443 3334 4496 κατὰ
3361 4444 3452 4496 τὸν
3474 4441 3630 4508 ἆγιον

389 4537 532 4604 (τὴν)
563 4537 671 4589 τῶν
702 4539 761 4591 ἔν
791 4537 868 4607 τῷ
901 4537 1078 4607 καιρῷ
1099 4540 1197 4608 τῆς
1224 4539 1482 4608 τελευτῆς
1504 4538 1672 4593 αὐτοῦ
1697 4538 1960 4608 καθευρε-
1988 4541 2036 4600 D
2064 4541 2430 4608 θεοφύλακτον
2478 4539 2712 4600 κελλίοις
2765 4537 2930 4591 αὑτοῦ
2957 4577 2972 4602 ,
3024 4534 3480 4605 συνεδριαζόντιον
3559 4536 3628 4602 τῇ

390 4629 711 4698 θησομένων
745 4630 923 4701 τούτῳ
955 4630 1297 4699 πραγμάτων
1329 4630 1716 4701 κληρονομίαν.
1753 4630 1861 4682 Καὶ
1889 4625 1960 4698 ἦν

393 4724 492 4793 μὲν
525 4724 824 4792 ὁμόστεγος
859 4723 953 4776 καὶ
982 4723 1294 4794 ὁμοδίαιτος
1334 4724 1410 4794 τῷ
1439 4725 1684 4793 πενθερῷ
1713 4724 1806 4777 ἐπὶ
1836 4724 1964 4792 χρό-

393 4837 500 4882 νοις
527 4817 687 4870 ὲπτά.
751 4817 808 4869 Ἐ
821 4816 908 4868 πεὶ
933 4816 991 4869 δὲ
1019 4811 1160 4868 εἶδεν
1190 4817 1216 4868 δ
1249 4815 1412 4877 αὐτὸς
1467 4816 1503 4868 ’1
1515 4812 1742 4878 σαάὶιιος
1771 4815 1964 4869 τοῦτον

392 4914 456 4982 δὴ
483 4910 573 4962 τὸν
599 4908 860 4979 πενθερὸν
884 4908 1216 4978 πειραθέντα
1247 4907 1449 4972 ἐξῶσαι
1479 4907 1642 4961 αὑτὸν
1673 4907 1767 4960 τοῦ
1791 4907 1964 4961 τοιού-

277 5067 283 5070 _
391 5020 484 5055 του
513 5002 846 5070 οἰκήματος,
893 5001 1189 5069 ἀντεκρίθη
1220 4998 1394 5069 τούτῳ
1426 5001 1516 5053 ἐπὶ
1543 4999 1638 5053 106
1671 4987 1965 5069 ὲκκλήσια-

394 5092 579 5146 στικοῦ
611 5090 986 5161 δικαστηρίου,
1013 5093 1104 5142 καὶ
1140 5091 1450 5160 ἐμφανίσας
1479 5091 1539 5144 τὸ
1566 5090 1787 5160 γεγονὸς
1815 5089 1966 5160 αύτῷ

398 5180 690 5250 σύμφωνον
725 5179 1074 5232 δεδικαίωται
1129 5181 1574 5248 συγκαταμένειν
1622 5180 1702 5250 τῷ
1736 5181 1966 5251 τοιούτῳ

395 5271 641 5342 πενθερῷ
671 5274 728 5325 έν
749 5271 828 5343 τῷ
847 5271 1124 5341 εἰρημένῳ
1150 5273 1436 5342 οίκήματι,
1467 5272 1526 5326 ὃν
1553 5273 1616 5345 δὴ
1646 5273 1848 5343 τρόπον
1871 5277 1968 5328 καὶ

395 5366 485 5416 ἐπὶ
547 5363 660 5426 τοῖς
715 5361 982 5424 τοιούτοις
1033 5363 1172 5415 ἑπτὰ
1228 5363 1444 5433 χρόνοις
1498 5358 1568 5434 ἦν
1617 5365 1965 5432 καταμένων.

396 5451 759 5522 Βουληθέντος
814 5451 870 5504 δὲ
934 5454 1030 5507 καὶ
1081 5452 1175 5505 106
1232 5451 1592 5524 συγγάμϐρου
1650 5451 1817 5508 αὑτοῦ
1874 5452 1967 5505 τοῦ

402 5543 789 5614 Καλωνυμίτου
837 5542 976 5614 πρὸς
1016 5543 1150 5612 ὕψος
1195 5545 1401 5615 ἐπᾶραι
1445 5545 1507 5600 τὸ
1556 5546 1761 5615 προσὸν
1816 5545 1970 5614 αύτῷ

401 5637 701 5704 χαμαίγ....
738 5638 968 5707 οἴκημα,
1005 5635 1273 5705 σύνεγγυς
1311 5639 1405 5689 καὶ
1437 5636 1668 5708 πλησίον
1695 5637 1970 5707 τυγχάνον

401 5727 495 5780 106
553 5728 846 5798 εἰρημένου
901 5731 1228 5800 οἰκήματος,
1271 5729 1464 5797 γέγονε
1515 5729 1814 5798 τηνικαῦτα
1853 5733 1973 5783 έπι-

406 5819 602 5874 στασία
627 5821 722 5872 καὶ
748 5820 1017 5892 διεκρίθη,
1058 5822 1330 5893 μηδαμῶς
1361 5820 1646 5891 ἀνυψῶσαι
1680 5820 1829 5874 τόνδε
1880 5821 1968 5874 τὸν

2064 4636 2277 4704 μεγάλῃ
2322 4635 2606 4704 ἁγιωσύνῃ
2635 4631 2799 4688 αὐτοῦ
2832 4634 2930 4686 καὶ
2962 4632 3274 4702 ίερωτάτων
3304 4629 3629 4700 ἀρχιερέων,

2061 4724 2156 4778 τοῦ
2181 4723 2445 4790 Κυζίκου,
2474 4723 2777 4792 ύπερτίμου
2812 4723 2905 4776 καί⁸
2927 4722 3159 4792 ἐξάρχου
3197 4720 3376 4782 πάσης
3411 4719 3634 4787 Ἑλλησ-

2065 4816 2285 4882 πόντου,
2329 4815 2674 4878 Ἀθανασίου,
2725 4813 2820 4868 τοῦ
2856 4815 3126 4884 Σάρδεων,
3177 4814 3483 4882 ὑπερτίμου
3537 4813 3632 4863 καὶ

2065 4906 2296 4977 ἐξάρχου
2321 4907 2505 4976 πάσης
2533 4907 2758 4970 Λυδίας,
2795 4905 3122 4976 Γρηγορίου,
3147 4905 3239 4958 106
3263 4899 3634 4971 Χαλκηδόνος,

2067 4999 2372 5070 ὑπερτίμου
2396 4999 2492 5052 καὶ
2521 4999 2784 5069 προέδρου
2812 4998 3164 5065 Μαρωνείας,
3194 4997 3512 5060 Θεοδούλου,
3544 4997 3637 5050 τοῦ

2081 5087 2572 5158 ’Δδριανουπόλεως
2633 5089 2728 5140 καὶ
2783 5089 3124 5158 ὑπερτίμου,
3197 5088 3493 5154 Ἰγνατίου,
3543 5086 3635 5137 106

2067 5180 2377 5250 Μελιτηνῆς
2411 5180 2507 5232 καὶ
2537 5179 2842 5249 ύμερτίμου
2864 5218 2881 5245 ,
2935 5179 3214 5233 Θεοδοσίου
3236 5220 3252 5245 ,
3301 5179 3394 5230 106
3446 5179 3638 5228 Ποντο-

2067 5272 2368 5344 ηρακλείας
2394 5271 2488 5324 καὶ
2518 5272 2844 5341 ύπερτίμου,
2879 5271 3231 5328 Ἰωαννικίου.
3260 5270 3351 5322 106
3387 5268 3427 5320 [1
3437 5267 3636 5335 ρούσης

2069 5365 2162 5418 καὶ
2193 5364 2522 5434 ὑπερτίμου,
2552 5364 2826 5420 Νικολάου
2859 5404 2876 5430 ,
2897 5365 2992 5416 τοῦ
3035 5363 3234 5432 Πηγῶν
3268 5364 3363 5414 καὶ
3403 5361 3634 5434 Παρίου,

2071 5455 2376 5526 ὑπερτίμου
2409 5456 2504 5509 καὶ
2537 5457 2804 5527 προέδρου
2841 5456 3034 5520 Γάνου,
3074 5452 3507 5518 Κωνσταντίνου,
3538 5452 3633 5506 τοῦ

2071 5547 2317 5610 Πισιδίας
2338 5549 2432 5600 καὶ
2460 5547 2786 5618 ὑπερτίμου,
2818 5545 3142 5616 Γρηγορίου,
3189 5546 3282 5598 106
3327 5545 3639 5617 Δυρραχίου

2073 5640 2167 5691 καὶ
2188 5637 2513 5708 ὑπερτίμου,
2542 5638 2867 5708 Γρηγορίου,
2893 5637 2986 5690 106
3013 5636 3326 5705 Μιτυλήνης
3352 5640 3444 5688 καὶ
3470 5637 3641 5707 ὑπερ-

2073 5729 2257 5796 τίμου,
2302 5728 2605 5793 Διονυσίου,
2656 5727 2750 5781 τοῦ
2808 5725 3118 5796 Μηθύμνης
3164 5728 3259 5779 καὶ
3314 5727 3642 5797 ὑπερτίμου,

2077 5821 2382 5893 Μαλαχίου,
2416 5821 2508 5876 τοῦ
2548 5823 2802 5893 Βρύσεως
2828 5822 2920 5876 καὶ
2953 5820 3280 5892 ὑπερτίμου,
3311 5822 3648 5893 Γερασίμου,
