4076 6264
512 352 658 418 ἱ1Ἷ5

1656 355 1903 414 ESAI/E
1946 355 2057 415 (ΣΡ.
2102 355 2616 417 PATRIARCH/E

3598 346 3702 408 117.5

507 465 929 532 πρωτοπαππᾶς
952 463 1154 534 ταύτης
1197 467 1226 518 6
1251 465 1496 536 Λάζαρος
1527 465 2071 536 ἐγγράφωςὲξησιραο
2110 466 2143 521 Δ
2174 468 2307 520 εἶναι
2338 469 2397 520 :6
2432 466 2762 535 φιλοδίκαιον
2825 463 3100 533 προσῆκόν
3133 462 3250 514 ἐστι
3289 459 3380 513 καὶ
3406 453 3701 528 ὀφέιλόμενοι

511 557 746 623 λίσαντο,
789 557 1012 626 γηραιοὶ
1065 557 1258 627 ἄνδρες
1305 561 1398 610 καὶ
1447 557 1778 626 ἀξιόπιστοι,
1833 560 1967 613 ἀλλὰ
2011 559 2074 629 δή

509 650 603 704 καὶ
628 649 657 701 6
686 650 754 702 τά
785 650 1160 719 πατριαρχικά
1181 650 1362 704 δίκαια
1390 651 1591 705 διέπων
1614 653 1794 705 ἐκεῖσε
1825 654 1932 721 πρὸ
1959 652 2078 720 χρό-

508 758 634 805 νων,
689 742 922 812 μοναχδς
949 741 1218 810 Μάξιμος,
1253 743 1487 799 ἐνταῦθα
1524 743 1716 814 παρὼν
1742 747 1835 798 καὶ
1871 747 2079 813 ἐρωτψ

508 835 622 894 θεὶς
649 832 764 901 μετ’
794 833 1090 901 ἀσφαλείας
1109 833 1207 903 τῆς
1233 837 1616 908 προσηκούσης
1637 825 2076 906 ἀῦωμολόγησεν,

508 925 585 985 ὡς
611 925 913 992 ἐφορῶντος
940 924 1096 988 Θεοῦ,
1125 927 1216 978 καὶ
1241 909 1684 990 διιϐεϐαιώτατο,
1715 928 1968 998 προσθεὶς
1999 930 2078 990 είς

508 1015 732 1067 πλείονι
789 1015 886 1085 τὴν
948 1018 1294 1088 παράστασιν
1353 1021 1450 1072 καὶ
1499 1020 1572 1083 ὼς
1603 1020 1942 1091 χηρευούσης
1979 1019 2078 1086 τῆς

508 1105 763 1173 τοιαύτης
795 1095 1108 1176 ἁγιωτάτης
1156 1111 1542 1179 μητροπόλεως
1573 1111 1910 1181 Μιτυλήνης,
1941 1112 1967 1163 ὁ
1993 1109 2080 1179 βε-

510 1198 750 1265 στάρχης
779 1198 1008 1263 ἐκεῖνος,
1035 1199 1317 1270 ἐγκρατὴς
1342 1201 1452 1254 τῶν
1479 1202 1704 1256 δικαίων
1733 1202 1902 1272 αὐτῆς
1933 1201 2080 1269 εύριο

511 1291 796 1354 σχόμενος,
825 1291 1173 1358 γραμμάτων
1203 1293 1350 1356 ἐντὸς
1377 1293 1469 1346 τοῦ
1512 1293 1900 1364 θυσιαστηρίου
1927 1293 2079 1347 τοῦδε

506 1379 598 1430 τοῦ
629 1379 758 1431 ναοῦ
811 1380 908 1433 τοῦ
948 1381 1387 1451 Ἀκρονησιὼτου
1423 1386 1920 1455 ἐπιγεγραμμένων
1972 1385 2081 1454 πρὸ

505 1468 598 1519 τοῦ
624 1469 835 1540 τείχους
861 1470 1026 1523 αὐτοῦ
1053 1474 1148 1526 καὶ
1173 1472 1477 1540 δηλούντων
1507 1475 2079 1545 ἐναργῶς,ὑποκείμε-

506 1576 593 1612 νον
623 1553 760 1610 εἶναι
800 1560 990 1613 τοῦτον
1021 1562 1146 1632 τῇδε
1175 1566 1238 1633 τῇ
1287 1565 1570 1636 ἁγιωτάτῃ
1611 1565 1964 1633 μητροπόλει,
1994 1563 2080 1616 δό-

507 1651 582 1720 λῳ
614 1653 705 1703 καὶ
732 1652 1076 1725 ῥᾳδιουργίᾳ.
1094 1655 1439 1724 χρησάμενος
1462 1695 1475 1717 ,
1515 1655 1786 1725 ἀπήλειψε
1832 1656 1926 1707 κοιλ¹
1952 1657 2082 1708 ἀπέ-

506 1743 628 1807 ξεσε
661 1743 830 1796 ταῦτα
850 1760 864 1774 ο
893 1745 1036 1798 οὕτω
1065 1746 1243 1799 τοίνυν
1272 1748 1366 1800 καὶ
1397 1747 1546 1800 τοῦδε
1574 1747 1670 1801 τοῦ
1694 1747 1929 1818 μοναχοῦ
1958 1748 2080 1801 Μαι

509 1833 670 1902 ξίμου
702 1835 770 1889 τὰ
821 1837 960 1890 αύτά
991 1839 1104 1899 τοῖς
1137 1837 1352 1908 ῥηθεῖσι
1381 1839 1778 1908 πρεσϐυτέροις
1819 1839 2085 1906 ὁμολογή-

512 1940 727 1990 σαντος,
762 1927 1045 1996 ἐνεφάνισε
1078 1929 1172 1982 καὶ
1201 1930 1299 1991 τὰς
1333 1931 1644 1999 ἐγγράφους
1674 1930 1854 1984 αὐτῶν
1885 1946 2089 1999 μαρτυ-

511 2015 635 2084 ρίας
664 2017 692 2068 6
713 2016 973 2085 δηλωθεὶς
1008 2019 1300 2085 ἱερώτατος
1328 2021 1734 2090 μητροπολίτης
1771 2021 2084 2092 Μιτυλήνης

510 2110 607 2162 καὶ
639 2108 962 2180 ὑπέρτιμος,
988 2114 1082 2164 καὶ
1112 2112 1306 2182 ἐδεήθη
1337 2115 1431 2166 καὶ
1461 2113 1669 2166 τούτων
1699 2113 1858 2182 χάριν
1885 2113 2084 2164 συνοδι-

510 2199 612 2269 κῆς
651 2199 1016 2267 διαγνώσεως.
1074 2204 1405 2270 Διέγνωσται
1459 2199 1551 2256 οῦν
1598 2205 1695 2256 καὶ
1727 2203 2086 2272 περὶτούτων

513 2291 809 2355 συνοδικῶς
841 2295 906 2363 τῇ
941 2295 1099 2363 ήμῶν
1133 2297 1473 2365 μετριότητι,
1505 2296 1681 2349 τελεῖν
1706 2296 1992 2348 καὶταῦτα
2022 2295 2083 2363 δὴ

510 2380 579 2434 τὰ
610 2381 872 2451 μονύδρια
907 2385 999 2436 καὶ
1023 2384 1153 2446 τοὺς
1176 2385 1502 2454 εἰρημένους
1530 2385 1690 2446 ναοὺς
1725 2385 1830 2436 ὑπὸ
1863 2384 1960 2455 τὴν
1987 2383 2082 2452 δη-

509 2473 776 2526 λωθείσαν
820 2474 1130 2545 ἀγιωτάτην
1195 2477 1533 2546 μητρόπολιν
1578 2477 1892 2546 Μιτυλήνης
1941 2477 2084 2530 κατά

511 2567 608 2630 τὰς
646 2567 966 2637 περιλήψεις
1012 2568 1104 2621 τοῦ
1159 2585 1218 2621 τε
1255 2570 1581 2639 γράμματος
1609 2571 1704 2622 τοῦ
1754 2569 1998 2640 ἀοιδίμου
2027 2570 2085 2622 ἐν

513 2660 889 2728 πατριάρχαις
920 2659 1024 2727 κῦρ
1067 2661 1346 2730 Ἀρσενίου
1375 2661 1468 2715 καὶ
1498 2661 1604 2714 τῶν
1637 2662 1838 2727 ἐτέρων
1863 2662 2085 2716 δικαιω-

519 2752 722 2820 μάτων,
760 2751 840 2804 έτι
867 2752 922 2804 δέ
959 2751 1177 2814 καὶτὰς
1217 2752 1326 2804 τῶν
1356 2752 1595 2806 τοπικῶν
1632 2755 1946 2824 ἱερωμένων
1990 2758 2083 2807 καὶ

513 2844 762 2914 γηραιῶν
790 2844 1003 2912 ἀνδρῶν
1032 2844 1342 2912 ἐγγράφους
1375 2844 1698 2913 μαρτυρίας,
1741 2844 1837 2896 καὶ
1865 2846 1922 2897 ἐν
1961 2843 2083 2901 τού-

513 2953 627 3000 τοις
665 2935 1102 3006 μνημονεύεσθαι
1149 2937 1274 3000 τοὺς
1326 2936 1470 2989 κατά
1507 2938 1733 3006 καιροὺς
1768 2939 2078 3005 ἀρχιερατι-

513 3029 628 3090 κῶς
659 3028 754 3095 τῆς
791 3028 1089 3097 εἰρημένης
1123 3028 1437 3096 ἁγιωτάτης
1489 3028 1787 3094 ἐκκλησίας
1822 3033 2081 3097 προϊστα-

516 3117 732 3185 μένους,
763 3120 855 3168 καὶ
904 3116 1170 3186 μηδαμῶς
1205 3118 1576 3188 παραϐάλλειν
1610 3120 1687 3181 είς
1741 3138 1791 3173 τι
1836 3121 1944 3174 ἀπὸ
1975 3121 2081 3175 τῶν

512 3206 772 3260 τοιούτων
798 3209 886 3259 τὸν
912 3209 1311 3278 πατριαρχικδν
1348 3209 1577 3280 ἔξαρχον
1609 3213 1702 3264 ἐπὶ
1745 3212 1820 3282 τῷ
1853 3214 2082 3282 ἀνακρί-

514 3316 626 3351 νειν
651 3299 789 3360 ὅλως
837 3301 1129 3366 πειρᾶσθαι
1160 3302 1254 3355 καὶ
1291 3302 1531 3372 ἐνοχλεῖν
1579 3301 1640 3355 :6
1690 3307 1854 3374 μέρος
1885 3305 2087 3374 ταύτης

515 3391 579 3461 δὴ
632 3391 733 3461 τῆς
780 3391 1098 3462 ἁγιωτάτης
1159 3395 1547 3464 μητροπόλεως
1599 3397 1919 3465 Μιτυλήνης
1949 3412 1963 3426 ·
1997 3398 2091 3450 καὶ

519 3481 698 3535 πάντα
747 3482 805 3535 δὲ
852 3481 923 3535 τὰ
960 3485 1333 3553 προγεγονότα
1367 3486 1746 3556 πατριαρχικά
1787 3487 2090 3557 γράμματα

520 3574 725 3628 τούτων
773 3573 934 3644 χάριν
967 3574 1046 3637 είς
1093 3575 1393 3644 καταδίκην
1425 3576 1522 3645 τῆς
1563 3576 1733 3647 αὐτῆς
1782 3578 2091 3647 ἁγιωτάτης

521 3665 818 3736 ἐκκλησίας
870 3667 1053 3735 ἄκυρα
1108 3667 1204 3718 καὶ
1248 3668 1509 3738 ἄπρακτα
1560 3669 1670 3739 ἔχει
1711 3670 1744 3739 ἠ
1801 3671 2093 3742 μετριότης

520 3757 701 3824 ἡμῶν,
733 3756 808 3819 ὡς
833 3756 907 3824 μὴ
941 3757 1083 3810 κατὰ
1112 3757 1204 3810 τὸν
1229 3755 1319 3809 τοῦ
1355 3757 1563 3812 δικαίου
1591 3759 1746 3826 λόγον
1777 3760 2052 3827 προϐάντα
2080 3779 2092 3793 ·

523 3849 752 3904 καθόλου
808 3848 918 3918 γὰρ
964 3847 1322 3919 περιαιροῦσα
1359 3847 1427 3904 τὰ
1473 3850 1572 3919 τῆς
1624 3849 1834 3912 ἀδικίας
1868 3849 2093 3919 ταύτης,

528 3943 622 3996 καὶ
673 3941 767 3995 τοῦ
810 3940 1001 3995 λοιποῦ
1037 3940 1314 4011 μηδεμίαν
1361 3933 1504 3992 εἶναι
1557 3939 1658 4008 τήν
1689 3939 2097 4008 ἀμφισϐήτησιν

530 4034 829 4104 βουλομένη
860 4031 1063 4102 μεταξὺ
1093 4029 1188 4085 τοῦ
1228 4048 1287 4084 τε
1336 4030 1739 4101 πατριαρχικοῦ
1773 4031 1971 4101 μέρους
2008 4031 2098 4082 καὶ

528 4125 627 4194 τῆς
679 4121 937 4190 τοιαύτης
986 4118 1299 4188 ἁγιωτάτης
1353 4118 1738 4188 μητροπόλεως
1768 4118 2099 4186 Μιτυλήνης,

528 4214 882 4286 ψηφισαμένη
915 4212 982 4265 τά
1012 4213 1140 4279 περὶ
1160 4210 1375 4275 τούτου,
1401 4209 1691 4277 κεκύρωκε
1717 4209 1806 4261 καὶ
1827 4225 2106 4278 κατησφα-

530 4309 751 4365 λίσατο·
786 4307 813 4357 6
845 4305 952 4371 γὰρ
998 4303 1058 4353 :6
1091 4300 1199 4354 ἀπὸ
1228 4299 1382 4352 τοῦδε
1417 4299 1816 4369 πειρασόμενος
1868 4302 1948 4361 εἱς
1977 4302 2103 4351 ἀνα-

531 4398 741 4469 τροπὴν
799 4397 894 4448 καὶ
949 4394 1206 4462 ἀθέτησιν
1259 4394 1503 4462 χωρῆσαι
1551 4391 1658 4444 τῶν
1689 4393 2104 4460 διεγνωσμένων

2185 559 2418 626 μάλιστα
2441 599 2456 624 ,
2503 559 2564 611 οὐ
2600 558 2761 628 μόνον
2805 557 2900 610 ἐπὶ
2927 559 3041 616 τοῖς
3075 550 3589 624 ἀμφισϐητουμένοις
3618 553 3704 604 τῶν

2181 652 2356 706 ἄλλων
2393 652 2740 722 πράγμασιν,
2778 650 2914 704 ἀλλά
2949 648 3042 700 καὶ
3074 641 3161 700 ἐπ’
3203 646 3384 708 αὐτοῖς
3415 646 3519 706 τοῖς
3542 645 3608 707 ὼς
3645 647 3704 698 oI-

2181 744 2350 807 κείοις
2379 744 2585 813 ταύτης
2610 741 3016 813 κατεχομένοις,
3063 739 3112 792 εί
3158 739 3223 808 δή
3253 755 3307 791 τι
3337 737 3529 791 τούτων
3557 737 3708 801 διαφέ-

2182 854 2296 906 ρειν
2343 836 2487 906 ἄλλῳ
2535 837 2641 888 τινὶ
2671 833 3079 905 ἀμφιϐάλλεται
3107 848 3121 862 ·
3154 830 3298 884 οὕτω
3327 831 3431 897 γὰρ
3459 828 3546 881 καὶ
3584 828 3710 892 δόξαν

2183 927 2497 993 πλεονεξίας
2529 925 2884 996 ἀποκρούοιτ’
2941 924 3031 987 ἂν,
3063 923 3154 976 καὶ
3188 923 3306 984 ταῖς
3336 920 3500 980 ἄλλως
3526 919 3710 985 γινομέ-

2184 1033 2302 1080 ναις
2335 1017 2510 1085 ταύτῃ
2540 1015 2810 1078 εὐποιίαις
2853 1013 3150 1083 εὐπρεπῶς
3183 1011 3419 1080 μάλιστα
3453 1008 3614 1078 χρῷτο
3637 1011 3710 1061 καὶ

2181 1108 2256 1168 ὼς
2282 1107 2434 1174 φίλον
2467 1106 2613 1175 Θεῷ,
2645 1105 2930 1176 προϊόντος
2957 1103 3112 1172 δῆλον
3145 1101 3364 1172 γένηται
3387 1092 3474 1154 τοῦ
3500 1101 3638 1170 λόγου
3665 1101 3710 1149 :6

2185 1198 2455 1268 βούλημα.
2484 1199 2559 1253 Τὸ
2593 1199 2734 1253 κατά
2779 1198 2882 1267 τὴν
2911 1198 3078 1266 νῆσον
3118 1196 3428 1266 Μιτυλήνην
3474 1195 3710 1262 μοναστή·

2186 1309 2297 1359 ριον
2325 1291 2386 1344 :6
2435 1290 2528 1346 τοῦ
2585 1291 2763 1346 Ὀσίου
2798 1291 3077 1362 Γεωργίου
3109 1290 3400 1358 λεγόμενον
3448 1290 3586 1349 ὅπως
3632 1286 3712 1354 μὲν

2185 1383 2421 1454 συνέστη
2457 1383 2555 1454 τὴν
2589 1382 2788 1454 ἀρχὴν,
2829 1384 2928 1436 καὶ
2953 1381 3316 1452 περιφανείας
3346 1381 3490 1442 ὅπως
3517 1375 3616 1448 εἶχε
3641 1380 3715 1430 καὶ

2184 1476 2588 1545 λαμπρότητος,
2633 1476 2725 1528 καὶ
2759 1475 2903 1538 ὅσοις
2935 1474 3111 1542 ἐκόμα
3148 1473 3260 1536 τοῖς
3291 1473 3529 1539 ἀγαθοῖς,
3557 1469 3717 1537 φθάνει

2185 1566 2446 1631 διεξιόντα
2472 1567 2801 1636 τρανότερον
2847 1565 2916 1619 τὰ
2947 1564 3222 1635 προσόντα
3255 1564 3427 1632 τούτῳ
3451 1561 3717 1628 παλαιγενῆ

2184 1656 2552 1725 δικαιώματα,
2574 1659 2666 1710 καὶ
2693 1661 2720 1710 6
2740 1657 2901 1710 τοῦτο
2932 1655 3139 1724 γνῶναι
3170 1655 3351 1724 ζητῶν
3381 1653 3602 1724 ἐντυχὼν
3621 1653 3721 1705 τού-

2187 1765 2296 1811 τοις
2328 1748 2573 1818 ἀκριϐῶς
2598 1748 2801 1801 εἴσεται
2825 1762 2839 1778 ·
2871 1747 3010 1818 πλὴν
3045 1747 3289 1808 ἐνδόντος
3338 1745 3431 1798 καὶ
3470 1742 3557 1796 τοῦ
3577 1743 3720 1793 τοιού⁸

2192 1857 2287 1892 του
2322 1839 2686 1910 μοναστηρίου
2716 1838 2792 1909 τῷ
2843 1839 3020 1892 πάντα
3045 1839 3126 1900 είς
3158 1837 3274 1905 φῶς
3305 1836 3485 1903 ἄγοντι
3515 1835 3598 1888 καὶ
3632 1834 3722 1892 τοῖς

2193 1931 2417 1995 οἰκείοις
2453 1930 2612 1994 αὖθις
2637 1929 3020 2000 λυμαινομένη)
3060 1931 3370 1998 γεννήμασι
3402 1926 3589 1997 χρόνῳ,
3611 1925 3654 1978 οἱ
3675 1927 3723 1976 ἐν

2193 2023 2342 2092 αύτῷ
2381 2024 2605 2092 μοναχοὶ
2638 2024 2717 2085 είς
2765 2022 2833 2075 τά
2865 2022 2956 2075 ὑπ’
3003 2019 3135 2074 αὐτὸ
3185 2021 3411 2090 μετόχια
3456 2014 3722 2086 μετοικοῦσι

2195 2115 2332 2168 κατά
2363 2115 2464 2183 τὴν
2512 2115 2684 2185 αὐτὴν
2712 2113 3029 2183 διακείμενα
3059 2112 3220 2181 νῆσον
3244 2112 3340 2166 καὶ
3368 2110 3469 2164 ὑπὸ
3488 2109 3580 2177 τήν
3607 2107 3724 2161 ἐκεῖ·

2198 2224 2257 2258 σε
2289 2206 2548 2261 τελοῦντα
2595 2207 2695 2275 τῆς
2731 2204 3040 2275 Μιτυλήνης
3072 2205 3383 2274 ἀγιωτάτην
3412 2201 3720 2280 μητρόπολιν,

2196 2302 2286 2353 καὶ
2317 2298 2542 2363 διένεξις
2571 2299 2632 2351 τὸ
2661 2298 2719 2363 ἐξ
2750 2297 2960 2350 ἐκείνου
2997 2296 3232 2366 ἀνέκυψε
3277 2296 3356 2365 τῷ
3388 2290 3721 2361 πατριαρχικῷ

2197 2391 2351 2460 μέρει
2391 2391 2485 2444 καὶ
2535 2389 2614 2458 τῷ
2648 2389 2746 2457 τῆς
2796 2389 3207 2459 μητροπόλεως,
3259 2387 3520 2454 ’ἐκατέρου
3577 2383 3721 2437 αὐτῶν

2194 2481 2668 2544 ἀντιποιουμένου,
2705 2479 2802 2530 τοῦ
2843 2479 2941 2547 μὲν
2969 2481 3080 2542 τοῖς
3111 2475 3541 2546 πατριαρχικοῖς,
3576 2469 3723 2525 τοῦδέ

2192 2575 2305 2632 τοῖς
2339 2571 2438 2640 τῆς
2473 2570 2858 2640 μητροπόλεως
2898 2567 3328 2638 ἐναριθμοῦντος
3377 2568 3467 2619 καὶ
3495 2561 3722 2617 κατατάτ-

2192 2680 2396 2727 τοντος,
2420 2663 2508 2715 ὅτε
2540 2661 2633 2714 καὶ
2662 2659 2955 2723 συνοδικῶς
2985 2657 3307 2728 κινηθείσης
3341 2659 3433 2728 τῆς
3461 2654 3724 2710 ὑποθέσεως

2193 2755 2285 2808 ἐπὶ
2311 2753 2402 2811 τοῦ
2435 2756 2558 2807 τότε
2612 2754 2700 2806 τὸν
2742 2751 3146 2822 πατριαρχικὺν
3190 2749 3518 2817 κοσμοῦντος
3550 2744 3723 2816 θρόνον,

2196 2847 2444 2914 ἀοιδίμου
2476 2847 2532 2898 ἐν
2569 2846 2935 2912 πατριάρχαις
2969 2842 3072 2912 κῦρ
3105 2841 3410 2910 Ἀρσενίου.
3467 2841 3556 2908 τήν
3599 2834 3723 2888 νικῶ-

2197 2958 2294 2993 σαν
2328 2940 2451 3008 ἔσχε
2481 2937 2541 2989 :6
2573 2937 2740 3004 μέρος
2774 2938 2870 3005 τῆς
2898 2934 3314 3004 μητροπόλεως.
3348 2929 3602 2985 Διέστειλε
3627 2927 3727 2994 μέν·

2192 3051 2274 3088 τοι
2309 3035 2342 3102 ὴ
2374 3030 2555 3102 κρίσις
2586 3031 2640 3081 ἐν
2668 3027 2746 3097 τῷ
2779 3026 3202 3096 καθολικωτέρῳ
3234 3027 3336 3078 καὶ
3362 3023 3566 3093 ἀρχαίῳ
3595 3035 3726 3087 μονα-

2193 3126 2397 3194 στηρίῳ
2421 3123 2498 3192 τῷ
2519 3121 2612 3174 τοῦ
2658 3119 2838 3173 Ὀσίου
2895 3117 3197 3185 Γεωργίου,
3245 3117 3407 3184 εἴπερ
3436 3112 3724 3170 συνίσταται,

2188 3213 2287 3282 τὴν
2322 3211 2599 3280 ἀναφορὰν
2649 3211 2744 3263 καὶ
2794 3208 3020 3278 μνήμην
3056 3205 3151 3259 τοῦ
3197 3201 3590 3275 πατριαρχικοῦ
3635 3197 3727 3250 ὀνό·

2194 3320 2362 3374 ματος
2399 3302 2643 3371 γίνεσθαι
2670 3303 2726 3354 ἐν
2750 3301 2870 3362 ταῖς
2903 3299 3074 3368 ἱεραῖς
3100 3296 3236 3366 πρὸς
3259 3298 3394 3350 Θεὸν
3423 3292 3689 3365 ἁγιστείαις
3709 3303 3721 3318 ·

2191 3393 2334 3447 οὕτω
2359 3393 2416 3446 δὲ
2439 3391 2640 3461 καίπερ
2666 3389 3049 3458 δικαιωθείσης
3090 3388 3185 3442 καὶ
3210 3385 3626 3458 περιγενομένης
3649 3379 3723 3447 τῆς

2195 3483 2582 3555 μητροπόλεως
2623 3481 2730 3534 τῶν
2781 3480 3357 3548 ἀντιπεριισταμένων
3410 3478 3559 3547 αὐτῇ,
3596 3476 3722 3544 χεῖρα

2194 3577 2287 3630 καὶ
2316 3574 2470 3638 αὖθις
2498 3576 2724 3644 ὕστερον
2771 3576 2881 3635 τοῖς
2920 3572 3187 3634 τοιούτοις
3219 3572 3268 3624 οἱ
3316 3571 3408 3624 τοῦ
3441 3582 3724 3635 πατριαρχι·

2196 3667 2292 3722 κοῦ
2329 3669 2526 3739 μέρους
2559 3664 2830 3728 ἐνέϐαλον,
2885 3664 3007 3717 ὅθεν
3051 3667 3077 3717 6
3105 3663 3197 3716 νῦν
3251 3664 3456 3732 ταύτης
3505 3663 3722 3729 ἀρχιερα·

2197 3761 2390 3824 τεύων,
2453 3756 2740 3826 ἀγαπητὸς
2784 3755 2924 3810 κατά
2963 3754 3168 3823 Κύριον
3204 3753 3430 3822 ἀδελφὸς
3467 3753 3561 3821 τῆς
3602 3747 3725 3820 ήμῶν

2203 3851 2554 3922 μετριότητος
2578 3848 2670 3902 καὶ
2707 3845 3145 3915 συλλειτουργὸς,
3179 3846 3244 3914 τῇ
3274 3844 3431 3914 ἡμῶν
3459 3839 3725 3913 μετριότητι

2203 3942 2563 4015 συνεδριάζων
2597 3939 2998 4011 προκαθημένῃ
3047 3938 3362 4002 συνοδικῶς,
3409 3937 3648 4005 ἀνήνεγκε
3675 3929 3728 3981 τὰ

2202 4038 2328 4109 περὶ
2359 4035 2571 4098 τούτου,
2605 4038 2699 4086 καὶ
2733 4033 2793 4084 τὸ
2849 4030 3127 4083 συνοδικὸν
3182 4029 3278 4083 ἐπὶ
3331 4026 3422 4081 τοῦ
3462 4025 3612 4097 μέσου
3657 4036 3729 4085 ση-

2206 4131 2424 4199 μείωμα
2449 4126 2755 4191 ἐνεφάνισε,
2787 4122 2845 4175 τὸ
2877 4119 2971 4174 τοῦ
2999 4121 3243 4191 ἀοιδίμου
3270 4119 3469 4190 δηλαδὴ
3499 4115 3728 4184 πατριάρ-

2204 4236 2299 4291 χου
2330 4218 2434 4287 κῦρ
2478 4215 2778 4285 ’Δρσενίοω
2829 4213 2895 4266 Ἡ
2948 4211 3236 4282 μετριότης
3271 4206 3367 4271 οὖν
3411 4207 3561 4279 ήμῶν
3606 4203 3728 4274 χρέος

2205 4311 2403 4382 ἔχουσα
2435 4310 2547 4368 τοῖς
2582 4306 2762 4370 καλῶς
2799 4303 3220 4372 διεγνωσμένοις
3269 4302 3545 4372 ἐμμένειν,
3591 4295 3731 4352 ἄλλως

2206 4419 2266 4456 τε
2303 4401 2438 4471 μηδὲ
2473 4398 2848 4468 ἀποδεχομένη
2902 4395 3022 4448 καθ’
3050 4395 3358 4465 οἱανδήτινα
3387 4393 3639 4461 πρόφασιν
3659 4385 3732 4436 ἀν’

537 4487 830 4551 συνοδικῶς
862 4485 954 4540 τοῦ
985 4485 1195 4540 δικαίου
1227 4484 1562 4555 ἐξεχομένων
1610 4486 1704 4541 καὶ
1731 4483 1978 4554 ὀχλήσεις
2011 4484 2108 4537 καὶ
2141 4507 2183 4560 D
2211 4489 2625 4550 τικαθιστασθαι
2660 4490 2771 4550 τοῖς
2797 4486 3088 4559 ἡμετέροις
3134 4485 3380 4551 ἀδελφοῖς
3425 4483 3518 4536 καὶ
3561 4476 3734 4532 συλλει-

535 4585 811 4639 σκάνδαλα
843 4586 937 4637 καὶ
970 4580 1125 4646 αὖθις
1160 4582 1441 4652 προξενεῖν
1477 4583 1552 4650 uir
1598 4600 1653 4635 τε
1693 4581 2098 4653 πατριαρχικῷ,

532 4679 607 4739 ὡς
632 4677 948 4748 δεδήλωται,
987 4677 1142 4746 μέρει
1173 4676 1265 4729 καὶ
1315 4677 1380 4746 τῇ
1410 4675 1636 4746 ῥηθείσῃ
1686 4677 1966 4746 ἁγιωτάτῃ
2003 4692 2106 4743 μη-

536 4769 788 4838 τροπόλει
809 4766 1125 4837 Μιτυλήνης
1149 4766 1284 4836 πρὸς
1317 4765 1394 4835 τῷ
1423 4766 1531 4818 ἀπὸ
1563 4764 1700 4818 Θεοῦ
1735 4765 2107 4833 κατακρίματι

533 4858 629 4913 καὶ
661 4859 1092 4926 ἐκκλησιαστικῇ
1148 4858 1467 4926 ἐπιτιμήσει
1512 4856 1890 4909 ὑποπεσεῖται.
1925 4853 2107 4908 Ταῦτα

534 4951 983 5020 παρεκϐληθέντα
1014 4949 1122 5002 ἀπὸ
1170 4948 1279 5003 τῶν
1311 4949 1629 5019 ἡμερησίων
1671 4947 1964 5000 συνοδικῶν
2004 4963 2108 4999 πα-

539 5042 971 5114 ρασημειώσεων
1024 5043 1116 5094 καὶ
1172 5043 1239 5110 τῇ
1272 5041 1565 5110 ὑπογραφῇ
1617 5040 1712 5092 καὶ
1767 5038 1984 5106 σφαγῖδι
2013 5034 2108 5094 τοῦ

535 5137 870 5206 τιμιωτάτου
931 5134 1345 5206 χαρτοφύλακος
1381 5133 1749 5204 βεϐαιωθέντα
1783 5132 1874 5184 καὶ
1909 5146 2110 5182 πιστω-

537 5231 697 5282 θέντα
725 5226 956 5297 ἐπεδόθη
997 5229 1127 5298 μηνὶ
1157 5229 1247 5279 καὶ
1300 5227 1395 5280 ἰνδ.
1433 5227 1546 5288 τοῖς
1593 5223 2110 5294 προγεγραμμένοις

537 5323 693 5384 Ετους
721 5324 817 5392 ,ςθυ
846 5326 934 5372 tu”
967 5318 1292 5390 τριακοστοῦ
1332 5318 1537 5386 τρίτου.

575 5437 711 5494 VIII.
767 5435 954 5488 Esaias
1010 5433 1288 5500 conﬁrmat
1340 5431 1655 5553 djgisionem
1700 5429 2076 5498 prazcedemem

1231 5517 1359 5553 sano
1404 5518 1440 5553 ι.

1231 5517 1440 5570 agnam.

544 5618 580 5693 1'
629 5621 984 5693 _f)‘1r69vn9a
1047 5618 1150 5693 τοῦ
1208 5617 1521 5693 ’ἁγιωτάῖου
1600 5617 1941 5693 πατριάρχου
2009 5614 2113 5683 κῦρ

629 5684 853 5741 Ἡσαΐου
885 5684 1108 5756 γεγονὸς
1137 5688 1230 5740 ἐπὶ
1259 5686 1384 5755 τῇδε
1408 5689 1474 5753 τῇ
1500 5686 1752 5753 συνοδικῇ
1799 5684 2016 5753 πράξει.

618 5779 697 5850 Τῇ
729 5779 1096 5848 πατριαρχικῇ
1138 5778 1382 5846 περιωπῇ
1417 5774 1690 5838 ἐκπαντὸς
1721 5773 1921 5843 τρόπου
1947 5792 2110 5844 προσ-

2209 4588 2455 4655 τουργοῖς
2499 4583 2589 4635 ἐπὶ
2621 4582 2811 4650 κτήσει
2858 4577 3222 4648 πραγμάτων,
3269 4578 3364 4628 καὶ
3396 4576 3563 4629 δοκεῖν
3602 4566 3735 4618 ποιεῖ-

2212 4682 2335 4734 σθαι
2393 4693 2459 4728 πε
2471 4676 2523 4746 ρὶ
2552 4673 2834 4735 ἐλάττονος
2868 4672 3052 4739 σχέσιν
3078 4671 3172 4721 καὶ
3207 4669 3431 4737 εἰρήνην
3464 4658 3733 4728 ἀδελφικὴν,

2208 4773 2296 4830 διὰ
2347 4771 2519 4823 ταῦτα
2569 4765 2844 4836 ἔστερξεν,
2873 4764 3059 4833 ὥσπερ
3091 4763 3198 4831 ἄρα
3230 4761 3324 4814 καὶ
3353 4759 3496 4821 εἰκὸς
3537 4752 3618 4823 ἦν,
3657 4747 3733 4813 τὴν

2211 4861 2494 4934 προϐᾶσαν
2531 4835 2812 4924 συνοδικὴν
2843 4853 3063 4925 πρᾶξιν,
3092 4852 3328 4921 γράμμα
3368 4835 3734 4934 συνοδικὺνῄαζῦς

2210 4925 2307 5024 τ’ῖῖς
2333 4951 2650 5007 ἀπολύσασα
2680 4951 2759 5011 εἷς
2790 4949 2887 5016 τὴν
2930 4946 3060 5016 περὶ
3081 4943 3269 5004 τούτου
3301 4941 3602 5010 βεϐαίωσιν,
3628 4925 3734 5024 ἀλλᾶ

2212 5020 2305 5101 καὶ
2336 5046 2428 5098 ἐπὶ
2465 5043 2625 5096 πλέον
2650 5043 2718 5093 τά
2752 5038 2846 5092 τοῦ
2895 5038 3219 5110 πράγματος
3263 5028 3650 5101 ἀσφαλιζομένη
3676 5020 3735 5078 εἰς
3838 5077 3844 5086 ,

2210 5138 2544 5208 ἀποσόϐησιν
2578 5136 2671 5188 καὶ
2695 5136 2827 5188 ἀποτ
2839 5131 3010 5201 ροπὴν
3038 5129 3277 5198 παντελῆ
3304 5126 3411 5179 τῶν
3440 5125 3515 5184 είς
3545 5120 3622 5172 τὸν
3636 5113 3734 5208 ἑξῆς

2213 5204 2569 5284 ἆπαντανκαὶ
2611 5224 2835 5290 διηνεκῆ
2888 5222 3074 5292 χρόνον
3138 5216 3438 5291 ἐξαρχικῶς
3481 5213 3545 5266 τὰ
3590 5204 3735 5260 ἐκεῖσε

2216 5319 2590 5392 πατριαρχικά
2652 5316 2834 5370 δίκαια
2889 5311 3351 5379 ἐπιτρεπομένων.
3417 5296 3734 5392 αἰτησαμένου

2215 5417 2370 5468 τοῦτο
2396 5412 2490 5468 τοῦ
2524 5409 2688 5464 αὑτοῦ
2723 5406 3019 5477 ίερωτάτου
3053 5403 3370 5474 ἀρχιερέως,
3401 5399 3457 5452 ἐν
3501 5391 3625 5461 ἁγίῳ
3647 5387 3734 5436 δια⁶

2217 5503 2498 5558 κελεύεται
2553 5499 2830 5569 [Ινεύματι
2862 5496 2955 5549 καὶ
2988 5495 3072 5546 διὰ
3116 5493 3208 5544 τοῦ
3241 5490 3497 5558 παρόντος
3526 5484 3734 5541 ὑπομνη-

2219 5595 2494 5664 μκτώδους
2541 5591 2890 5662 γράμματος,
2927 5587 3108 5656 μένειν
3146 5587 3221 5643 εἰς
3251 5582 3370 5641 τοὺς
3400 5577 3520 5644 ἑξῆς
3551 5569 3734 5664 χρόνους

2217 5692 2310 5748 τὰς
2340 5687 2444 5737 ὑπὸ
2463 5684 2521 5736 :6
2544 5682 2832 5753 εἰρημένον
2861 5677 3219 5748 μοναστήριον
3270 5670 3352 5724 τοῦ
3390 5669 3559 5720 ὐσίου
3588 5659 3734 5720 Tamp-

2229 5779 2337 5849 γίου
2370 5775 2666 5844 σεϐασμίας
2700 5775 2888 5845 μονὰς,
2932 5770 3027 5839 τήν
3058 5786 3109 5820 τε
3136 5768 3238 5822 τῶν
3280 5764 3471 5818 Ὁσίων
3516 5750 3733 5819 Πατέρων
