4010 6258
362 394 499 460 ῐὶἿἾ

1423 405 1814 466 ΞΥΝΟῡιΟεΈ
1855 398 2550 467 CONSTITUTIONES.

3471 407 3494 472 1
3506 410 3604 476 1'18

358 508 452 560 καὶ
484 507 582 577 τὴν
626 509 720 561 τοῦ
761 509 943 572 Ἀγίου
987 512 1240 585 Ἀνδρέου
1304 514 1411 568 ὁπδ
1463 518 1560 586 τὴν
1610 517 1926 569 δεσποτείαν
1956 518 1998 573 Α
2029 516 2314 583 ἀνάκρισιν
2359 517 2474 583 ἕξει
2520 517 2610 571 διὰ
2636 517 2833 583 παντὸς
2863 520 2923 573 ἐν
2963 519 3144 583 αὐτοῖς
3171 513 3326 585 οὗτός
3349 537 3408 575 τε
3441 524 3470 575 ὁ
3506 522 3605 578 νῦν

358 598 456 666 τῆς
480 601 774 670 εἰρημένης
809 603 1122 674 ἁγιωτάτης
1175 607 1556 677 μητροπόλεως
1611 608 1922 677 Μιτυλήνης

359 689 454 744 καὶ
477 692 607 757 παρ’
630 693 799 762 αὐτῆς
831 695 973 764 ἔχειν
1019 695 1221 761 ταύτας
1253 715 1313 751 τε
1373 699 1462 752 καὶ
1502 701 1570 752 τά
1619 701 1712 752 ὑπ’
1757 700 1922 762 αὐτὰς

360 783 614 851 κτήματα
678 785 776 852 τὴν
842 791 1220 859 πνευματικήν
1277 792 1598 861 ἀνάκρισιν·
1647 792 1923 853 παντελῶς

362 875 470 942 γάρ
495 875 790 946 ἀποτρέπει
815 879 907 931 καὶ
941 879 1137 935 κωλύει
1169 883 1201 950 ή
1229 883 1518 952 μετριότης
1565 882 1719 952 ήμῶν
1747 883 1924 936 πάντα

362 967 764 1035 πατριαρχικὸν
809 969 1041 1040 ἔξαρχον
1073 975 1172 1041 τῆς
1217 972 1422 1026 εἰσόδου
1456 972 1557 1042 τῆς
1600 976 1680 1034 εἰς
1734 972 1922 1038 «fndis.

362 1056 459 1108 ἐπὶ
489 1055 568 1126 τῷ
612 1059 928 1129 ἀνακρίνειν
970 1063 1311 1133 εἰσέρχεσθαι
1347 1064 1569 1117 θέλοντα
1623 1064 1691 1118 τά
1721 1064 1926 1135 ψυχικά

365 1146 655 1218 σφάλματα
681 1151 738 1203 ἐν
771 1153 962 1215 αὐταῖς
1009 1156 1102 1208 καὶ
1131 1158 1246 1218 τοῖς
1276 1158 1550 1228 κτήμασιν
1591 1159 1794 1220 αὐτῶν,
1829 1176 1924 1212 κα-

365 1236 508 1303 θέξει
550 1256 614 1306 γε
639 1240 744 1311 μὴν
787 1244 815 1295 ό
860 1245 1025 1306 αὐτὸς
1082 1245 1372 1316 ἱερώτατος
1407 1249 1808 1320 μητροπολίτης
1834 1253 1926 1304 καὶ

361 1331 425 1382 τὸ
477 1332 759 1405 μονύδριον
808 1335 902 1388 106
951 1337 1134 1404 Ἀγίου
1188 1341 1370 1410 Μηνᾶ,
1407 1341 1544 1412 ὅπερ
1603 1342 1711 1395 τῶν
1761 1344 1929 1396 Κάτω

367 1423 672 1492 Πτωμαίων
710 1427 1089 1499 ἐπικέκληται,
1141 1432 1262 1485 ἐπεὶ
1293 1433 1605 1504 παρέστησε
1653 1435 1748 1487 καὶ
1793 1435 1926 1489 ἁπέ-

364 1513 506 1578 δειξε
550 1519 644 1570 καὶ
667 1519 822 1571 τοῦτο
869 1523 936 1590 τῇ
987 1520 1104 1574 κατ’
1133 1523 1299 1576 αὑτὸν
1329 1526 1623 1594 προσήκειν
1648 1526 1930 1596 ἁγιωτάτῃ

365 1607 633 1680 ἐκκλησίᾳ
659 1610 749 1663 διά
768 1629 826 1664 τε
854 1611 1060 1682 ἐτέρων
1085 1615 1428 1684 γραμμάτων
1451 1615 1802 1670 δικαιούντων
1833 1619 1930 1669 αὑ-

364 1700 457 1751 τὸν
487 1703 582 1753 καὶ
634 1703 795 1756 ἁλλου
824 1705 1150 1775 γράμματος
1177 1709 1272 1760 106
1301 1708 1632 1778 δηλωθέντος
1685 1711 1928 1778 ἀοιδίμου

2028 609 2230 677 ταύτης
2265 609 2557 678 ἰερώτατος
2598 611 2889 681 ἀρχιερεὺς
2940 612 3036 664 καὶ
3064 611 3112 664 οἰ
3162 612 3281 681 μετ’
3318 612 3480 666 αὑτὸν
3503 614 3602 668 αὐ-
3638 621 3640 623 ’

2029 703 2130 771 τῆς
2162 703 2618 772 προστησάμενοι,
2649 702 2863 766 οὐδενὸς
2895 703 3004 755 τῶν
3037 703 3176 755 κατὰ
3216 703 3442 770 καιροὺς
3467 704 3601 757 ἀπο-

2033 791 2403 861 στελλομένων
2435 794 2855 863 πατριαρχικῶν
2906 786 3152 862 ἐξάρχων
3205 794 3384 848 ἐκεῖσε
3439 795 3608 846 διενο-

2032 884 2231 954 χλῆσαι
2259 884 2565 953 ὀφείλοντος
2612 885 2689 955 τῷ
2717 885 2871 956 μέρει
2913 885 3013 954 τῆς
3048 886 3302 954 τοιαύτης
3327 885 3606 956 μητροπό-

2031 976 2166 1038 λεως
2196 974 2289 1028 ἐπί
2313 992 2421 1028 τινι
2458 977 2570 1030 τῶν
2616 977 2945 1047 εἰρημένων,
2992 975 3114 1029 οὺδέ
3145 973 3328 1044 ζητεῖν
3357 977 3598 1044 εἰσέρχε-

2035 1067 2159 1120 σθαι
2187 1068 2280 1120 καὶ
2311 1067 2622 1138 ἀνακρίνειν
2651 1067 2712 1121 τὸ
2757 1068 3021 1138 παράπαν
3046 1066 3257 1136 ψυχικά
3307 1067 3601 1135 σφάλματα

2033 1160 2091 1211 ὲν
2119 1161 2302 1223 αὐτοῖς
2353 1161 2386 1230 ἢ
2419 1161 2557 1225 ὅλως
2606 1159 2870 1214 διασείειν
2903 1161 2966 1214 τὸ
3018 1161 3186 1230 μέρος
3214 1159 3319 1240 τῆς
3341 1159 3600 1228 τοιαύτης

2032 1252 2341 1322 ἁγιωτάτης
2367 1253 2767 1324 μητροπόλεως.
2794 1255 2872 1324 Τῇ
2906 1253 3016 1322 γάρ
3036 1254 3227 1324 εἰρήνῃ
3254 1253 3346 1305 καὶ
3375 1252 3454 1322 τῷ
3476 1254 3600 1305 ἀνε-

2034 1339 2272 1411 νοχλήτῳ
2327 1342 2389 1395 τὸ
2437 1342 2678 1411 ἀσφαλὲς
2723 1344 2816 1397 καὶ
2875 1344 3101 1413 μόνιμον
3149 1344 3208 1407 ἐς
3249 1344 3310 1395 τὸ
3355 1341 3604 1412 διηνεκὲς

2034 1432 2346 1502 παρέχουσα
2374 1435 2406 1503 ή
2443 1436 2738 1505 μετριότης
2765 1435 2924 1504 ήμῶν
2951 1435 3047 1488 καὶ
3068 1435 3249 1488 πάντα
3276 1435 3344 1488 τά
3361 1433 3604 1503 προϐάν-

2032 1541 2101 1577 τα
2131 1525 2224 1576 ἐπὶ
2253 1524 2516 1596 καταδίκῃ
2537 1527 2636 1595 τῆς
2672 1526 2934 1596 τοιαύτης
2955 1524 3275 1594 ἁγιωτάτης
3303 1523 3604 1593 ἐκκλησίας

2035 1616 2414 1684 πατριαρχικὰ
2438 1615 2747 1686 γράμματα
2774 1617 2991 1684 ἀκυροῖ,
3021 1616 3114 1668 καὶ
3134 1617 3209 1677 ὡς
3239 1615 3315 1686 μὴ
3340 1613 3604 1682 γεγονότα

2035 1707 2134 1776 τὴν
2178 1709 2352 1778 ἀρχὴν
2381 1708 2414 1778 ἢ
2471 1709 2607 1773 ὅλως
2637 1708 2918 1776 προσάντα
2949 1707 3155 1778 τίθησι,
3193 1707 3289 1762 καί
3322 1707 3600 1776 ἐπιτίμιον

367 1790 706 1860 πατριάρχου
764 1793 869 1863 κῦρ
907 1795 1206 1862 Ἀρσενίου.
1256 1797 1491 1868 Ὁμοίως
1519 1801 1612 1852 καὶ
1659 1801 1718 1852 τὸ
1750 1801 1928 1853 ἐκεῖσε
1966 1863 2002 1872 _
2037 1801 2250 1855 ἀπειλεῖ
2284 1801 2444 1856 παντὶ
2472 1801 2550 1872 τῷ
2596 1802 2997 1872 διενοχλήσαντι
3027 1800 3120 1854 ἐπὶ
3148 1801 3260 1864 τοῖς
3285 1799 3605 1870 εἰρημένοις

361 1875 549 1947 ἕτερον
597 1881 899 1951 μονύδριον,
928 1885 986 1936 τὸ
1020 1887 1171 1953 παρά
1193 1886 1284 1939 106
1315 1863 1737 1957 προκαθημένου
1789 1891 1933 1942 ἐκεί·
1966 1863 2006 1922 Β
2033 1893 2112 1964 τῷ
2172 1893 2331 1964 μέρει
2372 1893 2473 1962 τῆς
2521 1863 2691 1964 αὐτῆς
2740 1863 3058 1963 ἁγιωτάτης
3101 1863 3490 1965 μητροπό-λέίυς
3515 1889 3608 1944 διὰ

361 1985 454 2022 νου
475 1969 569 2022 τοῦ
610 1972 840 2035 Γίδωνος
870 1975 1161 2048 ἀνεγερθέν
1195 1980 1272 2042 εἰς
1301 1979 1468 2050 ὄνομα
1496 1983 1594 2050 τῆς
1625 1981 1933 2051 ὑπεράγνου

361 2059 625 2115 Θεοτόκου
657 2064 754 2134 τῆς
793 2065 1179 2139 Ὀδηγητρίας,
1209 2071 1348 2140 ὅπερ
1388 2072 1540 2142 παρὰ
1563 2071 1658 2125 τοῦ
1691 2074 1932 2125 τοιούτου

367 2153 665 2222 ίερωτάτου
714 2158 1018 2228 ἀρχιερέως
1051 2160 1178 2230 ἔσχε
1206 2160 1306 2231 τὴν
1333 2163 1685 2230 καθιέρωσιν,
1717 2165 1814 2217 καὶ
1844 2166 1934 2219 διὰ

362 2244 520 2297 τοῦτο
539 2246 837 2316 διεγνώσθη
870 2250 1196 2319 κατέχεσθαι
1225 2254 1358 2324 παρ’
1382 2254 1568 2307 αὐτοῦ.
1609 2255 1729 2308 Ἔτι
1758 2255 1813 2308 δὲ
1840 2257 1932 2308 καὶ

361 2335 427 2386 τὸ
496 2338 624 2404 περὶ
672 2339 739 2390 τά
795 2339 1057 2394 Βασιλικὰ
1112 2341 1206 2394 τοῦ
1261 2343 1443 2413 τιμίου
1494 2346 1930 2416 ἀρχιστρατήγου

361 2426 471 2478 τῶν
501 2426 612 2479 ἀνω
635 2429 916 2499 δυνάμεων
943 2433 1034 2485 καὶ
1076 2424 1514 2504 ἑπίκεκλημένου
1543 2434 1637 2489 τοῦ
1672 2437 1934 2506 Ἀκρονη-

363 2515 558 2567 σιώτου
597 2518 904 2588 μονύδριον,
935 2521 1010 2581 ὡς
1042 2524 1373 2594 καθιερωθὲν
1411 2527 1476 2578 ἐκ
1499 2530 1815 2596 προτροπῆς
1837 2528 1931 2581 τοῦ

364 2605 665 2673 τηνικαῦτα
717 2609 1020 2678 ἀρχιερέως
1074 2612 1429 2682 Μιτυλήνης,
1487 2615 1593 2684 κῦρ
1630 2616 1932 2685 Γρηγορίου

363 2695 573 2748 ἐκείνου
596 2737 610 2761 ,
651 2701 798 2765 παρὰ
837 2699 929 2752 106
961 2701 1260 2754 ἐπισκόπου
1305 2705 1551 2772 Ἐρισσοῦ
1589 2705 1795 2758 ἐκείνου
1829 2707 1934 2777 κῦρ

365 2787 664 2856 Θεοδώρου,
698 2790 880 2853 καθὼς
923 2792 973 2842 οἰ
1020 2793 1097 2862 τῷ
1149 2795 1270 2846 τότε
1308 2796 1764 2866 ίερουργήσαντες
1800 2815 1937 2867 πρε-

367 2879 643 2949 σΕύτεροι,
674 2880 700 2932 ὅ
727 2898 786 2933 τε
827 2882 1167 2950 σκευοφύλαξ
1212 2884 1312 2954 τῆς
1364 2886 1534 2955 αὐτῆς
1573 2889 1877 2956 ἐπισκοπῆς
1907 2890 1935 2941 ὁ

363 2972 746 3040 Θιυμόπουλος,
779 2974 807 3026 ό
843 2979 1265 3045 πρωτοπαππᾶς
1299 2980 1324 3029 ό
1361 2977 1608 3049 Λάζαρος
1639 2982 1730 3032 καὶ
1759 2981 1933 3048 ἕτεροι

365 3065 656 3133 ἐγγράφως
707 3065 1156 3133 ἐξησφαλίσαντο,
1192 3070 1327 3122 ἀλλὰ
1375 3070 1439 3140 δὴ
1470 3072 1562 3123 καὶ
1596 3073 1624 3124 ό
1653 3074 1722 3124 τὰ
1757 3075 1933 3126 ἐκεῖσε

2037 1985 2124 2039 τοῦ
2149 1984 2418 2055 παρόντος
2449 1986 2954 2058 ὑπομνηματώδους
3003 1985 3289 2054 σιγιλλίου,
3341 1985 3481 2052 ὅπερ
3511 1985 3606 2035 καὶ

2033 2079 2256 2147 γεγονὸς
2302 2079 2443 2133 κατὰ
2499 2081 2646 2149 μῆνα
2711 2078 3086 2148 Σεπτέμϐριον
3141 2079 3240 2148 τῆς
3295 2077 3464 2147 η’ἰνδ.
3507 2075 3604 2127 106

2035 2172 2256 2234 .g'“w°"
2289 2171 2612 2240 τριακοστοῠ
2636 2171 2820 2240 τρίτου
2854 2171 3006 2230 ἔτους
3053 2168 3298 2237 ἀπελύθη
3339 2167 3416 2237 τῷ
3446 2167 3610 2237 μέρει

2032 2263 2130 2330 τῆς
2158 2263 2454 2332 εἰρημένης
2482 2263 2794 2331 ἁγιωτάτης
2849 2262 3239 2331 μητροπόλεως
3286 2261 3608 2329 Μιτυλήνης

2032 2356 2112 2417 εἰς
2137 2355 2354 2424 διηνεκῆ
2405 2355 2504 2422 τὴν
2538 2355 2862 2420 ἀσφάλειαν.

2100 2443 2140 2513 -ί-
2174 2440 2314 2512 Εἷχε
2346 2444 2414 2496 τό
2436 2459 2450 2476 ο
2495 2443 2736 2508 Ἡσαΐας
2769 2443 2918 2510 ἐλέῳ
2946 2444 3094 2497 Θεοῦ
3129 2445 3606 2515 ἀρχιεπίσκοπος

2036 2535 2746 2598 Κωσταντινουπόλεως,
2797 2533 2952 2597 Νέας
2987 2531 3235 2600 Ῥώμης,
3275 2531 3370 2585 καί
3403 2533 3605 2600 οἰκου-

2029 2623 2271 2692 μενικὸς
2333 2593 2832 2691 πατριάρχηςῃτῇ
2885 2593 3280 2692 πατριάρχοκῇ
3331 2624 3430 2678 καὶ
3478 2593 3607 2690 θείᾳ

2073 2716 2205 2768 ειοί.

2073 2733 2122 2768 ει
2163 2733 2205 2768 ι.

2035 2733 2070 2783 χ
2120 2733 2161 2782 ρ
2350 2801 2491 2840 ACTA
2528 2801 2843 2848 ΛΝτιριῐιοιιΑ
2881 2801 2949 2840 DB
2991 2803 3159 2841 BADEII
3199 2803 3285 2842 RE.

2171 2877 2223 2931 1°
2261 2876 2462 2931 Decisio
2489 2879 2810 2947 patriarcha:
2849 2880 3062 2934 Arum’i
3095 2883 3259 2947 (anno
3289 2880 3468 2949 1256).

2105 2971 2144 3040 ἰ·
2175 2970 2312 3039 Μηνὶ
2344 2969 2594 3040 Μαρτίῳ,
2618 2970 2698 3022 λα’
2732 2970 2940 3039 ἡμέρα,
2966 2970 3121 3040 ἕκτῃ,
3147 2971 3242 3024 ίνδ.
3282 2971 3364 3034 ιδ’,
3401 2988 3606 3039 προκα-

2036 3058 2388 3129 θημένου-τοῦ
2440 3059 2852 3126 παναγιωτάτου
2903 3061 3059 3128 ήμῶν
3089 3059 3354 3113 δεσπότου
3390 3061 3483 3112 τοῦ
3525 3062 3603 3114 οἰ-

367 3156 736 3226 πατριαρχικά
770 3158 948 3211 δίκαια
1002 3158 1352 3230 διενεργήσας
1407 3161 1640 3231 μοναχδς
1681 3163 1933 3233 Μάξιμος
1961 3197 2004 3256 c
2038 3153 2360 3224 κουμενικοῦ
2393 3154 2732 3223 πατριάρχου
2765 3153 2868 3222 κῦρ
2913 3153 3192 3222 Ἀρσενεου
3225 3154 3284 3206 ὲν
3338 3157 3449 3216 τοῖς
3502 3153 3604 3222 τῆς

363 3248 660 3318 ἐρωτηθεὶς
695 3250 1096 3320 διεμαρτύρατό
1147 3265 1206 3304 τε
1255 3253 1350 3306 καὶ
1404 3253 1736 3324 ίσχυρίσατο,
1788 3257 1933 3318 ὅστις

365 3340 636 3393 καὶτοῦτο
659 3343 796 3410 μετὰ
823 3342 931 3396 τῶν
968 3343 1146 3396 ἄλλων
1180 3345 1412 3410 ἐξεῖπεν,
1445 3348 1526 3400 ὅτι
1561 3347 1624 3418 δὴ
1650 3350 1678 3401 ό
1707 3349 1934 3420 βεστάρ-

364 3449 465 3501 χης
526 3434 729 3497 ἐκεῖνος
779 3438 1149 3504 πατριαρχικῇ
1206 3443 1494 3508 προτροπῇ
1547 3441 1615 3492 τὰ
1670 3443 1807 3493 κατά
1837 3444 1936 3510 τὴν

365 3523 616 3593 τοιαύτην
648 3528 980 3594 μητρόπολιν
1023 3529 1324 3596 ἀοχιερέως
1363 3530 1702 3600 χηρεύουσαν
1722 3532 1937 3584 διοικῶν

366 3616 432 3666 τὰ
469 3616 525 3666 ἐν
563 3615 639 3684 τῷ
688 3616 815 3685 ἰερῴ
841 3618 1214 3688 θυσιαστηρίῳ
1241 3615 1333 3672 106
1370 3619 1614 3673 τοιούτου
1654 3624 1935 3693 μονυδρίου

369 3707 836 3775 ἀναγεγραμμένα
870 3709 1196 3776 γράμματα,
1251 3709 1317 3760 δι’
1349 3704 1422 3762 ὧν
1461 3710 1713 3779 ἐδηλοῦτο
1748 3713 1935 3782 ἀριδη-

368 3799 493 3862 λως,
522 3801 623 3867 τῆς
655 3801 1040 3868 μητροπόλεως
1072 3797 1211 3852 εἶναι
1241 3801 1300 3854 τὸ
1333 3801 1614 3873 μονύδριον
1638 3805 1774 3869 τόδε,
1799 3806 1939 3875 ἠφά-

368 3892 480 3943 νισέ
504 3908 564 3942 τε
590 3891 682 3943 καὶ
709 3892 978 3960 ἀπήλειψε
1021 3892 1317 3954 παντελῶς.
1364 3891 1487 3946 Ἐπὶ
1521 3895 1730 3958 τούτοις
1783 3895 1934 3965 ὀφεί-

368 3982 447 4034 λει
480 3983 731 4052 κατέχειν
766 3983 793 4033 ό
822 3981 1062 4044 τοιοῦτος
1092 3984 1378 4050 ἱερώτατος
1408 3983 1695 4052 ἀρχιερεὺς
1727 3987 1820 4039 καὶ
1847 3987 1938 4038 τὸν

369 4073 517 4136 ἐντὸς
538 4072 630 4125 106
652 4073 887 4142 κάστρου
923 4073 1282 4142 ἀνεγερθέντα
1315 4075 1456 4128 θεῖον
1487 4075 1611 4126 ναὸν
1643 4078 1796 4145 παρά
1829 4078 1936 4131 τῶν

371 4164 622 4232 μοναχῶν
694 4162 794 4232 τῆς
854 4164 1149 4234 εἰρημένης
1224 4165 1530 4236 σεϐασμίας
1599 4171 1768 4238 μονῆς
1829 4169 1937 4223 τῶν

381 4254 570 4309 Ὁσίων
605 4255 863 4324 Πατέρων
891 4254 966 4316 ὡς
1000 4256 1248 4323 μετόχιον
1277 4256 1478 4318 αὐτῶν,
1517 4256 1597 4309 ἔτι
1628 4257 1684 4311 δέ
1718 4259 1810 4312 καὶ
1839 4260 1937 4329 τὴν

365 4346 514 4414 παρᾶ
539 4345 631 4398 106
665 4345 1054 4413 Κανναίίούτζη
1087 4346 1294 4398 ἐκείνου
1337 4346 1428 4400 τοῦ
1462 4347 1826 4418 δρουγγαρίου
1856 4351 1935 4412 εἰς

365 4431 535 4501 ὄνομα
579 4434 668 4486 τοῦ
725 4435 879 4502 ἁγίου
927 4435 1412 4506 μεγαλομάρτυρος
1462 4437 1934 4508 Γεωργίου.⁹Επεὶ

2038 3247 2176 3300 κατὰ
2208 3246 2267 3300 τὸ
2293 3244 2580 3315 Νύμφαιον
2611 3246 2912 3314 σεδασμίας
2969 3245 3136 3315 μονῆς
3163 3245 3272 3298 τῶν
3299 3245 3471 3312 ἁγίων
3503 3262 3604 3314 με·

2036 3339 2216 3406 γάλων
2263 3338 2555 3410 μαρτύρων
2585 3336 2881 3404 Θεοδώρων
2935 3337 3191 3403 κελλίοις,
3226 3337 3605 3406 συνεδριαζόν-

2036 3449 2141 3483 των
2163 3432 2227 3500 τῇ
2272 3429 2483 3499 μεγάλῃ
2525 3427 2802 3500 ἁγιωσύνῃ
2831 3428 2998 3482 αὐτοῦ
3035 3429 3128 3483 καὶ
3163 3431 3474 3498 ἰερωτάτων
3502 3431 3606 3497 ἀρ-

2037 3521 2285 3591 χιερέων,
2332 3520 2424 3573 τοῦ
2477 3519 2767 3589 Ἀγκύρας,
2820 3521 2857 3571 Γ
2863 3523 3144 3590 ρηγορίου,
3194 3522 3286 3574 τοῦ
3340 3520 3604 3584 Κυζίκου,

2041 3613 2338 3683 ὑπερτίμου
2361 3613 2455 3664 καὶ
2482 3610 2712 3680 ἐξάρχου
2743 3611 2920 3679 πάσης
2955 3611 3372 3680 Ἑλλησπόντου,
3420 3613 3605 3682 Γεωρ-

2038 3703 2159 3771 γίου
2180 3741 2195 3766 ,
2226 3701 2318 3754 τοῦ
2357 3701 2626 3770 Σάρδεων,
2674 3701 2978 3770 ὐπερτίμου
3034 3704 3128 3754 καὶ
3157 3701 3388 3771 ἐξάρχου
3423 3701 3604 3770 πάσης

2039 3793 2261 3855 Λυδίας,
2305 3792 2668 3861 Ἀνδρονίκου,
2718 3791 2812 3844 τοῦ
2853 3793 3242 3860 Νικομηδείας,
3299 3793 3606 3861 ύπερτίμου

2041 3885 2131 3939 καὶ
2180 3885 2408 3954 ἐξάρχου
2463 3885 2642 3953 πάτης
2693 3876 2968 3946 Βιθυνίας,
3002 3883 3278 3948 Ἰωάννου,
3325 3883 3418 3935 τοῦ
3448 3883 3608 3937 Φιλα-

2038 3972 2305 4040 δελφείας,
2341 3972 2640 4042 ύπερτίμου
2667 3974 2761 4025 καὶ
2792 3971 2881 4024 τὸν
2918 3973 3084 4025 τόπον
3115 3973 3400 4043 ἐπέχοντος
3433 3974 3606 4040 Συρα-

2041 4066 2264 4135 κούσης,
2313 4063 2667 4130 Ἰωαννικίου,
2715 4063 2809 4117 τοῦ
2869 4064 3339 4131 Ποντοηρακλείας
3368 4065 3464 4116 καὶ
3512 4065 3608 4116 τὸν

2040 4159 2204 4212 τόπον
2258 4157 2543 4227 ἐπέχοντος
2599 4155 3104 4218 Κλαυδιουπόλεως,
3153 4155 3455 4225 Θεοδώρου,
3511 4156 3608 4208 106

2039 4248 2336 4318 Μωκησοῦ,
2367 4248 2405 4300 Γ
2409 4247 2661 4318 εωργίου,
2683 4245 2776 4299 106
2814 4245 2992 4300 Ῥόδου
3015 4250 3108 4300 καὶ
3136 4247 3236 4300 ύπε
3247 4247 3458 4315 ρτίμου,
3480 4246 3607 4298 Θεο-

2040 4340 2248 4402 δούλου,
2283 4338 2374 4390 106
2407 4339 2663 4407 Σμύρνης
2712 4339 2803 4390 καὶ
2832 4339 3160 4408 ύπερτίμου,
3187 4336 3466 4406 Θεοδώρου
3509 4335 3605 4390 τοῦ

2041 4434 2302 4503 Μιλήτου,
2328 4432 2664 4500 Νικηφόρου,
2697 4430 2789 4484 τοῦ
2839 4431 3180 4497 Μελαγίνων,
3220 4430 3606 4495 Ἰωάννου,εοῦ

370 4528 476 4593 γὰρ
506 4526 798 4596 ἐγνώρισεν
827 4529 858 4596 ὴ
916 4528 1205 4597 μετριότης
1254 4530 1412 4598 ήμῶν
1437 4569 1452 4593 ,
1482 4530 1556 4594 ὡς
1583 4533 1939 4601 συμϐαίνουσι
1972 4551 2014 4602 ο
2045 4526 2294 4595 ιιρούσης
2331 4523 2425 4576 καὶ
2460 4523 2780 4593 ὑπερτίμου,
2823 4522 3112 4587 Νικολάου,
3147 4521 3240 4573 106
3283 4521 3604 4591 Ἀχυράους,

373 4616 450 4686 τῷ
511 4617 666 4685 μέρει
722 4618 819 4686 τῆς
850 4618 1146 4688 εἰρημένης
1192 4620 1501 4690 ἁγιωτάτης
1551 4626 1934 4692 μητροπόλεως

372 4708 620 4776 ὀχλήσεις
669 4707 730 4759 οὐ
791 4709 1005 4778 μικραὶ,
1067 4709 1294 4776 πλησίον
1360 4713 1764 4783 εὑρισκομένων
1831 4721 1936 4772 τῶν

373 4801 626 4853 τοιούτων
651 4797 810 4851 θείων
848 4799 988 4852 ναῶν
1020 4803 1114 4853 καὶ
1163 4801 1426 4869 κοσμικοῦ
1459 4803 1587 4856 λαοῦ
1639 4808 1697 4859 ἐν
1731 4809 1938 4872 τούτοις

373 4893 760 4962 συναγομένου,
787 4893 941 4961 ἔταξε
971 4894 1294 4964 κατέχεσθαι
1316 4898 1438 4959 τοὺς
1463 4898 1736 4962 τοιούτους
1763 4900 1938 4965 θείους

367 4987 535 5047 ναοὺς·
565 4988 716 5054 ποιρά
742 4985 836 5038 τοῦ
864 4985 1030 5038 αὑτοῦ
1063 4987 1357 5056 ἰερωτάτου
1392 4990 1811 5059 μητροπολίτου,
1842 5010 1940 5046 πε-

368 5076 653 5148 ριαιροῧσα
718 5079 818 5140 τὰς
872 5079 1131 5148 ἀφορμὰς
1185 5078 1294 5130 τῶν
1350 5081 1662 5135 σκανδάλων
1707 5090 1798 5137 καί
1830 5085 1938 5138 τῶν

366 5170 641 5239 ὀχλήσεων
673 5169 703 5236 ἡ
738 5171 1030 5239 μετριότης
1055 5169 1212 5240 ήμῶν
1247 5171 1341 5225 καὶ
1370 5173 1592 5242 εἰρήνην
1641 5191 1938 5244 μνηστευο·

371 5264 505 5332 μένη
534 5281 546 5294 ο
601 5265 780 5314 τοίνυν
814 5263 904 5314 καὶ
934 5263 1188 5334 οὐδεμίαν
1229 5262 1340 5329 ἔξει
1374 5265 1464 5314 ἐπὶ
1489 5267 1554 5333 τῇ
1589 5271 1788 5337 κατοχῇ
1846 5270 1938 5322 καὶ

368 5354 654 5425 δεσποτεία
687 5354 780 5406 καὶ
821 5355 1100 5422 κυριότητι
1148 5353 1254 5406 τῶν
1287 5356 1590 5426 εἰρημένων
1623 5360 1936 5426 σεϐασμίων

374 5444 546 5510 μονῶν
572 5444 678 5497 τῶν
725 5444 916 5498 Ὁσίων
949 5445 1204 5516 Πατέρων
1234 5447 1436 5498 καὶτοῦ
1471 5449 1656 5516 Ἀγίου
1693 5452 1936 5521 Ἀνδρέου

373 5534 463 5586 καὶ
509 5537 618 5587 τῶν
665 5535 1068 5604 διαληφθέντων
1118 5537 1297 5590 ἄλλων
1348 5540 1649 5608 μονυδρῖων
1687 5543 1779 5594 καὶ
1832 5544 1938 5596 τῶν

374 5625 512 5675 ναῶν
528 5626 910 5697 διενόχλησινῆ
948 5626 1038 5681 τὸν
1061 5629 1289 5699 τυχόντα
1324 5631 1658 5700 ὲμποδισμδν
1694 5634 1750 5683 τὸ
1776 5634 1938 5702 μέρος

374 5718 468 5783 τῆς
502 5717 752 5788 τοιαύτης
806 5720 1117 5787 ἁγιωτάτης
1173 5723 1598 5791 μητροπόλεω;,
1657 5724 1792 5777 ἀλλὰ
1841 5727 1939 5794 τὴν

379 5805 597 5880 μνήμην
626 5808 720 5861 τοῦ
751 5810 950 5864 οἰκείου
1007 5812 1266 5883 ὀνόματος
1305 5815 1398 5868 καὶ
1437 5814 1530 5882 τήν
1566 5817 1936 5886 πνευματικὴν

2038 4619 2289 4684 Λέονῑος,
2345 4617 2440 4670 τοῦ
2478 4616 2835 4684 Ἀντιοχείας,
2895 4613 3134 4683 Μιχαὴλ,
3184 4613 3278 4666 τοῦ
3322 4614 3604 4681 Κυψέλων,
3717 4616 3732 4634 ’

2039 4708 2476 4774 Κωνσταντίνου,
2530 4707 2620 4760 106
2685 4706 2987 4777 Γαρέλλης,
3039 4706 3450 4759 Κωνσταντίνου
3512 4706 3608 4759 106

2041 4803 2194 4866 Κίου,
2221 4800 2405 4864 Δαυῖδ,
2429 4799 2522 4851 τοῦ
2553 4799 2844 4861 Λοπαδίου,
2873 4796 3172 4866 Ἀντιόχου,
3203 4798 3297 4849 καὶ
3322 4796 3414 4849 τοῦ
3467 4796 3608 4866 Περ-

2041 4895 2242 4962 γάμου,
2290 4891 2584 4960 Γεωργίου,
2615 4888 3034 4960 παρισταμένων
3069 4890 3158 4940 καὶ
3181 4887 3607 4956 θεοφιλεστάτων

2039 4982 2372 5037 δεσποτικῶν
2403 4980 2701 5050 ἀρχόντων.

2112 5076 2152 5146 οξ·
2188 5075 2383 5129 Φθάνει
2419 5075 2517 5145 μὲν
2551 5075 2578 5126 ό
2610 5074 2898 5141 ἱερώτατος
2941 5073 3343 5144 μητροπολίτης
3375 5073 3606 5140 Μιτυλήν-

2045 5191 2161 5242 νης,
2201 5171 2486 5243 ἀγαπητὸς
2509 5170 2648 5224 κατά
2671 5170 2873 5240 Κύριον
2903 5169 3126 5238 ἀδελφός
3155 5170 3245 5222 καὶ
3269 5169 3608 5236 συλλειτουρο
3698 5229 3704 5237 ι

2044 5266 2133 5331 γδς
2164 5264 2262 5332 τῆς
2290 5262 2448 5334 ήμῶν
2499 5261 2868 5332 μετριότητος,
2906 5264 2996 5314 καὶ
3025 5262 3200 5316 ἄλλοτ’
3231 5263 3321 5313 ἐπὶ
3372 5259 3466 5313 106
3503 5265 3606 5328 πρὸ

2041 5357 2196 5428 ήμῶν
2231 5357 2537 5423 ἀγιωτάτου
2565 5356 2907 5425 πατριάρχου
2946 5337 3156 5406 ἐκείνου
3189 5352 3293 5420 κῦρ
3351 5352 3604 5422 Μανουὴλ

2044 5449 2261 5517 κινῆσαι
2290 5446 2582 5508 συνοδικῶς
2609 5447 2736 5515 περὶ
2765 5448 2860 5516 τῆς
2891 5444 3033 5498 κατὰ
3089 5445 3185 5511 τὴν
3223 5443 3382 5512 νῆσον
3434 5444 3602 5495 Μιτυ-

2041 5540 2205 5607 λήνην
2255 5538 2606 5608 διακειμένης
2675 5537 2976 5607 σεϐασμίας
3042 5538 3207 5605 μονῆς
3265 5533 3358 5586 τοῦ
3423 5535 3602 5587 Ὀσίου

2043 5631 2351 5699 Γεωργίου,
2413 5629 2896 5698 ἀμφισϐητησίμου
2950 5626 3118 5694 οὔσης
3174 5625 3344 5696 τούτῳ
3407 5627 3469 5695 δὴ
3529 5630 3604 5696 τῷ

2047 5721 2435 5792 μη-τροπολίτῃ,
2473 5719 2945 5789 ἐπισχυριζομένῳ
2997 5718 3276 5786 διαφέρειν
3308 5720 3511 5789 ταύτην
3541 5725 3602 5788 τῇ

2045 5819 2162 5870 κατ’
2189 5818 2346 5869 οὐτὶν
2377 5816 2724 5885 μητροπόλει,
2761 5819 2852 5868 καὶ
2883 5813 2960 5884 τῷ
2996 5815 3148 5885 μέρει
3178 5815 3273 5886 τῆς
3303 5818 3425 5870 καθ’
3459 5819 3602 5887 ἡμᾶς

2633 5943 2657 5972 Ι
