4010 6258
317 323 470 390 H85

1396 332 1788 394 ΞΥΝΟΒΙΟίΕ
1830 333 2519 396 CONSTITUTIONES.

3446 337 3584 402 1186

8 449 66 478 ἰε
91 454 226 507 τῖ’ῑ;;·;τέ
316 445 412 499 δου
455 443 712 512 σύλλογον
766 445 1235 517 συμπληροῦντες,
1274 446 1416 501 οὕτω
1451 449 1654 521 ταύτην
1681 449 1911 520 ἔχουσαν
1943 456 1987 511 Α
2019 449 2125 504 ἀπὸ
2141 449 2198 504 δὲ
2227 451 2325 519 τῆς
2360 450 2666 519 ἁγιωτάτης
2690 451 3128 524 ἀρχιεπισκοπῆς
3156 455 3399 527 Μηδείας
3424 458 3588 530 ὑπέρ-

9 541 230 603 unm-2;:
322 537 597 607 παριδεῖν,
632 537 766 590 ἀλλά
823 541 974 608 κοινῇ
1038 539 1241 601 πάντες
1286 540 1733 609 διασκεψάμενοι,
1797 542 1904 594 δεῖν

320 624 575 695 ἔγνωμεν
608 629 1146 698 καὶῖψηφισάμεθα,
1181 630 1256 694 ὡς
1303 631 1412 684 υἱοὶ
1469 633 1704 701 γνήσιοι,
1765 632 1906 700 ὑπὲρ

320 720 528 791 ταύτης
557 721 910 790 διαναστῆναι
939 723 1032 775 καὶ
1068 725 1504 791 συνεισενεγκεῖν
1535 725 1626 778 τὸν
1683 724 1908 780 δυνατὸν

320 815 529 883 τρόπον
555 814 718 882 αὐτῇ,
779 815 874 868 ἁτε
921 815 984 884 δὴ
1037 818 1208 887 μητρὶ
1273 815 1378 868 τῶν
1439 818 1768 886 ἐκκλησιῶν,
1811 817 1909 880 τὰς

324 906 437 959 τῶν
465 907 855 976 μητροπόλεων
885 908 979 960 καὶ
1006 908 1115 960 τῶν
1164 910 1614 979 ἀρχιεπισκοπῶν
1644 910 1908 980 εὐπορού-

325 1015 432 1058 σας
454 1000 550 1051 καί
570 999 875 1067 δυναμένας
902 1002 964 1054 ἐκ
1000 999 1133 1080 τῶι
1155 1000 1387 1054 ἐνόντων
1414 1002 1622 1072 ἑκάστῃ
1650 1003 1743 1054 καὶ
1803 1004 1907 1070 τῆς

325 1090 691 1160 ὀφειλομένης
749 1091 841 1144 καὶ
899 1091 1290 1161 προσηκούσης
1343 1093 1686 1162 προμηθείας
1741 1094 1910 1162 αὐτὴν

327 1182 565 1247 ἀξιῶσαι
599 1199 612 1214 ·
643 1183 766 1236 ἐπεὶ
804 1183 1011 1253 ταύτης
1043 1183 1224 1248 καλῶς
1245 1185 1600 1254 διακειμένης
1627 1187 1722 1238 καὶ
1791 1185 1912 1256 μετ’

330 1275 568 1343 εὐπόρου
601 1275 694 1328 τοῦ
728 1276 1033 1346 σχήματος,
1067 1277 1280 1346 ἀνάγκη
1315 1277 1408 1330 καὶ
1459 1277 1663 1340 ταύτας
1695 1277 1794 1348 τῆς
1827 1280 1911 1332 ἐν·

328 1367 524 1420 τεῦθεν
555 1367 805 1430 εὐκλείας
829 1369 922 1421 καὶ
959 1369 1118 1436 δόξης
1161 1370 1552 1424 συναπολαύειν
1592 1372 1754 1443 αὐτῇ,
1807 1371 1913 1425 ὦσ-

333 1479 443 1533 περ
469 1463 532 1531 δὴ
560 1463 876 1518 τούναντίον
910 1466 1165 1536 ἐχούσης,
1206 1468 1516 1533 συναδοξεῖν
1542 1469 1635 1521 καὶ
1695 1457 1912 1538 συμπάο

335 1573 509 1625 σχειν,
544 1557 626 1610 ὅτι
654 1558 730 1628 μὴ
762 1559 873 1610 τῶν
895 1559 974 1622 είς
1009 1561 1200 1628 χρείαν
1231 1561 1472 1630 ἡκόντων
1504 1560 1752 1631 εὐπόρως
1775 1562 1912 1633 ἔχει.

333 1649 536 1702 Μέντοι
569 1651 840 1721 καὶκοινῇ
868 1651 1036 1722 ψήφῳ
1070 1653 1339 1722 τάττομεν
1375 1653 1522 1724 ἔχειν
1581 1654 1682 1725 τὴν
1741 1655 1914 1726 αὐτὴν

337 1741 648 1812 ἁγιωτάτην
686 1744 946 1814 Μεγάλην
977 1745 1070 1798 τοῦ
1121 1745 1258 1801 Θεοῦ
1303 1747 1632 1818 Ἐκκλησίαν
1682 1750 1916 1802 ἑκάστου

339 1831 493 1895 ἔτους
521 1834 951 1903 ἁπαραλείπτως
981 1836 1090 1889 ἀπὸ
1140 1838 1240 1905 μὲν
1297 1840 1396 1909 τῆς
1451 1839 1760 1909 ἁγιωτάτης
1818 1858 1920 1911 μη-

335 1927 646 1994 τροπόλεως
683 1926 1018 1998 Ἡρακλείας
1064 1931 1156 1983 καὶ¹
1214 1929 1318 1984 τῶν
1368 1931 1688 1985 ἐπισκοπῶν
1749 1932 1919 2002 αὐτῆς

339 2017 632 2088 ὐπέρπυρα
662 2019 935 2086 διακόσια,
972 2021 1082 2075 ἀπὸ
1107 2021 1165 2076 δὲ
1192 2022 1290 2091 τῆς
1353 2024 1665 2094 ἁγιωτάτης
1712 2043 1919 2095 μητρο-

340 2107 550 2173 πόλεως
577 2112 816 2176 Κυζίκου
851 2111 1147 2184 ὐπέρπυρα
1198 2113 1469 2181 διακόσια,
1534 2116 1642 2170 ἀπὸ
1697 2115 1756 2169 δὲ
1821 2115 1920 2185 τῆς

340 2199 656 2271 ἁγιωτάτης
713 2205 1103 2275 μητροπόλεως
1159 2206 1564 2277 Θεσσαλονίκης
1624 2207 1921 2278 ὑπέρπυρα

339 2287 608 2357 διακόσια,
635 2293 744 2346 ἀπὸ
764 2293 821 2346 δὲ
843 2294 941 2363 τῆς
970 2295 1282 2366 ἁγιωτάτης
1306 2299 1690 2368 μητροπόλεως
1707 2299 1920 2370 Ἀδρια-

343 2382 653 2448 νουπόλεως
715 2385 1011 2456 ὑπέρπυρα
1067 2388 1278 2454 ἐκατδν,
1331 2392 1440 2442 ἀπὸ
1505 2389 1560 2442 δέ
1604 2389 1704 2461 τῆς
1736 2391 1920 2460 ,ἁγιω-

337 2474 510 2543 τάτης
569 2477 960 2547 μητροπόλεως
1017 2480 1284 2552 Βερροίας
1347 2481 1642 2552 ὑπέρπυρα
1705 2482 1919 2550 ἐκατὺν,

341 2566 451 2619 ἁπδ
476 2568 532 2620 δὲ
563 2569 662 2638 τῆς
723 2570 1033 2640 ἁγιωτάτης
1091 2572 1477 2640 μητροπόλεως
1534 2574 1921 2644 Μονεμϐασίας

343 2661 639 2732 ὐπέρπυρα
667 2662 991 2728 ὀκτακόσια,
1023 2663 1131 2716 ἀπὸ
1156 2664 1212 2716 δὲ
1239 2665 1338 2733 τῆς
1367 2665 1684 2732 ἁγιωτάτης
1719 2682 1922 2737 μητρο-

342 2754 554 2816 πόλεως
599 2753 1082 2817 Φιλιππουπόλεως
1132 2755 1426 2825 ὐπέρπυρα
1479 2757 1674 2809 ἐκατὺν
1729 2759 1925 2827 πεντή-

341 2861 535 2910 κοντα,
569 2845 677 2899 ἀπὸ
703 2845 760 2898 δὲ
794 2845 895 2915 τῆς
933 2846 1242 2913 ἁγιωτάτης
1277 2845 1664 2915 μητροπόλεως
1723 2848 1925 2918 Τραῖα-

343 2939 650 3002 νουπόλεως
709 2939 804 2990 καὶ
857 2937 966 2991 τῶν
1028 2939 1346 2991 ἐπισκοπῶν
1402 2939 1571 3010 αὐτῆς
1628 2939 1923 3010 ὐπέρπυρα

343 3029 738 3100 ἐϐδομήκοντα,
781 3029 964 3084 ἀπὸδὲ
1006 3029 1106 3100 τῆς
1162 3031 1476 3102 ἁγιωτάτης
1533 3033 1926 3102 μητροπόλεως

2009 559 2157 611 πυρα
2179 543 2539 612 πεντήκοντα,
2567 542 2674 596 ἀπὸ
2699 543 2754 596 δὲ
2778 545 2876 612 τῆς
2904 547 3215 618 ἁγιωτάτης
3236 548 3592 617 ἁρχιεπισκο-

2009 631 2117 700 πῆς
2151 631 2376 702 Δράμας
2430 631 2725 703 ὐπέρπυρα
2778 636 3214 707 εἰκοσιτέσσαρα,
3247 638 3354 691 ἀπὸ
3399 639 3455 693 δέ
3495 641 3593 709 τῆς

2008 723 2319 794 ἁγιωτάτης
2340 725 2771 795 ἀρχιιπισκοπῆς
2788 726 2957 780 Γάνου
2979 729 3270 798 ὑπέρπυρα
3292 733 3592 800 πεντήκον-

2009 829 2098 868 τα.
2125 813 2288 866 Ὅθεν
2314 816 2405 868 καὶ
2435 814 2827 885 ἁπαραποίητα
2853 817 2948 869 καὶ
2978 818 3366 888 ἀμετάτρεπτα
3389 822 3458 875 τὰ
3493 840 3594 875 κα-

2008 904 2117 968 λῶς
2143 906 2269 976 ἡμῖν
2293 907 2423 976 περὶ
2469 908 2663 960 τούτου
2717 908 3011 978 δεδογμένα
3056 909 3206 964 ἐσται
3240 917 3588 982 κρατούμενα

2009 997 2101 1048 καὶ
2129 997 2471 1067 στεργόμενα
2507 999 2600 1051 καὶ
2625 983 2692 1051 τό
2713 997 2880 1070 κῦρος
2911 1000 3099 1071 ἔχοντα
3131 1002 3225 1054 καὶ
3262 1003 3323 1054 τὸ
3348 1004 3588 1072 βέϐαιον.

2013 1085 2076 1140 EI
2127 1087 2312 1157 μέντοι
2343 1089 2572 1161 προνοίᾳ
2609 1088 2743 1143 Θεοῦ
2777 1091 2870 1143 καὶ¹
2897 1091 3078 1144 νεύσει
3145 1091 3239 1145 καὶ
3265 1094 3484 1165 εὐδοκία
3515 1099 3596 1159 εἰς

2015 1178 2181 1232 ἐαυτά
2203 1181 2364 1234 πάλιν
2381 1181 2666 1235 ἐπανέλθοι
2686 1183 2754 1234 τὰ
2805 1183 3127 1251 πράγματα,
3152 1173 3245 1238 καὶ
3276 1188 3506 1258 εὐπορία
3528 1194 3596 1259 τῇ

2015 1271 2294 1342 ἁγιωτάτῃ
2323 1273 2551 1344 Μεγάλῃ
2595 1273 2687 1328 τοῦ
2728 1275 2865 1330 Θεοῦ
2907 1279 3209 1350 Ἐκκλησία
3232 1281 3460 1349 γένοιτο,
3495 1283 3597 1345 τὰς

2015 1362 2122 1416 τῶν
2149 1365 2425 1431 προσόδων
2452 1366 2676 1420 ἐκείνων
2696 1367 2869 1438 ἀρχάς
2895 1387 2950 1424 τε
2979 1373 3074 1424 καὶ
3093 1373 3269 1436 αἰτίας
3292 1375 3600 1429 ἀπολαϐού-

2019 1471 2104 1523 σῃ,
2138 1454 2274 1524 α’ὐτη
2325 1457 2424 1525 μὲν
2475 1459 2883 1530 ἁρκεσθήσεται
2949 1465 3062 1528 τοῖς
3115 1465 3288 1531 ἰδίοις,
3319 1469 3594 1538 μηδεμιᾶς

2020 1545 2286 1612 ἑτέρωθεν
2333 1547 2589 1617 βοηθείας
2616 1554 3012 1624 προσδεομένη,
3044 1557 3101 1610 αί
3135 1557 3188 1610 δέ
3220 1576 3281 1625 γε
3318 1560 3597 1630 μητροπό-

2019 1637 2130 1700 λεις
2146 1632 2303 1692 αῦται
2322 1640 2414 1692 καὶ
2443 1642 2870 1711 ἀρχιεπισκοπαὶ
2901 1648 3024 1702 καθ’
3057 1651 3251 1715 ἐαυτάς
3276 1652 3498 1708 -ξσονται
3521 1655 3598 1720 ὡς

2021 1729 2080 1781 τὸ
2103 1732 2251 1799 πρὶν,
2275 1733 2371 1783 καὶ
2392 1735 2490 1787 οὐκ
2510 1737 2756 1806 ἀνάγκην
2783 1737 2998 1802 ἐξουσιν
3027 1731 3161 1813 αὐτῇ
3197 1747 3595 1818 συνεισφέρειν.

2035 1820 2359 1908 Ἀσφαλείας
2374 1825 2481 1896 γάρ
2501 1829 2593 1881 καὶ
2614 1827 2954 1896 βεϐαιώσεως
2972 1832 3158 1886 ἕνεκεν
3177 1835 3272 1888 καὶ
3294 1837 3388 1890 τοῦ
3409 1841 3602 1908 μηδεν)⁵

2023 1913 2183 1983 ήμῶν
2210 1901 2410 1979 ἐξεῖναι
2439 1917 2624 2003 ἔτερόν
2673 1937 2726 1973 τι
2771 1923 2920 1991 παρὰ
2965 1923 3139 1978 ταῦτα
3174 1901 3598 2003 βουλεύσασθαι,

2025 2005 2117 2057 καὶ
2145 2007 2178 2074 ἡ
2204 1993 2762 2080 παροῦσαέγγραφος
2805 2013 3054 2086 συνοδικὴ
3081 1993 3277 2086 πράξις
3339 1993 3596 2089 γεγονυῖά

2023 2100 2154 2169 παρ’
2183 2100 2337 2170 ἡμῶν
2353 2101 2589 2175 ἐξεδόθη,
2611 2091 2732 2168 ταῖς
2757 2107 2986 2174 οἰκείαις
3015 2111 3358 2181 ὐπογραφαῖς
3389 2131 3600 2171 πιστω-

2027 2191 2180 2244 θεῖσά
2203 2209 2264 2244 τε
2299 2199 2394 2247 καὶ
2455 2196 2954 2265 κατασφαλισθεῖσα
2984 2202 3124 2255 κατὰ
3160 2205 3302 2274 μῆνα
3348 2207 3599 2278 Σεπτέμ-

2025 2283 2178 2351 ϐριον
2197 2285 2296 2354 τῆς
2327 2286 2684 2357 ἐνισταμένης
2736 2287 2928 2360 όγδόης
2959 2293 3336 2363 ὲπινεμήσεως
3362 2298 3454 2351 τοῦ
3477 2300 3606 2365 ἐξα-

2026 2375 2397 2445 κισχιλιοστοῦ
2413 2377 2833 2433 όκτακοσιοστοῦ
2863 2385 3189 2452 τριακοστοῦ
3210 2387 3392 2454 τρίτου
3423 2389 3600 2454 ἔτους.

2025 2536 2093 2591 Χ.
2130 2535 2430 2620 Ιηιρετᾳιο-ι·
2463 2539 2797 2620 σίττῃεοὺιιέίο
2837 2541 3119 2620 conﬁrmat
3167 2546 3481 2620 erecfjunem
3509 2563 3604 2601 ar-

2237 2609 2658 2678 chiepiscopatus
2697 2609 2922 2678 Bryseos
2950 2613 3007 2664 in
3036 2614 3387 2697 metrogolim.

2096 2739 2137 2810 '1-
2181 2739 2336 2808 Ἐχει
2369 2739 2469 2809 μὲν
2515 2741 2579 2792 ἐκ
2617 2741 2844 2809 μακρῶν
2885 2740 2993 2794 τῶν
3038 2743 3262 2811 χρόνων,
3298 2746 3500 2814 μᾶλλον
3542 2748 3600 2801 δέ

2030 2830 2124 2883 καὶ
2152 2830 2211 2897 ἐξ
2238 2831 2412 2900 ἀρχῆς
2441 2831 2534 2884 καὶ
2564 2830 2829 2886 ἀνέκαθεν
2857 2835 2889 2899 ἡ
2917 2831 3171 2906 βασιλικὴ
3197 2837 3292 2888 καὶ
3325 2838 3602 2907 αὐτοκρα-
3625 2825 3629 2828 ’

2027 2925 2220 2992 τορικὴ
2261 2925 2413 2992 ἰσχὺς
2449 2925 2586 2993 πρὸς
2612 2919 2725 2987 τοῖς
2756 2925 2935 2988 ἄλλοις
2967 2928 3058 2979 καὶ
3089 2927 3247 2980 τοῦτο
3274 2929 3480 2983 δίκαιον
3507 2935 3606 2984 καὶ

2028 3013 2312 3084 δεδομένον
2337 3015 2477 3068 κατὰ
2515 3016 2672 3084 λόγον
2705 3017 2842 3087 αὐτῇ
2880 3017 2971 3068 ἐπὶ
3003 3021 3256 3089 προκοπῇ
3284 3018 3389 3072 τῶν
3423 3021 3602 3072 καλῶν

343 3121 566 3193 Σερῤὦν
603 3121 898 3191 ὐπέρπυρα
933 3122 1130 3174 ἐκατὺν
1164 3125 1528 3193 πεντήκοντα,
1581 3126 1690 3177 ἀπὸ
1719 3125 1774 3177 δέ
1823 3125 1922 3194 τῆς
1950 3137 1993 3194 c
2028 3107 2122 3158 καὶ
2154 3107 2410 3176 συνάρσει
2439 3107 2540 3176 τῆς
2566 3107 2653 3160 διὰ
2684 3108 2902 3162 πάντων
2931 3106 2989 3162 εὖ
3023 3110 3295 3180 ἀγομένης
3329 3113 3606 3166 καταστά-

343 3214 657 3284 ἀγιωτάτης
691 3212 1086 3285 μητροπόλεως
1130 3213 1413 3266 Φιλίππων
1451 3215 1746 3287 ὑπέρπυρα
1790 3219 1922 3271 ἐκα-

343 3309 457 3372 τδν,
493 3308 601 3360 ἀπὸ
630 3306 685 3359 δέ
706 3311 803 3376 τῆς
831 3305 1149 3376 ἁγιωτάτης
1186 3307 1575 3377 μητροπόλεως
1605 3307 1923 3380 Μιτυλήνης

345 3401 637 3469 ὐπέρπυρα
660 3397 876 3462 ἑκατὸν,
911 3398 1019 3450 ἀπὸ
1048 3397 1104 3450 δὲ
1135 3398 1234 3467 τῆς
1287 3398 1599 3468 ἁγιωτάτης
1649 3399 1924 3468 μητροπό-

345 3490 479 3551 λεως
507 3486 892 3556 Διδυμοτείκου
924 3487 1219 3556 ὑπέρπυρα
1279 3487 1496 3551 ὲκατδνν
1557 3488 1664 3539 ἀπὸ
1716 3487 1772 3539 δὲ
1823 3487 1923 3556 τῆς

351 3577 661 3647 ἁγιωτάτης
691 3576 1076 3646 μητροπόλεως
1100 3575 1357 3629 Παλαιῶν
1390 3576 1621 3644 Πατρῶν
1678 3577 1924 3646 ὐπέρπυ-

352 3683 420 3735 ρα
449 3665 880 3732 τεσσαράκοντα,
910 3664 1016 3716 ἀπὸ
1046 3665 1102 3716 δὲ
1153 3665 1250 3734 τῆς
1283 3665 1592 3732 ἁγιωτάτης
1653 3667 1920 3734 μητροπό-

348 3760 486 3820 λεως
517 3757 948 3820 Λακεδαιμονίας
979 3757 1272 3828 ὑπέρπυρα
1299 3757 1584 3826 ἐξήκοντα,
1608 3757 1716 3810 ἀπὸ
1740 3756 1796 3810 δὲ
1827 3758 1924 3828 τῆς

291 3859 294 3862 ’
348 3849 658 3920 ἁγιωτάτης
690 3847 1074 3918 μητροπόλεως
1103 3846 1409 3900 Μελενίκου
1439 3846 1735 3916 ὐπέρπυρα
1769 3865 1924 3917 τρια-

347 3938 601 4003 κονταὲξ,
629 3937 739 3992 ἀπὸ
759 3937 815 3988 δὲ
837 3936 936 4006 τῆς
967 3936 1280 4006 ἁγιωτάτης
1326 3935 1716 4006 μητροπόλεως
1762 3937 1925 3988 Λίνου

347 4034 644 4105 ὐπέρπυρα
675 4030 893 4096 ἑκατὸν,
923 4027 1035 4083 ἀπὸ
1063 4029 1119 4082 δέ
1163 4029 1260 4097 τῆς
1303 4027 1616 4098 ἁγιωτάτης
1648 4029 1928 4100 μητροπό-

345 4127 482 4186 λεως
514 4125 783 4180 Μαδύτων
819 4123 1113 4193 ὐπέρπυρα
1172 4120 1554 4190 τριακονταὲξ,
1587 4119 1693 4173 ἀπὸ
1723 4120 1780 4174 δέ
1827 4121 1926 4189 τῆς

345 4219 657 4287 ἁγιωτάτης
700 4215 1089 4287 μητροπόλεως
1110 4212 1421 4283 Μηθύμνης
1473 4211 1767 4282 ὐπέρπυρα
1800 4227 1928 4264 πεν-

345 4315 602 4382 τήκοντα,
631 4311 743 4364 ἀπὸ
777 4310 834 4362 δὲ
869 4309 964 4379 τῆς
1005 4307 1320 4376 ἁγιωτάτης
1361 4305 1748 4375 μητροπόλεως
1789 4303 1926 4373 Βρύ-

351 4421 486 4465 σεως
510 4403 804 4470 ὑπέρπυρα
833 4396 1333 4468 πεντήκοντα,“ἁπὺ
1365 4395 1422 4449 δέ
1467 4397 1566 4465 τῆς
1617 4396 1926 4466 ἁγιωτάτης

2028 3215 2163 3261 σεως
2194 3199 2254 3251 τὸ
2279 3199 2642 3268 προϐιϐἁζειν
2676 3200 2734 3267 ἐξ
2783 3202 3101 3255 ἐπισκόπων
3133 3204 3212 3276 είς
3242 3201 3606 3274 ἀρχιεπισκο-

2024 3290 2192 3361 πικὴν
2235 3290 2402 3362 τιμὴν
2449 3291 2747 3362 ἐκκλησίας
2789 3293 2883 3344 καὶ
2923 3291 2984 3356 ἐξ
3033 3293 3474 3364 άρχιεπισκοπῆς
3523 3298 3604 3359 είς

2027 3382 2390 3453 μητρόπολιν,
2439 3382 2558 3435 ἐστι
2596 3383 2640 3434 δ’
2688 3383 2776 3435 ὅτε
2815 3384 2911 3436 καὶ
2959 3385 3298 3453 μητρόπολιν
3341 3387 3604 3456 προάγειν

2025 3478 2106 3538 εἰς
2135 3475 2346 3544 βαθμὸν
2383 3473 2628 3545 μείζονα,
2659 3475 2739 3528 ἐτι
2762 3493 2824 3542 γε
2853 3475 2960 3545 μὴν
2989 3477 3082 3529 καὶ
3107 3477 3369 3542 καινίζειν
3400 3482 3601 3550 ἐκκλη-

2027 3569 2145 3630 σίας
2181 3569 2275 3620 καὶ
2319 3567 2668 3621 καθιστάνειν
2700 3569 3122 3639 ἀρχιερατικοὺς
3157 3572 3214 3623 ἐν
3255 3571 3446 3634 αὐταῖς
3482 3573 3606 3642 θρό-

2027 3675 2171 3722 νους,
2209 3661 2304 3712 καὶ
2348 3659 2525 3711 πάντα
2554 3657 2725 3711 ταῦτα
2761 3659 2901 3728 μετὰ
2942 3658 3038 3712 τοῦ
3087 3662 3458 3730 προσήκοντος
3507 3665 3605 3716 καὶ

2027 3747 2252 3819 γνώμης
2298 3749 2524 3817 εὐλόγου
2575 3751 2831 3819 ποιητέον
2879 3754 3096 3816 πάντως
3150 3753 3310 3822 αὐτῇ,
3359 3753 3474 3806 ἁλλ’
3505 3757 3604 3826 οὐχ

2025 3842 2097 3903 ὡς
2124 3843 2282 3911 ἔτυχε
2315 3843 2409 3894 καλ⁸
2431 3841 2738 3910 ἀλογίστοις
2777 3846 3002 3914 ὁρμαῖς.
3033 3844 3093 3896 Εἰ
3137 3844 3181 3896 δ’
3208 3845 3314 3914 ἄρα
3345 3848 3438 3900 καὶ
3470 3847 3604 3918 ἡμῖν

2023 3933 2171 3987 τοῦθ’
2201 3932 2375 3998 οὕτως
2402 3935 2742 4006 ἐσπουδάσθη
2772 3936 2860 3989 διὰ
2893 3938 3112 3990 πάντων
3141 3936 3249 3990 τῶν
3275 3938 3371 4007 τῆς
3399 3938 3598 4008 ἡμετέ-

2031 4044 2130 4098 ρας
2163 4028 2465 4098 μοναρχίας
2493 4029 2596 4082 οὐκ
2618 4028 2814 4097 όλίγων
2843 4028 3015 4082 όντων
3042 4030 3204 4093 ἐτῶν,
3235 4030 3386 4084 ἄλλοι
3416 4031 3603 4100 λεγόν·-

2028 4137 2155 4185 των,
2195 4121 2400 4189 μᾶλλον
2432 4120 2490 4174 δὲ
2515 4121 2654 4175 αὐτὰ
2693 4121 2794 4192 βοᾷ
2823 4121 2890 4174 τὰ
2919 4122 3222 4192 πράγματα
3254 4125 3367 4186 τοῖς
3402 4125 3606 4192 εὐγνώ·

2032 4228 2189 4281 μοσιν
2218 4213 2504 4279 ἐπόπταις,
2529 4213 2625 4266 καὶ
2649 4212 3004 4284 θαρρούντως
3035 4213 3194 4266 τοῦτό
3220 4232 3421 4284 φαμεν,
3452 4216 3606 4270 οὐδὲν

2027 4305 2070 4355 δ’
2099 4297 2262 4374 ἦττον
2292 4304 2385 4358 καὶ
2409 4305 2468 4357 τὸ
2501 4304 2596 4357 νῦν
2621 4306 2950 4374 παραστήσῃ
2975 4305 3286 4373 γινόμενον.
3312 4307 3470 4361 Κατὰ
3499 4308 3605 4377 γὰρ

2028 4395 2128 4466 τὴν
2156 4397 2414 4465 τοιαύτην
2436 4396 2729 4466 δεδομένην
2757 4397 2888 4466 ἡμῖν
2914 4395 3100 4450 ἁδειαν
3123 4397 3232 4452 δεῖν
3260 4398 3606 4468 ἐγνώκαμεν,

359 4493 746 4562 μητροπόλεως
785 4489 1020 4542 Ῥωσίου
1053 4488 1347 4557 ὐπέρπυρα
1401 4475 1779 4556 τριακονταὲξ,
1816 4489 1924 4540 ἀπὸ
1957 4481 2000 4534 Ι)
2029 4489 2087 4556 ἐξ
2117 4491 2557 4558 ἁρχιεπισκοπῆς
2583 4487 2920 4559 προϐιϐάσαι
2945 4488 3042 4560 τὴν
3067 4490 3381 4560 ἀγιωτάτην
3409 4493 3577 4561 ἐκκλη
3596 4523 3610 4532 -

356 4586 412 4636 δέ
436 4583 534 4653 τῆς
569 4578 879 4649 ἁγιωτάτης
913 4578 1353 4649 ἁρχιεπισκοπῆς
1404 4577 1604 4645 Βιζύης
1635 4579 1928 4648 ὐπέρπυρα

357 4677 574 4741 ἑκατὸν,
612 4673 719 4724 ἀπὸ
748 4673 802 4724 δὲ
833 4673 930 4740 τῆς
963 4671 1276 4740 ἁγιωτάτης
1305 4671 1750 4740 ἀρχιεπισκοπῆς
1814 4672 1930 4725 Ma.

359 4770 588 4840 ρωνείας
612 4767 904 4836 ὑπέρπυρα
933 4761 1309 4832 τριακονταὲξ,
1338 4761 1446 4812 ἀπὸ
1497 4761 1554 4812 δὲ
1611 4764 1710 4830 τῆς
1764 4760 1932 4828 ἁγιω-

355 4865 528 4932 τάτης
565 4855 1002 4929 ἀρχιεπισκοπῆς
1026 4853 1432 4924 Προικοννήσου
1464 4852 1757 4922 ὐπέρπυρα
1787 4853 1937 4906 ἑϐδο-

359 4953 721 5026 μηκονταδύο,
761 4949 865 5002 ἀπὸ
890 4948 944 5001 δὲ
987 4946 1086 5015 τῆς
1118 4947 1431 5015 ἁγιωτάτης
1494 4945 1932 5016 ἁρχιεπισκοπῆς

356 5048 632 5118 Γαρέλλης
659 5047 948 5113 ὐπέρπυρα
973 5041 1403 5108 εἰκοσιτέσσαρα,
1433 5040 1537 5092 ἀπὸ
1555 5039 1610 5091 δὲ
1635 5039 1730 5108 τῆς
1767 5039 1934 5106 ἁγιω-

355 5146 526 5211 τάτης
555 5135 992 5210 ἀρχιεπισκοπῆς
1019 5134 1223 5202 Δέρκου
1253 5131 1542 5201 ὐπέρπυρα
1568 5131 1934 5186 εἰκοσιτέσσα-

363 5257 451 5308 ρα,
483 5237 588 5288 ἀπὸ
611 5234 664 5284 δὲ
690 5235 786 5300 τῆς
810 5227 1122 5296 ἁγιωτάτης
1148 5223 1587 5294 ἁρχιεπισκοπῆς
1625 5223 1935 5293 Ἀρκαδιου-

361 5331 569 5391 πόλεως
594 5326 888 5393 ὐπέρπυρα
904 5315 1457 5384 εἰκοσιτέσσαρα,ἁπὸ
1475 5315 1532 5366 δέ
1552 5314 1647 5383 τῆς
1697 5316 1936 5382 ἁγιωτά-

362 5440 456 5492 της
500 5412 942 5490 ἀρχιεπισκοπῆς
985 5410 1204 5478 Λήμνου
1247 5409 1537 5476 ὐπέρπυρα
1571 5409 1929 5474 πεντήκοντα,

361 5519 465 5568 ἀπὺ
482 5513 538 5567 δὲ
552 5514 647 5582 τῆς
667 5509 973 5575 ἁγιωτάτης
993 5499 1426 5571 ἁρχιεπισκοπῆς
1460 5500 1728 5552 Λοπαδίου
1771 5501 1936 5570 ὑπέρ-

367 5624 510 5676 πυρα
529 5607 572 5657 εί
586 5596 1074 5667 κοσιτέσσαρα,ἁπὸ
1087 5595 1140 5645 δέ
1159 5594 1255 5662 τῆς
1267 5593 1571 5660 ἁγιωτάτης
1584 5595 1936 5660 ἀρχιεπισκο-

365 5693 472 5762 πῆς
508 5692 768 5759 Κυψέλων
794 5688 1085 5752 ὐπέρπυρα
1112 5681 1326 5743 δεκι.ἐξ,
1357 5683 1463 5731 ἀπὸ
1489 5680 1542 5731 δὲ
1575 5682 1669 5748 τῆς
1701 5683 1936 5747 ἁγιωτά.

366 5802 462 5854 της
486 5776 916 5852 ἀρχιεπισκοπῆς
946 5771 1210 5833 Ξανθείας
1237 5770 1524 5839 ὐπέρπυρα
1560 5770 1935 5837 τριακονταὲξ,

2035 4583 2157 4632 σίαν
2210 4579 2464 4650 Βρύσεως
2513 4579 2592 4641 είς
2649 4579 3006 4648 μητρόπολιν,
3055 4581 3214 4634 τοῦτο
3266 4584 3364 4650 μὲν
3413 4583 3499 4636 διὰ
3548 4589 3612 4634 τὸ

2034 4672 2460 4742 πολμάνθρωπον
2507 4671 2605 4740 τῆς
2649 4670 2912 4740 τοιαύτης
2961 4671 3259 4740 ἐκκλησίας
3311 4674 3402 4725 καὶ
3452 4673 3607 4726 πολυ-

2031 4764 2249 4832 τρόπως
2279 4762 2403 4832 ἐχον
2452 4763 2512 4815 τὸ
2556 4761 2776 4829 εὔλογον
2826 4763 2908 4826 είς
2959 4763 3059 4824 τὴν
3111 4763 3372 4832 τοιαύτην
3419 4767 3608 4835 τιμὴν,

2033 4855 2191 4910 τοῦτο
2217 4856 2276 4910 δὲ
2315 4857 2408 4909 καὶ
2447 4856 2536 4908 διὰ
2567 4856 2660 4909 τόν
2691 4854 2784 4908 νῦν
2815 4853 3222 4925 ἁρχιερατικῶς
3252 4856 3388 4926 αὐτῇ
3458 4862 3613 4926 προῖ-

2038 4947 2334 5015 στάμενον,
2367 4947 2534 5015 ἄνδρα
2558 4947 2800 5015 μεγάλης
2821 4946 3020 5015 ἀρετῆς
3051 4945 3270 4999 κάλλεσι
3305 4949 3612 5016 κοσμούμε-

2035 5053 2146 5099 νον,
2194 5034 2496 5088 κάντεῦθεν
2544 5036 2822 5104 αἰδέσιμον
2866 5036 2932 5104 τῇ
2976 5035 3297 5107 Ἐκκλησία,
3332 5037 3613 5105 αἰδέσιμον

2035 5129 2100 5198 τῇ
2131 5126 2378 5196 βασιλείᾳ
2405 5126 2501 5179 καὶ
2529 5126 2726 5194 πολλῆς
2751 5127 2920 5196 τιμῆς
2949 5123 3270 5196 ἀξιούμενον
3317 5126 3409 5178 καὶ
3447 5125 3610 5177 σεϐά-

2006 5227 2244 5285 “σματος
2283 5216 2416 5289 παρ’
2444 5217 2620 5287 ἡμῶν.
2655 5215 2820 5270 Ταῦτ’
2857 5217 2965 5286 ἀρα
2995 5217 3088 5270 καὶ
3120 5215 3368 5278 θεσπίζει
3396 5215 3489 5266 νῦν
3525 5215 3612 5267 διὰ

2035 5309 2129 5362 τοῦ
2164 5311 2432 5379 παρόντος
2462 5309 2868 5380 χρυσοϐούλλου
2899 5309 3061 5378 λόγου
3094 5308 3264 5377 αὐτῆς
3296 5309 3328 5377 ὴ
3365 5306 3611 5375 βασιλεία

2039 5419 2162 5471 μου,
2186 5397 2326 5453 εἷναι
2359 5402 2450 5453 καὶ⁵
2481 5388 2834 5472 εὑρίσκεσθαι
2878 5403 2976 5470 τὴν
3004 5400 3316 5467 ἀγιωτάτην
3361 5399 3613 5465 ἀρχιεπι-

2039 5497 2248 5564 σκοπὴν
2292 5495 2545 5564 Βρύσεως
2575 5495 2651 5555 είς
2703 5495 3038 5564 μητρόπολιν
3087 5494 3182 5542 καὶ
3215 5490 3613 5542 συναπολαύειν

2035 5590 2126 5640 τὸν
2158 5589 2214 5639 ἐν
2243 5587 2377 5657 αὐτῇ
2425 5588 2814 5656 εὑρισκόμενον
2860 5585 3155 5653 ἱερώτατον
3194 5581 3453 5650 ἀρχιερέα
3497 5591 3610 5643 τοῖς

2038 5680 2242 5741 λοιποῖς
2303 5680 2624 5748 ἱερωτάτοις
2683 5675 3108 5747 μητροπολίταις
3162 5675 3261 5740 τῆς
3312 5674 3461 5733 θείας
3517 5677 3610 5725 καὶ

2043 5775 2194 5842 ἱερᾶς
2229 5773 2471 5844 μεγάλης
2522 5769 2760 5832 συνόδου,
2794 5768 2889 5834 τῆς
2925 5766 3093 5835 αὐτῆς
3141 5768 3382 5835 κλήσεώς
3415 5784 3470 5816 τε
3523 5773 3611 5816 κ.τί
