4010 6258
409 297 542 365 1191

1565 277 1814 341 ESAUE
1853 275 1966 336 ΕΡ.
2007 270 2151 333 ΡΑΤ
2165 269 2532 331 [ΗΑΒΟΠΒΕ

3527 251 3668 320 1192

408 363 518 466 νων
561 409 664 479 ήδη
698 406 858 459 πέντε
899 401 961 466 ἐξ
1005 400 1216 455 ἐκείνου
1264 392 1696 466 παραρρυέντων
1724 389 1785 443 ού
1823 387 1987 459 μόνον
2018 388 2060 444 Δ
2214 381 2464 479 ’μοναχὸν
2490 375 2774 479 ΔΒιιρλριᾶιμ
2817 374 2934 479 δια.
2957 372 3284 479 γράμματος
3332 367 3398 421 τὰ
3426 365 3535 479 ὶέπὶ

411 506 682 576 διαφόρως
709 482 1074 555 ἐπεϐούλευσε
1097 494 1292 562 ταύτῃ,
1317 489 1456 544 ἀλλά
1482 488 1574 540 καὶ
1599 484 1810 539 πολλῶν
1831 482 1984 576 ἀνια-

416 573 528 672 ρῶν
569 573 762 665 γέγονε
809 591 1090 663 πρόξενος,
1137 585 1400 640 ἄσπονδον
1447 581 1504 633 δὲ
1547 576 1843 672 μῖσος.κα“ι
1883 573 1985 672 της

417 667 687 759 θυγατρὸς
722 686 807 738 ἐπ’
838 682 988 750 αύτῷ
1022 675 1354 749 τρεφούσης,
1395 674 1487 726 καὶ.
1523 670 1660 740 μηδέ
1687 667 1988 759 ὀφθαλμοῖς

420 784 552 835 ἰδεῖν
598 757 790 833 τοῦτον
839 773 1131 844 φερούσης,
1183 768 1377 835 ἐδεήθη
1427 765 1710 832 συνοδικῆς
1751 757 1988 826 διαγνώ-

420 891 579 935 σεως.
620 870 819 940 Παρὼν
847 868 900 920 δὲ
935 867 1026 918 καὶ
1071 865 1100 915 6
1142 861 1383 923 τοιοῦτος
1420 857 1694 924 Θεόδωρος
1725 851 1817 905 καὶ
1849 853 1988 904 ἀπο-

418 963 756 1034 λογήσασθαι
809 957 1151 1028 προτραπεὶς
1208 949 1562 1023 προεϐάλετο,
1615 944 1830 1015 ἀληθῶς
1887 941 1989 1034 μέν

420 1058 584 1126 ἔχειν,
627 1054 708 1106 ὅτι
747 1051 812 1121 δὴ
844 1047 1106 1118 όκταετὴς
1139 1047 1173 1116 ή
1214 1044 1350 1114 κόρη
1389 1041 1701 1109 ἐτύγχανεν,
1731 1036 1897 1126 ἡνίκα
1926 1033 1991 1126 δι’

419 1123 820 1212 ἀρραϐωνικῶν
844 1135 1057 1204 δεσμῶν
1079 1134 1106 1186 6
1132 1133 1423 1202 εἰρημένος
1449 1127 1821 1198 πρεσϐύτερος
1842 1123 1990 1191 αύτῷ

421 1232 628 1299 ταύτην
673 1231 1011 1299 συνήρμοσε,
1046 1225 1336 1280 διετείνετο
1375 1223 1432 1276 δέ
1477 1221 1782 1275 κωλῦεσθαι
1836 1218 1992 1288 παρὰ

422 1325 521 1392 τῆς
559 1297 765 1393 μῗητρος
796 1297 950 1392 πρὸς
997 1318 1098 1388 τὴν
1128 1317 1346 1386 ταύτης,
1380 1315 1712 1384 συνοίκησιν.
1745 1314 1809 1366 Ἡ
1861 1310 1992 1378 γοῦν

431 1415 719 1486 μετριότης
754 1411 912 1482 ήμῶν
951 1405 1459 1476 συνδιασκεψαμένη
1501 1406 1612 1467 τοῖς
1653 1404 1781 1474 περί
1823 1402 1992 1471 αὐτὴν

428 1505 747 1578 ἱερωτάτοις
779 1501 1102 1575 ἀρχιερεῦσι
1134 1501 1228 1553 καὶ
1266 1497 1582 1568 παράνομον
1613 1495 1848 1566 κρίνασα
1875 1493 1993 1546 τόδε

429 1600 492 1654 τδ
522 1597 857 1652 συνοικέσιον
887 1597 973 1648 διὰ
1009 1595 1107 1664 τὴν
1145 1594 1414 1661 τοσαύτην
1442 1589 1540 1658 τῆς
1587 1590 1754 1658 κόρης
1799 1585 1996 1655 ἀνηϐό-

430 1708 590 1760 τητα,
628 1687 920 1744 κάντεῦθεν
965 1687 1199 1756 ἀκύρους
1247 1681 1385 1738 εἶναι
1429 1682 1697 1752 νομίσασα
1734 1680 1825 1732 καί¹
1871 1679 1998 1754 τοὺς

430 1782 518 1832 ἐπ’
571 1780 708 1846 αὐτῇ
761 1777 1072 1848 προϐάντας
1123 1773 1400 1836 τοιούτους
1457 1770 1872 1844 ἀρροϐωνικοῦς
1917 1769 2001 1820 δε-

431 1871 606 1940 σμοὺς
651 1869 815 1923 τάλλα
846 1869 1026 1921 πάντα
1053 1867 1260 1920 ἐάσασα
1307 1865 1648 1932 ἀπεφήνατο,
1701 1860 1843 1914 εἰναι
1901 1859 1999 1913 ἀπ’

430 1960 678 2031 ἀλλήλων
705 1959 872 2027 ἄμφω
901 1958 969 2010 τά
1000 1955 1141 2026 μέρη
1177 1955 1236 2006 τὸ
1269 1955 1378 2009 ἀπὸ
1423 1951 1576 2006 τοῦδε
1616 1950 1998 2018 διεζευγμένα,

430 2052 531 2118 τῆς
575 2047 912 2118 ἀνηϐότητος
944 2046 1124 2108 αἰτίας
1161 2043 1329 2113 οῦσης
1363 2042 1500 2111 πρὸς
1544 2040 1724 2104 τοῦτο,
1772 2040 2002 2109 ἐπείπερ

432 2143 483 2196 οἰ
513 2142 649 2195 θεῖοι
678 2141 834 2210 νόμοι
863 2139 954 2192 τὸν
987 2137 1288 2192 δωδέκατον
1320 2137 1512 2207 χρόνον
1543 2133 1724 2188 ἀνύειν
1751 2133 1849 2202 τὴν
1882 2133 2005 2202 μὲλ-

433 2235 638 2287 λουσαν
678 2233 834 2304 ἀνδρὶ
875 2230 1242 2299 συζευχθῆναι
1293 2227 1690 2298 διαγορεύουσι,
1739 2228 1831 2280 καὶ
1870 2228 2007 2280 ἀποο

433 2323 644 2388 λαϐεῖν,
698 2325 752 2375 εἰ
793 2339 846 2374 τι
896 2322 991 2374 κα)⁸
1037 2323 1158 2373 ὅσον
1209 2319 1437 2388 θάτερον
1496 2318 1725 2387 θατέρου
1788 2319 2008 2387 κατέχει

437 2415 672 2484 πρᾶγμα
698 2411 830 2480 παρ’
859 2409 1062 2478 ἐαυτῷ,
1096 2409 1186 2461 τὸν
1227 2409 1283 2462 δέ
1324 2425 1386 2476 γε
1439 2408 1784 2477 συστήσαντα
1831 2425 2010 2478 παρα-

435 2499 638 2569 νόμως,
663 2497 806 2552 οῦτω
832 2496 1200 2568 πρεσϐύτερον
1227 2497 1286 2548 τὸ
1326 2495 1528 2565 μεταξὺ
1561 2495 1738 2548 αὐτῶν
1771 2497 2013 2550 συνοικέ-

439 2604 556 2642 σιον
602 2589 973 2659 ἐπισχημένον
1023 2588 1118 2642 τοῦ
1175 2590 1477 2658 ἱερουργεῖν
1531 2583 1692 2640 εἶναι’
1743 2588 1850 2642 ἔδει
1904 2589 2012 2658 γὰρ

439 2680 603 2734 αὑτὸν
655 2681 728 2751 μὴ
773 2681 1100 2748 ἀπροόπτως
1145 2679 1289 2732 οὕτω
1319 2681 1416 2734 καὶ
1461 2680 1891 2750 ἀπερισκέπτως
1945 2679 2014 2732 τά

440 2769 665 2824 τοιαῦτα
695 2770 1016 2840 προϐαίνειν
1046 2771 1426 2839 παραχωρεῖν,
1461 2767 1594 2821 ἀλλὰ
1631 2769 1764 2821 πᾶσι
1792 2768 2015 2838 τρόποις

443 2858 871 2930 ἐξακριϐοῦσθαι
935 2860 1029 2913 καὶ
1092 2859 1420 2929 ὁδηγοῦντας
1467 2858 1609 2928 ἔχειν
1657 2859 1782 2920 τοὺς
1837 2859 2014 2919 θείους

442 2952 927 3020 νόμους.⁹Εσονται
961 2951 1138 3004 τοίνυν
1171 2952 1336 3019 ἄμφω
1364 2951 1431 3002 τὰ
1469 2950 1633 3019 μέρη,
1675 2951 1749 3012 ὡς
1775 2949 2013 3019 εἴρηται,

2092 473 2314 542 ῥηθέντι
2345 472 2620 542 μονυδρίῳ
2651 468 2849 523 ἑαυτοῦ
2884 467 3068 520 δίκαια
3113 463 3317 531 εἰδήσει
3354 459 3451 511 καὶ
3482 474 3668 509 συναι-

2094 566 2241 618 νέσει
2270 565 2367 617 καὶ
2397 563 2590 634 γνώμῃ
2621 563 2715 616 καὶ
2740 560 2833 614 τοῦ
2866 558 3112 612 τοιούτου
3147 548 3666 623 Τριακονταφύλλου

2098 657 2195 711 καὶ
2241 657 2550 710 ἀντιλαϐεῖν
2581 654 2715 724 παρ’
2747 651 2913 708 αὑτοῦ
2941 652 3014 704 τά
3060 649 3284 703 τοιαῦτα
3336 645 3670 713 ἑϐδομηκονο

2096 748 2260 802 ταδύο
2291 747 2608 816 ύπέρπυρα,
2635 745 2927 798 κάντεῦθεν
2957 743 3241 812 θαρρήσας
3263 733 3416 798 οὗτος
3442 735 3672 788 ἐπέϐαλε

2099 839 2257 908 χεῖρα
2299 837 2392 890 ἐπὶ
2438 839 2503 907 τῇ
2557 837 2896 905 ὑποκειμένῃ
2945 831 3081 902 τῷδε
3125 829 3200 900 τῷ
3255 827 3525 898 μονυδρίῳ
3577 826 3670 892 τῇ.

2101 929 2272 998 ζεύγη
2328 927 2467 996 βοῶν
2524 928 2934 996 συστησάμενος
2995 923 3091 976 καὶ
3150 923 3232 985 εἰς
3291 917 3675 988 ζευγηλατεῖον

2103 1021 2568 1090 ἀποκαταστήσας
2597 1019 2786 1088 αὐτὴν,
2826 1017 2960 1088 πρὸς
2991 1015 3046 1070 δὲ
3075 1015 3172 1070 καὶ
3202 1014 3470 1085 ἀμπέλιον
3503 1029 3677 1066 κατα-

2103 1112 2377 1181 φυτεύσας
2421 1113 2516 1165 καὶ
2570 1110 2956 1180 ὑδρομύλωνας
3006 1110 3102 1161 καὶ
3147 1109 3313 1176 ἔτερα
3365 1109 3464 1158 οὐκ
3518 1104 3680 1168 ὀλίγα

2102 1207 2284 1259 ἐκεῖσε
2329 1203 2724 1276 προσθέμενος.
2765 1203 2830 1256 Ἠ
2867 1203 2996 1269 γοῦν
3029 1205 3317 1272 μετριότης
3361 1200 3521 1270 ήμῶν
3555 1217 3680 1250 0w-

2106 1295 2519 1364 διασκεψαμένη
2540 1295 2651 1356 τοῖς
2675 1295 2801 1362 περί
2823 1293 2996 1360 αὐτὴν
3017 1291 3336 1363 ἱερωτάτοις
3360 1286 3679 1360 ἀρχιερεῦσι

2106 1388 2203 1439 καὶ
2249 1386 2453 1453 ἄκυρον
2505 1383 2831 1454 ἡγησαμένη
2881 1383 2975 1436 καὶ
3014 1383 3250 1453 κρίνασα
3281 1380 3380 1452 τὴν
3425 1381 3704 1455 τοιαύτηνῑ

2109 1476 2330 1546 πρᾶξιν,
2363 1477 2624 1546 ἄντικρυς
2669 1476 2965 1544 διάπρασιν
2994 1470 3185 1536 οὖσαν,
3216 1471 3314 1527 άτε
3364 1472 3472 1524 τῶν
3517 1471 3675 1540 ἱερῶν

2110 1569 2356 1622 κανόνων
2382 1569 2721 1636 ἀνεκποίητα
2742 1568 2832 1620 τὸν
2857 1569 2946 1620 ἀεὶ
2969 1568 3161 1637 χρόνον
3187 1565 3477 1634 τυγχάνειν
3509 1581 3661 1635 παρα

2111 1662 2481 1731 κελευομένων
2513 1664 2576 1714 τά
2609 1661 2964 1732 ἀφιερωμένα
2996 1659 3136 1728 Θεῷ,
3177 1659 3375 1723 διέγνω
3407 1659 3501 1711 καὶ
3545 1661 3675 1710 ἀπε-

2107 1757 2335 1824 φήνατο,
2364 1755 2541 1806 τελεῖν
2584 1753 2980 1807 αὐτοδέσποτον
3010 1755 3188 1822 πάντη
3237 1752 3334 1804 καὶ
3383 1752 3677 1806 ἀκαταδού-

2107 1844 2276 1895 λωτον
2309 1844 2418 1896 ἀπὸ
2450 1843 2649 1906 παντὸς
2695 1843 2965 1913 κοσμικοῦ
3015 1843 3310 1913 προσώπου
3342 1843 3402 1894 τὸ
3445 1841 3680 1894 τοιοῦτον

2111 1933 2396 2003 μονύδριον
2426 1935 2525 2004 τῆς
2569 1935 3008 2004 Παχνιωτίσσης,
3052 1935 3146 1987 καὶ
3193 1934 3546 2002 ἀντιστρέψαι
3594 1933 3681 1984 τὸν

2109 2026 2420 2095 δηλωθέντα
2454 2027 2688 2096 μοναχὸν
2724 2027 2991 2096 Βαρλαάμ
3017 2026 3096 2096 τῷ
3132 2026 3354 2096 ῥηθέντι
3381 2025 3680 2095 Φιλανθρω-

2111 2116 2286 2186 πηνῷ,
2316 2116 2460 2186 άπερ
2493 2116 2648 2168 ἔλαϐε
2681 2115 2814 2188 παρ’
2845 2116 3008 2168 αὐτοῦ
3044 2114 3234 2169 τούτου
3267 2114 3431 2184 χάριν
3457 2113 3681 2182 ἐϐδομη·

2109 2208 2370 2262 κονταδύο
2398 2210 2716 2278 ὑπέρπυραο
2742 2207 2861 2261 οὐδὲ
2902 2207 3011 2278 γάρ
3041 2205 3189 2276 εἶχεν
3227 2207 3315 2260 ἐπ’
3340 2207 3520 2270 ἀδείας
3551 2209 3682 2270 ὃὶως

2110 2303 2273 2364 αὐτὸς
2308 2303 2511 2370 πρᾶσιν
2545 2301 2638 2352 ἐπὶ
2667 2303 2781 2364 τοῖς
2809 2301 3076 2364 τοιούτοις
3111 2301 3402 2355 ποιεῖσθαι.
3451 2301 3599 2352 Ἐπεὶ
3629 2301 3681 2352 δέ

2111 2393 2139 2445 6
2174 2394 2460 2463 εἰρημένος
2495 2393 2956 2463 Φιλανθρωπηνὸς
2987 2393 3235 2446 ἀπαιτῶν
3263 2388 3328 2463 ἦν
3373 2395 3471 2455 τὰς
3516 2408 3682 2460 προσ-

2114 2483 2288 2554 θήκας
2357 2483 2554 2536 ἑαυτοῦ
2603 2484 2830 2546 καὶτὰς
2886 2483 3200 2552 βελτιώσεις
3233 2485 3326 2538 καὶ
3370 2486 3438 2537 τὰ
3484 2487 3684 2554 συστή-

2117 2591 2284 2642 ματα,
2327 2573 2536 2626 δίκαιον
2579 2572 2797 2644 ἐκρίθη,
2847 2572 2922 2636 ὡς
2975 2575 3040 2627 ἂν
3088 2575 3394 2638 ἐξετάσεως
3432 2576 3686 2645 ἀκριϐοῦς

2113 2665 2414 2740 γενομένης
2443 2666 2556 2734 μετ’
2581 2665 2881 2735 ἀσφαλείας
2905 2667 3002 2734 τῆς
3031 2667 3441 2738 προσηκούσης,
3466 2672 3562 2722 ὅσα
3593 2672 3690 2738 μὲν

2115 2759 2422 2829 ἀναφανείη
2454 2759 2741 2829 προσεῖναι
2783 2760 2883 2829 τὴν
2928 2759 3104 2829 ἀρχὴν
3148 2761 3226 2829 τῷ
3271 2763 3499 2832 τοιούτῳ
3533 2779 3690 2830 μονυ-

2115 2851 2250 2922 δρίῳ
2279 2851 2368 2906 διά
2403 2869 2461 2904 τε
2495 2853 2719 2905 εἰκόνων
2751 2851 2842 2905 καὶ
2879 2851 3122 2922 βιϐλίων,
3159 2853 3239 2905 ἔτι
3292 2855 3348 2907 δέ
3394 2857 3692 2924 κτημάτων

2117 2947 2212 3000 καί⁵
2249 2944 2616 3015 πραγμάτων,
2667 2944 2724 3012 ἐξ
2757 2946 2881 2999 ὅτου
2931 2944 3175 3013 δηλονότι
3225 2947 3522 3000 ἐπελάϐετο
3567 2950 3690 3001 τού-

444 3041 541 3095 ἀπ’
567 3042 812 3110 ἀλλήλων
835 3040 1211 3110 διεζευγμένοι,
1234 3041 1320 3091 ἐπ’
1343 3039 1522 3102 ἀδείας
1547 3039 1760 3110 ἔχοντα,
1785 3041 2012 3110 ἑτέροις,
2043 3058 2086 3115 c
2120 3055 2215 3090 του
2248 3040 2274 3090 6
2315 3037 2477 3099 αὐτὸς
2507 3037 2987 3108 Φιλανθρωπηνὸς,
3013 3039 3106 3092 καὶ
3141 3041 3243 3093 ὅσα
3274 3041 3324 3093 οῖ
3360 3043 3686 3111 φιλόχριστοι

442 3134 500 3186 εἰ
547 3150 609 3200 γε
657 3132 948 3200 βούλοιντο,
998 3132 1254 3200 ὁμιλῆσαι
1306 3133 1523 3200 γάμοις,
1579 3133 2015 3203 ἀντιστρέψαντα

446 3221 736 3291 πρότερον,
779 3220 833 3273 εῐ
879 3237 934 3273 τι
977 3221 1071 3273 καὶ
1111 3221 1237 3273 ὅσον
1289 3222 1521 3291 πρᾶγμα
1565 3222 1759 3292 ἀνήκει
1805 3223 2015 3287 τούτοις

447 3313 578 3382 παρ’
613 3313 900 3380 ἐκατέρου.
924 3311 1109 3366 Ταῦτα
1143 3311 1620 3382 παρεκϐληθέντα,
1649 3330 1706 3367 κ.
1732 3330 1785 3368 τ.
1812 3317 1871 3369 .1.

521 3490 589 3543 V.
626 3490 666 3561 -ι-
701 3490 849 3556 Μηνὶ
876 3489 955 3559 τῷ
983 3489 1154 3555 αὐτῷ,
1191 3487 1256 3553 ιζ’
1285 3489 1486 3561 ἡμέρᾳ,
1518 3491 1778 3563 Δευτέρᾳ,
1817 3494 1912 3547 ἰνδ.
1947 3501 2018 3562 η’,

450 3585 876 3655 προκαθημένου
901 3584 992 3636 τοῦ
1021 3585 1436 3651 παναγιωτάτου
1459 3585 1614 3655 ήμῶν
1637 3584 1896 3640 δεσπότου
1923 3589 2020 3640 τοῦ

449 3675 836 3743 οἰκουμενικοῦ
882 3675 1226 3744 πατριάρχου
1258 3677 1317 3727 ἐν
1346 3675 1425 3744 τῷ
1474 3677 1624 3747 αύτῷ
1652 3679 1830 3748 τόπῳ,
1869 3696 2021 3731 συνε-

451 3767 785 3837 δριαζόντων
814 3769 880 3838 τῇ
932 3767 1144 3840 μεγάλῃ
1177 3766 1460 3840 ἁγιωσύνῃ
1496 3769 1664 3822 αὑτοῦ
1695 3769 1803 3822 τῶν
1837 3770 2022 3824 αὐτῶν

456 3862 772 3930 ἰερωτάτων
799 3860 1122 3930 ἀρχιερέων.

524 3951 568 4018 ’1-
605 3954 859 4022 Παρίστη
917 3955 983 4023 τῇ
1041 3952 1204 4023 ήμῶν
1264 3953 1577 4025 μετριότητι
1629 3953 2023 4024 προκαθημένῃ

458 4044 753 4107 συνοδικῶς
781 4047 808 4098 6
830 4045 1026 4105 οἰκεῖος
1050 4044 1126 4114 τῷ
1151 4046 1432 4116 κρατίστῳ
1452 4048 1548 4100 καὶ
1576 4047 1716 4116 ἁγίῳ
1743 4064 1844 4116 μου
1871 4047 2029 4104 αύτο-

457 4135 691 4205 κράτορι
733 4133 842 4203 κῦρ
885 4135 1137 4205 Ἰωάννης
1168 4139 1194 4188 6
1226 4135 1750 4206 Τριακοντάφυλλος,
1779 4138 1874 4191 καὶ
1906 4138 2028 4190 ἀνέ-

460 4243 647 4298 φερεν,
681 4227 757 4290 ὡς
785 4228 814 4280 6
849 4227 1028 4296 πατὴρ
1063 4226 1228 4281 αὐτοῦ
1261 4230 1289 4280 6
1324 4229 1650 4299 Μονομάχος
1682 4232 1906 4299 ἐκεῖνος,
1935 4251 2028 4303 μο-

460 4317 672 4389 νύδριόν
728 4334 780 4370 τι
842 4315 1179 4384 κεκτημένος
1238 4318 1302 4370 ἐκ
1363 4320 1715 4389 γονικότητος
1777 4324 1903 4391 περὶ
1969 4325 2028 4376 τὸ

462 4387 702 4477 κάστρον
740 4405 833 4458 τοῦ
876 4403 1212 4473 Ἕξαμιλίου,
1241 4406 1320 4468 εἰς
1368 4406 1538 4476 ὄνομα
1579 4387 1888 4480 τιμώμενον
1930 4413 2027 4482 τῆς
2057 4387 2107 4447 D

464 4490 777 4562 ύπεράγνου
823 4492 1112 4561 δεσποίνης
1159 4493 1256 4548 καὶ
1311 4494 1654 4566 Θεομήτορος
1697 4501 1788 4552 καὶ
1841 4502 2029 4556 ἐπικε-

465 4585 749 4654 κλημένης
773 4583 1210 4654 Παχνιωτίσσης,
1241 4585 1454 4652 ἐξέδοτο
1491 4587 1649 4642 τοῦτο
1685 4589 1799 4660 ἰδίῳ
1833 4592 2026 4646 ἐαυτοῦ

464 4676 755 4746 γράμματι
814 4675 950 4758 πρὸς
1003 4673 1097 4728 τὸν
1128 4713 1143 4729 .
1178 4715 1190 4728 .
1231 4711 1247 4728 .
1293 4717 1306 4729 .
1340 4675 1399 4729 ὺν
1451 4675 1615 4730 αὐτοῦ
1662 4681 1754 4732 τὸν
1798 4683 2030 4752 μοναχὸν

468 4763 734 4832 Βαρλαάμ
765 4765 906 4834 μετά
934 4764 1152 4818 πάντων
1182 4763 1290 4817 τῶν
1335 4765 1647 4833 προσόντων
1677 4767 1847 4839 αὐτῷ.
1895 4772 2031 4822 Και-

469 4853 566 4924 ροῦ
595 4854 652 4907 δὲ
697 4853 884 4908 ἰκανοῦ
932 4853 1297 4924 παρελθόντος
1335 4854 1734 4925 δεξιωσάμενος
1771 4858 1962 4913 τοῦτον
2005 4861 2033 4912 6

464 4946 670 5006 οἰκεῖος
693 4945 770 5013 τῷ
796 4943 1074 5014 κρατίστῳ
1101 4945 1197 4997 καὶ
1232 4944 1373 5014 ἀγίῳ
1405 4960 1506 5013 μου
1539 4947 1894 5017 αὐτοκράτορι
1928 4948 2032 5019 κῦρ

483 5036 736 5103 Ἰωάννης
779 5037 808 5088 6
853 5035 1329 5106 Φιλανθρωπηνὺς,
1374 5037 1450 5107 τῷ
1497 5039 1674 5092 δοκεῖν
1735 5044 1855 5109 μὲν,
1899 5042 2034 5112 ὅπερ

467 5125 582 5197 εἶχε
631 5128 957 5196 κτητορικδν
1007 5127 1217 5180 δίκαιον
1266 5129 1426 5180 ἔλαϐε
1474 5131 1606 5198 παρ’
1647 5131 1831 5196 αὑτοῦ,
1879 5135 1944 5202 τῇ
1990 5134 2034 5186 δ’

470 5217 701 5288 ἀληθεία
734 5217 1046 5287 ἐξωνήσατο
1077 5218 1134 5271 τὸ
1161 5219 1404 5272 τοιοῦτον
1437 5221 1722 5290 μονύδριον
1763 5225 1842 5285 είς
1868 5225 2037 5293 ὑπέρ-

473 5328 624 5381 πυρα
669 5310 1156 5380 ἑϐδομηκονταδύο,
1206 5312 1266 5364 ὃν
1312 5313 1376 5383 δὴ
1423 5313 1626 5383 τρόπον
1669 5317 1762 5368 καὶ
1806 5316 1866 5368 τὸ
1902 5319 2036 5387 πρὸς

457 5404 637 5455 ,αὑτὸν
672 5403 893 5471 γεγονὸς
942 5404 1177 5473 γράμμα
1227 5403 1504 5468 διέξεισιν,
1533 5405 1657 5458 ὅθεν
1705 5407 1858 5468 οὗτος
1905 5409 1967 5477 δὴ
2013 5413 2039 5464 ὁ

475 5495 978 5563 Τριακοντάφυλλος
1021 5495 1404 5563 ἀντικριθῆναι
1437 5496 1514 5563 τῷ
1543 5497 1692 5567 αὑτῷ
1731 5497 2041 5568 Φιλανθρω-

477 5585 634 5653 πηνῷ
665 5585 878 5654 ἐδεήθη.
912 5584 1108 5655 Παρὼν
1137 5570 1320 5638 δὲ’καὶ
1349 5587 1509 5648 αὐτὸς
1556 5588 1650 5640 κα)⁸
1677 5591 1784 5642 τῶν
1818 5593 2043 5662 εἰρημέ-

485 5691 592 5726 νων
625 5677 1045 5745 ὲπακροὼμενος
1085 5677 1368 5731 διετείνετο
1403 5679 1649 5734 ἐκδοῦναι
1697 5683 1847 5752 αύτῷ
1895 5685 2040 5737 τόνδε

2119 3125 2419 3196 θεραπείας
2466 3126 2856 3198 εὐμοιροῦντες
2898 3128 3052 3198 παρὰ
3094 3128 3193 3194 τῆς
3235 3129 3568 3200 Θεομήτορος
3605 3132 3678 3196 τῷ

2119 3218 2254 3286 πρὸς
2273 3218 2442 3284 αὐτὴν
2473 3217 2661 3289 θερμῷ
2686 3219 2858 3288 πόθῳ,
2883 3219 3258 3288 προσενέξεως
3282 3219 3432 3289 χάριν
3459 3233 3664 3268 συνεισ-

2119 3309 2312 3377 έφερον
2371 3312 2550 3362 ἐκεῖσε
2601 3311 2692 3365 διά
2735 3327 2794 3364 τε
2837 3311 3061 3380 κόσμων
3099 3311 3254 3380 ἰερῶν
3288 3307 3377 3362 καὶ
3425 3307 3666 3376 βιϐλίων,

2124 3401 2490 3469 εὐρίσκωνται
2548 3399 2716 3452 ταῦτα
2779 3401 2871 3452 καὶ
2934 3401 3099 3454 πάλιν
3157 3400 3522 3470 ἀναφαιρέτως
3579 3400 3683 3451 ὑπ’)

2123 3492 2281 3545 τοῦτο
2310 3491 2374 3562 δὴ
2408 3491 2467 3543 τὸ
2497 3492 2808 3561 μονύδριον,
2841 3493 2942 3545 ὅσα
2979 3493 3022 3544 δ’
3057 3493 3116 3558 ἐξ
3157 3493 3375 3546 οἰκείων
3408 3491 3692 3560 ἀνάλωμα·

2125 3602 2231 3638 των
2260 3585 2345 3638 ὅδε
2379 3586 2406 3636 ό
2434 3583 2895 3656 Φιλανθρωπηνὸς
2926 3585 3224 3652 προσέθετο
3249 3588 3304 3639 ἐν
3329 3585 3495 3653 αὐτῷ,
3527 3585 3575 3638 εί
3599 3585 3694 3654 μὲν

2126 3677 2334 3747 αίροῖτο
2379 3675 2478 3730 καὶ
2515 3675 2761 3745 βούλοιτο
2809 3678 2968 3730 ἐᾶσαι
3018 3678 3193 3730 ταῦτα
3235 3677 3473 3748 ψυχικῆς
3516 3677 3696 3728 ἕνεκεν

2125 3766 2322 3821 ἐαυτοῦ
2358 3766 2656 3837 σωτηρίας,
2689 3766 2748 3820 εὖ
2791 3767 2857 3821 ἂν
2893 3769 2987 3821 καὶ
3019 3767 3197 3830 καλῶς
3227 3767 3364 3836 ἔχοιο
3407 3769 3456 3821 εἰ
3493 3767 3539 3820 δ’
3583 3761 3692 3832 οῦν,

2127 3859 2267 3930 λάϐῃ
2293 3857 2468 3912 ταῦτα
2511 3859 2605 3912 καὶ
2652 3858 2896 3930 ὑπεκστῇ
2930 3859 3029 3928 τῆς
3058 3877 3117 3911 τε
3148 3860 3394 3930 κατοχῆς
3442 3861 3535 3914 καὶ
3576 3862 3700 3928 ἐφο-
3755 3884 3759 3886 -

2131 3954 2284 4022 ρείας
2334 3949 2524 4015 αὐτοῦ,
2577 3952 2876 4021 ἀπέχοντος
2928 3954 3139 4004 ἐκεῖθεν
3196 3955 3338 4006 κατὰ
3380 3954 3472 4006 τὸν
3519 3953 3697 4023 ὅμοιον

2129 4046 2330 4115 τρόπον
2372 4044 2470 4097 καὶ
2523 4043 2618 4094 τοῦ
2657 4044 2902 4096 τοιούτου
2951 4043 3698 4114 Τριακονταφύλλου,-μόνων

2131 4136 2238 4189 τῶν
2270 4136 2552 4206 κτητόρων
2578 4135 2678 4204 τὴν
2709 4135 2916 4205 συνήθη
2952 4136 3176 4206 μνήμην
3208 4137 3464 4206 ἐχόντων,
3492 4137 3586 4191 ἅτε
3610 4135 3695 4188 τοῦ

2133 4225 2274 4278 κατὰ
2304 4226 2394 4278 τὸν
2422 4226 2587 4279 τόπον
2619 4227 2926 4280 ἐπισκόπου
2952 4227 3051 4296 τὴν
3079 4227 3460 4296 πνευματικὴν
3491 4228 3699 4296 ἀνάκριο

2136 4338 2220 4372 σιν
2251 4322 2345 4375 ἐπὶ
2377 4322 2554 4391 τούτῳ
2587 4321 2734 4391 ἔχειν
2762 4322 3073 4390 ὀφείλοντος
3110 4323 3249 4376 κατά
3283 4324 3383 4391 τὴν
3411 4324 3518 4375 τῶν
3547 4323 3699 4391 ἱερῶν

2136 4413 2376 4468 κανόνων
2435 4413 2643 4483 ἀκριϐῆ
2693 4415 3100 4484 παρατήρησιν.
3165 4414 3300 4482 Περὶ
3362 4414 3545 4482 μέντοι
3607 4413 3700 4480 τῆς

2136 4504 2512 4571 κατασπορᾶς,
2541 4504 2605 4573 ἢν
2630 4505 2722 4556 ἐπὶ
2750 4507 2816 4573 τῇ
2849 4503 3079 4574 ῥηθείσῃ
3115 4500 3208 4556 τοῦ
3247 4502 3534 4573 μονυδρίου
3572 4506 3638 4572 γῇ
3675 4503 3702 4554 ό

2135 4588 2454 4658 διαληφθεὶς
2485 4588 2942 4660 Φιλανθρωπηνὸς
2971 4590 3350 4660 κατέσπειρεν,
3380 4592 3583 4662 ἐτάχθη
3614 4594 3703 4643 καὶ

2135 4681 2459 4750 διεγνώσθη,
2491 4680 2691 4752 ὼς-ἂν,
2721 4682 2842 4734 ἐπεὶ
2880 4682 3022 4752 καλῇ
3065 4684 3250 4736 πίστει
3301 4683 3369 4736 τὰ
3415 4685 3704 4754 σπέρματα

2139 4770 2471 4824 κατεϐάλετο
2511 4771 2569 4823 ἐν
2603 4771 2743 4839 αὐτῇ
2788 4771 2939 4833 ἰδίοις
2991 4771 3166 4835 πόνοις
3216 4773 3312 4825 καὶ
3361 4773 3699 4842 ἀναλώμασι,

2141 4861 2435 4932 συγκλείσῃ
2463 4863 2557 4914 καὶ
2591 4863 2878 4934 συναγάγῃ
2905 4863 3080 4916 ταῦτα
3119 4864 3488 4934 ἀνενοχλήτως
3531 4865 3702 4931 πάντη

2141 4956 2232 5004 καὶ
2281 4952 2663 5017 ἀδιασείστως,
2711 4953 2852 5025 λάϐῃ
2904 4971 2960 5007 τε
3011 4957 3106 5007 καὶ
3156 4955 3255 5024 τὴν
3299 4956 3556 5025 ἡμίσειαν
3600 4955 3703 5006 τῶν

2144 5043 2538 5112 ὐδρομυλώνων
2594 5046 2806 5112 μερίδα,
2855 5048 2948 5098 καὶ
3001 5046 3135 5114 ὂσην
3189 5049 3270 5110 εἰς
3319 5048 3387 5099 τά
3430 5049 3707 5116 οἰκήματα

2143 5132 2525 5200 κατηνάλωσεν
2557 5133 2757 5200 ἔξοδον,
2798 5124 2959 5203 εἰπερ
2993 5135 3117 5188 οὔτε
3146 5136 3496 5206 ὑδρομύλωνα
3525 5138 3704 5204 εὗρεν,

2147 5224 2304 5292 ἡνίκα
2333 5223 2633 5276 ἐπελάϐετο
2666 5225 2760 5276 τοῦ
2794 5226 3052 5278 ςτοιούτου
3103 5228 3412 5297 μονυδρίου,
3443 5228 3565 5282 οῦτε
3601 5229 3708 5298 μὴν

2145 5319 2439 5384 οἰκήματα,
2470 5317 2564 5368 ἐπὶ
2589 5315 2646 5368 δέ
2671 5335 2732 5383 γε
2761 5318 2838 5386 τῷ
2871 5320 3340 5386 καταφυτευθέντι
3384 5320 3514 5390 παρ’
3545 5321 3708 5374 αὑτοῦ

2149 5405 2401 5476 ἀμπελίῳ
2454 5410 2708 5480 κρατήσῃ
2759 5412 2790 5480 η
2846 5411 3044 5481 τοπικὴ
3099 5412 3361 5482 συνήθεια
3429 5415 3567 5465 κατά
3621 5415 3710 5465 τὸν

2149 5499 2453 5566 γεωργικὸν
2483 5500 2666 5567 νόμον.
2695 5501 2887 5551 ἰἰιίνυν
2918 5505 3010 5553 καὶ
3056 5502 3260 5570 ὀφείλει
3296 5505 3603 5573 πραχθῆναι
3645 5507 3713 5558 τὰ

2151 5593 2278 5652 περὶ
2311 5589 2498 5640 τούτου
2535 5593 2676 5642 κατὰ
2701 5591 2806 5664 ’τὴν
2837 5593 3121 5661 συνοδικὴν
3154 5594 3359 5664 ταύτην
3389 5595 3481 5646 καὶ
3509 5596 3714 5663 ἡμετέ-

2157 5701 2253 5752 ραν
2278 5682 2585 5747 διάγνωσιν.
2619 5683 2800 5736 Ταῦτα
2830 5686 3300 5755 παρεκϐληθέντα,
3331 5704 3388 5740 κ.
3417 5703 3474 5740 τ.
3506 5689 3568 5740 .l.
