4076 6264
288 307 424 372 1215

290 454 1350 484 m

1297 303 1506 363 JOAN.
1553 300 1857 361 CALECE
1899 301 2004 359 (ΣΡ.
2049 297 2557 359 PATRIARCILE

3380 284 3512 351 1216

3397 442 3491 452 ..ε-.-

2648 441 2652 442 ν
2990 441 3491 473 πεπεικὼ-

1185 599 1827 717 JOANNES
1939 593 2619 713 CALECAS.

1124 930 1461 988 ΚΩΔΙΚΙΟΝ
1486 926 1621 983 ΤΩΝ
1651 925 2053 983 ΣΥΝΟΔΙΚΩΝ
2087 921 2716 980 ΠΑΡΔΣΗΜΕΙΩΣΕΩΝ

1766 1047 2074 1101 ΓΕΓΟΝΟΣ

457 1176 572 1232 El]!
599 1173 734 1230 ΤΩΝ
767 1168 1051 1226 ΗΜΕΡΩΝ
1083 1168 1222 1226 ΤΟΥ
1253 1163 1786 1221 [ΙΑΝΑΙἸΩΤΑΤΟΥ
1809 1161 2172 1218 ΔΕΣΠΟΤΟΥ
2202 1160 2340 1216 ΤΟΥ
2364 1159 3354 1218 ΟΙΚΟΥΜΕΝΙΚΟΥΠΑΤΡΙΔΡΧΟΥ

1399 1290 1541 1344 ΚΥΡ
1593 1286 1900 1352 ΙΩΑΝΝΟΥ
1933 1286 2070 1342 ΤΟΥ
2119 1285 2434 1343 ΚΔΔΕΚΔ.

296 1507 336 1560 Ι.
371 1505 602 1560 Joannes
631 1503 852 1560 Calecas
893 1507 1151 1576 concedit,
1177 1504 1392 1576 lgnah’o
1434 1503 1712 1559 Calolheto
1753 1516 1862 1555 mo.
1898 1551 1900 1558 λ

1981 1498 2068 1568 τὴν
2103 1494 2534 1566 Πετραλοιφίναν
2565 1493 2936 1564 εἰσαγομένην
2960 1496 3100 1550 κατὰ
3130 1496 3347 1568 πρῶτον
3377 1466 3542 1553 ﬁmo?

788 1578 1077 1631 nasterium
1121 1575 1404 1632 Sos'thenii.

365 1689 406 1760 ~1-
458 1689 520 1742 Ἢ
560 1690 856 1760 μετριότης
912 1690 1076 1760 ἡμῶν
1109 1690 1200 1744 διὰ
1247 1688 1341 1742 τοῦ
1377 1688 1647 1758 παρόντος
1696 1687 1866 1758 αὐτῆς

298 1780 629 1850 γράμματος
658 1781 1098 1850 παρακελεύεται
1143 1776 1282 1835 εἶναι
1319 1783 1410 1835 τὸν
1451 1779 1781 1849 τιμιώτατον
1811 1780 1869 1833 ὲν

301 1874 696 1942 ἱερομονάχοις,
749 1875 808 1928 ὲν
842 1874 983 1945 ἁγίῳ
1047 1873 1328 1943 Πνεύματι
1358 1875 1643 1944 ἀγαπητὸν
1697 1873 1870 1944 αὐτῆς

301 1968 438 2031 υίὸν,
485 1967 591 2037 κῦρ
637 1967 897 2036 Ἰγνάτιον
940 1967 1032 2020 τὸν
1063 1966 1372 2022 Καλόθετον
1424 1971 1481 2022 ἐν
1516 1970 1720 2037 κατοχῇ
1772 1967 1866 2021 τοῦ

301 2056 429 2123 περὶ
476 2056 568 2110 τὸν
619 2057 919 2112 Ἀνάπλουν
964 2057 1316 2127 διακειμένου
1367 2058 1733 2127 μοναστηρίου
1775 2057 1868 2110 τοῦ

299 2148 378 2209 εἰς
409 2147 581 2217 ὄνομα
609 2148 920 2218 τιμωμένου
957 2148 1053 2202 τοῦ
1086 2150 1271 2220 τιμίου
1302 2149 1598 2220 ταξιάρχου
1625 2149 1731 2202 τῶν
1758 2151 1871 2203 ἅνω

301 2238 585 2306 δυνάμεων
611 2241 833 2310 Μιχαὴλ
876 2243 971 2296 καί
1022 2243 1460 2312 ὲπικεκλημένου
1516 2241 1628 2295 τοῦ
1658 2242 1872 2295 Σωσθε-

299 2331 438 2394 νίου,
485 2331 627 2386 ὥστε
677 2333 976 2387 ἀπολαύειν
1027 2334 1186 2388 τοῦτό
1234 2351 1292 2388 τε
1333 2335 1428 2388 καὶ
1476 2335 1544 2389 τά
1597 2336 1872 2405 προσόντα

297 2421 448 2490 αὐτῷ
476 2425 734 2490 κτήματα
753 2423 853 2492 τῆς
882 2423 1050 2476 αὐτοῦ
1083 2425 1339 2495 ἐφορείας
1365 2425 1462 2480 καὶ
1491 2427 1870 2495 πνευματικῆς

297 2512 666 2581 ἐπισκέψεως,
706 2513 829 2569 ὅθεν
864 2515 959 2568 καί⁵
990 2515 1448 2585 ἐπιλήψεταιτοῦ
1497 2519 1738 2570 τοιούτου
1774 2536 1871 2588 μο·

300 2605 596 2674 ναστηρίου
633 2607 726 2659 καὶ
777 2607 886 2660 τῶν
919 2608 1012 2668 ὑπ’
1061 2609 1212 2674 αὐτὸ,
1262 2610 1355 2665 καὶ
1409 2609 1498 2662 ἐπ’
1531 2610 1716 2674 ἀδείας
1758 2611 1872 2678 ἕξει

302 2700 560 2768 συνιστᾷν
588 2700 681 2752 καὶ
736 2699 978 2768 βελτιοῦν
1029 2701 1124 2754 καὶ
1170 2702 1425 2767 έπαύξειν
1449 2702 1516 2755 τά
1559 2703 1682 2757 κατ’
1715 2703 1872 2770 αὐτὸ,

302 2791 550 2860 κατέχων
605 2793 764 2846 τοῦτο
821 2795 1199 2864 ἀναφαιρέτως
1253 2796 1350 2849 καὶ
1409 2797 1869 2863 άναποσπάστως,

304 2888 385 2942 ἔτι
431 2905 494 2957 γε
534 2888 640 2957 μὴν
680 2889 971 2959 ἀταράχως
1019 2891 1113 2941 καὶ⁸
1151 2887 1522 2958 ἀνενοχλήτως
1569 2887 1653 2942 διὰ
1691 2889 1873 2959 πάσης

306 2982 468 3036 αὑτοῦ
520 2982 619 3051 τῆς
654 2981 800 3050 ζωῆς
824 2996 837 3010 ⁸
869 2981 956 3034 διὰ
1001 2980 1158 3034 τοῦτο
1189 2980 1464 3048 ὀφείλουσι
1495 2980 1590 3034 καὶ
1631 2981 1681 3032 οί
1713 2982 1771 3033 ὲν
1795 2980 1873 3051 τῷ

313 3073 668 3144 μοναστηρίῳ
717 3072 852 3142 τῷδε
905 3072 1288 3141 εὑρισκόμενοι
1343 3072 1570 3142 μοναχοί
1604 3072 1874 3136 εὐπειθῶς

307 3167 452 3236 ἔχειν
493 3165 628 3235 πρὸς
675 3163 766 3216 τὸν
801 3163 950 3232 παρὰ
989 3161 1180 3214 τούτου
1224 3161 1743 3234 ἀποταχθησόμενον
1779 3165 1874 3216 ἐπὶ

307 3263 374 3329 τῇ
414 3259 677 3326 διοικήσει
711 3255 900 3309 τούτου
932 3254 1026 3307 ml
1069 3253 1374 3325 διεξαγωγῇ
1409 3255 1502 3308 καί
1546 3258 1666 3318 ταῖς
1710 3255 1873 3309 αὑτοῦ

313 3350 707 3419 πνευματικαῖς
758 3347 1111 3418 εἰσηγήσεσιν
1166 3347 1486 3401 ὑποκεῖσθαι
1524 3347 1619 3400 ml
1647 3347 1875 3416 πειθαρ-

308 3445 444 3510 χεῖν.
497 3442 589 3503 Εἰς
620 3439 728 3510 γὰρ
779 3440 881 3507 τὴν
936 3440 1065 3509 περί
1105 3438 1294 3493 τούτου
1329 3440 1636 3507 ἀσφάλειαν
1685 3440 1874 3507 γέγονε

310 3535 404 3586 καὶ
454 3532 682 3602 ἐπεδόθη
714 3530 792 3602 τῷ
841 3531 989 3602 αὑτῷ
1035 3531 1352 3601 τιμιωτάτῳ
1391 3533 1448 3584 ἐν
1503 3532 1873 3603 ίερομονάχοις

313 3627 418 3693 κῦρ
460 3625 707 3694 Ἰγνατίῳ
753 3626 846 3678 καὶ
879 3625 939 3677 τὸ
968 3626 1142 3694 παρὸν
1185 3625 1420 3695 γράμμα
1449 3625 1548 3694 τῆς
1581 3624 1737 3694 ἡμῶν
1775 3641 1875 3694 με-

312 3722 610 3793 τριότητος,
647 3721 776 3792 μηνὶ
817 3720 1021 3790 Ἰουλίῳ
1052 3721 1147 3772 ίνδ.
1175 3717 1238 3775 ε’.

309 3853 370 3909 ιι.
384 3854 623 3926 Sgnodus
641 3855 1057 3908 excommunicat
1087 3852 1470 3923 men-apalitam
1494 3851 1875 3923 Philipporum.

666 3970 706 4035 ’ἲ-
738 3967 1073 4037 Καθαίρεσις
1095 3965 1187 4020 τοῦ
1215 3966 1524 4021 Φιλίππων.

382 4086 423 4156 ’ί-
464 4083 721 4154 Ἒκινήθη
773 4083 867 4136 ἐπὶ
899 4082 1000 4152 τῆς
1055 4080 1178 4135 καθ’
1206 4081 1354 4150 ἡμᾶς
1404 4081 1555 4150 ἱερᾶς
1605 4081 1700 4134 καὶ
1731 4080 1879 4144 θείας
1914 4085 1921 4091 ’

1970 1593 2122 1664 παρὰ
2156 1591 2252 1647 τοῦ
2287 1591 2579 1661 ἀνθρώπου
2618 1591 2714 1645 τοῦ
2762 1591 3185 1661 μητροπολίτου,
3217 1593 3313 1647 τοῦ
3355 1595 3543 1649 Ἄλϐας

1969 1687 2114 1740 νίτου
2142 1683 2363 1755 Μιχαὴλ
2394 1683 2484 1738 διὰ
2516 1683 2616 1752 τῆς
2639 1683 2809 1755 αὐλῆς
2837 1683 2932 1736 τοῦ
2969 1685 3333 1756 μοναστηρίου
3374 1688 3456 1750 εἰς
3482 1687 3543 1740 τὺ

1970 1776 2181 1830 κελλίον
2219 1776 2314 1828 τοῦ
2364 1775 2788 1846 μητροπολιτου,
2827 1776 3044 1846 ἀνδρῷα
3076 1776 3354 1847 φοροῦσαν
3395 1779 3544 1832 ἐνδύ-

1973 1886 2142 1935 ματα,
2176 1868 2270 1923 καὶ
2305 1868 2471 1922 πάλιν
2499 1868 2750 1935 ἐξιοῦσαν
2792 1869 2911 1938 μετ’
2942 1868 3109 1922 αὐτοῦ
3154 1870 3249 1924 τοῦ
3293 1870 3540 1924 Ἀλϐανί-

1969 1974 2064 2016 του
2100 1959 2241 2014 κατὰ
2273 1960 2366 2015 τὸν
2393 1961 2585 2030 καιρὸν
2623 1959 2718 2014 τοῦ
2749 1959 2952 2031 ὄρθρου
2971 1975 2986 1990 ·
3020 1961 3285 2026 ὡσαύτως
3315 1962 3544 2017 έσλεπον

1971 2055 2142 2124 αὐτὴν
2167 2056 2260 2108 ml
2290 2054 2432 2108 κατὰ
2457 2053 2750 2125 διαφόρους
2781 2054 2994 2125 ἡμέρας
3025 2055 3422 2128 εἰσερχομένην
3450 2057 3546 2110 καὶ

1971 2147 2234 2216 ὲξερχομέ
2243 2163 2339 2215 νην
2371 2145 2641 2216 φανερῶς.
2684 2164 2703 2198 ι

2041 2238 2081 2309 -ι-
2123 2258 2140 2292 ι
2191 2237 2334 2307 Ἐγὼ
2373 2240 2402 2292 6
2461 2237 2813 2310 ίερομόναχος
2859 2238 3117 2309 Ὶερόθεος
3152 2241 3336 2310 λέγω·
3374 2240 3543 2295 Εὐλο-

1976 2335 2142 2400 γητὸς
2186 2334 2215 2385 6
2241 2331 2374 2394 Θεὸς
2407 2333 2499 2384 καὶ
2544 2331 2733 2401 Πατὴρ
2785 2331 2880 2386 τοῦ
2916 2331 3123 2403 Κυρίου
3167 2332 3326 2402 ἡμῶν
3367 2332 3545 2403 Ἰησοῦ

1971 2423 2215 2492 Χριστοῦ
2242 2424 2271 2477 6
2307 2423 2383 2477 ὢν
2437 2426 2516 2487 εἰς
2560 2422 2686 2487 τοὺς
2736 2421 2962 2490 αίῶνας,
3009 2424 3071 2476 οὐ
3119 2423 3410 2494 ψεύδομαι,
3447 2427 3544 2478 καὶ

1972 2512 2161 2588 ὀμνύω
2189 2519 2269 2581 είς
2301 2518 2369 2571 τὰ
2404 2519 2534 2586 ἅγια
2564 2517 2874 2586 Εὑαγγέλια
2906 2517 3000 2571 τοῦ
3040 2518 3200 2584 Θεοῦ,
3235 2520 3317 2573 ὅτι
3352 2521 3384 2589 ἡ
3417 2520 3548 2573 ὐπο-

1973 2611 2280 2681 πτευομένη
2333 2610 2732 2681 Πετραλοιφίνα
2784 2613 2986 2682 ἤρχετο
3041 2612 3302 2674 πολλάκις
3355 2613 3435 2673 είς
3483 2613 3546 2665 τὸ

1974 2703 2184 2757 κελλίον
2214 2702 2310 2757 τοῦ
2358 2704 2770 2773 μετροπολίτου,
2816 2705 2915 2758 ml
2956 2705 3215 2774 συνήσθιε
3261 2705 3356 2758 καί⁵
3389 2705 3545 2757 συνέ-

1979 2811 2098 2848 πινε
2127 2795 2221 2848 καί
2278 2795 2706 2866 συνδιημέρευεν
2735 2795 2906 2866 αὐτῷ,
2960 2796 3056 2848 καὶ
3096 2796 3362 2864 ἐξήρχετο
3413 2797 3544 2850 ποτὲ

1984 2885 2082 2954 μὲν
2121 2885 2333 2954 ἡμέρας
2363 2886 2554 2957 οὔσης,
2605 2888 2735 2941 ποτὲ
2763 2887 2819 2939 δὲ
2868 2887 3075 2950 νυκτὸς,
3115 2888 3260 2952 ἰδίως
3285 2887 3341 2941 δὲ
3382 2887 3548 2941 διεδί-

1981 2975 2148 3029 δασεν
2177 2975 2326 3038 ὲντδς
2367 2975 2466 3029 τοῦ
2504 2978 2717 3032 κελλίου
2765 2979 2860 3032 τοῦ
2898 2979 3298 3050 μητροπολίτου
3345 2980 3546 3050 νυχθή-

1985 3083 2129 3137 μερα
2144 3066 2270 3136 τρία
2293 3083 2306 3097 ⁸
2331 3068 2419 3121 ὅτε
2439 3067 2494 3122 δὲ
2523 3071 2812 3140 συνήσθιον
2837 3072 2930 3124 καὶ
2949 3072 3259 3135 συνέπινον,
3279 3073 3408 3124 ποτὲ
3445 3073 3546 3140 μὲν

1982 3157 2337 3226 παριστάμην
2369 3161 2464 3210 καὶ
2495 3161 2800 3230 ὑπηρέτουν
2829 3162 3034 3227 αὐτοῖς,
3066 3162 3196 3216 ποτὲ
3222 3163 3276 3214 δὲ
3301 3162 3548 3231 καθήμε-

1982 3266 2068 3312 νος
2099 3248 2287 3318 ἤσθιον
2316 3251 2407 3302 καὶ
2440 3250 2550 3318 ἐγὼ
2590 3253 2758 3316 ἰδίως.
2798 3276 2814 3307 ι

2053 3347 2093 3409 ἰ’
2141 3361 2159 3395 ι
2204 3342 2346 3416 Ἐγὼ
2379 3344 2682 3414 Γρηγόριος
2711 3349 2943 3418 μοναχδς
2973 3351 3066 3402 καί
3091 3348 3334 3408 διάκονος
3365 3347 3508 3415 λέγω
3532 3364 3548 3381 ο

1984 3437 2291 3508 Εὐλογητὸς
2319 3437 2346 3488 6
2381 3438 2510 3500 Θεὸς
2541 3438 2636 3492 καὶ
2675 3440 2864 3511 Πατὴρ
2891 3439 2982 3494 τοῦ
3016 3441 3219 3511 Κυρίου
3251 3442 3406 3510 ὴμῶν
3447 3441 3549 3510 Ἰη-

1985 3528 2077 3581 σοῦ
2113 3529 2350 3598 Χριστοῦ
2381 3530 2408 3580 ὁ
2434 3528 2510 3582 ῶν
2530 3531 2611 3593 εἰς
2637 3533 2763 3595 τοὺς
2788 3533 3014 3597 αἰῶνας,
3039 3533 3101 3584 οὐ
3134 3533 3426 3602 ψεύδομαι,
3458 3538 3553 3587 καὶ

1981 3619 2172 3691 ὀμνύω
2226 3621 2304 3682 εἰς
2331 3621 2398 3673 τὰ
2428 3619 2560 3688 ἆγια
2606 3621 2701 3676 τοῦ
2753 3623 2889 3676 Θεοῦ
2922 3623 3253 3693 Εὐαγγέλια,
3305 3626 3384 3677 δτι
3413 3623 3554 3678 εἶδον

1984 3715 2085 3782 τὴν
2145 3714 2597 3784 ὑποπτευομένην
2651 3716 3083 3786 Πετραλοιφίναν
3159 3707 3560 3787 εἰσερχομένην

1983 3807 2072 3862 διὰ
2095 3811 2194 3876 τῆς
2221 3807 2390 3878 αὐλῆς
2415 3806 2506 3860 τοῦ
2540 3809 2907 3878 μοναστηρίου
2933 3809 3028 3862 καὶ
3057 3809 3444 3880 ἀπερχομένην
3472 3812 3554 3872 είς

1983 3899 2046 3953 τὸ
2076 3899 2287 3954 κελλίον
2321 3899 2416 3951 τοῦ
2467 3899 2869 3969 μητροπολίτου
2901 3901 3043 3970 μετὰ
3084 3901 3179 3954 καὶ
3221 3901 3425 3972 ἐτέρων
3457 3919 3557 3970 γυ-

1986 3992 2190 4046 ναικῶν
2216 3991 2388 4060 αὐτῆς
2430 3991 2712 4060 τεσσάρων
2738 3992 2880 4045 κατὰ
2929 3993 3020 4045 τὸν
3059 3993 3254 4064 καιρὸν
3285 3995 3385 4064 τῆς
3411 3994 3557 4063 ψαλ-

1991 4081 2197 4153 μῳδίας
2234 4081 2330 4135 τοῦ
2364 4081 2778 4151 μεσονυκτικοῦ,
2809 4083 2902 4135 καὶ
2932 4083 3143 4148 ἄλλοτε,
3173 4085 3263 4137 ὅτε
3292 4085 3557 4153 έψάλλετο

314 4179 536 4232 συνόδου
567 4175 712 4229 κατὰ
741 4174 837 4228 τοῦ
873 4173 1273 4245 μητροπολίτου
1301 4171 1583 4225 Φιλίππων
1611 4171 1882 4226 καθοσιώ-
1909 4196 1951 4252 C
1989 4178 2024 4247 ἡ
2059 4177 2297 4247 τετάρτη
2329 4175 2441 4246 ᾠδὴ
2470 4174 2606 4228 κατὰ
2630 4176 2721 4231 τὸν
2748 4175 2964 4248 ὄρθρον,
2993 4177 3129 4247 μετὰ
3152 4177 3244 4231 δύο
3276 4179 3557 4247 γυναικῶν

315 4286 451 4331 σεως
517 4268 795 4337 ἔγκλημα,
847 4265 1078 4329 οὗτινος,
1132 4264 1209 4327 ὼς
1259 4263 1428 4328 εἰκὸς,
1489 4262 1878 4333 ὲξεταξομένου

317 4360 594 4430 παρουσίᾳ
625 4361 719 4410 καὶ
764 4359 862 4411 τοῦ
904 4357 1196 4426 κρατίστου
1242 4354 1336 4408 καὶ
1366 4354 1523 4423 ἁγίου
1555 4371 1661 4424 μου
1717 4355 1879 4409 αὐτου

317 4453 581 4521 κράτορος
613 4447 815 4520 μεταξὺ
841 4447 950 4500 τῶν
979 4445 1228 4516 περὶτοῦ
1261 4445 1500 4500 τοιούτου
1537 4444 1880 4516 ἐγκλήματος

313 4543 624 4612 λεγομένων
654 4539 893 4610 ἁνέκυψέ
926 4557 1012 4603 τις
1047 4537 1210 4611 ἑτέρα
1253 4539 1558 4609 κατηγορία
1601 4539 1881 4610 ἐγκλήμα-

314 4650 402 4696 τος
445 4630 715 4702 μοιχικοῦ,
749 4631 878 4700 περὶ
912 4623 973 4684 οὗ
1002 4631 1094 4684 καὶ
1122 4627 1321 4698 πολλῆς
1353 4628 1448 4681 ml
1476 4628 1738 4698 ἀκριϐοῦς
1765 4627 1881 4695 ἐξε-

317 4726 526 4786 τάσεως
572 4725 870 4793 γενομένης
903 4723 1000 4792 ούχ
1032 4721 1180 4787 ἅπαξ
1232 4723 1324 4774 καὶ
1376 4721 1456 4790 δς
1487 4720 1582 4776 ml
1634 4722 1754 4792 τρὶς
1788 4719 1882 4773 καὶ

321 4818 603 4880 πολλάκις,
651 4816 949 4887 ἐπειδήπερ
980 4815 1166 4884 ἐδέησε
1199 4813 1494 4884 μαρτύρων
1535 4815 1612 4876 εἰς
1655 4816 1753 4882 τὴν
1783 4813 1882 4882 τῆς

319 4908 575 4973 ἀληθείας
611 4907 828 4976 εὕρεσιν
862 4907 956 4960 καί
986 4905 1352 4975 παράστασιν,
1377 4904 1746 4975 παρήχθησαν
1773 4905 1880 4956 ἀπὸ

314 5004 422 5057 τῶν
455 5002 867 5072 ὲνασκουμένων
901 4998 1149 5069 μοναχῶν
1172 5000 1238 5069 τῇ
1269 4996 1362 5050 τοῦ
1392 4997 1879 5066 Πρωτοσυγκέλλου

319 5095 590 5164 σεόασμίᾳ
622 5097 780 5164 μονῇ,
809 5080 928 5167 ἐνῇ
955 5093 1046 5144 ml
1077 5091 1234 5154 αὐτὸς
1260 5090 1358 5160 τὴν
1384 5090 1598 5160 οἴκησιν
1619 5093 1876 5155 ἐποιεῖτο,

1989 4284 2180 4332 αυτης.
2218 4286 2236 4318 ι

2073 4359 2198 4414 Ἑπί
2225 4360 2438 4423 τούτοις
2468 4361 2829 4434 ἀπῃτήθησαν
2869 4362 3002 4433 παρ’
3029 4361 3185 4432 ἡμῶν
3210 4363 3303 4415 καὶ
3328 4363 3484 4416 αὐτοὶ
3509 4365 3560 4416 οἰ

1988 4450 2050 4504 τὸ
2078 4451 2177 4521 τῆς
2220 4451 2600 4515 καθοσιώσεως
2655 4451 2910 4522 ἔγκλημα
2955 4452 3311 4524 κεκινηκότες
3352 4451 3560 4506 πιστῶν

1991 4543 2208 4608 σασθαι,
2239 4545 2353 4598 εῐτε
2377 4543 2466 4597 διὰ
2514 4544 2808 4616 μαρτύρων
2837 4546 2949 4599 εἴτε
2982 4546 3185 4615 τρόπον
3216 4545 3375 4599 ἄλλον
3397 4546 3561 4599 ἀναν.-

1988 4635 2246 4706 τίρρητον
2269 4636 2362 4689 καὶ
2387 4632 2604 4706 βέϐαιον
2633 4637 2702 4689 τά
2735 4636 2858 4689 κατ’
2885 4636 3037 4701 αὐτὸ,
3071 4637 3168 4691 καὶ¹
3197 4638 3319 4691 ἐπεὶ
3353 4638 3563 4707 μάρτυ-

1992 4746 2092 4799 ρας
2118 4727 2274 4782 οὐδὲν
2307 4723 2456 4798 εἶχον
2486 4729 2856 4797 παραγαγεῖν,
2892 4729 3126 4799 ἑτοίμως
3157 4729 3212 4782 δὲ
3242 4729 3309 4781 δι’
3333 4729 3560 4799 ὲνόρκου

1990 4818 2290 4885 ἀσφαλείας
2322 4820 2470 4888 ἔχειν
2498 4820 2567 4872 τὰ
2600 4819 2722 4872 κατ’
2753 4819 2886 4873 αὐτὸ
2917 4821 3189 4874 πιστῶσαι
3215 4819 3556 4884 διετείνοντο,

1989 4909 2222 4980 εὕρομεν
2245 4909 2302 4964 δὲ
2330 4909 2423 4962 καὶ
2446 4909 2595 4980 παρὰ
2619 4910 2726 4963 τῶν
2753 4910 2860 4981 πρὸ
2887 4910 3044 4980 ἡμῶν
3061 4911 3119 4963 ἐν
3146 4911 3257 4974 τοῖς
3284 4911 3558 4972 κωδικίοις

1987 5001 2326 5072 διαπράξεων
2355 5001 3103 5072 παραπλησίανξὲνδεδομένην
3122 5001 3220 5072 τὴν
3248 5003 3556 5071 δι’ὲνόρκου

1992 5095 2292 5163 ἀσφαλείας
2333 5097 2514 5148 πίστιν
2544 5095 2638 5148 καὶ
2662 5093 2955 5160 ἀπόδειξιν,
2984 5095 3252 5148 ἀκόλουθα
3285 5098 3557 5164 κατεπρά-

318 5192 345 5239 ό
381 5188 732 5257 ἱερομόναχος
777 5183 1100 5254 Γρηγόριος,
1137 5185 1164 5236 ὁ
1219 5183 1570 5254 ἱερομόναχος
1618 5183 1881 5252 Ἰερόοεος
1992 5191 2186 5259 ξαμεν,
2230 5189 2323 5242 καὶ
2354 5188 2417 5260 δὴ
2455 5188 2562 5242 τῶν
2610 5187 2781 5254 ἁγίων
2822 5185 3168 5255 Εύαγγελίων
3201 5186 3294 5239 τοῦ
3319 5187 3554 5257 Χριστοῦ

319 5282 413 5333 καὶ
443 5283 470 5334 ὁ
516 5280 761 5342 διάκονος
790 5280 884 5332 καὶ
919 5277 1150 5348 μοναχὸς
1197 5277 1520 5349 Γρηγόριος,
1555 5277 1749 5340 οἵτινες
1789 5277 1882 5330 καὶ
1991 5283 2358 5350 προτεθέντων
2397 5282 2482 5333 ἐπ’
2516 5280 2861 5350 Ἐκκλησίας,
2893 5279 3260 5349 ἠσφαλίσαντο
3287 5281 3440 5333 τάδε·

316 5372 469 5427 εἷπον
500 5373 594 5426 καὶ
625 5373 1020 5443 ἐμαρτύρησαν
1049 5371 1344 5441 ἐγγράφως
1373 5369 1579 5422 ταῦτα’
2061 5373 2100 5443 1-
2137 5391 2154 5424 ι
2199 5374 2342 5441 Ἐγὼ
2367 5377 2394 5427 ὁ
2423 5371 2611 5436 δοῦλος
2637 5372 2733 5425 τοῦ
2768 5372 3032 5442 κραταιοῦ
3075 5371 3171 5425 ml
3201 5372 3358 5440 ἁγίου
3400 5370 3558 5443 ἡμῶν

385 5466 424 5539 ἰ·
463 5485 482 5517 ι
534 5467 670 5536 Ἐγὼ
707 5471 733 5520 ὁ
769 5465 1118 5535 ἰερομόναχος
1154 5464 1453 5535 Γρηγόριος
1495 5462 1638 5530 λέγω
1667 5478 1680 5493 ⁸
1717 5461 1882 5515 Εὺλο-
1991 5467 2251 5519 αὐθέντου
2281 5465 2375 5518 καὶ
2414 5465 2681 5534 βασιλέως
2713 5465 2975 5528 σεϐαστὸς
3017 5464 3267 5534 Ἰωάννης
3299 5466 3326 5517 ὁ
3351 5464 3556 5532 Τριχᾶς

316 5561 484 5630 γητὶς
519 5562 547 5613 6
591 5561 723 5623 Θεὸς
767 5559 860 5613 καί
893 5558 1081 5628 Πατὴρ
1124 5557 1219 5610 τοῦ
1253 5557 1460 5626 Κυρίου
1509 5557 1665 5626 ἡμῶν
1706 5555 1881 5626 Ἰησοῦ
1916 5554 1958 5610 D
1987 5558 2172 5628 ὀμνύω
2207 5560 2286 5620 είς
2317 5559 2386 5612 τὰ
2419 5560 2552 5625 ἅγια
2583 5557 2679 5612 τοῦ
2709 5557 2844 5611 Θεοῦ
2890 5557 3202 5626 Εὑαγγέλια
3234 5558 3326 5610 καί
3353 5559 3433 5618 εἰς
3462 5555 3555 5607 τὸν

318 5651 556 5720 Χριστοῦ
585 5653 611 5702 6
657 5651 732 5704 ῶν
790 5653 867 5714 εἰς
899 5652 1025 5713 τοὺς
1077 5650 1298 5713 αἰῶνας,
1332 5650 1393 5700 ού
1445 5646 1737 5716 ψεύδομαι,
1788 5649 1880 5701 καί
1987 5649 2168 5717 τίμιον
2208 5649 2301 5702 καὶ
2327 5649 2590 5714 ζωοποιὸν
2617 5650 2876 5718 σταυρὸν,
2906 5650 2988 5702 ὅτι
3027 5648 3136 5703 άπὸ
3161 5647 3255 5702 τοῦ
3291 5647 3553 5717 στόματος

316 5741 502 5811 ὀμνύω
545 5743 624 5804 είς
661 5741 727 5794 τὰ
761 5742 890 5810 ἆγια
937 5743 1030 5797 τοῦ
1078 5739 1213 5794 Θεοῦ
1260 5739 1586 5808 Εὐαγγέλια,
1617 5738 1696 5793 ὅτι
1733 5735 1870 5793 εἶδον
1983 5740 2078 5793 τοῦ
2138 5740 2340 5809 ’Ᾱσάνη
2390 5741 2495 5809 κῦρ
2528 5742 2748 5812 Μιχαὴλ
2783 5740 2891 5809 ἔχω
2943 5741 3036 5794 καὶ
3072 5738 3230 5794 τοῦτο
3283 5739 3418 5807 μετὰ
3445 5736 3554 5789 τῶν
