4076 6264
468 353 604 417 1221

1539 348 1932 408 SYNODlC/E
1967 349 2655 418 CONSTITUTIONES.

3581 370 3774 433 12112-

466 466 713 521 ποιοῦσιν
758 458 908 521 οὗτοι
961 466 1028 537 δὴ
1075 467 1124 520 οί
1167 464 1264 534 τῆς
1315 464 1523 529 πόλεως
1569 464 1802 533 ἔποικοι,
1835 466 1918 520 ὅτι
1949 465 2042 520 τὸν
2073 495 2118 550 Α
2145 467 2290 522 οιδεν
2329 468 2526 532 αὐτοὺς
2575 469 2684 524 τῶν
2738 472 2812 542 μὴ
2858 473 3208 545 καθηκόντων
3252 480 3711 556 είργασμένουςῆ

463 558 650 612 δοῦλον
701 559 864 612 πλέον
893 559 988 610 τοῦ
1029 557 1291 610 δεσπότου
1335 556 1564 627 τιμῶσι,
1599 558 1699 639 καὶ
1752 558 2044 629 συναθροίο
2147 561 2243 614 καὶ
2266 564 2666 633 φρονήσαντας,
2711 564 2886 618 εἰπεῖν
2913 563 3070 619 τοῦτο
3099 568 3193 620 καὶ
3234 572 3466 642 φανερὸν
3497 574 3713 642 θέσθαι,

465 652 651 716 ζονται
685 653 786 720 μὲν
834 649 1156 720 παμπληθεὶ
1185 651 1263 712 εἰς
1299 649 1393 703 τὸν
1441 649 1571 704 ναὸν
1605 649 1700 706 τοῦ
1745 650 1906 720 ἁγίου
1943 668 2044 722 με-
2145 655 2308 718 αὐτὸς
2342 655 2682 720 ἐνστατικῶς
2707 656 2849 726 ἔχων
2875 652 2964 728 ἦν,
2994 660 3179 714 καὶτὰ
3213 661 3312 731 μὲν
3339 663 3438 732 τῆς
3477 682 3712 736 κατηγο-

464 743 885 814 γαλομάρτυρος
932 746 1028 796 καὶ⁹
1079 743 1419 812 μυροϐλύτου
1464 744 1809 814 Δημητρίου,
1852 743 1946 800 τὸν
1981 745 2040 800 δὲ

463 835 589 888 ναδν
616 835 710 888 τοῦ
731 835 1002 887 Δεσπότου
1030 835 1283 905 Σωτῆρος
1308 834 1548 905 Χριστοῦ
1576 834 2034 908 παρατρέχουσιν,

461 922 615 979 εἷπεν
648 925 798 995 αὐτῷ
828 925 992 995 δῆθεν
1019 927 1049 978 6
1081 926 1454 995 χαρτοφύλαξ,
1488 927 1575 980 δτι
1601 925 1764 982 πλέον
1799 928 2039 999 τιμῶσιν

459 1020 510 1070 οί
540 1017 966 1080 Θεσσαλονικείς
1002 1017 1091 1070 τὸν
1145 1018 1401 1088 μάρτυρα
1431 1015 1529 1072 τοῦ
1576 1017 1838 1088 Χριστοῦ.
1877 1020 2036 1074 Κατὰ

459 1109 516 1162 δὲ
546 1107 642 1161 τοῦ
695 1107 986 1161 σακελλίου
1020 1102 1142 1161 εἷπε
1191 1107 1314 1177 μὲν,
1350 1107 1430 1179 μὴ
1482 1109 1776 1178 γινώσκειν
1811 1127 1866 1163 τι
1915 1111 2034 1164 κατ’

459 1200 647 1265 αὐτοῦ,
683 1198 922 1253 ἀκοῦσαι
954 1198 1011 1253 δὲ
1063 1197 1216 1268 παρὰ
1258 1197 1355 1252 τοῦ
1386 1200 1592 1254 οἰκείου
1642 1201 1723 1270 τῷ
1753 1201 2034 1273 κρατίστῳ

461 1293 556 1345 καὶ
587 1291 730 1361 ἁγίῳ
767 1308 871 1360 μου
923 1291 1296 1361 αὐτοκράτορι
1338 1291 1443 1362 κῦρ
1469 1292 1748 1362 Γεωργίου
1778 1292 1872 1346 τοῦ
1914 1295 2035 1361 Ἀγ-

460 1385 642 1452 γέλου,
675 1383 758 1458 ὡς,
779 1384 838 1435 οὐ
873 1382 1086 1448 δοξάζει
1121 1382 1330 1454 νεκρῶν
1357 1384 1677 1438 ἀνάστασιν.
1712 1383 1832 1439 Τῶν
1856 1385 2031 1438 τοιού·

457 1491 566 1530 των
598 1474 692 1530 οὖν
746 1457 927 1530 άκοῶν
981 1473 1321 1543 λαληθεισῶν
1361 1475 1442 1545 τῷ
1487 1475 1630 1541 τότε,
1662 1476 1738 1539 ώς
1789 1476 2029 1548 εἴρηται,

457 1570 598 1621 κατὰ
627 1566 736 1621 τῶν
768 1569 1077 1638 εἰρημένων
1113 1569 1591 1638 ἐκκλησιαστικῶν
1621 1572 1778 1640 παρὰ
1801 1569 1895 1623 τοῦ
1921 1587 2031 1624 τοι-

363 1663 366 1666 ’
457 1660 618 1712 ούτου
650 1661 870 1714 Χιονίου
905 1659 1218 1733 ὐπερετέθη
1249 1663 1388 1726 τέως
1416 1663 1449 1734 ἡ
1477 1662 1605 1733 περὶ
1635 1662 1814 1716 αὐτῶν
1846 1663 2030 1728 ἐξέτα-

459 1770 542 1815 σις
575 1753 661 1806 διά
690 1752 753 1806 τὸ
781 1753 1038 1823 χηρεύειν
1062 1752 1162 1825 τὴν
1189 1754 1500 1822 ἁγιωτάτην
1527 1756 1864 1827 μητρόπολιν
1893 1756 2030 1810 Θεσι

2147 747 2272 817 ρίας
2300 747 2610 816 ἐκφεύγων,
2641 747 3128 818 διαϐεϐαιούμενος
3155 753 3234 819 δὲ,
3274 755 3441 823 μηδέν
3467 773 3520 808 τι
3550 759 3712 812 πλέον

2142 837 2286 909 ἔχειν
2325 838 2436 892 τῶν
2469 840 2780 910 εἰρημένων
2815 841 3012 907 εἰπεῖν,
3055 843 3178 896 οὐτε
3213 846 3350 900 κατὰ
3378 846 3472 899 τοῦ
3504 852 3709 904 οἰκονό-

2143 948 2270 1001 μου,
2303 931 2426 984 ούτε
2453 932 2596 986 κατὰ
2620 933 2713 985 τοῦ
2741 933 3178 1003 χαρτοφύλακος,
3218 939 3310 990 καὶ
3338 942 3518 1011 πολλῷ
3547 944 3708 997 πλέον

2145 1023 2221 1092 μὴ
2252 1021 2549 1090 γινώσκειν
2571 1022 2729 1092 ἐλεγέ
2753 1042 2804 1078 τι
2833 1026 2976 1078 κατὰ
3001 1027 3093 1079 τοῦ
3126 1029 3435 1090 σακε).λίου,
3473 1035 3710 1105 ἐσιτιμαρ⁴

2141 1117 2323 1185 τυρῶν
2357 1115 2474 1188 ἁμα
2507 1117 2659 1188 αὐτῷ
2688 1118 2753 1188 δὴ
2787 1119 2865 1190 τῷ
2912 1121 3197 1175 σακελλίου
3231 1125 3323 1175 καί
3353 1141 3475 1177 τινα
3505 1129 3707 1196 τρόπου

2139 1209 2422 1278 θεοφιλοῦς
2480 1210 2576 1262 καὶ
2631 1210 2858 1264 ἐπαίνου
2890 1210 3040 1276 ἄξια.
3079 1214 3139 1266 '0
3183 1217 3372 1282 μέντοι
3423 1218 3706 1270 σακε).λίου

2138 1302 2275 1371 πρὸς
2307 1303 2408 1372 τὴν
2442 1302 2745 1375 εἰρημένην
2780 1306 2902 1359 κατ’
2933 1306 3100 1359 αὐτοῦ
3149 1309 3482 1378 κατηγορίαν
3533 1312 3707 1381 ἀπην-

2111 1395 2317 1465 τηκὼς
2347 1396 2446 1448 καὶ
2499 1395 2947 1469 πληροφορήσας,
2979 1399 3053 1461 ὡς
3109 1400 3226 1469 ἔχει
3272 1400 3430 1470 δόξης
3489 1408 3613 1473 περί
3645 1423 3703 1457 τε

2132 1487 2232 1554 τῆς
2265 1486 2373 1540 τῶν
2404 1486 2617 1558 νεκρῶν
2650 1488 2998 1555 ἀναστάσεως
3035 1492 3128 1544 καὶ
3154 1493 3261 1544 τῶν
3299 1492 3476 1547 ἄλλων
3504 1494 3706 1562 δογμά-

2131 1596 2240 1632 των
2265 1579 2364 1649 τῆς
2404 1581 2758 1651 Ἐκκλησίας,
2785 1583 3104 1652 ἐνεφάνισεν
3127 1585 3316 1638 ἔπειτα
3349 1590 3443 1639 καὶ
3469 1589 3703 1657 γράμμα

2131 1671 2225 1725 τοῦ
2252 1673 2641 1745 διαληφθέντος
2679 1676 2885 1730 οἰκείου
2904 1676 2982 1746 τῷ
3010 1679 3283 1749 κρατίστῳ
3309 1679 3402 1732 καὶ
3430 1680 3571 1751 ἁγίῳ
3600 1699 3701 1750 μου

2133 1764 2497 1837 αὐτοκράτορι
2522 1767 2616 1820 τοῦ
2653 1767 2936 1837 Ἀγγέλου,
2959 1768 3096 1836 ὅπερ
3120 1769 3213 1822 καὶ
3247 1771 3324 1832 είς
3346 1771 3582 1842 ἐπήκοον
3607 1775 3703 1826 άτ-

457 1845 747 1916 σαλονίκης
769 1847 1076 1918 ἀρχιερέως
1090 1847 1508 1916 γνησίουοἚπεὶ
1528 1847 1587 1902 δὲ
1606 1847 1768 1902 πάλιν
1787 1849 2026 1920 ἐλαλήθη
2055 1827 2104 1888 Β
2133 1827 2402 1926 εγνώσθη,
2430 1827 2551 1928 έχον
2577 1861 2664 1911 ἐπ’
2679 1827 2860 1914 αὐτῶν
2881 1827 2988 1914 τών
3007 1827 3204 1925 λέξεων
3222 1827 3452 1931 οὑτωσί·⁶
3467 1881 3484 1914 ι
3506 1863 3564 1916 '0
3579 1864 3701 1917 δοῦ-

453 1935 628 1991 ταῦτα
658 1938 752 1989 καὶ
786 1936 882 1990 ἐπὶ
920 1937 1016 2008 τῆς
1048 1937 1211 2007 ήμῶν
1242 1938 1599 2010 μετριότητος
1631 1939 1726 1992 καὶ
1768 1940 1864 2010 τῆς
1897 1941 2028 2012 περὶ⁹

454 2026 624 2096 αὐτὴν
650 2029 802 2098 ίερᾶς
841 2029 936 2082 καὶ
967 2029 1120 2092 θείας
1154 2029 1372 2084 συνόδου
1405 2030 1764 2102 ἐξεταζούσης
1786 2032 1854 2085 τά
1887 2035 2028 2086 κατὰ

456 2120 549 2172 τὸν
573 2119 818 2186 Χιόνιον,
848 2123 1126 2194 παρουσίᾳ
1157 2125 1252 2178 καὶ
1281 2123 1376 2176 τοῦ
1418 2123 1709 2193 κρατίστου
1753 2123 1848 2177 καὶ
1868 2126 2026 2194 ἁγίου

455 2228 559 2281 μου
584 2213 1009 2283 αὐτοκράτορος,
1037 2214 1134 2268 καὶ
1158 2211 1353 2284 ἐκρίθη
1373 2215 1652 2285 προσῆκον
1679 2210 1824 2270 εἶναι
1841 2217 1932 2269 καὶ
1951 2216 2029 2270 δί-

453 2319 632 2369 καιον,
652 2305 940 2374 ἐπιστῆναι
973 2305 1067 2359 καὶ
1089 2305 1288 2369 αὐτοὺς
1304 2305 1385 2370 είς
1404 2306 1503 2377 τὴν
1525 2306 1762 2372 σύνοδον,
1783 2308 2027 2378 γράψαν-

453 2406 545 2457 τες
575 2393 969 2466 ἐπεσκήψαμεν
993 2395 1178 2459 αὐτοῖς
1201 2396 1508 2467 ἐπιστῆναι,
1536 2395 1688 2451 ἐνθεν
1705 2415 1785 2451 τοι
1810 2398 1904 2452 καὶ
1935 2399 2024 2452 ὐπ’

453 2485 748 2548 ἀσθενείας
780 2487 897 2552 ἅμα
944 2488 1040 2540 καὶ
1071 2488 1260 2557 γήρως
1284 2487 1389 2559 τῆς
1420 2488 1558 2558 πρὸς
1590 2489 1739 2560 ἡμᾶς
1781 2488 2024 2559 ἅψασθαι

454 2575 810 2632 κωλυθέντων
857 2577 956 2631 τοῦ
988 2579 1278 2650 οἰκονόμου
1315 2596 1377 2633 τε
1419 2579 1516 2633 καὶ
1542 2579 1636 2632 τοῦ
1680 2580 2026 2650 χαρτοφύλα-

456 2685 572 2732 κος.
599 2669 808 2724 ᾶνεισὶν
863 2670 891 2722 6
925 2669 1216 2724 σακελλίου
1268 2671 1490 2738 σύναμα
1536 2671 1614 2741 τῷ
1646 2672 1741 2724 ἐπὶ
1790 2671 2024 2743 θυγατρὶ

454 2761 692 2832 γαμϐρῷ
719 2762 814 2815 τοῦ
847 2762 1262 2835 χαρτοφύλακος
1305 2763 1384 2834 τῷ
1416 2765 2023 2834 Παμφίλῳ,ξηέπιστάντι

453 2853 649 2923 δικαίῳ
681 2853 779 2907 τοῦ
814 2855 1058 2909 τοιούτου
1105 2845 1372 2926 πενθεροῦ
1407 2854 1600 2922 αὐτοῦ,
1651 2851 1871 2926 γραφὰς
1901 2857 2022 2910 ἐπι-

457 2945 747 3016 φερόμενοι
789 2949 883 3001 καὶ
916 2949 1098 3002 αὐτῶν
1133 2947 1341 3002 τούτων
1377 2948 1808 3018 άπολογητικάς,
1840 2949 1922 3003 ἔτι
1957 2955 2023 3003 ’σε

458 3041 552 3093 καὶ
607 3041 806 3093 σεπτὸν
841 3042 1173 3111 πρόσταγμα
1225 3041 1321 3094 τοῦ
1372 3044 1666 3111 κρατίστου
1720 3043 1816 3095 καὶ
1863 3041 2022 3110 ἁγίου

2130 1947 2220 2011 λος
2239 1948 2330 2001 τοῦ
2354 1950 2646 2021 κρατίστου
2674 1952 2768 2006 καὶ
2798 1952 2955 2020 ἁγίου
2982 1952 3138 2021 ἡμῶν
3157 1952 3414 2006 αὐθέντου
3431 1955 3523 2007 καὶ
3547 1954 3699 2025 βασι-

2129 2038 2265 2102 λέως
2283 2040 2550 2108 Γεώργιος
2569 2044 2596 2096 6
2618 2043 2884 2112 Ἀγγελος
2900 2045 2960 2097 τὸ
2972 2045 3144 2114 παρὸν
3162 2046 3396 2116 γράμμα
3413 2047 3574 2112 ποιῶ,
3600 2053 3698 2104 κά-

2125 2131 2298 2185 τωθεν
2339 2133 2547 2200 μέλλων
2579 2133 2924 2204 ὑπογράφειν
2955 2136 3107 2201 αὐτὸ,
3136 2137 3204 2190 δι’
3237 2131 3300 2192 οὗ
3324 2136 3388 2206 δή
3422 2141 3515 2191 καὶ
3557 2142 3698 2209 λέγω

2126 2223 2220 2275 καὶ
2247 2221 2682 2293 ἐξασφαλίζομαι
2707 2226 2943 2279 ἐνώπιον
2980 2225 3078 2279 τοῦ
3104 2227 3239 2281 Θεοῦ
3263 2229 3357 2282 καὶ
3386 2232 3496 2283 τῶν
3526 2233 3694 2298 ἁγίων

2127 2314 2379 2382 ἀγγέλων
2402 2313 2746 2384 ἀληθεύσειν·
2771 2317 2895 2369 ἐπεὶ
2926 2320 3037 2388 γὰρ
3067 2320 3175 2388 πρὸ
3207 2321 3401 2389 καιροῦ
3439 2323 3540 2376 οὐκ
3582 2325 3694 2376 ὀλί-

2125 2422 2226 2474 γου
2280 2406 2552 2470 όΧιόνιος
2603 2407 2907 2477 ἐλεγχθεὶς,
2955 2409 3036 2473 είς
3088 2411 3208 2464 οἵαν
3257 2413 3516 2466 ἐνέπεσεν
3565 2416 3694 2467 ἀσέ-

2127 2497 2312 2563 ϐειαν,
2337 2505 2640 2571 κατήγορος
2677 2501 2871 2570 γέγονε
2925 2501 3234 2573 προσώπων
3280 2506 3464 2572 τινῶν,
3510 2509 3602 2560 καὶ
3627 2508 3692 2577 δὴ

2127 2587 2268 2655 μετὰ
2310 2589 2421 2641 τῶν
2473 2589 2651 2644 ἄλλων
2703 2590 2799 2643 τοῦ
2861 2592 3150 2647 σακελλίου
3185 2593 3280 2648 τοῦ
3314 2595 3628 2668 Βρυεννίου·
3660 2601 3694 2668 ἡ

2123 2679 2192 2742 δὲ,
2251 2679 2374 2732 κατ’
2395 2681 2562 2734 αὐτοῦ
2610 2684 2920 2753 κατηγορία
2995 2681 3066 2754 ἦν
3110 2686 3337 2754 τοιαύτη
3394 2689 3693 2758 λαληθεῖσα

2125 2769 2355 2825 ινώπιον
2383 2771 2482 2839 τῆς
2513 2773 2847 2844 συγκλήτου,
2901 2774 2984 2827 ὅτι
3017 2764 3221 2846 ἢκουσε
3276 2780 3406 2847 παρ’
3436 2781 3570 2850 ἐμοῦ
3617 2784 3694 2831 εἱ-

2124 2862 2339 2928 πόντος,
2369 2861 2444 2924 ὡς
2485 2862 2545 2914 οὐ
2575 2862 2793 2928 δοξάζει
2838 2864 3134 2918 ἀνάστασιν
3163 2867 3192 2917 6
3221 2867 3463 2934 τοιοῦτος
3495 2871 3692 2923 σακε).-

2123 2953 2584 3019 λίου,κὰντεῦθεν
2635 2955 2932 3026 ήρωτήθην
2990 2957 3091 3026 μὲν
3121 2960 3215 3012 καὶ
3267 2961 3390 3015 τότε
3425 2962 3529 3015 ὑπὸ
3586 2963 3690 3034 τῆς

2123 3043 2459 3113 συγκλήτου,
2491 3044 2582 3097 καὶ
2621 3040 2776 3098 είπον
2808 3047 2904 3098 καὶ
2950 3047 3107 3112 τότε,
3137 3048 3174 3104 ἃ
3229 3049 3409 3119 μέλλω
3457 3055 3552 3107 καὶ
3597 3057 3692 3106 νῦν

457 3148 562 3201 μου
614 3132 1042 3203 αὐτοκράτορος,
1105 3131 1478 3201 διοριζόμενον
1533 3131 1898 3202 ἐξετασθῆναι
1943 3134 2016 3186 τά
2041 3177 2089 3238 c
2127 3129 2293 3204 ἐρεῖν,
2323 3133 2618 3204 ἠρωτήθην
2647 3134 2706 3188 δὲ
2738 3135 2836 3189 καὶ
2890 3135 2989 3190 νῦν
3041 3137 3147 3192 ὐπὸ
3216 3139 3312 3192 τοῦ
3373 3141 3688 3210 άγιωτάτου

455 3222 576 3276 κατ’
613 3223 812 3286 αὐτοὺς
867 3226 962 3278 καὶ
1009 3224 1482 3294 ἀποκαταστῆναι.
1522 3225 1634 3278 Καὶ⁵
1677 3225 1743 3296 δὴ
1795 3225 2016 3280 συνόδου
2045 3222 2089 3238 ’⁵
2124 3241 2230 3295 μου
2254 3225 2512 3278 δεσπότου
2533 3225 2629 3279 τοῦ
2661 3230 3074 3297 πανιερωτάτου
3110 3233 3510 3302 μητροπολίτου
3557 3237 3691 3288 Θεσ-

456 3314 924 3384 συγκροτηθείσης
953 3315 1196 3380 γίνονται
1228 3315 1310 3379 εἰς
1341 3315 1514 3386 αὐτὴν
1557 3317 1894 3388 μετάκλητω
1923 3319 2017 3373 καί

452 3407 504 3460 οί
534 3407 660 3477 εὐρε
674 3407 857 3468 θέντες
891 3407 1126 3461 ἐνταῦθα
1155 3409 1255 3479 τῆς
1292 3409 1623 3480 συγκλήτου,
1653 3413 1682 3464 6
1713 3413 2018 3482 περιπόθη-

453 3517 547 3564 τος
579 3501 828 3572 δηλονότι
859 3499 1148 3571 ἐξάδελφος
1169 3503 1263 3554 τοῦ
1286 3503 1578 3571 κρατίστου
1605 3503 1698 3556 καὶ
1727 3503 1884 3572 ἁγίου
1913 3523 2015 3573 μου

455 3593 858 3664 αὐτοκράτορος
903 3592 1011 3664 κῦρ
1077 3592 1420 3662 Ἀνδρόνικος
1471 3594 1499 3645 6
1550 3594 1931 3662 Παλαιολόγος,
1988 3597 2016 3649 6

456 3687 832 3756 συμπένθερος
852 3683 948 3738 τοῦ
976 3685 1274 3754 κρατίστου
1308 3688 1399 3738 καὶ
1433 3683 1593 3751 ἁγίου
1618 3701 1721 3753 μου
1749 3687 2016 3755 αὐτοκρά-

449 3792 609 3846 τορος
640 3779 732 3829 ἐπὶ
761 3776 858 3845 τῆς
887 3773 1192 3846 τραπέζης,
1239 3771 1346 3845 κῦρ
1380 3773 1652 3845 Γεώργιος
1682 3775 1956 3844 Χοῦμνος,
1986 3778 2013 3830 6

451 3869 594 3931 θεῖος
619 3867 716 3920 τοῦ
765 3868 1062 3939 κρατίστου
1097 3867 1192 3920 καὶ
1235 3865 1395 3935 ἁγίου
1435 3882 1537 3935 μου
1587 3866 2011 3936 αὐτοκράτορος,

451 3962 625 4031 μέγας
655 3959 1015 4030 δρουγγὰριος
1058 3959 1162 4030 κῦρ
1195 3997 1212 4014 .
1257 3997 1276 4015 .
1312 3998 1328 4014 .
1358 3961 1386 4012 6
1419 3958 1709 4028 Τορνίκης,
1744 3960 1772 4012 6
1812 3961 2013 4021 οἰκεῖος

447 4053 533 4124 ’τῷ
563 4052 839 4123 κρατίστῳ
869 4052 963 4104 καὶ
1012 4051 1155 4123 ἁγίῳ
1187 4069 1290 4122 μου
1324 4051 1691 4136 αὐτοκράτορι
1732 4054 2014 4122 πρωτοαλ-

450 4145 704 4216 λαγάτωρ
733 4145 841 4215 κῦρ
872 4181 888 4197 .
923 4182 939 4198 .
976 4182 991 4196 .
1025 4181 1041 4198 .
1063 4173 1096 4199 -ι
1127 4144 1223 4196 καὶ
1266 4143 1469 4213 ἕτεροι,
1501 4143 1925 4214 ἁρχιμανδρῖταί
1953 4161 2013 4196 τε

452 4241 551 4292 σύν
592 4235 806 4299 τούτοις
833 4236 932 4289 καὶ
969 4233 1380 4304 καθηγούμενοι
1411 4235 1520 4287 τῶν
1564 4233 1802 4289 ἐνταῦθα
1846 4235 2013 4288 σεϐα·

456 4329 632 4397 σμίων
666 4327 842 4396 μονῶν
873 4323 969 4377 καὶ
1017 4324 1125 4376 ἀπὸ
1157 4323 1265 4375 τῶν
1303 4323 1618 4393 προκρίτων
1652 4323 1885 4376 πολιτῶν
1913 4327 2015 4377 οὐκ

449 4419 646 4488 ὀλίγοι,
685 4418 999 4487 παράγεται
1049 4416 1228 4468 δὲκαὶ
1257 4416 1286 4467 6
1310 4417 1523 4479 Χιόνιος
1563 4416 1655 4468 ἐπὶ
1694 4416 1788 4469 τοῦ
1818 4418 2012 4485 μέσου,

2122 3315 2434 3386 σαλονίκης,
2470 3316 2778 3387 ὐηρτίμου
2825 3317 2924 3371 καὶ
2981 3317 3217 3390 ἐξάρχου
3249 3324 3434 3392 πάσης
3488 3324 3692 3378 Θεττα-

2119 3405 2261 3471 λίας,
2317 3405 2434 3469 μετ’
2465 3407 2744 3476 ἐπιτιμίου
2778 3409 3092 3479 άφορισμοῦ
3127 3412 3361 3466 ἐνώπιον
3389 3414 3484 3467 τοῦ
3533 3433 3688 3484 περι-

2118 3495 2358 3566 ποθήτου
2417 3497 2672 3566 γαμϐροῦ
2709 3497 2805 3552 τοῦ
2837 3501 3128 3567 κρατίστου
3175 3504 3270 3556 καὶ
3326 3505 3483 3573 ἁγίου
3529 3508 3686 3576 ἡμῶν

2118 3583 2376 3637 αὐθέντου
2409 3589 2504 3638 καὶ
2541 3585 2810 3656 βασιλέως
2839 3587 2936 3641 τοῦ
2969 3591 3264 3661 πιγκέρνη,
3323 3597 3435 3645 τῶν
3465 3597 3684 3648 οἰκείων

2116 3674 2194 3744 τῷ
2223 3677 2499 3746 κρατίστῳ
2536 3681 2633 3733 καὶ
2658 3679 2802 3750 ἁγίῳ
2833 3681 2990 3752 ήμῶν
3029 3682 3262 3756 αὐθέντῃ
3309 3686 3408 3739 καὶ
3447 3687 3680 3756 βασιλεῖ,

2116 3768 2506 3824 πανσεϐάστου
2544 3771 2793 3842 ἐπάρχου
2825 3773 2935 3825 τῶν
2972 3775 3224 3844 μεγάλων
3253 3777 3682 3850 ἀδνουμιαστῶν,

2115 3861 2210 3914 τοῦ
2243 3877 2304 3914 τε
2343 3862 2547 3914 ’Υαλέα
2579 3863 2702 3932 κῦρ’
2744 3862 3009 3932 Ἀλεξίου,
3052 3867 3145 3918 καὶ
3177 3867 3272 3920 τοῦ
3310 3870 3551 3924 Κωκαλᾶ
3576 3871 3684 3940 κῦρ

2120 3957 2426 4027 Γεωργίου,
2458 3956 2552 4008 τοῦ
2585 3956 2777 4027 κριτοῦ
2808 3955 2904 4009 τοῦ
2961 3959 3368 4030 θεοφρουρήτου
3428 3965 3685 4030 φωσάτου

2103 4049 2208 4101 ’τοῦ
2239 4047 2604 4117 Σεναχηρεὶμ,
2635 4045 2729 4099 τοῦ
2754 4048 3133 4120 ἑταιρειάρχου
3155 4050 3249 4103 τοῦ
3267 4051 3682 4124 Γλαϐὁῖ,παρὸν-

2114 4159 2202 4204 :0;
2229 4139 2428 4194 καὶτοῦ
2462 4139 2745 4192 καθολικοῦ
2773 4138 2961 4210 κριτοῦ
2982 4139 3089 4192 τῶν
3119 4139 3686 4214 Ῥωμαίων,μεγάλου

2114 4232 2389 4301 διοικητοῦ
2443 4228 2538 4282 τοῦ
2566 4231 2769 4296 Γλαϐᾶ,
2805 4230 2908 4300 ῆδη
2935 4229 3056 4283 ὅσον
3084 4233 3360 4299 γινώσκω,
3406 4233 3487 4286 ὅτι
3528 4229 3682 4287 είπον

2117 4323 2354 4394 βεϐαίως
2387 4324 2478 4375 καὶ
2501 4322 2971 4392 ὁμολογουμένως,
3004 4323 3147 4390 λέγω
3206 4324 3361 4376 τοῦτο
3393 4327 3534 4395 μετὰ
3576 4329 3681 4380 πά-

2119 4431 2215 4484 σης
2251 4414 2530 4484 ἀληθείας,
2565 4413 2914 4483 μεμνημένος
2963 4413 3063 4481 μέν
3113 4414 3206 4464 καὶ
3264 4415 3367 4480 τῆς
3386 4415 3479 4468 τοῦ
3534 4417 3672 4467 Θεοῦ

450 4512 679 4565 καὶτῶν
704 4507 1121 4578 άπολογητικῶν
1159 4509 1505 4576 γραμμάτων
1554 4508 2012 4576 ἀναγνωσθέντων
2045 4525 2088 4580 ι)
2118 4507 2352 4576 φοϐερᾶς
2403 4506 2657 4575 κρίσεως,
2693 4505 2904 4574 βλέπων
2935 4505 2994 4555 δὲ
3038 4508 3132 4558 καὶ
3169 4509 3307 4576 πρὸς
3359 4509 3449 4558 τὸν
3496 4513 3681 4561 ὲπιτξ-
3744 4555 3780 4588 ’.

449 4605 508 4656 ἐν
541 4603 766 4672 ἐπηκόῳ
798 4603 891 4652 καὶ
917 4598 1222 4664 διεξιόντων
1245 4599 1382 4670 πρὸς
1408 4603 1522 4661 τοῖς
1547 4599 1746 4664 ἄλλοις,
1781 4599 1875 4652 τοῦ
1914 4603 2012 4669 μὲν

447 4696 758 4764 οἰκονόμου,
788 4693 862 4755 ὡς
888 4689 1146 4760 οὐδεμίαν
1169 4685 1282 4759 εἶχε
1313 4691 1434 4756 μετ’
1461 4689 1629 4742 αὐτοῦ
1665 4690 2011 4744 οὐδεπώποτε

452 4787 738 4841 κοινωνίαν
772 4785 806 4854 ἦ
835 4800 956 4838 τινα
986 4780 1203 4850 ὁμιλίαν
1231 4767 1526 4842 δ’Χιόνιος,
1557 4779 1672 4834 ἁλλ’
1705 4781 1792 4834 ἀεὶ
1815 4781 1908 4834 καὶ
1943 4781 2010 4833 δι’

449 4881 648 4951 ἔχθρας
681 4873 750 4948 ἦν
782 4877 919 4945 πρὸς
949 4874 1136 4938 αὐτὸν,
1158 4872 1252 4925 τοῦ
1283 4871 1700 4942 χαρτοφύλακος
1731 4872 1810 4939 δέ,
1843 4873 1916 4933 ώς
1942 4872 2008 4924 δι’

447 4973 600 5027 οὐδὲν
638 4970 788 5036 ἄλλο,
823 4967 941 5021 ἀλλ’
974 4967 1005 5036 ἢ
1041 4967 1128 5019 διά
1160 4966 1258 5035 τὴν
1292 4964 1594 5034 εἰρημένην
1639 4966 1898 5033 ἀνωτέρω
1923 4967 2010 5018 αξ-

445 5066 565 5118 τίαν
591 5065 691 5132 τῆς
723 5064 802 5123 είς
850 5061 1047 5122 αὐτοὺς
1082 5059 1282 5128 ἔχθρας
1314 5059 1378 5109 τὰ
1419 5057 1646 5110 τοιαῦτα
1680 5057 1800 5109 κατ’
1831 5057 2010 5108 αὐτῶν

444 5158 711 5226 ἐλάλησεν
740 5157 768 5207 6
803 5154 1037 5214 Χιόνιος,
1066 5151 1173 5203 τῶν
1205 5151 1465 5202 τοιούτων
1502 5150 1844 5218 γραμμάτων
1880 5153 2009 5200 ἐπα-

449 5249 763 5319 κροώμενος
795 5244 888 5296 καὶ
938 5240 1103 5302 αὐτὸς
1135 5239 1458 5306 διωμολόγει
1491 5240 1558 5289 τὰ
1597 5239 1884 5307 εἰρημένα,
1917 5241 2009 5290 καὶ

447 5341 651 5406 ταύτην
687 5335 828 5390 εἶναι
864 5337 961 5388 κα)⁴
993 5335 1162 5402 μόνην
1196 5332 1347 5399 ἔλεγε
1377 5332 1476 5400 τὴν
1507 5331 1706 5392 αἰτίαν,
1737 5331 1802 5382 δι’
1825 5333 1888 5401 ἣν
1917 5332 2009 5382 καὶ

449 5431 571 5486 κατ’
599 5430 779 5483 αὐτῶν
825 5428 1088 5499 ἐξηνέχθη
1148 5425 1225 5496 τῷ
1259 5425 1400 5490 τότε,
1438 5423 1626 5492 ἐπειδὴ
1656 5422 1801 5475 οὗτοι
1849 5424 2007 5474 κατέ-

445 5541 589 5592 γνων
621 5521 784 5574 αὐτοῦ
833 5521 926 5572 καὶ
972 5518 1413 5588 κατεψηφίσαντο
1462 5516 1888 5583 ἐκφαυλίσαντες
1920 5517 2006 5565 ἐπ’

457 5615 780 5684 Ἐκκλησίας
809 5614 1094 5682 πρότερον,
1123 5607 1240 5664 εἶτα
1259 5611 1352 5663 καὶ
1371 5608 1666 5676 καθείρχθη
1699 5607 1788 5658 ὑπ’
1815 5609 2006 5664 αἰτίοις

446 5709 654 5766 αὐτοῖς,
690 5705 764 5772 μὴ
804 5703 1106 5754 συνειδέναι
1144 5701 1197 5753 δέ
1230 5717 1280 5751 τι
1335 5701 1457 5752 κατ’
1485 5699 1666 5750 αὐτῶν
1696 5696 2002 5756 διετείνετο,

452 5802 611 5872 ἡμῶν
642 5800 696 5851 δὲ
724 5799 898 5850 καίτοι
932 5797 1094 5850 πολλὰ
1125 5796 1283 5849 αὐτὸν
1318 5790 1686 5864 βιασαμένων,
1715 5791 1764 5841 ε³’
1797 5804 1846 5838 τι
1881 5786 1996 5837 σύν-

2117 4601 2278 4652 θὲντα
2337 4615 2431 4664 μοι
2488 4597 2918 4665 μετ’ἐπιτιμίου
2974 4599 3302 4666 ἁφορισμόν.
3373 4601 3523 4652 Ἐπεὶ
3571 4604 3682 4672 γὰρ

2115 4693 2304 4760 ἐδέησε
2359 4689 2611 4755 γενέσθαι
2657 4688 2938 4754 δισζύγιον
2993 4693 3144 4756 παρὰ
3196 4691 3296 4757 τῆς
3356 4692 3686 4758 Ἐκκ).ηοία;

2115 4782 2248 4849 ἐμοῦ
2275 4797 2331 4832 τε
2351 4781 2560 4848 καὶτῆς
2588 4779 2837 4846 γυναικός
2869 4796 2992 4847 μου,
3022 4776 3086 4850 ἦς
3107 4777 3268 4850 εἶχον,
3290 4784 3473 4851 ὲόέητε
3502 4788 3555 4835 δε
3591 4803 3680 4851 ys,-

2114 4872 2297 4926 νέσθαι
2325 4872 2608 4940 ὑπηρέτην
2647 4871 2742 4923 τοῦ
2779 4870 3024 4923 τοιούτου
3091 4873 3418 4942 γράμματος
3457 4878 3545 4927 τὸν
3589 4879 3684 4946 δη-

2113 4964 2355 5016 λωθέντα
2405 4963 2706 5024 σακελλίου,
2769 4958 2884 5032 εἶχε
2929 4963 2983 5014 δὲ
3021 4961 3208 5034 ὕϐρεις
3264 4966 3387 5017 κατ’
3427 4967 3563 5034 ἐμοῦ
3617 4970 3676 5018 τ),

2114 5054 2354 5107 τοιοῦτον
2393 5053 2692 5119 διαζύγιον,
2722 5053 2986 5125 λυπηθεὶς
3046 5052 3158 5123 ἐγὼ
3186 5054 3300 5122 ἅμα
3335 5058 3434 5125 μὲν
3463 5059 3552 5108 καί
3586 5059 3677 5108 διὰ

2113 5145 2386 5212 κεφάλαιά
2433 5161 2552 5196 τινα
2595 5145 2692 5213 τῆς
2741 5144 2973 5214 κρίσεως
3034 5147 3546 5217 ἐμπεριειλημμένα
3595 5149 3674 5217 τῷ

2112 5238 2334 5304 τοιούτῳ
2365 5237 2648 5304 διαζυγίῳ,
2681 5235 2766 5306 ἐφ’
2795 5233 2876 5301 οἷς
2935 5237 3278 5307 ἐλογιζόμην,
3313 5239 3396 5290 ὅτι
3455 5239 3676 5304 :16:on-

2113 5347 2242 5398 μην,
2274 5330 2388 5397 ἅμα
2419 5329 2473 5381 δὲ
2505 5330 2598 5382 καὶ
2624 5329 2711 5382 διὰ
2734 5332 2790 5381 τι
2836 5311 2970 5382 πολὺ
2999 5331 3094 5382 καὶ
3125 5331 3358 5399 σκληρὸν
3396 5329 3490 5382 καὶ
3536 5333 3679 5398 ἀφόρ

2111 5438 2272 5490 ρητον
2302 5423 2409 5473 τῶν
2443 5423 2562 5475 κατ’
2588 5421 2720 5492 ἐμοῦ
2761 5422 2973 5492 ὕϐρεων
3036 5423 3347 5491 ἐξηνέχθην,
3399 5421 3672 5490 ὁμολογῶ,

2109 5515 2202 5566 καὶ
2234 5510 2406 5565 εἷπον·
2442 5513 2635 5583 Κύριε,
2667 5514 2914 5582 ἐλέησον⁶
2953 5516 3044 5566 καὶ
3080 5513 3323 5565 πιστεύει
3373 5516 3400 5566 6
3453 5517 3670 5583 γράψας

2105 5602 2280 5656 ταῦτα
2304 5605 2596 5657 ανάστασιν
2629 5607 2660 5672 ἢ
2689 5607 2886 5673 κρίσιν,
2917 5605 3010 5656 καὶ
3051 5605 3253 5673 γράφει
3279 5604 3506 5658 τοιαῦτα
3541 5604 3664 5658 κατ’

2108 5696 2241 5763 ἐμοῦ
2274 5715 2286 5760 ;
2330 5697 2418 5757 Ὠ,
2459 5697 2729 5762 φαίνεται,
2770 5695 2968 5763 ἀσεϐής
2999 5699 3136 5762 ἐστι,
3166 5697 3258 5747 καὶ
3288 5696 3561 5752 διαϐάλλει
3592 5713 3668 5766 με

2107 5786 2302 5851 οῦτως,
2340 5789 2418 5840 ὅτι
2450 5785 2735 5858 περιπατῶ
2775 5785 2882 5850 ἐγὼ
2915 5790 2993 5848 εἰς
3017 5787 3292 5857 καπηλεῖα
3317 5791 3407 5842 καὶ
3443 5793 3681 5857 ἀδιαφυο,
