4010 6258
291 301 431 402 ιεξὲ)

1345 296 1738 395 smomcx
1779 333 2470 396 CONSTITUTIONES.

3410 332 3543 394 1326

290 454 497 521 κτῆρας
533 449 625 500 κοιλ¹
656 442 969 516 ἐπικλήσεις
1003 447 1275 514 δαιμόνων
1307 447 1621 502 ἐκτίθεσθαι
1645 448 1740 502 καὶ
1775 446 1864 500 διά
1899 454 1943 510 Α
1982 462 2144 513 τοχον
2184 445 2295 496 ἀπὸ
2325 444 2429 496 τῶν
2463 443 2717 496 τοιούτων
2747 443 3020 513 ἀθεμίτων
3065 443 3156 495 καὶ
3209 441 3423 495 ἀτόπων
3455 445 3544 510 ἐρ-

289 543 464 597 ταῦτα
501 538 700 608 ίκανῶς
731 538 1138 607 τιμωρηθέντα,
1172 536 1363 589 ἔπειτα
1388 537 1446 590 δέ
1473 537 1568 589 καὶ
1594 539 1669 600 εἰς
1693 537 1754 590 τὸ
1789 539 1864 589 ίε-

295 633 386 702 ρὺν
417 633 687 684 ἐκδικεῖον
719 630 1206 699 παραπεμφθέντα
1236 630 1340 681 ἐπὶ
1372 628 1453 697 τῷ
1481 628 1671 683 λαϐεῖν
1697 628 1863 698 θερα-

293 722 456 774 πείαν
488 723 583 773 καὶ
605 719 1152 790 ἐξομολογησάμενον
1206 719 1304 792 κὶαῖι
1337 717 1863 787 ἀποθεραπευθῆναι

294 811 460 864 αὐτοῦ
493 813 560 864 τά
586 809 684 862 τοῦ
720 811 1036 876 σφάλματος
1093 809 1373 878 δεηθέντα,
1411 808 1676 877 τάττομεν
1705 809 1865 860 αὑτὸν

292 901 547 954 ἵστασθαι
577 901 682 965 ἔξω
711 901 812 968 τῆς
855 900 1193 968 Ἐκκλησίας
1220 899 1535 970 ψαλλούσης
1583 901 1680 952 καὶ
1728 916 1858 967 συγ-

293 993 538 1064 χώρησιν
559 989 856 1058 αἷτεῖσθαι,
893 992 969 1055 ὡς
1009 991 1152 1058 ἐθος,
1208 991 1356 1060 παρά
1403 991 1512 1043 τῶν
1543 988 1866 1060 εἰσερχομέ-

294 1103 398 1137 νων
432 1084 684 1136 ἀπάντων
722 1083 816 1133 καὶ
838 1081 1233 1152 ἐξερχομένων,
1274 1081 1414 1149 μετά
1443 1081 1500 1133 δὲ
1536 1083 1634 1149 τὴν
1664 1081 1865 1133 ἀπόλυ-

294 1192 376 1227 σιν
405 1173 748 1243 είσέρχεσθαι
779 1174 874 1227 καὶ
899 1174 1242 1240 προσκυνεῖν
1269 1172 1360 1226 καὶ
1381 1171 1726 1234 ἀσπάζεσθαι
1767 1170 1866 1232 τάς

292 1266 454 1330 ἀίίας
478 1267 716 1328 εἰκόνας,
748 1265 1031 1332 νηστεύειν
1061 1280 1120 1314 τε
1160 1261 1424 1324 όλοτελῶς
1474 1263 1726 1331 κρέατος,
1773 1277 1868 1311 τυ-

277 1356 399 1427 ,ροῦ
439 1395 454 1420 ,
485 1355 756 1422 γάλακτος
810 1354 906 1406 καὶ
932 1353 1076 1415 ὠῶν,
1122 1353 1295 1404 ποιεῖν
1327 1352 1461 1421 πρὸς
1513 1352 1721 1414 τούτοις
1773 1351 1867 1402 καὶ

298 1448 586 1516 μετανοίας
617 1446 739 1498 καθ’
777 1447 993 1515 ἡμέραν
1019 1443 1362 1509 ἀνά,ἐκατλν,
1389 1443 1556 1513 χωρὶς
1579 1443 1862 1498 Σαϐϐάτου

293 1540 386 1593 καὶ
426 1539 716 1608 Κυριακῆς
748 1538 843 1590 καὶ
883 1537 992 1590 τῶν
1033 1536 1212 1590 ἄλλων
1248 1535 1605 1593 ,δεσποτικῶν
1636 1535 1864 1604 ἑορτῶν,

293 1633 414 1686 τότε
455 1633 510 1684 δὲ
539 1631 720 1698 λέγειν
773 1631 849 1688 εἰς
910 1628 1216 1697 διπλασμὸν
1268 1626 1474 1680 τούτων
1522 1627 1606 1689 τὸ,
1661 1627 1863 1696 Κύριε,

291 1723 580 1790 ἐλέησον,
607 1721 745 1791 μετά
777 1715 1121 1781 κατανύξεως
1145 1719 1238 1770 καὶ
1271 1718 1569 1787 συντριϐῆς
1605 1717 1706 1787 τῆς
1768 1719 1865 1771 αὖ-

293 1814 388 1866 τοῦ
424 1813 676 1881 καρδίας,
747 1810 829 1862 ἐτι
858 1810 914 1862 δὲ
976 1808 1304 1872 σπουδάζειν
1346 1810 1642 1881 σωφρόνως
1695 1809 1869 1879 βιοῦν,
1898 1797 1946 1856 Β

291 1905 389 1959 καὶ
441 1904 603 1974 εἴπερ
647 1903 708 1954 ού
764 1902 990 1954 δύναται
1053 1900 1514 1970 ἐγκρατεύεσθαι,
1566 1901 1868 1970 ἀγαγέσθαι

291 1997 487 2049 ἑαυτοῦ
525 1997 622 2048 καὶ
646 1995 887 2060 γυναῖκα
911 1992 1140 2062 νόμιμον
1172 1993 1385 2063 εἰδήσει
1413 1993 1506 2046 καὶ
1550 1993 1651 2062 τῆς
1701 1994 1866 2062 ἀγίας

305 2087 632 2157 Ἐκκλησίας
664 2085 758 2138 τοῦ
784 2083 940 2137 Θεοῦ·
997 2087 1172 2139 ποιεῖν
1197 2084 1258 2137 δὲ
1297 2085 1393 2139 καὶ
1456 2086 1866 2157 ἐλεημοσύνην,

293 2169 477 2240 καθὼς
522 2175 672 2246 αύτῷ
727 2177 1017 2243 δυνάμεως
1068 2177 1164 2230 καὶ
1200 2169 1206 2173 “
1247 2176 1510 2247 εύπορίας
1585 2177 1866 2247 πρόσεστι.

293 2269 450 2322 Μετά
484 2269 540 2320 δέ
571 2267 840 2337 τριετίαν,
870 2268 1032 2337 εἴπερ
1077 2265 1378 2334 ἀναφανείη
1418 2264 1720 2335 προθύμως
1779 2267 1871 2319 ἐκ·

289 2355 560 2408 δουλεύων
605 2357 699 2410 καὶ
761 2355 1069 2425 ’ἐκπληρῶν
1128 2357 1198 2407 τά
1230 2354 1458 2408 δοθέντα
1493 2355 1647 2424 αύτῷ
1701 2356 1872 2410 ταῦτα

291 2447 570 2514 ἐπιτίμια,
602 2446 1095 2514 οίκονομηθήσεται
1130 2445 1252 2497 τότε
1284 2445 1354 2498 τά
1389 2446 1512 2499 κατ’
1546 2447 1715 2501 αὑτὸν
1778 2448 1871 2500 καὶ

291 2538 436 2608 μετὰ
465 2538 709 2600 πλείονος
740 2536 1233 2604 συγκαταδάσεως,
1267 2537 1349 2600 ὡς
1369 2536 1437 2590 ἂν
1483 2537 1610 2609 δόξῃ
1635 2540 1703 2608 τῇ
1739 2537 1868 2591 Ἐκ-

292 2629 498 2697 κλησέα
528 2625 665 2679 Θεοῦ
697 2628 1001 2696 προσῆκον.
1063 2628 1174 2696 Τῆς
1205 2627 1394 2697 μέντοι.
1429 2629 1590 2696 ἁγίας
1624 2629 1864 2698 μεταλή-

290 2720 447 2791 ψεως
481 2719 713 2772 καὶτῶν
771 2717 946 2772 ἀλλων
995 2718 1372 2786 ἀγιασμάτων
1418 2717 1684 2790 ἀμέτοχον
1731 2715 1873 2776 εἶναι

294 2811 470 2880 μέχρι
505 2809 962 2878 συμπληρώσεως
1017 2811 1118 2878 τῆς
1159 2806 1324 2862 αύτοῦ
1361 2808 1569 2877 βιοτῆς.
1630 2812 1694 2863 El
1724 2811 1782 2864 δέ
1808 2828 1872 2878 γε

294 2900 463 2963 νόσος
494 2900 641 2968 αύτῷ
677 2899 1042 2970 ἐπισυμϐαίη,
1093 2899 1326 2954 θάνατον
1363 2899 1687 2965 ἀπειλοῦσα,
1741 2901 1875 2966 ἐξεῖ-

290 3009 388 3045 ναι
423 2991 571 3060 αὐτῷ
600 2991 709 3044 τῶν
741 2991 1026 3060 ἀχράντων
1051 2991 1370 3062 μυστηρίων
1406 2992 1870 3062 μεταλαμϐάνειν·

1973 536 2210 602 γασιῶν,
2241 535 2332 587 καὶ
2357 535 2512 588 οὐδὲν
2540 537 2788 606 τολμήσῃ
2819 535 3135 604 παραϐῆναί
3155 552 3206 588 τι
3225 535 3324 603 τῆς
3353 529 3540 588 τοιαύ-
3613 529 3642 562 ’⁸

1970 643 2072 694 της
2114 626 2256 694 ὑπὲρ
2281 626 2450 678 αὐτοῦ
2485 625 2832 694 ὑποσχέσεως
2868 627 2964 680 καὶ
2992 626 3221 694 ἐγγύης,
3274 625 3410 678 ἀλλά
3453 630 3546 678 καὶ

1974 715 2113 767 κατά
2152 717 2336 768 πᾶσαν
2364 716 2533 768 αὑτοῦ
2566 715 2662 783 τὴν
2691 717 2925 785 δύναμιν
2969 716 3272 786 ἐπισπεύδῃ
3301 718 3394 770 καὶ
3413 718 3546 767 ἐπα-

1973 805 2270 874 γωνίζηται
2305 808 2385 869 εἰς
2450 806 2548 876 τὴν
2585 806 2695 858 τῶν
2737 806 2999 858 δοθέντων
3065 806 3214 874 αύτῷ
3249 807 3545 876 ἐπιτιμίων

1972 897 2340 966 ἐκπλήρωσιν·
2376 897 2519 950 οὕτω
2548 898 2656 968 γάρ
2679 897 2873 966 ἕψεται
2934 898 3149 961 πάντως
3198 897 3344 967 αύτίξ)
3385 899 3480 951 καὶ
3511 900 3545 968 ἡ

1971 989 2081 1040 τῶν
2113 989 2372 1042 τοιούτων
2433 989 2805 1058 ἀτοπημάτων
2861 986 3027 1042 αὐτοῦ
3077 989 3443 1058 συγχώρησις·
3497 992 3545 1041 εί

1973 1080 2028 1131 δὲ
2060 1081 2155 1149 μὴ,
2193 1081 2240 1132 εἰ
2265 1081 2543 1152 φωραθείη
2573 1081 2816 1148 δηλονότι
2849 1080 2979 1131 πί)τέ
3003 1081 3104 1132 ἐπὶ
3131 1081 3328 1148 πράξει
3360 1081 3547 1132 τοιαύ-

1973 1171 2092 1241 τῃῆ
2125 1172 2386 1240 ἀθετήσει
2410 1189 2462 1223 τι
2491 1171 2589 1236 τῆς
2634 1171 2774 1240 ύπέρ
2804 1171 2973 1224 αὑτοῦ
3020 1171 3282 1239 τοιαύτης
3315 1172 3548 1240 ὑποσχέ-

1977 1278 2114 1320 σεως
2149 1262 2246 1313 καὶ
2269 1261 2498 1329 ἐγγύης,
2549 1261 2686 1329 πρὸς
2717 1261 2794 1328 τῷ
2825 1263 3086 1330 ὑποσχεῖν
3117 1261 3282 1313 αὐτὸν
3311 1259 3548 1328 εὐθύνην

1977 1353 2295 1421 σωματικὴν
2322 1352 2423 1422 τὴν
2451 1353 2864 1422 προσήκουσαν.
2905 1353 3116 1404 ἐσεῖται
3149 1353 3242 1403 καὶ
3292 1351 3544 1419 ψυχικῶς

1975 1442 2403 1513 ὑπ’ἀφορισμδν
2464 1441 2746 1495 συνοδικδν
2799 1442 2900 1509 τῆς
2956 1442 3116 1511 ήμῶν
3169 1443 3544 1513 μετριότητος.

1975 1534 2179 1586 Τούτου
2219 1534 2327 1604 γάρ
2367 1533 2527 1604 χάριν
2562 1533 2658 1587 καὶ
2715 1535 2776 1584 τὸ
2837 1533 3010 1602 παρὸν
3078 1534 3245 1603 αὐτῆς
3298 1534 3544 1603 ἀπελύθη

1975 1626 2211 1696 γράμμα
2247 1626 2377 1694 μηνὶ
2403 1625 2706 1694 Νοεμϐρίῳ
2749 1625 2843 1678 ίνδ.
2881 1624 2945 1690 ζ’.

1981 1737 2111 1792 νιιι.
2150 1737 2403 1808 Cyrmus.
2448 1738 2784 1804 melropolila
2838 1737 3002 1801 Sidae,
3050 1741 3331 1808 pollicetur
3383 1759 3437 1796 se
3493 1745 3546 1797 in

2328 1808 2561 1860 Ecclesia
2595 1825 2692 1861 sua
2715 1824 2823 1861 esse
2860 1826 3193 1872 mansurum.

2046 1906 2084 1974 ’ξ-
2134 1906 2196 1957 0!
2220 1903 2570 1971 ἐκλεγόμενοι
2606 1904 2758 1972 παρά
2789 1906 2888 1972 τῆς
2927 1905 3024 1956 τοῦ
3058 1904 3195 1957 Θεοῦ
3247 1906 3407 1973 ἁγίας
3454 1911 3548 1964 καὶ¹

1975 1994 2272 2064 καθολικῆς
2308 1993 2642 2063 Ἐκκλησίας
2670 1995 2750 2056 είς
2799 1995 3092 2064 ἀρχιερέας
3143 1998 3336 2063 αὑτοῦ,
3394 2000 3446 2052 οἵ
3483 2018 3546 2054 τε

1969 2086 2122 2140 ἄλλοι
2172 2086 2267 2138 καὶ
2299 2086 2345 2137 οἱ
2389 2086 2468 2147 εἰς
2495 2085 2885 2155 Χριστιανικδν
2916 2087 3044 2142 λαὸν
3080 2088 3186 2142 ὑπὸ
3225 2089 3377 2153 ἔθνος
3417 2094 3548 2148 ἀσε-

1972 2175 2065 2239 ϐὲς
2129 2174 2386 2228 τελοῦντα
2446 2175 2812 2244 πεμπόμενοι,
2875 2179 3056 2231 ἐκεῖνο
3095 2181 3314 2244 πάντως
3362 2185 3420 2234 ἐν
3473 2184 3548 2254 νῷ

1973 2265 2228 2334 στρέφειν
2273 2265 2604 2332 ὀφείλουσιν,
2649 2266 2730 2320 ὃτι
2758 2259 2958 2335 δηλαδὴ
3018 2271 3372 2324 ἀποστολικὺν
3405 2275 3534 2326 ἀνειν

1971 2355 2216 2426 λήφεσαν
2265 2357 2472 2424 ἀγῶνα,
2502 2356 2597 2410 καὶ
2628 2358 2829 2426 δρόμον
2856 2358 3166 2430 ἐτάχθησαν
3191 2361 3402 2432 τρέχειν
3440 2364 3549 2418 τῶν

1971 2449 2066 2500 τοῦ
2106 2447 2347 2518 Χριστοῦ
2393 2449 2606 2501 σεπτῶν
2640 2449 2900 2519 μαθητῶν
2924 2452 3017 2503 καὶ
3052 2453 3387 2517 ἀποστόλων,
3411 2454 3549 2525 πρὸς

1972 2531 2066 2594 οὓς
2122 2534 2217 2584 καὶ
2271 2534 2407 2585 ἄλλα
2441 2535 2668 2586 πλεῖστα
2699 2535 2957 2590 κινδύνων
3017 2540 3257 2607 γέμοντα
3309 2543 3547 2612 εἴρηται,

1973 2623 2070 2674 καὶ
2109 2623 2190 2674 τό·
2227 2622 2388 2678 Ἰδοὺ
2417 2623 2534 2689 ἐγὼ
2575 2623 2937 2679 ἀποστέλλω
2979 2626 3128 2695 ὑμᾶς
3183 2630 3263 2694 ὡς
3287 2633 3552 2698 πρόϐατα

1973 2713 2041 2766 ἐν
2065 2712 2234 2780 μέσῳ
2251 2714 2476 2767 λύκων.
2538 2714 2692 2766 Ἐπεὶ
2739 2717 3052 2771 τοίνυνκαὶ
3084 2719 3246 2782 αὐτὸς
3278 2723 3546 2791 κρίμασιν

1975 2797 2057 2864 οἷς
2093 2799 2201 2854 οἶδε
2249 2801 2382 2865 Θεὸς
2415 2802 2674 2872 ἐξελέγην
2724 2806 2876 2874 παρά
2905 2808 3004 2874 τῆς
3064 2808 3224 2874 ἀγίας
3281 2811 3375 2862 τοῦ
3416 2811 3552 2863 Θεοῦ

1989 2894 2335 2962 Ἐκκλησίας,
2362 2897 2458 2948 καὶ
2485 2895 2798 2966 ἐψηφίσθην
2853 2900 2934 2960 εἰς
2965 2899 3062 2968 τὴν
3092 2901 3392 2971 ἐκκλησίαν
3452 2903 3551 2973 τὴν

1978 2984 2158 3052 Σίδην,
2199 2978 2266 3055 ἧς
2294 2984 2486 3055 ἄρχειν
2516 2986 2708 3055 ἐλαχεν
2735 3060 2742 3062 _
2771 2987 2958 3059 ἐθνικὴ
3010 2991 3130 3062 χεὶρ
3171 2995 3397 3063 ἀσεϐὴς,
3458 2996 3554 3048 καὶ

290 3083 553 3155 ῥαΐσαντι
609 3083 665 3135 δέ
703 3083 802 3151 τῆς
834 3083 991 3136 νόσου
1054 3083 1148 3136 καὶ
1174 3085 1254 3145 είς
1292 3085 1492 3152 ,ὑγείαν
1527 3085 1874 3139 ἐπανελθόντι
1902 3130 1944 3186 c
1981 3075 2056 3127 ἔνι
2091 3074 2440 3152 ὕποψία,’μή
2477 3093 2605 3128 ποτε
2651 3079 3056 3149 χειροτονηθεὶς
3113 3083 3266 3136 οὐδὲν
3330 3087 3554 3138 ἀπέλθω

369 3171 390 3182 -
474 3173 486 3186 .
567 3171 592 3181 -
736 3172 748 3186 ,
878 3172 897 3186 ..
1012 3171 1036 3186 λ
1193 3173 1203 3186 .
1363 3174 1388 3184 -
1512 3175 1524 3186 .
1604 3173 1628 3183 -
1755 3174 1768 3186 .
1984 3165 2158 3186 ι---9--
2220 3165 2384 3186 ε--.
2448 3166 2645 3186 .--λης
2742 3169 2797 3186 .,
2959 3171 3000 3186 ..
3176 3173 3214 3186 ..
3379 3179 3390 3186 .
3493 3176 3505 3186 .

288 3171 394 3224 τοῦ
430 3171 594 3226 αὑτοῦ
621 3172 844 3233 κανόνος
875 3171 1097 3240 ἔχεσθαι
1137 3173 1302 3244 μέχρι
1327 3174 1429 3241 τῆς
1465 3173 1631 3228 αὑτοῦ
1689 3174 1873 3226 τελευ-
1903 3165 1944 3186 ν
1981 3165 2182 3230 ἐκεῖσε,
2219 3165 2252 3234 ἦ
2298 3167 2391 3218 κ-ὶ
2443 3166 2696 3219 ἀπελθὼν
2734 3169 3061 3239 ὑποστρέφω
3119 3173 3283 3227 πάλιν
3343 3179 3424 3237 είς
3455 3176 3554 3246 τὴν

287 3265 416 3332 τῆς,
439 3261 514 3323 ὼς
551 3263 787 3332 εἴρηται.
833 3262 960 3316 Ἐπὶ
984 3263 1200 3326 τούτοις
1231 3263 1289 3316 δέ
1322 3265 1528 3331 ὀφείλει
1581 3265 1638 3316 ἐν
1673 3266 1862 3335 μνήμῃ

290 3355 446 3423 ἔχειν
480 3355 580 3406 ’καὶ
610 3356 905 3420 φυλάττειν
935 3355 1379 3425 ἀπαράθραυστα
1410 3357 1510 3408 καὶ
1542 3355 1872 3424 ἀμετάθετα,

291 3449 399 3498 ὅσα
444 3445 509 3498 δι’
548 3447 830 3515 ἐγγράφου
867 3447 1034 3499 αὑτοῦ
1062 3447 1352 3514 ὑπέσχετο,
1389 3449 1483 3500 καὶ
1521 3448 1620 3500 ὅσα
1649 3449 1699 3498 οἱ
1734 3448 1874 3516 ύπέρ

290 3535 466 3587 αὐτοῦ
493 3538 694 3603 ἐγγύας
747 3537 1042 3599 δεδωκότες
1090 3536 1348 3603 φυλάξειν
1401 3537 1563 3590 αὑτὸν
1612 3537 1874 3606 διωμολό-

292 3643 481 3693 γησαν
538 3628 630 3678 καὶ
665 3626 1126 3694 ἐξησφαλίσαντο.
1192 3627 1317 3677 Ἐπὶ
1368 3627 1566 3679 τούτου
1617 3629 1726 3696 γὰρ
1778 3631 1875 3681 καὶ

292 3715 632 3768 ἀπολέλυται
664 3716 810 3784 αύτῷ
845 3717 1025 3768 καὶτὸ
1062 3716 1238 3786 παρὸν
1268 3716 1534 3784 σιγίλλιον
1594 3718 1691 3771 τοῦ
1726 3718 1873 3788 ἱεροῦ

291 3809 574 3860 ἐκδικείου
602 3809 695 3876 τῆς
731 3809 1043 3878 ἁγιωτάτης
1070 3809 1328 3880 Μεγάλης
1359 3811 1454 3864 τοῦ
1488 3811 1622 3864 Θεοῦ
1647 3813 1876 3882 Ἐκκλη-

291 3900 421 3960 σία,
451 3899 516 3952 δι’
548 3899 851 3966 ἀσφάλειαν
884 3902 1013 3971 μηνὶ
1039 3901 1332 3972 Νοεμϐρίῳ
1361 3903 1460 3957 ίνδ.
1493 3903 1749 3973 ἑϐδόμης.

289 4030 414 4088 VII.
451 4031 683 4086 Joannes
713 4035 903 4087 iterum
938 4033 1182 4088 admonet
1214 4035 1546 4091 Tzerenlzcm
1569 4038 1870 4109 Georgium.

373 4167 413 4238 -ι-
459 4168 678 4240 Ἐπειδὴ
715 4170 743 4221 ὁ
776 4169 1119 4240 Τζερέντζης
1159 4171 1435 4240 Γεὼργιος
1471 4175 1548 4237 εἰς
1582 4175 1874 4245 ἀθεμίτους

284 4262 396 4314 καὶ
448 4260 684 4323 ἀτόπους
729 4261 961 4332 πράξεις
1018 4263 1350 4333 Ἐκκλησίας
1412 4267 1510 4318 καὶ
1575 4267 1874 4331 συνοδικῶς

284 4353 662 4422 άπελεγχθεὶς
692 4353 778 4406 ἐπ’
809 4356 1022 4419 αὑταῖς,
1045 4355 1325 4424 ἐκρατήθη
1361 4357 1554 4410 ἔπειτα
1599 4362 1680 4422 είς
1705 4361 1874 4428 φυλα-

286 4443 407 4512 κὴν
439 4443 527 4496 διά
550 4444 608 4496 τὸ
646 4445 727 4496 ὅτι
758 4445 982 4498 ἐπέθετο
1013 4447 1110 4498 καὶ
1140 4449 1309 4516 φυγῇ,
1342 4447 1650 4518 ἀνήνεγκαν
1699 4451 1755 4503 δὲ
1781 4454 1872 4505 καὶ
1908 4475 1952 4532 υ

287 4535 686 4600 παρεκάλεσαν
717 4536 844 4602 περὶ
883 4536 1049 4589 αὐτοῦ
1077 4539 1126 4589 οἱ
1156 4541 1300 4593 κατά
1346 4539 1500 4606 γένος
1529 4543 1679 4613 αύτῴ
1709 4560 1874 4613 προσ-

286 4629 555 4694 ήκοντες,
587 4626 680 4678 καὶ
712 4626 957 4696 ἀπελύθη
985 4629 1084 4696 μὲν
1119 4623 1273 4694 οὗτος
1315 4633 1416 4702 τῆς
1468 4635 1718 4703 φυλακῆς
1759 4639 1877 4706 ὁρι-

287 4715 432 4788 σμῷ
460 4715 555 4770 τοῦ
577 4718 640 4768 ἐκ
669 4715 806 4768 Θεοῦ
844 4718 1139 4787 κρατίστου
1166 4721 1263 4772 καὶ
1292 4721 1452 4788 ἁγίου
1488 4740 1586 4792 μου
1611 4725 1877 4793 αὐτοκρά-

283 4825 482 4876 τορος,
519 4807 803 4877 ἀνηρτήθη
847 4808 904 4860 δέ
943 4809 1012 4877 τὰ
1042 4809 1353 4862 κατάύτὸν
1405 4810 1614 4864 ἐκεῖθεν
1661 4813 1741 4874 εἰς
1780 4813 1878 4882 τήν

281 4901 430 4957 καθ’
479 4901 624 4970 ἡμᾶς
650 4899 804 4968 ίεράν
833 4902 926 4952 καὶ
959 4899 1114 4953 θείαν
1152 4900 1394 4965 σύνοδον,
1457 4903 1758 4957 κάντεῦθεν
1783 4905 1880 4958 καὶ

280 4994 585 5060 ἐδόθησαν
619 4989 768 5060 αὐτῷ
793 4991 932 5043 κατὰ
961 4990 1060 5060 τὴν
1087 4991 1184 5060 τῆς
1234 4991 1560 5062 Ἐκκλησίας
1592 4997 1880 5066 συνήθειαν

280 5085 559 5152 ἐπιτίμια
593 5081 834 5148 ἀνάλογα
865 5084 972 5144 τοῖς
1002 5083 1266 5146 τοιούτοις
1321 5085 1489 5138 αύτοῦ
1539 5088 1873 5157 πταίσμασι,

282 5179 571 5249 agamus}.
602 5173 661 5227 δέ
690 5173 784 5227 καὶ
814 5173 1019 5240 ἐγγύας
1048 5173 1190 5244 ύπέρ
1219 5176 1384 5228 αὐτοῦ
1421 5178 1472 5230 of
1501 5179 1608 5231 ἀπὸ
1657 5179 1752 5231 τοῦ
1787 5180 1877 5248 γέ-

277 5284 427 5326 νους
453 5264 616 5317 αὐτοῦ
642 5264 730 5316 διά
764 5266 1118 5334 γράμματος,
1171 5269 1313 5318 κατά
1354 5267 1516 5338 μέρος
1569 5269 1880 5340 διαλαμϐά-

278 5375 510 5421 νοντος,
551 5358 653 5410 ὃσα
683 5355 943 5424 φυλάξειν
989 5356 1151 5409 αὑτὸν
1209 5359 1630 5429 ὑπισχνοῦνται,
1697 5363 1881 5428 καθὼς

281 5449 564 5522 ἀπῃτήθη
596 5449 749 5517 παρά
781 5450 881 5516 τῆς
922 5448 1249 5518 Ἐκκλησίας
1281 5451 1442 5516 Θεοῦ,
1487 5453 1801 5508 ἀπολύουσα
1821 5459 1880 5510 τὸ

283 5541 483 5610 παρὸν
507 5541 744 5624 γράμμα
801 5532 1166 5611 ήμετριότης
1228 5542 1385 5611 ήμῶν
1441 5547 1880 5617 παρακελεύεται

283 5633 400 5688 καὶ
426 5627 516 5681 διά
542 5628 731 5680 τούτου
761 5631 897 5698 πρὸς
950 5629 1136 5692 αὑτὸν,
1181 5631 1268 5683 ἵνα
1300 5635 1610 5705 συντηρηθῇ
1657 5640 1750 5689 καὶ
1783 5657 1883 5704 φυ-

285 5721 450 5791 λάξγι
483 5717 674 5772 ἑαυτὸν
697 5719 792 5770 τοῦ
819 5719 1004 5772 λοιποῦ
1035 5726 1127 5772 καὶ
1160 5724 1238 5781 είς
1269 5723 1330 5774 τὸ
1383 5724 1696 5796 ἔμπροσθεν
1743 5729 1879 5798 ἁμέ-

637 5811 906 5869 Ρετῐιοι.
935 5818 1049 5872 (in.
1085 5815 1262 5873 CLII.
1496 5841 1499 5845 -

1984 3252 2230 3322 βασιλίδα
2270 3252 2475 3323 ταύτην
2517 3256 2625 3308 τῶν
2657 3255 2864 3309 πόλεων
2907 3257 2976 3311 δι’
3005 3259 3190 3314 ἄνεσιν
3246 3264 3341 3315 καὶ
3379 3265 3552 3315 ἀπαλ-

1981 3345 2153 3414 λαγὴν
2209 3346 2318 3400 τῶν
2361 3350 2742 3416 προκειμένων
2797 3350 3098 3421 δυσχερῶν,
3140 3355 3239 3424 τὴν
3275 3357 3556 3426 παροῦσαν

1982 3437 2260 3507 ἔγγραφον
2297 3439 2595 3507 ὑπόσχεσιν
2620 3441 2883 3508 ποιοῦμαι
2942 3443 3028 3495 διὰ
3077 3444 3236 3498 τοῦτο
3288 3449 3423 3515 πρὸς
3465 3450 3556 3501 τὸν

1984 3526 2402 3593 παναγιώτατον
2431 3529 2589 3597 ἡμῶν
2613 3530 2880 3601 δεσπότην
2907 3533 2995 3585 τὸν
3045 3535 3424 3604 οίκουμενικὸν
3455 3557 3556 3592 πα-

1982 3619 2249 3687 τριάρχην
2281 3618 2374 3671 καὶ
2405 3619 2506 3687 τὴν
2539 3618 2687 3673 θείαν
2724 3624 2816 3672 καί
2839 3623 2992 3690 ἱεράν
3025 3625 3267 3690 σύνοδον,
3297 3629 3390 3679 καὶ
3413 3629 3555 3695 λέγω

1984 3709 2078 3762 καὶ
2100 3707 2545 3772 διαϐεϐαιοῦμαι,
2569 3711 2642 3772 ὠς
2671 3710 2733 3762 ού
2767 3713 2844 3780 μὴ
2877 3713 2990 3781 ἔχω
3040 3714 3226 3767 ἄδειαν
3276 3719 3420 3797 μετά
3458 3720 3557 3790 τὴν

1983 3801 2356 3870 γενησομένην
2372 3802 2458 3853 ἐπ’
2488 3803 2610 3868 ἐμοὶ
2643 3807 3001 3872 χειροτονίαν,
3066 3812 3131 3878 τῇ
3165 3809 3256 3862 τοῦ
3284 3812 3423 3864 Θεοῦ
3453 3814 3554 3882 χά-

1987 3908 2118 3961 ριτι,
2156 3894 2644 3964 προσκαρτερῆσαι
2670 3895 2905 3949 ἐνταῦθα
2936 3901 3029 3950 καὶ
3061 3901 3343 3969 πρόφασιν
3370 3903 3555 3974 εὑρεῖν

1983 3982 2111 4050 περὶ
2140 3983 2338 4050 ἀργίας
2385 3984 2480 4036 καὶ
2515 3984 2886 4038 ἀναϐαλέσθαι
2921 3990 3020 4057 τήν
3059 3991 3389 4060 ἀποδημίαν,
3440 3994 3557 4048 ἀλλ’

1981 4074 2102 4127 ούδέ
2130 4075 2268 4144 μετά
2285 4077 2346 4126 τὸ
2368 4075 2623 4128 ἀπελθεῖν
2643 4079 2724 4139 είς
2765 4079 2864 4148 τὴν
2895 4079 3190 4149 ἐκκλησίαν
3221 4084 3447 4155 ταύτην,
3476 4091 3556 4150 είς

1982 4167 2049 4235 ἢν
2078 4164 2410 4236 ἐψηφίσθην,
2430 4165 2776 4237 ὑποστρέψαι
2813 4171 3072 4238 ἐνταῦθα,
3122 4177 3442 4229 καταλιπὼν
3457 4179 3554 4249 τὴν

1982 4256 2426 4326 ἐγχειρισθεῖσάν
2448 4275 2537 4326 μοι
2553 4259 2812 4328 ποίμνην,
2847 4261 3003 4325 ἐκτὸς
3027 4255 3272 4335 μεγάλης
3309 4269 3558 4340 ἀνάγκης

1983 4352 2075 4404 καὶ
2090 4351 2301 4420 χρείας,
2319 4351 2384 4420 ἣν
2407 4353 2581 4420 κρινεῖ
2599 4351 2690 4405 καὶ
2706 4353 2734 4404 ὁ
2755 4356 3171 4421 παναγιὼτατος
3193 4359 3348 4429 ἡμῶν
3366 4361 3560 4414 δεσπὸ-

1981 4459 2078 4511 της
2096 4445 2121 4494 ὁ
2138 4442 2511 4512 οίκουμενικὺς
2529 4444 2875 4516 πατριάρχης
2891 4447 3035 4518 καὶὴ
3055 4449 3170 4504 θεία
3189 4453 3282 4506 καὶ
3300 4455 3419 4524 ἱερά
3440 4455 3562 4508 σύν-

1980 4534 2098 4595 οδος
2133 4532 2354 4602 εὔλογον
2395 4534 2490 4587 καὶ
2529 4535 2928 4606 ἀληθινὴν,καὶ
2952 4540 3151 4594 τότεδέ
3193 4545 3564 4617 ὑπισχνοῦμαι

1983 4625 2058 4694 μὴ
2078 4627 2314 4698 ἐνοχλεῖν
2336 4627 2473 4688 ὅλως
2500 4626 2579 4696 τῷ
2610 4631 3010 4698 παναγιωτάτῳ
3035 4634 3195 4702 ήμῶν
3223 4636 3461 4710 δεσπότῃ
3487 4641 3564 4710 τῷ

1979 4718 2336 4787 οίκουμενικῷ
2361 4721 2696 4790 πατριάρχη,
2726 4721 2860 4791 μηδέ
2889 4728 3236 4792 κατεπείγειν
3266 4730 3359 4780 καὶ
3381 4731 3564 4800 ζητεῖν

1983 4810 2311 4879 κυϐέρνησιν
2333 4812 2432 4864 καὶ
2448 4811 2738 4879 ἐκκλησίας
2763 4813 2957 4883 ἐτέρας
2981 4819 3314 4885 ποιμανσίαν
3341 4824 3565 4875 καὶέπιο

1988 4902 2236 4966 στασίαν,
2261 4903 2396 4956 ἀλλά
2416 4904 2627 4972 διάγειν
2655 4893 2953 4976 εἰρηνικῶς
2989 4912 3086 4964 καὶ
3105 4912 3424 4984 ἀταράχως,
3466 4916 3561 4983 μέ-

1983 5009 2104 5062 χρις
2126 4993 2192 5046 ἀν
2208 4987 2470 5064 εὔδρομον
2488 4997 2711 5064 γένηται
2730 4998 2789 5050 τὸ
2807 4998 2876 5052 τά
2890 5001 2988 5068 τῆς
3007 5002 3130 5054 κατ’
3147 5004 3247 5072 ἐμὲ
3265 5006 3562 5076 ἐκκλησίας

1917 5142 1932 5163 ν
1975 5077 2330 5147 -διεξάγεσθαι
2363 5081 2492 5152 παρ’
2527 5083 2687 5152 ἐμοῦ,
2716 5085 2900 5151 καθὼς
2929 5091 3185 5162 ἐτάχθην.
3253 5085 3314 5147 Et
3355 5096 3400 5148 δ’
3431 5096 3563 5157 ἴσως

1985 5174 2384 5242 παραχωρήσει
2423 5177 2450 5226 ό
2481 5177 2613 5240 Θεὸς
2677 5182 2992 5251 παραϐῆναί
3025 5203 3093 5254 με
3147 5187 3244 5258 τὴν
3304 5187 3562 5256 τοιαύτην

1987 5261 2279 5332 ὑπόσχεσιν
2305 5283 2409 5334 μου
2433 5271 2525 5322 καὶ
2550 5271 2830 5342 ἀθετῆσαι,
2853 5275 2976 5328 ὅσον
2999 5277 3098 5348 ῆδη
3120 5277 3558 5348 διαϐεϐαιοῦμαι,

1987 5353 2309 5425 ἐπισπῶμαι
2339 5359 2463 5412 κατ’
2485 5362 2722 5430 ἐμαυτοῦ
2762 5367 2857 5417 καὶ
2895 5367 3178 5428 ἀσπασίως
3209 5368 3456 5436 δέχομαι,
3493 5370 3560 5438 ἣν

1983 5446 2050 5497 ἀν
2083 5445 2328 5519 διαγνοίη
2365 5451 2453 5502 ἐπ’
2475 5453 2600 5522 ἐμοὶ
2642 5456 2943 5524 καταδίκην
2998 5459 3136 5526 μετὰ
3172 5460 3265 5528 τῆς
3294 5459 3441 5519 θείας
3466 5464 3558 5512 καὶ

1990 5542 2142 5612 ἱερᾶς
2185 5544 2406 5596 συνόδου
2459 5545 2488 5597 ὁ
2543 5546 2958 5614 παναγιὼτατος
3007 5551 3162 5618 ἡμῶν
3214 5551 3480 5624 δεσπότης
3531 5557 3558 5605 ὁ

1984 5637 2358 5702 οίκουμενικὺς
2411 5640 2773 5708 πατριάρχης.
2835 5641 3133 5710 Ἐπὶτούτῳ
3189 5646 3296 5718 γάρ
3344 5648 3562 5713 ἐγένετο

1987 5730 2078 5782 καὶ
2109 5730 2140 5795 ή
2163 5728 2411 5799 παροῦσα
2434 5729 2702 5800 ἔγγραφος¹
2722 5731 3011 5800 ύπόσχεσίς
3032 5749 3132 5799 μου
3153 5735 3218 5785 δι’
3236 5737 3556 5806 ἀσφάλειαν.

3165 5827 3239 5889 39
