4076 6264
307 343 313 346 .
341 288 474 355 1229

1385 285 1783 350 ΞΥΝΟΒΙΕιΕ
1819 280 2506 359 ΒΟΝΒΤΓΙῘΗΤΙΟΝΕΞ.

3441 274 3579 338 1230

335 404 508 467 νείαν,
534 400 802 471 μοιχείαν,
828 401 1188 472 ἀκαθαρσίαν,
1206 401 1422 471 ψεῦδος,
1441 400 1666 471 κλοπὴν,
1687 401 1902 468 φθόνον,
1935 404 1977 461 Α
2011 394 2147 464 μνίῳ
2171 394 2353 458 λύκος,
2377 393 2539 464 δορὰν
2558 391 2906 462 ἐνδεδυμένος
2929 389 3224 460 προϐάτου.
3247 393 3339 442 καὶ
3359 391 3582 462 μόρφω-

338 491 709 562 φαρμακείαν,
760 492 1040 560 μαντείαν,
1092 492 1414 556 ἐπαοιδίαν,
1465 491 1655 560 θυμὸν,
1703 490 1908 559 ὀργὴν,

342 579 715 653 βλασφημίαν,
741 580 965 652 ἔχθραν,
983 580 1120 653 ἐριν,
1138 581 1323 651 ζῆλον,
1345 581 1535 650 μέθην,
1558 578 1908 648 ἀργολογίαν,

339 673 740 744 ὑπερηφανίαν,
779 673 1061 742 βλακείαν,
1103 673 1488 742 γελοιασμοὺς,
1523 671 1907 741 κιθαρισμοὺς,

337 766 560 838 ᾅσματα
591 765 937 833 δαιμονιακά,
975 764 1394 834 παιδοφθορίας,
1430 763 1756 831 πνευμάτων
1785 762 1910 815 ἐπε-

325 859 636 930 ·ρωτήσεις,
691 858 1023 929 πλεονεξίας,
1056 856 1434 928 μισαδελφίας,
1465 855 1748 926 ἁρπαγὰς,
1787 854 1911 907 τού-

339 968 452 1014 τοις
490 952 622 1004 πᾶσι
653 951 886 1013 καὶτοῖς
914 950 1122 1019 ὁμοίοις
1153 951 1361 1003 τούτων
1394 945 1817 1015 ἀποτασσόμεθα
1851 945 1910 997 ἐν

340 1049 408 1116 τῇ
449 1045 540 1099 τοῦ
586 1045 742 1113 ἁγίου
795 1044 1172 1115 βαπτίσματος
1217 1044 1491 1112 ἀποταγῇ,
1537 1041 1680 1110 ἅπερ
1712 1040 1911 1102 πάντες

341 1137 712 1204 γινώσκομεν,
741 1135 823 1187 ὅτι
861 1137 999 1205 ἔργα
1029 1135 1126 1188 καὶ
1165 1133 1500 1188 διδασκαλίαι
1535 1131 1643 1184 είσὶ
1675 1128 1768 1182 τοῦ
1798 1130 1912 1182 δια-

339 1225 524 1286 ϐόλου,
561 1226 737 1277 πάντα
769 1223 824 1276 δὲ
847 1224 1017 1277 ταῦτα
1046 1223 1330 1293 ἐμάθομεν
1361 1224 1418 1274 ἐν
1455 1221 1638 1273 σκότει
1671 1219 1822 1278 ὄντες
1851 1218 1912 1270 τὸ

345 1319 475 1384 πρὶν
505 1315 609 1368 ὑπὸ
634 1316 732 1386 τὴν
761 1315 1008 1379 ἐξουσίαν
1035 1315 1129 1367 τοῦ
1160 1314 1435 1378 διαϐόλου,
1465 1315 1596 1383 πρὶν
1625 1312 1806 1380 φθάσῃ
1833 1310 1912 1372 είς

340 1409 488 1476 ἡμᾶς
518 1406 579 1457 τὸ
608 1407 743 1472 φῶς,
773 1408 860 1458 ὅτε
901 1400 1041 1476 ἦμεν
1086 1403 1429 1474 πεπραμένοι
1461 1404 1566 1456 ὑπὸ
1601 1405 1698 1470 τῆς
1727 1402 1911 1472 ἀμαρ-

343 1499 490 1561 ⁴αας,
537 1497 626 1548 ὅτε
669 1496 724 1548 δὲ
771 1496 1038 1564 ἐϐουλήθη
1067 1495 1095 1548 ὁ
1127 1495 1511 1564 φιλάνθρωπος
1537 1494 1632 1546 καὶ
1663 1492 1911 1562 ἐλεήμων

340 1588 477 1650 Θεὸς
511 1586 897 1654 λυτρώσασθαι
927 1577 1077 1654 ἡμᾶς
1127 1586 1191 1636 ἐκ
1237 1585 1335 1652 τῆς
1368 1583 1623 1653 τοιαύτης
1681 1580 1920 1653 πλάνης,

343 1679 688 1747 ἐπεσκέψατο
711 1678 858 1746 ἡμᾶς
892 1676 1127 1745 ἀνατολὴ
1163 1675 1222 1739 ἐξ
1246 1675 1436 1744 ὕψους,
1474 1676 1569 1727 καὶ
1597 1675 1843 1741 ἐπεφάνη
1879 1675 1912 1742 ἡ

344 1771 502 1841 χάρις
529 1770 622 1823 τοῦ
661 1771 796 1824 Θεοῦ
834 1773 868 1840 η
909 1772 1200 1840 σωτήριος,
1235 1770 1332 1821 καὶ
1376 1767 1573 1819 ἔδωκεν
1601 1759 1798 1820 ἐαυτδν
1823 1769 1914 1818 ἀν-

345 1862 635 1932 τάλλαγμα
689 1863 830 1928 ὑπὲρ
879 1861 1056 1930 ἡμῶν,
1113 1861 1209 1913 καὶ
1253 1859 1592 1930 ἐξηγόρασεν
1622 1859 1772 1926 ἡμᾶς
1815 1857 1912 1927 τῆς

344 1953 558 2023 πλάνης
605 1953 714 2006 τῶν
760 1953 1017 2017 εἰδώλων,
1051 1952 1145 2006 καὶ
1197 1952 1500 2022 ηὐδόκησεν
1546 1952 1913 2018 ἀναγεννῆσαι

345 2051 494 2121 ημᾶς
519 2050 586 2103 δι’
616 2050 808 2114 ὓδατος
845 2050 939 2104 καὶ
969 2049 1304 2119 πνεύματος,
1334 2048 1538 2112 ταύτην
1576 2047 1674 2116 τὴν
1709 2047 1917 2100 ἀποτα-

345 2145 449 2212 γὴν
472 2144 566 2197 καὶ
596 2143 695 2213 τὴν
727 2143 898 2212 καλὴν
933 2141 1228 2210 ὁμολογίαν
1254 2141 1569 2195 ἀπαιτεῖται
1597 2140 1824 2200 ἕκαστος
1857 2141 1914 2190 ἐν

341 2239 409 2306 τῇ
443 2234 566 2306 ὥρᾳ
596 2235 690 2287 καὶ
719 2235 776 2286 ἐν
801 2236 866 2304 τῇ
901 2232 1086 2305 ἡμέρα
1117 2233 1305 2303 ἐκείνῃ
1325 2249 1339 2264 ο
1371 2231 1758 2303 ἐπερωτῶνται
1802 2232 1913 2300 γὰρ

344 2327 605 2396 ποιμένες
627 2325 734 2379 καὶ
770 2326 898 2394 περὶ
923 2327 1022 2396 τῆς
1048 2327 1182 2387 ιδίας
1207 2323 1489 2386 πολιτείας
1518 2324 1612 2377 καὶ
1641 2323 1781 2393 ὑπὲρ
1814 2321 1914 2391 τῆς

345 2419 584 2486 ποίμνης
614 2415 817 2480 αὐτῶν,
862 2415 958 2469 καλ⁹
991 2415 1303 2471 ἀπαιτεῖται
1349 2413 1584 2476 ἕκαστος
1621 2413 1688 2465 τά
1721 2413 1915 2479 λογικά

343 2509 630 2580 πρόϐατα,
689 2511 830 2576 ἆπερ
861 2507 1136 2586 παρέλαϐε
1187 2508 1337 2576 παρὰ
1381 2505 1476 2558 τοῦ
1522 2502 1916 2576 ἀρχιποιμένος

345 2600 608 2671 Χριστοῦ,
673 2599 1062 2670 ἐπερωτῶνται
1112 2599 1162 2652 οἱ
1213 2600 1272 2652 ἐν
1318 2597 1557 2668 ἐξουσίᾳ,
1603 2597 1792 2666 ἐπειδὴ
1824 2596 1917 2648 καὶ

349 2696 499 2748 πᾶσα
533 2693 753 2757 ἐξουσία
789 2692 895 2746 ἀπὸ
925 2691 1086 2758 Θεοῦ,
1110 2691 1204 2743 ἐπὶ
1225 2689 1568 2758 ἀναχαιτίσει
1596 2687 1704 2740 τῶν
1733 2688 1916 2740 κακῶν

350 2786 446 2839 καὶ
493 2785 841 2855 ψυχολέθρων
895 2785 990 2838 καὶ
1045 2763 1415 2851 σωφρονισμῷ
1454 2778 1561 2832 τῶν
1603 2779 1684 2842 είς
1738 2779 1918 2834 ἄτοπα

349 2877 736 2946 ἐκφερομένων
779 2877 873 2928 καὶ
921 2873 1179 2943 συστολῇ,
1218 2874 1311 2926 καὶ
1353 2870 1513 2937 λόγον
1559 2869 1790 2924 δώσουσι
1825 2869 1916 2922 καὶ

351 2967 602 3036 περὶτῆς
645 2967 856 3019 ἐαυτῶν
889 2965 1166 3028 πολιτείας
1219 2965 1312 3017 καὶ
1360 2963 1623 3034 περὶτῶν
1672 2960 1777 3015 ὑπὸ
1819 2961 1917 3032 τὴν

2013 504 2098 539 σιν
2145 487 2244 556 μὲν
2301 484 2584 546 εὐσεϐείας
2633 482 2792 552 ἔχων,
2833 481 3138 553 ἠρνημένος
3169 479 3228 532 δὲ
3276 479 3373 549 τὴν
3409 482 3580 548 αὐτῆς
3635 479 3639 486 ’

2009 577 2262 646 δύναμιν,
2305 576 2563 646 μαγείαις
2621 574 2830 643 χαίρων
2877 574 2972 626 xal
3014 571 3293 640 γοητείαις
3325 572 3421 623 καὶ
3468 572 3581 631 τοῖς

2010 671 2215 732 λοιποῖς
2235 668 2416 739 ἔργοις
2436 668 2529 720 τοῦ
2557 666 2832 720 διαϐόλου.
2860 666 2986 728 Τοῖς
3012 660 3104 718 οὖν
3131 663 3461 732 πεποιῆσθαι
3486 661 3582 730 τὴν

2011 761 2120 814 τῶν
2167 761 2430 813 τοιούτων
2480 758 2716 829 ζήτησιν
2771 755 3215 824 ἀνατεθειμένοις
3273 755 3366 806 καὶ
3427 753 3585 821 ὑμεῖς

2011 835 2254 922 ὀφείλετε
2280 855 2565 922 συνεργεῖν
2601 853 2681 914 είς
2715 849 2907 913 τοῦτο,
2930 850 3022 902 καὶ
3059 849 3391 915 καταφανεῖς
3434 845 3582 897 τιθέ-

2015 961 2126 1006 ναι,
2156 943 2211 995 el’
2234 960 2381 1006 τινας
2422 941 2701 1005 τοιούτους
2732 941 3034 1005 συνοίδατε,
3064 939 3190 1002 τούς
3232 956 3288 992 τε
3331 935 3584 1005 προσιόν-

2011 1055 2108 1100 τας
2139 1039 2346 1101 αὑτοῖς,
2377 1039 2502 1090 ὅσον
2520 1039 2626 1108 γὰρ
2663 1038 2831 1090 κακόν
2863 1039 3010 1109 ἐστιν
3045 1037 3102 1088 ἐν
3125 1038 3189 1104 τῇ
3223 1031 3583 1104 μεγαλοπόλει

2015 1130 2211 1200 ταύτῃ.
2249 1131 2371 1198 ἥτις
2391 1132 2458 1198 τῇ
2487 1129 2582 1182 τοῦ
2611 1130 2746 1182 Θεοῦ
2771 1129 2957 1198 χάριτι
2992 1130 3052 1180 οὐ
3082 1128 3246 1196 μόνον
3275 1126 3352 1194 τῷ
3380 1125 3584 1194 μητρὸς

2014 1223 2230 1291 ἐπέχειν
2259 1223 2422 1274 τόπον
2468 1223 2576 1276 τῶν
2603 1222 2810 1276 λοιπῶν
2853 1223 3129 1292 διενήνοχε
3172 1223 3269 1272 καὶ
3309 1219 3584 1288 προκαθέ-

2015 1330 2188 1382 στηκε
2220 1313 2448 1378 πόλεων,
2488 1314 2626 1369 ἀλλά
2671 1315 2764 1368 καὶ
2796 1316 2871 1384 τῷ
2909 1316 3090 1386 πηγὴν
3120 1313 3261 1368 εἶναι
3292 1316 3391 1383 τῆς
3425 1316 3584 1368 εὑσε·

2014 1404 2189 1468 ϐείας,
2233 1405 2460 1460 τοιαῦτα
2516 1408 2574 1460 ἐν
2622 1408 2764 1476 αὐτῇ
2809 1407 3115 1476 τολμᾶσθαι
3148 1407 3436 1461 διαϐολικά
3489 1408 3585 1459 καὶ

2013 1497 2288 1559 ἀπωλείας
2320 1497 2509 1567 ψυχῶν
2545 1499 2784 1569 πρόξενα
2806 1514 2818 1527 °
2847 1499 2941 1551 καὶ
2969 1498 3130 1560 ποίας
3155 1498 3221 1551 ἂν
3251 1497 3586 1567 συγγνώμης

2015 1589 2325 1659 ἐπιτύχοι-ιε
2352 1591 2534 1658 ὑμεῖς,
2564 1589 2613 1641 εί
2643 1606 2708 1641 πε
2721 1589 3103 1658 ρικαλύπτοιτε
3129 1591 3253 1651 τοὺς
3281 1592 3583 1653 τοιούτους,

2019 1682 2112 1736 καὶ
2146 1680 2557 1752 συγχωροῦντες
2594 1681 2742 1750 είήτε
2791 1682 3170 1752 ἀναμεμίχθαι
3205 1683 3334 1750 ὑμῖν
3385 1683 3585 1741 αὐτοὺς

2017 1773 2111 1826 καὶ
2133 1772 2349 1840 βάλλειν
2366 1774 2422 1824 ἐν
2436 1774 2748 1843 σκοτομήνῃ
2773 1775 2896 1836 τοὺς
2915 1774 3094 1837 εὑθείς
3120 1773 3219 1845 τὴν
3243 1775 3467 1844 καρδίαν
3494 1774 3585 1826 καὶ

2018 1862 2320 1928 οανατοῦν;
2368 1863 2536 1916 Ἀλλά
2564 1865 2612 1916 εί
2653 1864 2727 1933 μὴ
2759 1865 3136 1934 διανασταίῃτε
3172 1865 3308 1934 πρὸς
3344 1866 3441 1933 τὴν
3479 1865 3585 1916 τῶν

2015 1953 2272 2007 τοιούτων
2330 1955 2640 2026 ἀνεύρεσιν,
2680 1955 2820 2009 ὥστε
2852 1958 2952 2026 τῆς
2995 1959 3265 2026 ἡμετέρας
3309 1958 3585 2017 πολιτείας

2015 2044 2341 2114 ἐξελαθῆναι
2377 2049 2468 2099 καὶ
2505 2047 2662 2116 δίκην
2709 2049 2968 2117 ὑποσχεῖν
3001 2050 3097 2120 τὴν
3127 2050 3307 2115 ἀξίαν,
3350 2048 3409 2103 εὖ
3447 2051 3584 2110 τοτε,

2014 2135 2090 2197 ὡς
2125 2136 2468 2206 παροξυσμῷ
2501 2139 2886 2207 παροξυνεῖται
2917 2141 3040 2193 καθ’
3065 2141 3217 2210 ὑμῶν
3251 2143 3343 2193 ἐπὶ
3366 2140 3528 2192 πλέον
3558 2143 3586 2191 ό

2021 2227 2243 2295 Κύριος,
2272 2228 2365 2280 καὶ
2390 2228 2474 2289 τίς
2509 2230 2879 2300 ὑποστήσεται
2909 2232 3023 2283 ἀπὸ
3046 2231 3342 2300 προσώπου
3381 2231 3544 2284 αὐτοῦ
3568 2247 3584 2294 ;

2013 2316 2354 2377 Διανάστητε
2386 2317 2586 2383 τοίνυν,
2634 2321 2958 2388 παρακαλῶ,
3008 2323 3109 2373 καὶ
3151 2321 3310 2389 ζῆλον
3346 2321 3585 2384 ἐνδείξα-

2018 2406 2112 2460 σθε
2144 2408 2284 2478 ὑπὲρ
2337 2409 2472 2462 Θεοῦ
2505 2411 2598 2462 τὸν
2653 2411 3025 2482 προσήκοντα,
3081 2413 3186 2482 ἰδία
3227 2414 3410 2482 μέντοι
3459 2399 3588 2477 ὑμῖν

2016 2501 2127 2562 τοῖς
2164 2500 2506 2570 ίερωμένοις,
2535 2501 2585 2555 οἳ
2621 2505 2715 2556 καὶ
2747 2505 2858 2566 τοῖς
2893 2504 3074 2566 ἄλλοις
3103 2505 3408 2575 ὑπόδειγμα
3442 2501 3586 2559 εἶναι

2016 2591 2260 2660 ὀφείλετε
2301 2591 2395 2644 τοῦ
2425 2591 2588 2646 καλοῦ
2633 2595 2728 2646 καὶ
2774 2595 2874 2661 τῆς
2920 2596 3142 2664 ἀρετῆς,
3179 2597 3274 2647 καὶ
3322 2597 3589 2666 πρότερον

2021 2683 2121 2752 μὲν
2156 2682 2666 2753 παρεγγυησάμεθα
2691 2685 2840 2751 -μετά
2875 2686 2972 2754 τῆς
2998 2686 3384 2758 προσηκούσης
3426 2704 3590 2741 πνευο

2021 2774 2260 2843 ματικῆς
2291 2774 2614 2846 αὐστηρίας,
2645 2776 2958 2857 ⁸ἀπέχεσθαι
3015 2779 3108 2846 τῆς
3147 2781 3205 2830 ἐν
3261 2781 3588 2848 καπηλείοις

2018 2866 2324 2936 διατριϐῆς,
2362 2867 2455 2920 καὶ
2477 2868 2571 2921 νῦν
2598 2869 2655 2922 δὲ
2686 2870 2846 2922 πάλιν
2871 2869 3012 2924 αῦτά
3037 2870 3211 2924 ταῦτα
3242 2875 3335 2924 καὶ
3362 2872 3449 2925 διὰ
3477 2873 3589 2924 τῶν

2021 2957 2306 3028 παρόντων
2369 2961 2718 3028 γραμμάτων
2779 2963 3214 3032 ἐπισκήπτομεν,
3271 2963 3351 3026 ὡς
3405 2966 3454 3017 oi
3514 2969 3590 3032 μὴ

351 3059 604 3124 ἐξουσίαν
653 3059 854 3124 αὐτῶν,
896 3058 1098 3128 ὁμοίως
1152 3057 1210 3110 δέ
1259 3059 1356 3110 καὶ
1410 3056 1771 3127 πρεσϐύτεροι
1817 3055 1917 3108 δὼ-
1947 3067 1989 3124 c
2025 3050 2182 3112 τοῦτο
2223 3051 2317 3104 τοῦ
2345 3051 2532 3105 λοιποῦ
2582 3054 3113 3124 παραφυλαξάμενοι
3147 3057 3246 3126 τὴν
3299 3059 3591 3127 κανονικὴλι

351 3169 508 3205 σουσι
541 3150 699 3226 λόγον
753 3150 893 3218 ὑπὲρ
943 3150 1043 3218 τῆς
1088 3147 1423 3217 Ἐκκλησίας
1464 3147 1818 3227 αὐτῶν,.ἆμα
1863 3144 1923 3199 δέ

354 3242 446 3296 καὶ
475 3223 792 3295 σίίδιάκονοι
838 3243 935 3294 καὶ
984 3241 1092 3303 πᾶς
1135 3239 1192 3293 δὲ
1237 3239 1427 3299 πιστὸς
1457 3239 1594 3308 ὑπὲρ
1627 3223 1721 3291 τοῦ
1771 3236 1922 3290 οἴκου

349 3331 544 3396 αὑτοῦ,
597 3332 736 3400 ὑπὲρ
769 3332 868 3400 τῆς
904 3331 1163 3399 γυναικὸς
1196 3331 1289 3384 καὶ
1337 3329 1544 3383 τέκνων
1578 3330 1671 3382 καὶ
1713 3328 1922 3381 παίδων

352 3425 447 3478 καὶ
485 3423 785 3508 παιδισκῶν
815 3423 977 3476 δώσει
1007 3421 1182 3492 λόγον,
1221 3425 1270 3474 εί
1313 3419 1602 3491 ἐξέθρεψεν
1635 3421 1831 3482 αὐτοὺς
1864 3421 1923 3470 ἐν

353 3513 575 3583 παιδεία
604 3515 699 3566 καὶ
753 3513 1005 3585 νουθεσίᾳ
1054 3513 1282 3581 Κυρίου,
1313 3511 1497 3574 καθὼς
1555 3510 1923 3581 παραγγέλλει

352 3606 381 3657 ὁ
433 3605 574 3666 θεῖος
619 3602 934 3665 ἀπόστολος,
989 3601 1233 3654 πλούσιοι
1269 3599 1368 3654 καὶ
1415 3601 1670 3670 πένητες,
1708 3601 1800 3652 καὶ
1831 3589 1923 3668 μι-

353 3694 480 3762 κροὶ
507 3695 602 3747 καὶ
634 3693 882 3764 μεγάλοι,
921 3694 1048 3762 περὶ
1076 3688 1150 3746 ὧν
1182 3690 1432 3761 ἔπραξαν
1463 3690 1664 3759 ἔργων,
1711 3692 1924 3759 ἐπερω-

351 3787 553 3838 τῶνται
579 3801 592 3816 ·
621 3785 933 3853 γέγραπται
964 3783 1095 3854 γὰρ,
1117 3785 1199 3837 ὅτι
1225 3784 1422 3844 πάντες
1453 3781 1922 3851 παραστησόμεθα

353 3876 432 3943 τῷ
482 3877 687 3946 βήματι
733 3873 827 3928 τοῦ
859 3875 1123 3946 Χριστοῦ,
1171 3873 1260 3927 ῑνα
1318 3874 1616 3943 κομίσηται
1667 3874 1916 3937 ἕκαστος,

243 4027 270 4041 χ
352 3968 490 4038 πρὸς
537 3967 564 4020 ὃ
616 3967 874 4039 ἔπραξεν,
900 3966 1008 4019 εἴτε
1053 3965 1279 4032 ἀγαθὸν,
1311 3965 1425 4017 είτε
1470 3967 1728 4034 πονηρόν.
1758 3963 1920 4017 Ταῦτ’

352 4056 449 4112 οὖν
482 4059 683 4121 εἰδότες
716 4058 813 4111 καὶ
835 4058 916 4111 ὃτι
951 4057 1039 4110 διὰ
1067 4059 1168 4123 τὴν
1190 4058 1421 4126 ἀνομίαν
1448 4057 1607 4126 ἡμῶν
1633 4056 1920 4124 ἐγκατέλι-
1949 4081 1958 4094 -

355 4169 459 4203 πεν
494 4153 637 4221 ημᾶς
663 4154 691 4204 ὁ
723 4151 949 4222 Κύριος,
978 4151 1072 4204 καὶ
1096 4150 1414 4221 παρέδωκεν
1442 4153 1522 4213 εἰς
1551 4152 1739 4220 χεῖρας
1774 4151 1921 4219 Βαρ-

354 4243 564 4310 ϐάρων,
592 4241 687 4295 καὶ
712 4241 934 4312 ἀπήχθη
978 4241 1326 4312 αίχμάλωτος
1356 4241 1437 4304 είς
1469 4242 1594 4304 τοὺς
1629 4241 1920 4310 πολεμίους
1976 4272 1978 4275 τ

350 4340 381 4389 ὁ
416 4335 564 4400 λαὸς,
587 4335 680 4387 καὶ
709 4335 982 4404 παρεδόθη
1013 4337 1080 4404 τῇ
1101 4334 1396 4405 διασπορᾷ,
1423 4333 1914 4403 φοϐηθῶμεν,άγα·

353 4427 539 4497 ιπητοὶ,
576 4427 669 4479 καὶ
712 4427 1009 4496 ἀποστήτω
1051 4426 1279 4496 ἕκαστος
1337 4426 1446 4480 ἀπὸ
1488 4424 1599 4478 τῶν
1640 4425 1915 4494 πονηριῶν

350 4516 540 4583 αὑτοῦ,
572 4517 667 4570 καὶ
695 4517 770 4587 μὴ
802 4516 1187 4585 καταδεχέσθω
1216 4516 1630 4584 συναπάγεσθαι
1673 4520 1787 4579 τοῖς
1822 4517 1916 4568 τοῦ

349 4607 602 4662 διαϐόλου
635 4608 1019 4676 θεραπευταῖς,
1054 4608 1190 4662 ἀλλὰ
1223 4607 1574 4672 σπουδαζέτω
1602 4610 1702 4678 τὴν
1724 4606 1920 4661 ἐαυτοῦ

349 4698 535 4767 ψυχὴν
556 4697 656 4768 τῆς
689 4698 910 4752 αἰωνίου
948 4698 1324 4766 κατακρίσεως
1357 4697 1794 4769 περισώσασθαι,
1824 4712 1943 4750 κα·-

351 4790 648 4860 ταμηνύων
679 4792 772 4846 καὶ
801 4791 854 4843 εί
882 4807 1003 4851 τινα
1035 4790 1241 4879 ἔφρασε
1267 4791 1530 4860 γνωρίσαι
1551 4789 1720 4859 ἀνδρα
1757 4788 1790 4856 ἢ
1826 4788 1920 4879 καὶ

353 4884 592 4948 γυναῖκα
621 4882 690 4936 τά
731 4884 945 4952 μαγικὰ
971 4878 1391 4954 μετερχόμενον,
1415 4881 1489 4942 ὡς
1516 4879 1582 4933 ἂν
1609 4881 1706 4948 τῆς
1733 4878 1921 4931 τοιαύ-

350 4986 456 5037 της
496 4971 694 5034 κακίας
727 4971 821 5024 καὶ
849 4973 1110 5040 ἐργασίας
1153 4969 1246 5024 τοῦ
1293 4967 1541 5022 διαϐόλου
1573 4969 1920 5038 ἐκπομπευο-

359 5063 531 5128 μένης
565 5059 887 5131 διορθῶνται
941 5063 1035 5116 καὶ
1089 5064 1139 5116 οἱ
1171 5061 1426 5124 τοιοῦτοι,
1479 5063 1576 5113 καὶ
1626 5061 1749 5113 οὐδὲ
1795 5060 1922 5122 τοὺς

350 5150 760 5219 ἁπλουστέρους
790 5155 868 5214 εἰς
897 5153 956 5204 τὸ
989 5154 1086 5221 τῆς
1118 5152 1389 5212 ἀπωλείας
1425 5150 1701 5220 βάραθρον
1747 5168 1922 5204 κατα-

353 5241 559 5296 σπῶσι.
590 5243 796 5297 Τούτου
823 5245 933 5313 γάρ
963 5244 1126 5296 ἕνεκα
1171 5245 1264 5297 καὶ
1303 5243 1390 5299 ἶνα
1426 5244 1628 5307 παντὸς
1673 5242 1869 5308 κακοῦ,
1892 5243 1923 5296 δ

352 5335 514 5403 μισεῖ
535 5335 626 5386 καὶ
645 5338 1051 5403 ἀποστρέφεται
1077 5340 1102 5388 ὁ
1129 5336 1283 5401 Θεὸς,
1309 5331 1339 5405 ἧ
1363 5335 1610 5404 ἡμετέρα
1637 5334 1921 5406 καθαρεύῃ

350 5425 627 5487 πολιτεία,
665 5427 1136 5495 ἐκκλησιαστικοὴ
1166 5426 1548 5495 ἐπετρέψαμεν
1592 5428 1688 5480 καὶ
1731 5426 1922 5480 ἀνεθέ-

354 5518 526 5587 μεθα,
586 5517 728 5570 ὥστε
766 5519 1031 5589 περιιέναι
1083 5519 1282 5583 αὐτοὺς
1332 5519 1426 5572 καὶ
1460 5519 1686 5592 ζήτησιν
1716 5520 1920 5590 ἀκριϐῆ

352 5609 631 5660 ποιεῖσθαι
667 5612 724 5661 ἐν
746 5613 950 5682 ἑκάστῃ
973 5611 1218 5683 γειτονίῆ
1237 5611 1334 5680 τῆς
1365 5609 1758 5680 βασιλευούσης
1786 5611 1917 5663 ταύ-

349 5716 458 5771 της
496 5699 604 5753 τῶν
636 5701 861 5765 πόλεων,
913 5704 1078 5772 μήπω
1129 5719 1211 5764 τις
1248 5703 1620 5771 ὲγιιέκρυπται
1665 5701 1743 5774 τῷ
1798 5718 1920 5754 ποι-

2025 3144 2282 3214 ὑφέξουσι
2308 3146 2614 3216 καταδίκην
2632 3161 2646 3176 '
2677 3145 2759 3199 ἐτι
2783 3148 3223 3218 ἐπισκήπτομεν,
3249 3150 3333 3202 ἵνα
3358 3150 3461 3218 πρὸ
3484 3151 3592 3203 τῶν

2031 3236 2209 3290 ἄλλων
2241 3237 2500 3292 ἁπάντων
2551 3241 2855 3310 συνεργῆτε
2886 3245 2999 3305 τοῖς
3043 3242 3485 3310 ἀνατεθειμένοις
3533 3247 3594 3295 τὸ

2025 3329 2198 3398 παρὸν
2229 3327 2604 3399 λειτούργημα
2636 3332 2719 3392 είς
2759 3330 3050 3400 ἀνεύρεσιν
3084 3334 3195 3384 τῶν
3230 3332 3592 3404 ψυχοφθόρων

2025 3419 2351 3490 ἀνθρώπων,
2390 3421 2708 3482 ὑπείκοντες
2738 3423 2948 3485 τούτοις
2980 3423 3043 3485 δὴ
3078 3425 3192 3485 τοίς
3234 3424 3333 3489 τὴν
3363 3423 3593 3492 ζήτησιν

2022 3509 2203 3563 αὐτῶν
2233 3511 2597 3578 ποιουμένοις,
2630 3511 2717 3578 ἐφ’
2746 3506 2831 3574 οἷς
2876 3512 2972 3564 καὶ
3004 3513 3134 3582 περὶ
3177 3512 3356 3566 αὐτῶν
3387 3513 3592 3566 τούτων

2023 3599 2116 3653 καὶ
2152 3602 2284 3670 περὶ
2335 3600 2508 3653 ἄλλων
2548 3602 2863 3668 ἀναγκαίων
2904 3605 2999 3656 καὶ
3055 3603 3356 3656 λυσιτελῶν
3406 3605 3592 3672 λέγειν

2024 3689 2283 3758 μέλλουσι
2316 3690 2454 3760 πρὸς
2497 3692 2664 3760 ὑμᾶς,
2695 3693 2818 3745 ἐπεὶ
2868 3695 2963 3746 καὶ
3013 3692 3178 3762 βάρος
3235 3695 3590 3763 ἐκφωνοῦμεν
3691 3712 3712 3737 ι

2024 3780 2119 3831 καὶ
2151 3778 2466 3848 ἐπιτίθεμεν
2526 3783 2689 3834 παντὶ
2749 3781 2824 3850 τῷ
2875 3782 3082 3852 εἴδησιν
3126 3785 3300 3854 ἔχοντι
3347 3785 3590 3838 τοιούτου

2022 3870 2366 3939 ψυχοφθόρου
2421 3873 2514 3926 καὶ
2565 3873 2868 3942 λυμεῶνος,
2913 3875 3000 3927 ἵνα
3049 3876 3367 3946 ὑποδείξητε
3399 3876 3588 3930 τοῦτον

2021 3964 2133 4026 τοῖς
2166 3964 2247 4024 εἰς
2287 3962 2447 4016 τοῦτο
2487 3964 2926 4034 ἀνατεθειμένοις
2969 3967 3472 4037 ἐκκλησιαοτικοῖς,
3505 3970 3588 4021 ἐτι

2020 4054 2077 4108 δὲ
2107 4055 2202 4107 καὶ
2227 4055 2280 4107 εί
2321 4072 2442 4108 τινα
2476 4055 2687 4110 σύνοιδε
2723 4059 3014 4112 προσιόντα
3055 4061 3170 4122 τοῖς
3196 4060 3461 4123 τοιούτοις
3495 4063 3591 4112 καὶ

2024 4160 2089 4197 συ
2098 4145 2317 4214 μφιλιού
2326 4164 2509 4217 μενον.

2021 4256 2163 4314 XIII.
2190 4259 2434 4336 _Jo_annes
2467 4265 2685 4336 mandat
2729 4265 3036 4336 quibusdam
3079 4263 3481 4336 magistratibus
3531 4273 3592 4315 ut

2093 4329 2461 4404 εοείεείαδιίεοε
2511 4334 2566 4385 in
2611 4329 2985 4404 perséquendis
3029 4329 3450 4389 ὺιοαιῖιαιονίίιιιε
3493 4336 3594 4387 ad-

1944 4447 1992 4502 ο
2080 4401 2288 4467 juveni.

2089 4512 2131 4583 ἰ·
2165 4515 2228 4567 Ol
2245 4515 2806 4584 κεφαλαττικεύοντες
2831 4518 2912 4580 είς
2933 4517 3032 4585 τὴν
3059 4501 3449 4584 θεοφύλακτον,
3477 4521 3594 4571 θετ-

2020 4608 2278 4674 δόξαστον
2339 4609 2438 4661 ¹καὶ
2483 4609 2915 4678 θεομεγάλυντον
2969 4611 3589 4676 Κωνσταντινούπολιν,

2023 4697 2372 4768 συμπένθερε
2405 4699 2499 4752 τοῦ
2539 4699 2833 4769 κρατίστου
2867 4701 2962 4752 καὶ
2990 4700 3150 4766 ἁγίου
3187 4718 3290 4768 μου
3323 4703 3590 4775 αὐτοκρά-

2021 4807 2181 4859 τορος
2207 4791 2301 4844 ἐπὶ
2325 4792 2426 4861 τῆς
2456 4791 2760 4863 τραπέζης,
2794 4793 2902 4864 κῦρ
2932 4795 3177 4866 Γεὼργιε
3222 4798 3464 4869 Χοῦμνε,
3496 4805 3592 4855 καὶ

2025 4883 2135 4937 θεῖε
2161 4883 2256 4937 τοῦ
2286 4884 2580 4954 κρατίστου
2638 4887 2736 4939 καὶ
2787 4886 2945 4954 ἁγίου
2997 4905 3101 4956 μου
3158 4889 3586 4961 αὐτοκράτορος,

2026 4976 2172 5043 μέγα
2197 4975 2529 5045 δρουγγάριε
2569 4977 2669 5046 τῆς
2702 4977 2919 5046 βίγλης,
2955 4981 3062 5049 κῦρ
3090 4983 3367 5052 Δημήτριε
3397 4982 3594 5055 Τορνί-

2025 5083 2122 5135 κη,
2163 5069 2222 5118 ἐν
2263 5067 2407 5137 ἁγίῳ
2435 5067 2716 5137 Πνεύματι
2750 5069 3124 5127 ποθεινότατοι
3171 5075 3278 5128 υἱοὶ
3303 5077 3400 5146 τῆς
3429 5075 3590 5144 ἡμῶν

2027 5157 2375 5228 μετριότητος
2407 5173 2422 5188 ο
2448 5160 2483 5228 ἡ
2521 5163 2813 5233 μετριότης
2845 5164 3002 5234 ἡμῶν
3031 5167 3354 5235 ἐγνώρισεν,
3403 5167 3483 5222 ὅτι
3507 5170 3589 5230 είς

2023 5249 2123 5319 τὴν
2153 5251 2520 5319 θεοφύλακτον
2546 5254 2754 5323 ταύτην
2782 5255 3032 5326 βασιλίδα
3060 5260 3168 5314 τῶν
3201 5263 3412 5329 πόλεων
3433 5263 3588 5333 ἐνερ-

2025 5342 2244 5410 γοῦνται
2283 5343 2380 5411 μέν
2419 5346 2514 5397 καὶ
2551 5346 2684 5398 ἄλλα
2711 5351 2832 5400 τινὰ
2877 5351 3058 5406 ἄτοπα
3091 5354 3243 5422 παρά
3283 5370 3445 5407 τινων
3479 5356 3588 5407 ἀπὸ

2024 5437 2132 5489 τῶν
2160 5436 2392 5490 ἐποίκων
2425 5440 2597 5507 αὐτῆς
2638 5442 2847 5513 ἀνδρῶν
2886 5463 2946 5498 τε
2976 5447 3070 5500 καὶ
3105 5451 3402 5516 γυναικῶν,
3443 5450 3590 5520 εὑρί-

2028 5535 2244 5583 σκονται
2272 5529 2330 5582 δέ
2358 5532 2801 5605 ἀναμεμιγμένοι
2855 5537 3028 5608 (--αι)
3073 5543 3154 5602 εἰς
3204 5542 3294 5594 τὸν
3336 5542 3466 5594 λαὸν
3497 5545 3591 5595 τοῦ

2026 5618 2183 5683 Θεοῦ,
2212 5619 2307 5672 καὶ
2349 5619 2538 5672 πολλοὶ
2590 5624 2830 5695 (πολλαὶ)
2889 5629 3145 5696 μαγείαις
3177 5632 3270 5684 καὶ
3316 5634 3594 5702 γοητείαις

2026 5710 2419 5785 προσκείμενοι
2452 5712 2627 5786 (οη-αι)
2659 5718 2774 5773 (καὶ
2819 5717 3093 5788 χρώμενοι
3131 5723 3340 5792 (--αι),
3396 5725 3594 5788 οἵτινες
