4010 6258
196 402 219 463 1
232 401 342 466 245

1268 397 1664 464 ΞΥΝΟΒΙΟᾹΞ
1703 397 2406 480 (ΞΟΝΞΤΙΤΙῙΤΙΟΝΕΞ.·

3318 403 3458 473 1246
3495 420 3506 430 ·

187 520 289 574 καὶ
333 518 609 586 θεότητος,
647 517 1028 573 ἀποκαλύπτει
1060 517 1116 572 δὲ
1167 519 1354 582 αὑτοῖς
1410 520 1510 590 τήν
1555 517 1764 572 οἰκείαν
1787 521 1838 584 Α
1865 517 2027 587 φύσιν
2049 517 2309 572 ἔκστασιν
2332 515 2429 572 καὶ
2450 514 2740 581 ἀνάϐασιν,
2761 515 2884 571 καθ’
2912 517 2980 589 ἦν
3009 519 3106 572 καὶ
3135 518 3230 573 τοῦ
3261 527 3450 592 κρείτ-

188 613 446 681 θεότητα,
467 611 707 672 τελείους
732 611 789 664 δὲ
812 607 955 665 εῖναι
988 612 1115 676 τοὺς
1135 613 1234 680 τὴν
1261 613 1414 667 θείαν
1437 613 1592 680 δόξαν
1618 611 1765 676 εἰκδς

187 703 653 768 κατοπτεὺοντας,
688 705 790 776 τήν
822 705 1086 759 ἀπάντων
1132 705 1410 769 ἐπέκεινα,
1458 705 1558 775 τὴν
1593 703 1764 774 μόνην

188 795 286 846 καὶ
320 793 592 864 ὑπερτελῆ
617 794 712 847 καὶ
741 793 1076 864 προτέλειον·
1105 795 1134 845 ὁ
1158 794 1302 858 θεῖος
1333 795 1441 863 γάρ
1471 795 1640 856 ὅντως
1670 794 1765 847 καὶ

190 883 461 953 θεηγόρος
484 883 786 948 Διονύσιος,
808 883 993 947 Οὕτως
1012 887 1040 938 ό
1069 885 1360 954 δεσπότης,
1388 885 1573 954 φησὶν,
1597 884 1764 956 ὀφθή-

191 997 348 1032 σεται
395 981 509 1041 τοῖς
560 965 758 1033 ἑαυτοῦ
801 980 1032 1044 τελείοις
1076 965 1440 1051 θεράπουσιν,
1469 981 1530 1035 δν
1562 983 1764 1053 τρόπον

189 1075 250 1124 ὲν
281 1071 396 1138 ὄρει
428 1069 626 1140 Θαϐὼρ
658 1075 768 1134 τοίς
792 1073 1118 1136 ἀποστόλοις
1151 1073 1467 1138 ὀπτάνεται,
1507 1071 1764 1141 Ἰωάννην

191 1159 657 1228 παραλαμϐάνει,
708 1161 784 1222 ὡς
847 1162 948 1231 τῆς
1000 1161 1283 1230 θεολογίας
1342 1161 1613 1233 παρθένον
1672 1163 1764 1215 καὶ

189 1252 582 1321 καθαρώτατον
607 1254 864 1322 ὄργανον,
883 1257 1052 1317 ’ὅπως
1082 1255 1178 1324 τὴν
1210 1256 1437 1324 ἄχρονον
1478 1252 1637 1320 δόξαν
1669 1255 1762 1308 τοῦ

185 1343 322 1394 Υὶοῦ
356 1343 712 1412 θεασάμενος,
748 1343 856 1397 Ἐν
909 1344 1066 1413 ἀρχῇ
1119 1341 1198 1414 ἦν
1246 1348 1280 1400 ό
1330 1347 1540 1414 Λόγος,
1581 1345 1680 1400 καὶ
1730 1347 1764 1398 ό

185 1437 382 1502 Λόγος
411 1432 489 1505 ἦν
534 1437 685 1504 πρὸς
719 1439 825 1491 τόν
861 1438 1028 1504 Θεὸν,
1068 1440 1166 1492 καί
1201 1439 1344 1503 Θεὸς
1378 1435 1457 1509 ἦν
1487 1443 1519 1494 ό
1548 1441 1760 1509 Λόγος,

187 1527 529 1597 βροντήσειε·
576 1533 762 1600 μήτηρ
790 1531 900 1602 γὰρ
930 1533 1242 1601 προσευχῆς
1275 1534 1310 1601 ή
1343 1532 1564 1604 ήσυγία,
1593 1550 1761 1602 προσ-

188 1618 329 1689 ευχὴ
360 1619 415 1672 δὲ
441 1621 591 1684 θείας
626 1621 782 1693 δόξης
814 1623 1108 1692 ὲμφάνεια·
1139 1625 1271 1678 ὅταν
1303 1623 1413 1694 γὰρ
1447 1625 1545 1687 τὰς
1574 1624 1762 1694 αἰσθή-

185 1728 304 1774 σεις
329 1711 610 1780 μὺσωμεν,
633 1714 729 1767 καὶ
752 1715 967 1778 ἑαυτοῖς
992 1715 1088 1768 καὶ
1112 1715 1188 1785 τῷ
1215 1715 1336 1786 Θεῷ
1368 1716 1763 1785 συγγενώμεθα

185 1803 282 1856 καὶ
320 1805 416 1872 τῆς
471 1804 670 1871 ἔξωθεν
723 1806 814 1860 τοῦ
857 1807 1064 1876 κόσμου
1112 1809 1420 1878 περιφορᾶς
1468 1807 1762 1878 ἐλευθερω-

1867 627 2023 674 τονος
2057 611 2095 680 ήν
2136 610 2445 678 ὲκνίκησις,
2491 610 2524 680 ἢ
2559 609 2620 664 τό
2662 627 2728 679 γε
2782 611 3124 684 κυριώτερον
3176 613 3377 678 εἰπεῖν,
3413 617 3448 685 ή

1864 702 2234 772 ἀνεκλάλητος
2286 698 2508 767 θέωσις·
2544 703 2704 756 τοῦτο
2761 703 3137 774 θαυμάζουσιν
3187 707 3436 776 ἄγγελοι,

1864 793 2024 848 τοῦτο
2071 793 2448 862 δοξολογοῦσιν
2504 795 2865 864 ἀρχάγγελοι,
2930 798 3091 850 τοῦτο
3142 799 3293 852 πάσα
3335 799 3448 853 τῶν

1865 885 2262 956 ὑπερκοσμίων
2298 887 2331 954 ή
2383 887 2551 956 νοητὴ
2586 886 2980 957 διακόσμησις,
3016 889 3200 952 ἀὺλως
3248 891 3444 944 ἑστιω-

1866 977 2030 1048 μένη,
2064 977 2366 1047 τεκμήριον
2394 977 2794 1046 ἐναργέστατόν
2825 995 2887 1030 τε
2913 979 3009 1031 καὶ
3035 978 3448 1047 ἀψευδέστατον

1863 1057 2232 1140 τίθεται’τῆς
2291 1070 2424 1140 περὶ
2456 1070 2608 1140 ἡμᾶς
2637 1069 2733 1122 τοῦ
2787 1070 2964 1139 Λόγου
3001 1072 3444 1142 φιλανθρωπίας.

1864 1160 1978 1213 Οὐκ
2007 1158 2125 1212 ἔστι
2148 1159 2260 1212 τῶν
2289 1161 2346 1210 ὲν
2372 1162 2438 1229 τῇ
2466 1159 2646 1213 κτίσει
2679 1159 3102 1230 θεωρουμένων,
3129 1155 3172 1229 ᾧ
3201 1164 3447 1233 χωρήσει

1861 1251 2058 1304 τούτου
2114 1251 2214 1322 τὴν
2271 1250 2587 1323 ὑπερϐολὴν
2640 1251 2744 1322 τῆς
2800 1253 3226 1324 λαμπρότητος·
3280 1256 3448 1326 ὁγὰρ

1864 1343 2196 1412 ὑπεροὺσιος
2227 1344 2306 1407 εἰς
2338 1342 2530 1396 οὐσίαν
2576 1343 2794 1412 ἀληθῶς
2823 1344 2996 1399 ἐλθὼν
3040 1346 3136 1398 καὶ
3179 1347 3321 1416 ὑπὲρ
3351 1349 3444 1400 οὑ-

1864 1433 1987 1485 σίαν
2015 1434 2320 1496 οὑσιωθείς,
2357 1433 2448 1487 διά
2485 1436 2690 1504 σαρκὸς
2739 1435 2870 1503 ήμϊν
2921 1415 3332 1498 πεπολίτευται,
3384 1437 3445 1498 δς

1860 1524 1924 1593 δὴ
1958 1525 2051 1579 καί
2106 1524 2556 1594 ὑπερϐαλλόντως
2594 1528 2689 1580 ἐπὶ
2738 1527 2834 1580 τοῦ
2879 1527 3039 1596 ὄρους
3070 1527 3440 1599 ὲξήστραψεν,

1861 1615 1924 1667 οὑ
1954 1614 2076 1666 τότε
2107 1615 2403 1685 γενόμενος
2437 1615 2635 1669 ἑαυτοῦ
2673 1616 3067 1689 διαυγέστερος
3097 1618 3128 1687 ἢ
3180 1619 3444 1688 ὑψηλότε-

1865 1724 1982 1776 ρος,
2016 1709 2224 1777 ἀπαγε,
2266 1709 2382 1761 ἀλλ’
2411 1711 2549 1778 ὅπερ
2583 1710 2679 1763 καὶ
2712 1711 2980 1781 πρότερον
3032 1715 3145 1776 τοῖς
3184 1714 3442 1783 τελουμέ-

1862 1814 1974 1860 νοις
2014 1798 2121 1850 τῶν
2171 1799 2434 1868 μαθητῶν
2485 1799 2581 1854 καὶ
2641 1803 2980 1870 μυουμένοις
3020 1803 3089 1857 τά
3133 1804 3444 1876 ὑψηλότερα

183 1866 544 1958 θέντες-ἐντός
581 1897 759 1950 αὑτῶν
793 1866 1108 1968 γενώμεθα,
1140 1866 1271 1951 τότε.
1296 1866 1511 1966 ⁸ιίρανῶς
1546 1902 1604 1950 ὲν
1635 1866 1760 1950 ἑαυ-
1793 1866 1835 1921 Β
1864 1887 2009 1941 κατὰ
2041 1866 2317 1960 ἀλήθειαν-
2353 1891 2754 1962 θεωρούμενος·
2791 1866 2896 1958 ἔξω
2941 1893 3052 1964 γὰρ
3103 1866 3308 1964 “ab:
3348 1866 3444 1950 έαὶ

176 1987 295 2046 τοῖς
324 1986 422 2054 τὴν
451 1987 545 2040 τοῦ
574 1988 709 2041 Θεοῦ
742 1989 1025 2056 βασιλείαν
1052 1989 1320 2059 ὀψόμεθα·
1367 1991 1438 2044 Ἡ
1466 1989 1760 2053 βασιλεία

177 2075 291 2142 γὰρ
317 2074 435 2128 τῶν
464 2077 759 2143 οὐρανῶν,
790 2079 924 2146 ἥτις
969 2079 1103 2134 ἐστί
1140 2080 1433 2144 ,βασιλεία
1465 2077 1634 2140 Θεοῦ,
1660 2081 1769 2158 ἐνο.

176 2166 287 2231 τὸς
343 2166 511 2235 ἡμῶν
562 2168 754 2234 ἐστιν,
801 2169 1012 2240 Ἰησοῦς
1065 2173 1094 2224 ὁ
1155 2171 1292 2232 Θεὸς
1339 2164 1752 2236 ἀπεφθέγξατο·

175 2257 496 2327 ἔμπροσθεν
519 2260 624 2313 τῶν
656 2261 918 2330 μαθητῶν
946 2261 1402 2332 μεταμορφοῦται
1426 2261 1454 2313 ὁ
1473 2263 1559 2314 ἀεὶ
1577 2259 1756 2313 ώσαὺ-

171 2367 286 2411 τως
314 2349 704 2419 δεδοξασμένος
738 2353 833 2405 καί¹
860 2352 1096 2422 λάμπων
1126 2354 1382 2422 ἀστραπῇ
1416 2352 1518 2421 τῆς
1562 2351 1755 2418 θεότη-

168 2458 287 2504 τος,
324 2439 573 2510 ἀνάρχως
599 2437 697 2509 μὲν
720 2444 784 2496 ἐκ
812 2444 1024 2512 [Ἰατρὸς
1056 2443 1364 2513 γεννηθεὶς,
1394 2443 1492 2513 τὴν
1515 2443 1752 2513 φυσικὴν

167 2532 372 2586 ἀκτῖνα
415 2531 657 2602 ἄναρχον
697 2534 964 2604 κέκτηται
997 2537 1096 2605 τῆς
1133 2535 1422 2605 θεότητος,
1460 2537 1552 2588 καί⁸
1583 2536 1617 2606 ή
1651 2536 1751 2603 τῆς

168 2605 428 2694 θεότητος
458 2625 583 2688 δόξα
617 2626 712 2677 καί
754 2625 880 2690 δόξα
927 2627 1020 2680 τοῦ
1059 2627 1320 2697 σώματος,
1362 2628 1594 2695 γίνεται,
1631 2627 1750 2681 ἀλλ’

169 2716 392 2784 ἀφανὴς
421 2717 454 2786 ἠ
491 2716 616 2778 δόξα
649 2716 968 2786 ὑπάρχουσα
995 2718 1053 2770 ὲν
1080 2718 1158 2786 τῷ
1192 2719 1500 2788 φαινομένῳ
1534 2719 1748 2787 σώματι

164 2811 282 2870 τοῖς
316 2808 389 2878 μὴ
420 2806 661 2877 χωροῦσι
690 2807 761 2860 τά
799 2808 893 2862 καὶ
927 2809 1180 2877 ἀγγέλοις
1214 2811 1444 2874 ἀθέατα,
1477 2813 1586 2874 τοῖς
1619 2827 1748 2882 σαρ-

165 2900 267 2962 κὸς
319 2899 562 2968 δεσμίοις
601 2899 834 2970 ἀόρατος
876 2900 1248 2970 ἐχρημάτιζε·
1293 2902 1746 2971 μεταμορφοῦται

165 2987 381 3048 τοίνυν,
417 2988 514 3056 οὑχ
542 2988 570 3040 ὃ
597 2989 696 3040 οὑκ
726 2983 796 3059 ἦν
824 2988 1289 3058 προσλαϐόμενος,
1315 2990 1456 3056 οὑδὲ,
1503 2993 1582 3053 εἰς
1607 2991 1744 3060 ὅπερ

163 3079 268 3132 οὑκ
299 3072 366 3146 ἦν
404 3079 897 3147 μεταϐαλλόμενος,
932 3079 1048 3132 ἀλλ’
1077 3081 1215 3150 ὅπερ
1260 3076 1330 3150 ἦν
1376 3082 1490 3143 τοῖς
1520 3081 1744 3144 οἰκείοις

1864 1979 2074 2048 κόσμου
2111 1982 2418 2050 γενόμενοι,
2464 1982 2586 2035 καθ’
2618 1983 2742 2036 ὅσον
2783 1985 3027 2052 ἐφικτὸν,
3079 1982 3314 2040 ἐνταῦθα
3368 1988 3437 2041 τά

1859 2070 2303 2140 τῆς-μελλούσης
2337 2074 2728 2152 καταστάσεως
2760 2076 2884 2147 ήδη,
2937 2077 2996 2142 ἐξ
3027 2069 3102 2132 ὧν
3133 2078 3435 2147 ἐπειράθη-

1835 2151 1980 2226 *σαν,
2014 2162 2378 2232 ἐδιδάχθησαν
2399 2177 2414 2194 ·
2445 2164 2491 2215 εἰ
2525 2163 2638 2232 γάρ
2669 2165 2762 2218 καὶ
2813 2167 3008 2234 μηδενὶ
3038 2167 3151 2220 τῶν
3180 2168 3438 2222 ἁπάντων

1860 2253 2226 2323 ἀκοινώνητόν
2253 2257 2371 2306 ἐστι
2403 2255 2641 2329 καθόλου¹
2664 2256 2723 2308 τὸ
2749 2255 2980 2324 ἀγαθὸν,
3003 2259 3119 2312 ἀλλ’
3144 2258 3266 2329 οὐχὶ
3292 2258 3434 2327 ὅλον,

1859 2347 1888 2400 ὃ
1916 2364 1966 2399 τι
1995 2348 2125 2400 ποτέ
2157 2349 2332 2410 ἐστιν,
2373 2345 2491 2398 ἀλλ’
2537 2349 2664 2400 ὅσον
2697 2348 2792 2400 καὶ
2824 2349 2974 2412 ὅπως
3018 2352 3134 2415 τοῖς
3174 2351 3435 2420 μετέχου-

1858 2452 1962 2500 σιν,
1999 2437 2076 2499 ὡς
2125 2436 2372 2503 ἐφικτὸν,
2425 2438 2680 2507 χωρητδν
2733 2438 2972 2506 γίνεται,
3023 2441 3118 2494 καὶ
3166 2440 3327 2493 τοῦτο
3368 2441 3434 2494 δι’

1853 2529 2030 2598 ἄκραν
2086 2529 2404 2597 ἀγαθότητα
2453 2530 2578 2592 ταῖς
2634 2530 3034 2600 ἀπειροδώροις
3095 2526 3433 2602 ἐλλάμψεσιν

1853 2619 2038 2670 ὁδεῦον
2093 2617 2186 2668 ἐπὶ
2221 2618 2398 2670 πάντα
2448 2618 2542 2670 καὶ
2593 2621 2988 2690 προχεόμενον.
3035 2623 3339 2690 Ἀπόδειξις
3368 2624 3432 2694 δὴ

1853 2709 1960 2763 τῶν
1989 2708 2302 2778 λεγομένων
2352 2709 2491 2761 αὑτὸ
2517 2711 2582 2763 ἂν
2622 2711 2709 2780 ετη
2739 2712 2801 2764 τὸ
2844 2713 3122 2786 μακάριον
3156 2716 3327 2778 πάθος
3369 2716 3431 2769 τὸ

1851 2801 2248 2871 πολυύμνητον,
2277 2802 2416 2871 ὅπερ
2471 2803 2568 2855 ἐπὶ
2619 2803 2716 2856 τοῦ
2768 2799 2934 2877 ὅρους
2997 2806 3336 2861 πεπόνθασιν
3379 2809 3429 2862 οἰ

1848 2891 2160 2956 ἀπόστολοι,
2192 2891 2355 2962 ήνίκα
2381 2893 2442 2946 τὸ
2473 2895 2772 2965 ἀπρόσιτον
2809 2897 2902 2948 καὶ
2926 2897 3162 2966 ἄχρονον
3188 2899 3306 2966 φῶς
3332 2898 3431 2968 τήν

1849 2984 2059 3036 οἰκείαν
2100 2983 2282 3054 σάρκα
2317 2986 2762 3055 μεταμορφῶσαν
2793 2987 2872 3059 τῷ
2901 2989 3295 3060 ὑπερϐάλλοντι
3328 2991 3428 3058 τῆς

1846 3075 2058 3138 οἰκείας
2120 3077 2499 3144 φωτοϐλυσίας
2551 3080 2899 3150 ὑπερουσίως
2947 3081 3318 3152 ἐλάμπρυνεν.
3360 3084 3425 3135 Ὢ

169 3170 448 3238 μαθηταῖς
474 3171 899 3238 ὲμφαινόμενος,
945 3171 1234 3240 διανοίγων
1273 3171 1478 3226 τούτων
1528 3173 1596 3225 τὰ
1645 3172 1744 3242 δμ-
1772 3183 1814 3239 c
1846 3165 1942 3218 τοῦ
1977 3166 2286 3237 θαύματοςί
2338 3169 2466 3224 κατ’
2493 3170 2762 3230 ἔκστασιν
2807 3171 3161 3242 τελειοτάτην
3189 3172 3291 3241 τῆς
3322 3174 3426 3240 φύ-

172 3277 325 3328 ματα
368 3261 463 3312 καὶ
507 3261 570 3312 ὲκ
613 3260 835 3329 τυφλῶν
875 3261 1243 3332 ἐργαζόμενος
1280 3263 1598 3331 βλέποντας.
1635 3264 1744 3318 Καὶ

170 3352 334 3403 τοῦτό
382 3353 498 3405 ἐστι
543 3353 624 3406 τό·
656 3356 1089 3424 Μετεμορςρώθη
1132 3356 1478 3425 ἔμπροσθεν
1505 3357 1738 3412 αὐτῶν·

178 3443 357 3510 μένων
387 3443 493 3510 γάρ
531 3443 694 3508 αὑτὸς
722 3446 777 3496 ὲν
810 3447 1104 3515 ταυτότητι
1136 3447 1278 3517 παρὸ
1316 3448 1378 3500 τὸ
1419 3451 1550 3518 πρὶν
1591 3449 1744 3516 ἐφαί-

175 3548 320 3593 νετο,
355 3533 542 3602 ἔτερος
565 3534 662 3588 νῦν
691 3524 804 3600 τοῖς
841 3537 1110 3607 μαθηταῖς
1148 3541 1359 3608 ἑωρᾶτο
1393 3541 1742 3610 φαινόμενος·

175 3622 286 3676 Καὶ
330 3622 586 3702 ἔλαμψε,
627 3627 813 3692 φησὶν,
846 3628 925 3693 ὡς
961 3632 994 3682 ό
1033 3629 1228 3695 ἣλιος,
1260 3633 1358 3700 οὑχ
1401 3633 1482 3684 ὅτι
1527 3632 1602 3702 μὴ
1649 3630 1742 3685 τοῦ

171 3713 331 3779 ἡλίου
363 3712 768 3785 λαμπρότερον,
800 3717 1086 3785 ἀμήχανον
1115 3720 1222 3787 γάρ
1249 3719 1654 3790 ἀπαραλήπτως
1684 3722 1742 3774 ιν

167 3805 238 3874 τῇ
275 3804 451 3858 κτίσει
482 3804 542 3857 τὸ
576 3803 834 3858 ἀκτιστον
884 3807 1270 3874 εἰκονίζεσθαι,
1312 3809 1429 3863 ἀλλ’
1461 3811 1584 3863 ὅσον
1612 3809 1747 3880 ὲχώο

171 3911 305 3964 ρουν
354 3893 596 3964 καθορᾷν
641 3895 691 3948 οἰ
747 3895 1074 3964 βλέποντες·
1128 3898 1263 3952 Θεὸν
1305 3900 1406 3970 μὲν
1438 3901 1545 3972 γάρ
1571 3901 1744 3964 οὐδεὶς

165 3985 386 4056 ἑώρακε
418 3985 663 4051 πώποτε,
702 3985 844 4039 καθὰ
904 3987 1118 4056 πέφυκε
1179 3991 1418 4058 φύσεως,
1473 3993 1565 4044 καὶ
1603 3991 1632 4045 ὑ
1685 3991 1744 4045 δὲ

165 4076 445 4146 ἑώρακεν,
481 4077 539 4128 ὲν
572 4077 847 4146 πνεύματι
888 4077 1048 4130 τοῦτο
1090 4080 1370 4134 τεθέαται·
1404 4082 1540 4152 αὕτη
1578 4084 1610 4153 ή
1650 4085 1742 4138 ἀλ-

162 4169 384 4232 λοίωσις
416 4168 518 4237 τῆς
548 4167 732 4232 δεξιᾶς
771 4167 867 4221 τοῦ
928 4169 1215 4240 Ὑψίστου,
1267 4172 1444 4227 ταῦτά
1493 4177 1663 4237 ἐστιν,
1706 4167 1773 4229 ἀ

163 4260 446 4330 ὁρθαλμὸς
476 4261 576 4315 οὑκ
601 4257 711 4315 οἵδε
743 4262 837 4326 καὶ.
871 4261 964 4326 οὓς
999 4264 1100 4318 οὑκ
1133 4267 1335 4335 ἤκουσε
1362 4269 1457 4320 καὶ
1487 4269 1580 4321 ἐπὶ
1603 4287 1742 4340 καρ-

161 4350 286 4404 δίαν
316 4351 609 4422 ἀνθρώπου
655 4352 756 4405 οὑκ
816 4353 987 4424 ἀνέϐη
1046 4356 1290 4410 πώποτε.
1341 4357 1532 4422 Οὑτως
1572 4360 1630 4411 ὲν
1659 4360 1741 4429 τῷ

163 4441 326 4494 αἰῶνι
379 4442 456 4512 τῷ
509 4443 760 4512 μέλλοντι
820 4446 1054 4499 πάντοτε
1112 4449 1210 4500 σὺν
1264 4449 1451 4518 Κυρίῳ
1497 4450 1739 4518 ἐσόμεθα

1849 3271 1986 3318 σεως
2010 3257 2303 3309 πίπτουσιν
2333 3256 2488 3324 ὕπνῳ
2520 3259 2682 3330 βαρεῖ
2713 3261 2808 3313 καί¹
2844 3259 2996 3328 φόϐῳ
3029 3261 3422 3331 κρατούμενοι,

1849 3341 2119 3413 μύσαντες
2151 3345 2251 3410 τὰς
2281 3347 2585 3418 αἰσθήσεις,
2635 3350 2817 3402 πᾶσαν
2857 3350 3051 3418 νοεράν
3078 3353 3294 3419 κίνησιν
3325 3353 3425 3405 καὶ

1844 3437 2130 3506 ἀντίληψιν
2186 3438 2468 3500 παντελῶς
2515 3439 2729 3493 ἑαυτῶν
2772 3441 3219 3504 ἀποσπάσαντες,
3270 3442 3418 3498 οὑτω

1844 3528 1989 3581 κατά
2022 3528 2113 3580 τὸν
2152 3528 2295 3580 θεῖον
2329 3529 2538 3581 ἐκεῖνον
2569 3530 2664 3583 καὶ
2696 3520 3024 3601 ὑπέρφωτον
3067 3534 3159 3584 καὶ
3194 3534 3427 3602 ἀόρατον

1844 3625 2045 3693 γνόφον
2072 3623 2148 3691 τῷ
2185 3624 2308 3694 Θεῷ
2340 3625 2696 3692 συνεγένοντο
2753 3625 2830 3696 τῷ
2889 3626 3137 3696 μηδόλως
3189 3629 3324 3697 όρᾷν
3364 3628 3426 3680 τὸ

1843 3715 2013 3779 ὅντως
2041 3717 2176 3786 όρᾷν
2207 3717 2585 3787 εἰσδεχόμενοι
2613 3719 2706 3771 καὶ
2733 3718 2811 3788 τῷ
2844 3720 3078 3787 πάσχειν
3127 3721 3424 3786 ἀγνώστως

1843 3809 1944 3878 τὴν
1969 3807 2092 3860 καθ’
2135 3807 2416 3878 ὑπεροχήν
2470 3809 2751 3876 ἀγνωσίαν
2782 3809 3136 3878 ποριζόμενοι
3188 3811 3280 3862 καὶ
3320 3810 3424 3879 τὴν

1846 3900 2027 3968 πάσης
2081 3902 2276 3968 νοερᾶς
2330 3899 2658 3962 ἐπιστασίας
2697 3899 3040 3970 ὑψηλοτέραν
3080 3899 3425 3970 ἐγρήγορσιν

1845 3989 2001 4060 ὕπνῳ
2033 3991 2586 4060 μυσταγωγοὺμενοι,
2622 3991 2727 4055 ἔξω
2774 3993 2991 4044 πάντων
3028 3991 3281 4058 ἐγένοντο
3314 3991 3423 4043 τῶν

1841 4083 2140 4152 ὁρωμένων
2190 4099 2249 4134 τε
2287 4081 2384 4134 καὶ
2417 4081 2750 4150 νοουμένων,
2813 4065 2894 4134 ἔτι
2944 4082 3000 4134 δὲ
3040 4081 3136 4134 καὶ
3185 4079 3421 4143 ἑαυτῶν,

1843 4175 1932 4228 ἵνα
1954 4173 2015 4225 τὸ
2043 4173 2224 4240 πάσης
2250 4171 2501 4236 θεώσεώς
2535 4189 2598 4224 τε
2646 4175 2742 4227 καὶ
2791 4174 3141 4242 ἀφαιρέσεως
3190 4173 3422 4241 ἐκϐεϐη-

1845 4267 1937 4327 κὸς
1993 4265 2112 4319 καθ’
2176 4264 2456 4335 ὑπεροχὴν
2515 4264 2842 4334 ὑπερούσιον
2904 4267 2968 4334 τῇ
3023 4264 3287 4332 ὲκφάνσει
3324 4263 3420 4318 τοῦ

1842 4357 2018 4425 Λόγου
2055 4357 2150 4409 καὶ
2202 4358 2272 4426 τῇ
2331 4355 2651 4408 ἐπισκιάσει
2701 4353 2796 4407 τοῦ
2830 4355 3150 4424 Πνεύματος
3200 4355 3296 4406 καὶ
3350 4355 3418 4423 τῇ

1842 4451 2052 4507 ἀνωθεν
2083 4451 2145 4502 ὲκ
2190 4450 2290 4520 τῆς
2336 4449 2566 4519 νεφέλης
2599 4449 2882 4520 φερομένη
2915 4451 3065 4518 φωνῇ
3100 4446 3194 4499 τοῦ
3223 4446 3420 4514 γεννήο

162 4533 406 4602 Χριστὸν
434 4535 693 4604 ὁρῶντες,
721 4535 800 4606 τῷ
828 4538 969 4604 φωτὶ
1004 4541 1384 4610 ἀστράπτοντα
1413 4543 1513 4609 τῆς
1547 4542 1735 4612 θεότη⁴
1765 4551 1812 4607 Β
1838 4562 1995 4613 τορος
2025 4544 2092 4596 δι’
2113 4542 2389 4610 ἀγνωσίας
2419 4542 2514 4594 καὶ
2546 4540 2810 4610 ἀϐλεψίας
2835 4538 3176 4593 παιδευθῶσι
3210 4540 3418 4607 μυστή-

161 4641 280 4689 τος,
309 4624 468 4677 τοῦτο
500 4627 559 4677 τὸ
594 4627 712 4694 φῶς
743 4629 888 4680 κατά
929 4629 1112 4701 πάσης
1158 4632 1374 4700 φύσεως
1404 4633 1517 4703 ἔχει
1551 4634 1620 4688 τά
1651 4652 1734 4686 νι-

160 4717 426 4786 κητήρια,
462 4715 600 4788 αὕτη
629 4720 662 4788 ή
697 4718 812 4790 ζωὴ
847 4721 880 4790 ή
910 4720 1003 4773 τὸν
1041 4722 1248 4790 κόσμον
1292 4725 1588 4792 νικήσασα,
1617 4722 1734 4776 ἀλλ’

103 4857 130 4884 ᾔ,
159 4811 186 4861 ὁ
220 4807 450 4878 Πέτρος,
482 4810 688 4862 Καλόν
723 4812 898 4865 ἐστιν
941 4811 1099 4880 ἡμᾶς
1125 4807 1240 4866 ὦδε
1288 4809 1464 4875 εἶναι,
1510 4817 1602 4866 καὶ
1645 4817 1735 4867 ὲν-

157 4899 355 4954 τεῦθεν
383 4900 602 4971 νεφέλη,
639 4901 700 4954 οὑ
733 4903 960 4969 γνόφου,
993 4904 1128 4957 ἀλλὰ
1157 4905 1338 4973 φωτὸς
1371 4905 1731 4971 ἐπεσκίασεν,

157 4993 220 5047 τὸ
253 4993 638 5064 κεκρυμμένον
673 4997 781 5063 γὰρ
811 4995 918 5048 ἀπὸ
940 4995 1050 5048 τῶν
1081 4996 1296 5050 αἰώνων
1331 4999 1426 5050 καί
1473 4999 1582 5052 ἀπὸ
1621 5000 1733 5052 τῶν

157 5084 366 5150 γενεῶν
411 5084 714 5153 μυστήριον
751 5085 1183 5152 ἐκκαλύπτεται,
1222 5089 1373 5158 φωνή
1406 5091 1623 5157 Πατρὸς
1668 5091 1732 5143 ἐκ

159 5175 393 5245 νεφέλης
435 5175 528 5227 τοῦ
568 5176 885 5245 [Ινεύματος
929 5179 1146 5244 γέγονε,
1181 5180 1276 5231 καί
1307 5179 1435 5244 δόξα
1477 5180 1731 5249 διηνεκὴς

160 5265 255 5319 καὶ
307 5267 698 5331 διαιωνίζουσα
728 5267 1028 5322 δείκνυται.
1071 5269 1128 5323 Ὀ
1171 5270 1227 5323 δὲ
1279 5273 1502 5342 Κρήτης
1535 5271 1730 5323 θεσπέ-

161 5372 274 5420 σιος
319 5358 599 5430 Ἀνδρέας,
639 5378 660 5412 ι
704 5361 832 5415 Ἐπὶ
884 5361 943 5414 τὸ
983 5362 1131 5433 δρος,
1187 5365 1373 5432 φησὶν,
1422 5363 1616 5431 ἀνάγει
1668 5365 1730 5416 τὺ

162 5447 363 5516 ὑψηλὸν
398 5453 526 5515 τοὺς
562 5452 814 5523 μαθητὰς
846 5441 1114 5524 θΣωτήρ,
1147 5455 1198 5506 τί
1229 5455 1471 5525 ποιήσων
1502 5455 1535 5525 ἢ
1566 5458 1618 5509 τί
1646 5457 1728 5509 δι·

160 5536 370 5605 δάξων;
397 5540 508 5611 Τὴν
535 5543 1108 5614 ὑπεραστράπτουσαν
1137 5547 1480 5615 παραδείξων
1512 5548 1613 5617 τῆς
1643 5550 1728 5600 οἰ-

165 5627 315 5692 κείας
345 5629 595 5702 θεότητος
616 5633 776 5697 δόξαν
808 5651 866 5687 τε
901 5637 993 5688 καὶ
1018 5637 1404 5707 λαμπρότητα·
1436 5637 1596 5690 τοῦτο
1619 5637 1728 5690 τοί-

164 5735 258 5772 νυν
287 5722 618 5792 ἑορτάζομεν
653 5727 918 5798 σήμερον,
965 5729 1066 5800 τήν
1101 5730 1203 5799 τῆς
1237 5729 1456 5797 φύσεως
1490 5730 1686 5784 θέωσιν
1707 5767 1725 5796 ,

162 5811 258 5882 τὴν
288 5815 364 5880 είς
413 5815 486 5869 τὸν
525 5818 769 5887 κρεῖττον
801 5821 1112 5889 ἀλλοίωσιν,
1174 5821 1274 5894 τήν
1325 5824 1417 5878 ἐπὶ
1460 5823 1529 5878 τά
1579 5825 1718 5896 ὑπὲρ

1843 4653 1978 4706 ριον.
2018 4654 2037 4687 ι
2078 4635 2215 4703 Περὶ
2244 4632 2338 4686 τοῦ
2367 4633 2513 4686 θείου
2545 4632 2736 4684 τούτου
2766 4630 2947 4700 φωτός
2985 4645 3151 4698 φησιν
3181 4632 3208 4682 ό
3242 4629 3420 4697 μέγας

1836 4727 2137 4798 Γρηγὸριος
2173 4727 2200 4777 ὁ
2229 4725 2516 4791 Θεολόγος·
2562 4742 2580 4771 σ
2617 4723 2735 4785 Φῶς
2767 4724 2800 4791 ή
2827 4721 3262 4791 παραδειχθείσα
3299 4720 3421 4772 θεό-

1835 4835 1936 4887 της
1966 4818 2059 4869 ἐπὶ
2080 4818 2176 4870 τοῦ
2204 4817 2367 4886 ὅρους
2397 4817 2511 4878 τοῖς
2545 4814 2818 4884 μαθηταῖς
2845 4813 3045 4883 μικροῦ
3073 4813 3414 4883 στερροτέρα

1837 4911 1931 4962 καὶ
1984 4909 2161 4978 ὄψεως
2188 4925 2201 4938 ·
2247 4927 2264 4959 ι
2324 4909 2420 4960 καὶ
2473 4907 2662 4968 αὖθις·
2702 4925 2721 4958 ι
2759 4905 2920 4969 Ἥξει
2961 4905 3060 4973 μὲν
3094 4904 3169 4966 ὡς
3216 4905 3243 4954 ὁ
3284 4904 3415 4973 ἐμὸς

1834 5000 2014 5064 λόγος,
2050 4999 2281 5060 τοιοῦτο,
2302 4997 2378 5063 δὲ,
2410 4995 2523 5061 οἷος
2551 4996 2711 5066 ὤφθη
2746 4999 2858 5058 τοῖς
2879 4996 3155 5066 μαθηταῖς
3187 4995 3219 5064 ἦ
3251 5013 3417 5062 παρε-

1833 5091 2044 5162 δείχθη,
2082 5091 2469 5162 ὑπερνικώσης
2513 5091 2574 5144 τὺ
2629 5091 2857 5160 σαρκίον
2915 5091 3014 5160 τῆς
3072 5090 3346 5160 θεότητος.
3389 5107 3408 5138 ι

1847 5185 1904 5236 ’0
1935 5185 1990 5236 δὲ
2019 5185 2176 5252 ἆγιος
2215 5184 2504 5252 Μάξιμος,
2545 5202 2561 5234 ι
2605 5183 2779 5235 Τοῦτό
2832 5184 2970 5246 ἐστι,
3024 5184 3183 5251 φησὶ,
3216 5181 3277 5232 τὸ
3315 5179 3412 5231 τοῦ

1834 5275 1969 5329 Θεοῦ
2003 5274 2362 5342 Εὑαγγέλιον,
2419 5273 2686 5344 πρεσϐεία
2735 5273 2871 5326 Θεοῦ
2921 5275 3018 5326 καὶ
3063 5272 3408 5341 παράκλησις

1831 5370 1968 5440 πρὸς
1998 5367 2320 5436 ἀνθρώπους
2349 5367 2416 5420 δι’
2440 5367 2573 5420 Υίοῦ
2605 5367 2983 5437 σαρκωθέντος
3021 5367 3118 5418 καὶ
3145 5365 3242 5432 τῆς
3268 5363 3407 5431 πρὸς

1829 5461 1920 5514 τὸν
1960 5459 2179 5527 Πατέρα
2226 5458 2577 5528 καταλλαγῆς
2637 5460 2830 5528 μισθὸν
2882 5457 3230 5526 δωρουμένου
3291 5455 3404 5515 τοῖς

1831 5553 2179 5620 πειθομένοις
2231 5549 2379 5620 αὑτῷ
2418 5550 2518 5616 τὴν
2576 5551 2872 5618 ἀγέννητον
2905 5549 3100 5599 θέωσιν
3122 5560 3136 5574 ο
3171 5546 3404 5613 ἀγέννη-

1827 5661 1919 5696 τον
1954 5643 2010 5696 δὲ
2037 5641 2182 5710 λέγω
2211 5639 2408 5695 θέωσιν
2440 5642 2541 5710 τὴν
2575 5642 2698 5694 κατ’
2731 5637 2869 5700 εἶδος
2905 5640 3266 5691 ἱνυπόστατον
3313 5636 3402 5690 ἔλ-

1828 5731 2057 5803 λαμψιν,
2090 5732 2212 5801 ἥτις
2243 5731 2342 5785 οὑκ
2372 5731 2484 5800 ἔχει
2521 5731 2753 5799 γένεσιν,
2802 5727 2922 5782 ἀλλ’
2953 5727 3312 5797 ἀνεπινόητον
3343 5728 3402 5781 ἐν

1826 5828 1940 5888 τοῖς
1975 5822 2150 5890 ἀξίοις
2204 5823 2537 5892 φανέρωσιν·
2582 5840 2600 5873 ι
2663 5821 2756 5875 καὶ
2804 5815 2959 5884 αὖθις
2987 5835 3000 5849 '
3039 5837 3058 5871 ι
3096 5820 3171 5874 Οὑ
3227 5821 3393 5874 πᾶσιν
