4076 6264
277 298 408 364 12ὗῖ

1324 293 1720 356 ΞΥΝΟΟΙΟΕ
1763 288 2464 355 CONSTITUTIONES.

3390 282 3527 349 1254

247 412 380 470 ,ἀπὸ
407 409 502 464 τοῦ
528 409 622 461 νῦν
658 407 752 464 καὶ
781 407 858 467 εἰς
893 407 952 458 τὸ
984 405 1109 472 ἑξῆς
1154 403 1501 471 δογματίζειν
1539 403 1676 464 ὅλως
1720 402 1841 455 τινὰ
1873 404 1914 459 Δ
1942 401 2150 454 δίκαιον
2190 399 2272 461 δν,
2325 399 2406 460 εἰς
2441 394 2748 463 ἐπισκοπὴν
2775 393 2856 447 ἔτι
2899 393 3155 463 τελούσης
3184 397 3282 465 τῆς
3341 399 3535 453 τοιαύ-

272 499 380 554 τῶν
408 497 684 557 ἁπάντων,
718 494 968 548 κινοῦντα
993 495 1152 560 λόγον
1198 493 1320 546 τινά
1370 493 1502 561 περὶ
1530 491 1736 546 τούτων
1785 511 1844 544 τε

275 587 368 654 καὶ
391 586 564 642 ἄλλων
594 585 942 652 δογματικῶν
973 583 1165 650 λόγων,
1196 581 1321 634 οὔτε
1355 583 1649 650 ἐγγράφως
1674 581 1844 649 δηλα.

273 679 358 748 δὴ,
383 677 505 730 οὔτε
535 675 821 746 ἀγράφως,
849 675 922 736 ὡς
971 674 1033 726 οὐ
1079 671 1291 742 μικρῶν
1332 671 1588 725 ἐντεῦθεν
1637 674 1717 733 εἰς
1747 671 1846 740 τὴν

288 765 612 835 Ἐκκλησίαν
650 762 751 816 τοῦ
775 763 910 816 Θεοῦ
939 763 1361 816 ἀνακυπτόντων
1395 761 1709 814 σκσινδάῗων
1753 761 1847 812 καὶ

276 858 592 928 συγχύσεως
638 856 731 908 καὶ
759 854 1006 924 ταραχῆς
1058 854 1149 906 καὶ
1199 853 1359 907 σάλου
1414 853 1507 905 καὶ
1548 852 1848 922 τρικυμίας

274 946 660 1015 ἐπιγινομένης
719 945 841 1006 ταῖς
888 943 1086 1013 ψυχαῖς
1120 942 1228 994 τῶν
1260 943 1567 996 ἀκουόντων
1603 943 1696 994 καὶ
1737 943 1847 995 τῶν

273 1036 680 1108 ἀκεραιοτέρων
713 1035 968 1103 μάλιστα,
998 1033 1064 1086 δι’
1089 1034 1124 1087 ἂ
1149 1034 1212 1105 δὴ
1245 1036 1457 1098 πάντως
1487 1037 1581 1088 καί
1627 1034 1676 1086 οἰ
1705 1034 1842 1087 ἀνω-

272 1129 414 1198 τέρω
449 1124 818 1193 ἐκτεθειμένοι
849 1124 980 1176 θεῖοι
1026 1124 1248 1186 κανόνες
1279 1126 1388 1186 τοῖς
1426 1125 1706 1193 θεοφόροις
1753 1122 1848 1176 καὶ

275 1221 454 1285 ἁγίοις
492 1216 768 1284 Πατράσιν
798 1215 1146 1284 ἐξετέθησαν.
1179 1215 1354 1284 Χάριν
1389 1214 1494 1284 γὰρ
1522 1214 1612 1267 τοῦ
1648 1214 1847 1283 μηκέτι

277 1313 482 1382 μηδένα
513 1313 631 1372 ταῖς
657 1308 878 1378 ὁμοίαις
905 1308 1135 1370 πλάναις
1170 1309 1492 1377 περιπεσεῖν
1531 1306 1848 1375 ποιούμενοι

273 1403 551 1472 πρόνοιαν,
607 1399 703 1451 καὶ
752 1400 815 1450 τὸ
853 1398 1028 1467 παρὸν
1079 1399 1159 1461 εἰς
1207 1397 1509 1465 ἀσφάλειαν
1566 1396 1848 1466 ἐκθέμενοι

274 1493 531 1562 γράμμα,
573 1491 690 1553 ταῖς
738 1489 968 1551 οἰκείαις
998 1490 1344 1558 ὑπογραφαῖς
1384 1489 1850 1559 ἐπεσήμηνάμεθα

277 1582 419 1637 κατὰ
477 1582 622 1652 μῆνα
671 1580 890 1634 Ἰούλιον
942 1580 1038 1648 τῆς
1074 1577 1116 1632 θ’
1152 1580 1250 1634 ἰνδ.
1281 1579 1321 1649 ἰ-
1352 1579 1476 1649 Εῐχε
1522 1580 1612 1632 καὶ
1651 1579 1848 1646 ὑπογε-

278 1673 598 1743 γραμμένον
631 1672 717 1724 διὰ
751 1671 850 1737 τῆς
881 1670 1286 1741 πατριαρχικῆς
1317 1672 1498 1740 χειρὸς
1526 1671 1586 1724 τό
1611 1686 1624 1700 ο
1673 1668 1849 1724 Ἰωάν-

278 1733 407 1835 νης,
438 1733 588 1832 ’ἐλέῳ
652 1733 1277 1833 Θεοῦ-ἀρχιεπίσκοπος
1318 1733 1846 1814 ’Κώνσταντινουπό-
1884 1733 1925 1789 Β

187 1847 202 1859 ’
278 1856 436 1921 λεως,
482 1855 610 1917 νέας
646 1852 886 1924 Ῥώμης,
916 1853 1011 1907 καὶ
1062 1852 1440 1925 οἰκούμενικὸς
1472 1851 1853 1922 πατριάρχης⁶

281 1963 386 2010 ,ςω
394 1944 501 2012 μθ’.

279 2058 474 2113 XXIV.
509 2057 772 2128 Synodus‘
801 2057 1002 2128 dirimit
1052 2057 1466 2114 controversiam
1501 2057 1858 2128 ortamﬁimcr
1921 2099 1925 2103 .

351 2125 710 2196 metropblitas
740 2126 1154 2181 Lacedazmoniaz
1193 2137 1243 2180 et
1281 2127 1634 2195 Antiquarum
1663 2125 1858 2178 Patra-

351 2214 467 2250 rum
493 2199 554 2250 de
584 2199 893 2266 episcopatu
930 2197 1178 2264 Amyclii.

349 2311 390 2378 ἦ·
423 2310 543 2366 Τῶν
581 2309 941 2361 δικαιοτάτων
984 2307 1093 2377 ἄρα
1135 2306 1228 2358 καὶ
1266 2307 1400 2359 πᾶσι
1433 2305 1574 2359 πάνυ
1606 2313 1699 2357 τοι·
1733 2305 1858 2358 ἐπο-

282 2402 618 2472 φειλομένων
650 2402 772 2474 ὅρια
808 2399 1100 2466 φυλάττειν
1145 2398 1376 2450 ἕκαστον
1415 2398 1520 2450 ῖδια
1563 2399 1656 2450 καὶ
1691 2387 1858 2466 μηδέν

281 2514 366 2550 τοι
435 2492 648 2547 τούτων
714 2492 867 2553 ἐκτὸς
936 2490 1275 2558 πράττοντας
1335 2488 1638 2557 φαίνεσθαι,
1704 2507 1722 2539 ι
1766 2488 1856 2558 Μὴ

287 2588 510 2657 μέταιρε
541 2585 666 2654 γὰρ,
695 2586 880 2651 φησιν,
914 2583 1056 2650 ὅρια,
1090 2581 1127 2636 ἀ
1173 2581 1360 2635 ἔθεντο
1388 2582 1437 2634 οἱ
1471 2581 1704 2652 πατέρες
1738 2597 1855 2644 σου,

288 2679 425 2749 μηδέ
458 2677 595 2745 ὑπέρ
650 2675 715 2728 τὰ
747 2676 1068 2743 ἐσκαμμένα
1123 2673 1242 2726 θέλε
1293 2675 1490 2742 πηδᾷν,
1525 2691 1546 2725 ι
1585 2673 1722 2726 ὥστε
1766 2673 1858 2725 καὶ

282 2768 548 2835 τιμητέον
601 2767 730 2834 ἡμῖν
785 2782 849 2832 γε
906 2764 1137 2832 μάλιστα
1187 2763 1362 2829 τοῦτο,
1416 2765 1463 2816 οἳ
1515 2768 1643 2833 περί
1691 2764 1856 2818 αὑτοῦ

285 2859 378 2910 καὶ
431 2858 542 2917 τοῖς
591 2855 772 2917 ἀλλοις
823 2852 1289 2921 διαμαρτύρεσθαι
1319 2852 1480 2922 χρέος
1520 2853 1613 2905 καὶ
1635 2852 1858 2921 ὀφειλὴν

285 2948 505 3016 ἔχομεν,
537 2945 624 2998 οἵα
661 2945 724 3014 δὴ
766 2945 874 2996 τῶν
921 2944 1014 2996 τοῦ
1046 2942 1180 2995 Θεοῦ
1235 2944 1622 3012 δικαιωμάτων
1661 2944 1858 3013 ἐκφάν-

284 3057 443 3108 τορες
468 3056 482 3068 ο
520 3039 617 3091 ίδοι
653 3038 697 3092 δ’
719 3040 780 3093 ἄν
810 3057 890 3100 τις
925 3038 1053 3105 περὶ
1084 3037 1329 3100 πλείονος
1357 3037 1488 3089 αὐτὸ
1528 3052 1858 3104 ποιουμενην

285 3135 383 3186 καὶ
437 3133 604 3200 αύτήν
665 3147 725 3199 γε
787 3129 884 3201 τὴν
932 3131 1096 3197 φύσιν
1137 3130 1235 3182 καὶ
1281 3130 1350 3180 τά
1401 3128 1722 3198 πράγματα,
1755 3128 1854 3197 οὐχ

285 3225 488 3296 ἥκιστα
536 3224 591 3276 δέ
647 3226 744 3291 τὴν
807 3223 954 3293 ἰεράν
1003 3222 1093 3273 καὶ
1133 3220 1424 3272 θεσπεσίαν
1452 3218 1560 3271 τῶν
1598 3218 1890 3298 Πατέρων.

290 3317 631 3388 ·.ομοθεσίαν·
667 3317 698 3384 ή
735 3314 833 3382 μὲν
866 3312 971 3380 γάρ
1002 3313 1178 3380 πάντη
1215 3311 1432 3372 πάντως
1470 3309 1853 3378 ἀμετακίνητα

283 3412 386 3478 τῆς
416 3408 626 3460 ἑαυτῶν
659 3405 864 3469 τάξεως
916 3405 984 3456 τὰ
1027 3405 1203 3455 οἰκεῖα
1251 3403 1430 3470 τηρεῖ,
1467 3401 1569 3454 κᾶν
1602 3397 1854 3468 βιάζηταί

285 3518 372 3563 τις
407 3501 672 3570 μυριάκις
700 3497 861 3560 αὐτὰ,
900 3498 967 3548 τά
992 3495 1046 3547 δέ
1074 3497 1174 3564 τὴν
1219 3493 1427 3544 οἰκείαν
1456 3493 1555 3544 οὐκ
1597 3493 1857 3560 ἀγνοήσει

260 3594 475 3665 φύσιν·
504 3590 768 3644 ἀδύνατον
801 3589 909 3657 γὰρ
961 3585 1163 3655 ὁμοίως
1222 3583 1254 3654 ἢ
1284 3586 1344 3637 τὸ
1374 3583 1485 3654 πῦρ
1530 3583 1628 3650 τῆς
1655 3583 1734 3644 εἰς
1786 3581 1855 3634 τά

285 3687 402 3740 ἄνω
438 3685 608 3754 φορᾶς
640 3682 672 3752 ἢ
706 3683 804 3752 τῆς
836 3683 916 3743 εἰς
967 3679 1034 3732 τὰ
1064 3677 1214 3730 κάτω
1272 3677 1542 3746 κινήσεως
1600 3673 1662 3726 τὸ
1714 3672 1858 3740 ῦδωρ

288 3776 659 3848 μετακινῆσαι
684 3789 826 3828 τινα·
862 3775 924 3826 ού
955 3773 1061 3842 γάρ
1104 3771 1276 3834 ἐστιν,
1326 3770 1428 3822 οὐκ
1486 3768 1657 3834 ἐστιν,
1703 3766 1851 3828 ὅπως

287 3871 494 3940 ἑτέρως
526 3869 636 3932 ἕξει
667 3867 802 3919 ποτὲ
843 3867 876 3935 ἢ
902 3865 976 3926 ώς
1019 3866 1118 3934 τὴν
1167 3862 1354 3932 ἀρχὴν
1407 3861 1589 3930 ἐκείνη
1647 3859 1860 3921 τούτοις

287 3962 457 4032 ὥρισε
486 3961 578 4012 καὶ
625 3958 896 4028 ἐκύρωσε,
945 3957 1040 4008 καί
1095 3953 1453 4022 φιλοστοργία
1508 3952 1565 4004 δὲ
1599 3950 1859 4018 Πατέρων

289 4055 574 4118 ἐντεῦθεν,
637 4050 879 4106 ἀλλὀὐκ
922 4049 1146 4104 ἄλλοθέν
1193 4048 1380 4111 ποθεν,
1443 4044 1539 4099 καὶ
1607 4044 1859 4115 μητέρων

291 4144 608 4216 φιλοτεκνία
636 4143 731 4196 καλ⁸
755 4143 886 4204 πᾶν,
921 4143 946 4194 ὅ
975 4159 1027 4194 τι
1051 4141 1118 4195 ἂν
1173 4139 1303 4194 ἄλλο
1335 4136 1720 4207 παραπλήσιον
1777 4134 1861 4187 εῖ-

294 4257 389 4293 ποι
418 4255 522 4302 τις,
557 4236 808 4290 ἐντεῦθεν
874 4234 1161 4304 πάσχουσα
1192 4233 1290 4302 τὴν
1322 4231 1502 4301 ψυχὴν
1543 4228 1726 4299 μήτηρ
1767 4226 1862 4280 καὶ

294 4328 794 4403 προκινδυνεύουσα
869 4326 966 4379 τοῦ
1014 4325 1146 4379 ἰδίου
1207 4325 1490 4394 κυήματος
1563 4322 1742 4375 πάντα
1800 4335 1858 4372 τε

1948 507 2048 557 της
2095 489 2483 558 μητροπόλεως
2539 486 2634 538 καί
2667 485 2774 536 ὑπὸ
2807 485 2908 553 τὴν
2957 487 3057 553 τῆς
3120 485 3390 553 Κορίνθου
3433 505 3528 540 τε·-

1947 580 2252 649 ταγμένης,
2287 580 2510 642 ἔπειτα,
2543 578 2602 640 ἐξ
2639 578 2761 628 ὅτου
2797 577 2997 646 δηλαδὴ
3017 578 3111 630 καὶ
3143 576 3283 646 αὕτη
3314 578 3391 646 τῷ
3427 579 3527 645 τῆς

1951 672 2350 741 μητροπόλεως
2382 669 2622 737 ἐτιμήθη
2671 668 3016 737 σεμνώματι,
3070 669 3151 728 εἰς
3211 669 3525 738 ἐπισκοπὴν

1949 762 2045 815 καὶ
2085 763 2218 814 αὐτὸ
2266 761 2662 814 ἀποκαταστάν
2726 759 2879 828 παρά
2912 759 3006 812 τοῦ
3063 761 3267 830 μέρους
3325 763 3523 828 αὐτῆς,

1950 852 2171 922 σύναμα
2215 854 2279 923 τῇ
2316 853 2414 919 τῆς
2453 850 2658 918 Πίσσης
2690 851 2786 902 καὶ
2817 853 2881 920 τῇ
2924 850 3032 903 τῶν
3079 851 3318 919 Ἐζερῶν
3346 853 3415 905 δι’
3445 854 3531 904 ἐν-

1946 947 2147 1008 δόσεως
2180 944 2460 1012 ἐγγράφου
2498 942 2786 1012 βασιλικῆς
2822 944 2914 995 καλ.
2944 943 3231 1010 συνοδικῆς
3253 959 3268 974 ο
3317 946 3523 1013 μεταξὺ

1947 1024 2050 1103 ’μὲν
2081 1034 2441 1103 πειραθείσης
2473 1033 2572 1101 τῆς
2597 1054 2600 1056 τ
2621 1033 2734 1086 τῶν
2766 1035 3020 1086 Παλαιῶν
3069 1035 3301 1104 Πατρῶν
3345 1037 3424 1097 εἰς
3446 1037 3528 1086 οἰ-

1949 1125 2104 1178 κείαν
2138 1126 2270 1180 αύτὸ
2305 1123 2643 1194 μεταμεῖψαι
2673 1125 3006 1196 ἐπισκοπὴν,
3046 1127 3134 1179 ὅτε
3185 1126 3296 1178 ἀπὸ
3339 1128 3529 1195 ἀρχιε-

1950 1217 2228 1284 πισκοπῆς
2270 1219 2351 1280 εἰς
2383 1216 2720 1286 μητρόπολιν
2772 1219 2868 1270 καί
2907 1216 3531 1286 αὐτὴξπροδιῦασθεῖσα
3608 1284 3612 1288 _

1950 1313 2046 1361 καὶ
2104 1309 2420 1378 τιμηθεῖσα,
2477 1308 2636 1377 ἔσχεν
2682 1309 2772 1377 ὑφ’
2805 1309 3006 1378 ἑαυτὴν
3046 1310 3165 1363 καὶ
3221 1311 3533 1373 ἐπισκοπάς

1949 1401 2046 1467 τῆς
2078 1397 2376 1469 Κορίνθου,
2408 1399 2577 1459 ἄλλας
2605 1416 2664 1452 τε
2689 1399 2788 1459 καὶ
2819 1398 2917 1468 τὴν
2945 1399 3376 1467 Λακεδαίμονος,
3427 1401 3532 1453 ὑπὸ

1950 1489 2046 1557 τῆς
2085 1490 2304 1543 συνόδου
2335 1489 2390 1541 δέ
2431 1489 2794 1558 κωλυθείσης’
2842 1485 2910 1559 ἦν
2965 1489 3064 1556 μέν
3095 1486 3190 1542 οῦν
3220 1492 3284 1559 τῇ
3325 1507 3531 1561 μητρο-

1951 1581 2105 1634 πόλει
2139 1580 2541 1648 Λακεδαίμονος
2571 1581 2909 1649 διαφέρουσα
2961 1581 3226 1650 ἀνωθενή
3259 1584 3535 1653 ἐπισκοπὴ

1955 1675 2117 1743 αὕτη,
2154 1675 2230 1735 ὡς
2261 1676 2329 1727 τά
2358 1673 2496 1726 κατά
2534 1673 2702 1740 μέρος
2731 1676 2862 1743 περί
2901 1673 3104 1725 τούτου
3151 1673 3457 1741 διείληπται
3480 1678 3535 1728 ἐν

1959 1769 2071 1829 τοῖς
2111 1763 2414 1835 προσοῦσιν
2453 1764 2592 1834 αὐτῇ
2628 1764 2988 1832 δικαιώμασι,
3056 1765 3249 1832 φθάνει
3293 1767 3348 1819 δὲ
3376 1768 3528 1834 ὅμως

1960 1858 2288 1910 ὑποτεθεῖσα
2314 1858 2382 1926 τῇ
2417 1855 2526 1907 τῶν
2582 1853 2836 1908 Παλαιῶν
2873 1843 3142 1926 ’Πατρῶν
3203 1857 3278 1918 ὡς
3330 1845 3532 1920 οἰκεία,

1959 1943 2078 1999 εἶτα
2103 1946 2353 2014 συνοδικῇ
2381 1931 2650 2014 ἐγγράφῳ
2677 1945 2857 2014 κρίσει
2889 1947 2984 2000 καὶ
3023 1945 3315 2014 διαγνώσει
3365 1949 3525 2015 ἀφαι-

1961 2036 2179 2106 ρεθεῖσα
2219 2036 2450 2101 ἐκεῖθεν,
2483 2037 2550 2105 τῇ
2579 2038 2675 2106 τῆς
2725 2037 3132 2106 Λακεδαίμονος
3177 2039 3530 2103 ἀνασώζεται

1959 2131 2022 2198 τῇ
2061 2129 2332 2198 ἐμφανείᾳ
2361 2129 2468 2180 τῶν
2499 2129 2892 2198 δικαιωμάτων
2937 2131 3126 2198 αὐτῆςο
3183 2134 3308 2188 ἐπεὶ
3351 2134 3406 2186 δέ
3440 2133 3534 2188 καὶ

1962 2219 2068 2287 πρὸ
2114 2219 2323 2285 ὀλίγου,
2374 2221 2467 2271 ἐπὶ
2520 2219 2618 2272 τοῦ
2661 2219 2764 2287 πρὸ
2801 2221 2963 2289 ήμῶν
3006 2221 3251 2290 δηλονότι
3279 2224 3531 2294 ἀοιδίμου

1960 2310 2321 2380 πατριάρχου,
2360 2311 2465 2379 κῦρ
2507 2309 2755 2372 Ἡσαΐου,
2784 2311 2884 2380 τὴν
2913 2311 3087 2381 αὐτὴν
3112 2315 3406 2381 προτεῖναν
3433 2316 3528 2368 καὶ

1961 2401 2124 2456 πάλιν
2144 2401 2330 2455 αἰτίαν
2361 2402 2423 2453 τὸ
2456 2402 2622 2473 μέρος
2671 2403 2770 2471 τῆς
2807 2403 2918 2455 τῶν
2970 2403 3226 2456 Παλαιῶν
3271 2406 3525 2474 Πατρῶν,

1959 2494 2183 2562 ἴσχυσεν
2211 2492 2573 2546 ἐπιλαϐέσθαι
2625 2493 2722 2562 τῆς
2784 2494 3092 2562 ἐπισκοπῆς
3147 2495 3379 2566 ταύτης,
3438 2514 3538 2567 χη-
3589 2517 3599 2525 ε

1963 2585 2229 2654 ρευούσης
2258 2583 2357 2652 τῆς
2387 2583 2814 2652 Λακεδαίμονος,
2836 2584 3212 2654 πορισάμενον
3241 2588 3332 2639 ἐπὶ
3357 2589 3533 2657 τούτῳ

1959 2674 2051 2726 καὶ
2079 2674 2315 2744 γράμμα
2354 2673 2633 2727 συνοδικὸν
2661 2675 2752 2727 καὶ
2803 2677 2999 2728 σεπτὸν
3053 2676 3141 2728 ἐπ’
3174 2676 3322 2747 αὐτῷ
3355 2678 3529 2746 πρόσ⁸

1968 2779 2178 2832 ταγμα,
2239 2758 2364 2815 εἶτα
2388 2762 2475 2814 ἐπ’
2501 2763 2703 2832 ἀμφοῖν
2733 2762 2944 2816 τούτοιν
2975 2767 3067 2815 καὶ
3105 2765 3300 2817 σεπτὸν
3330 2767 3534 2834 χρυσό-

1960 2856 2206 2910 6ουλλον.
2249 2855 2308 2909 '0
2343 2855 2437 2907 νῦν
2471 2855 2768 2922 ἱερώτατος
2802 2857 3212 2928 μητροπολίτης
3262 2859 3533 2913 Λακεδαι-

1966 2948 2157 3019 μονίας
2190 2948 2278 3000 καὶ
2303 2947 2627 3018 ὑπέρτιμος,
2661 2951 2718 3000 ἐν
2747 2950 2890 3018 ἁγίῳ
2935 2951 3213 3020 Πνεύματι
3249 2955 3534 3022 ἀγαπητὸς

1886 3066 1928 3124 c
1973 3042 2200 3110 ἀδελφὸς
2231 3043 2325 3095 καὶ
2350 3043 2762 3112 συλλειτουργὸς
2809 3042 2909 3110 τῆς
2941 3042 3100 3112 ήμῶν
3156 3044 3532 3113 μετριότητος,

1963 3132 2071 3203 κῦρ
2103 3133 2314 3197 Νεῖλος,
2339 3133 2590 3202 οὐδαμῶς
2638 3133 2898 3204 περιιδεῖν
2927 3133 3045 3187 δέον
3073 3133 3284 3205 ἔκρινεν
3317 3134 3535 3187 ἀδικου-

1965 3226 2138 3295 μένην
2172 3226 2268 3296 τὴν
2299 3224 2573 3296 λαχοῦσαν
2599 3225 2762 3278 αὐτὸν
2800 3225 2893 3278 ἐπί
2917 3224 2982 3296 τῇ
3010 3226 3188 3297 οἰκείᾳ
3216 3227 3388 3298 ταύτῃ
3418 3227 3540 3280 ἐπι-ν
3653 3253 3656 3262 ι

1960 3318 2160 3387 σκοπῇ,
2179 3317 2271 3368 καί
2293 3332 2354 3383 γε
2372 3318 2651 3386 ἀναφορὰν
2672 3317 3044 3386 ποιησαμένου
3064 3317 3199 3387 πρὸς
3215 3317 3304 3369 τὸν
3321 3318 3383 3370 ἐκ
3399 3315 3536 3371 Θεοῦ

1961 3410 2253 3477 κράτιστον
2276 3408 2369 3460 καί
2395 3407 2549 3476 ἅγιόν
2574 3425 2674 3476 μου
2697 3408 3074 3477 αὐτοκράτορα
3097 3409 3193 3460 καὶ
3237 3408 3414 3476 κρίσιν
3450 3409 3538 3461 αἰ-

1958 3501 2288 3570 τησαμένου,
2329 3502 2357 3553 ό
2385 3501 2449 3552 ἐκ
2474 3499 2607 3553 Θεοῦ
2643 3498 2913 3568 βασιλεὺς,
2943 3501 2976 3570 ή
3014 3499 3415 3570 βασιλικωτάτη
3455 3501 3535 3570 τῷ

1959 3589 2072 3642 όντι
2107 3589 2255 3658 ψυχὴ
2288 3591 2380 3642 καὶ
2408 3590 2574 3658 μηδὲν
2602 3588 2743 3642 οὕτω
2769 3588 3003 3641 πνέουσα
3025 3589 3120 3642 καὶ
3149 3589 3432 3656 τρυφῶσα,
3459 3589 3534 3652 ὡς

1959 3681 2020 3734 τὸ
2037 3679 2381 3749 δικαιοσύνην
2398 3679 2672 3750 πανταχοῦ
2690 3679 3066 3734 πολιτεύεσθαι
3085 3679 3179 3732 καί
3196 3681 3536 3750 ἐπικρατεῖν,

1963 3774 2256 3841 ἐπιτρέπει
2307 3772 2399 3824 καί
2445 3772 2763 3840 ἀνατίθησιν
2818 3771 2950 3839 ήμῖν
3001 3769 3293 3833 συνοδικῶς
3320 3772 3412 3823 καὶ
3437 3789 3538 3823 κα-

1962 3864 2188 3926 νονικῶς
2213 3863 2273 3917 τὸ
2295 3864 2328 3917 ἀ
2336 3863 2784 3934 μφισδητήσιμον
2829 3863 3180 3916 διευλυτῶσαι
3203 3863 3536 3934 ἀμφοτέροις

1965 3957 2178 4018 τούτοις
2207 3957 2271 4026 δὴ
2305 3957 2417 4019 τοῖς
2461 3955 2776 4025 ἱερωτάτοις
2838 3955 3208 4026 ἀρχιερεῦσιν·
3268 3956 3422 4010 ἔνθεν
3448 3973 3534 4008 τοι

1975 4051 2071 4103 καὶ
2125 4047 2420 4120 σένοδικῶς
2473 4047 2723 4116 ἀλλήλοις
2781 4045 3182 4114 ἀντιφέρονται,
3220 4047 3277 4099 ἐν
3331 4048 3398 4116 τῇ
3432 4047 3530 4115 τῆς

1977 4141 2394 4210 Γοργοεηπκόου
2429 4139 2704 4208 σεϐασμίᾳ
2741 4141 2875 4208 μονῇ
2927 4136 3289 4190 συνελθόντων
3348 4137 3530 4207 ἡμῶν,

1971 4234 2310 4302 ζητήσαντος
2344 4231 2504 4284 τοῦτο
2565 4231 2656 4284 τοῦ
2713 4229 2968 4284 Παλαιῶν
3026 4229 3260 4299 Πατρῶν
3291 4229 3381 4283 διὰ
3437 4230 3535 4298 τὴν

1967 4325 2211 4396 συνήθως
2242 4324 2565 4396 ἐνοχλοῦσαν
2615 4323 2782 4379 αὑτὸν
2817 4323 3127 4388 ἀσθένειαν,
3179 4322 3552 4392 διαμηνυθέν-

290 4425 521 4492 δεύτερα
565 4421 599 4490 ἢ
630 4421 787 4474 οὐδὲν
819 4418 1079 4485 τιθεμένη
1136 4416 1233 4485 τῆς
1284 4414 1495 4468 ἐκείνου
1555 4412 1859 4483 ζητήσεως,
1893 4419 1938 4474 D
1966 4435 2056 4482 τος
2088 4417 2353 4488 πρότερον
2372 4417 2476 4476 καὶ
2528 4416 2593 4469 δι’
2633 4416 2946 4486 ἰερωτάτων
2990 4414 3292 4486 ἀρχιερέων
3326 4415 3420 4469 καὶ
3451 4415 3518 4470 δι’

290 4516 518 4570 εἰλάθοι
565 4529 664 4566 που
697 4509 1150 4580 ἀποσχοινισθέν·
1198 4508 1305 4560 τῶν
1361 4507 1459 4576 μέν
1513 4505 1605 4562 οῦν
1661 4501 1862 4570 ἐαυτῆς

293 4606 441 4660 ἰδίων
471 4604 639 4667 οὕτως
682 4603 793 4673 ἔχει
822 4601 1196 4671 φιλοστόργως
1227 4601 1260 4669 ἡ
1294 4599 1480 4668 φύσις,
1529 4597 1778 4666 μιμεῖται
1806 4593 1862 4645 δέ

289 4701 465 4768 αὐτὴν
497 4699 758 4766 ἄντικρυς
793 4698 890 4748 καὶ
922 4693 992 4746 τὰ
1022 4693 1348 4761 πράγματα,
1375 4691 1473 4741 καὶ
1503 4689 1638 4756 πρὸς
1687 4684 1859 4754 αὐτὴν

289 4787 893 4849 ἁπευθύνεσθαιθέλει,
939 4785 1036 4838 καί
1068 4786 1169 4838 οὐκ
1201 4783 1451 4850 ἀνέχεται
1497 4779 1667 4850 χωρὶς
1721 4772 1861 4828 εἶναι

290 4881 500 4935 τούτων
520 4880 614 4932 ἐπὶ
649 4877 806 4942 πολὺ,
835 4871 909 4931 ὧν
929 4876 1116 4938 κακῶς
1147 4873 1406 4942 ὑπέμεινε
1443 4871 1542 4941 τὴν
1565 4863 1860 4931 διάζευξιν,

289 4973 454 5026 οίο,εί
475 4988 582 5025 τισι
602 4970 854 5040 φυσικαῖς
879 4967 1064 5030 ὁλκαῖς
1086 4968 1178 5019 καὶ
1203 4963 1575 5024 ἀντιπαθείαις
1592 4959 1864 5047 ἀντισπώ;
1899 5012 1904 5017 _

294 5082 438 5138 μενα
485 5066 578 5117 καὶ
627 5064 1002 5132 ἀνθελκόμενα
1025 5060 1212 5125 πάλιν,
1235 5055 1461 5118 καὶτοῖς
1489 5056 1650 5124 ἰεροῖς
1683 5052 1741 5106 δέ
1770 5053 1864 5105 καὶ

292 5139 460 5220 θείοις
494 5157 683 5212 κανόσι
708 5156 938 5224 πάμπαν
962 5151 1354 5222 ἀπηγόρευται,
1381 5147 1456 5217 μὴ
1481 5146 1604 5208 τοὺς
1628 5145 1864 5206 οἰκείους

291 5248 650 5318 ὑπερϐαίνειν
676 5247 838 5315 ὅρους
876 5244 1000 5298 τινὰ
1023 5241 1400 5312 ὁπωσδήποτεο
1459 5238 1597 5290 ἀλλά
1640 5239 1750 5306 γὰρ
1782 5237 1862 5300 εἰς

289 5337 519 5393 τίταῦθ’
544 5339 680 5408 ἡμῖν
711 5335 962 5408 εἴρηταις
1017 5333 1253 5403 δηλώσει
1293 5332 1512 5392 πάντως
1536 5329 1605 5381 τά
1639 5328 1731 5380 νῦν
1768 5328 1866 5398 ῥη-

289 5430 592 5498 θησόμενα.
651 5427 728 5480 Τὸ
797 5426 1140 5495 Ἀμύκλειον,
1202 5427 1235 5492 ή
1289 5419 1588 5489 ἐπισκοπὴ,
1648 5415 1716 5490 ἦν
1762 5417 1862 5487 μὲν

285 5521 502 5576 ἄνωθεν
530 5520 589 5585 ἐξ
620 5519 815 5587 ἀρχῆς,
843 5518 902 5582 ἐξ
935 5515 1128 5584 αὐτῆς,
1194 5513 1268 5577 ώς
1316 5512 1512 5576 εἰπεῖν,
1561 5509 1658 5580 τῆς
1701 5508 1862 5578 ῥίζης

285 5615 389 5668 καὶ
415 5613 512 5681 τῆς
537 5610 716 5680 ἀρχῆς
770 5609 1028 5678 διαφέρον
1082 5610 1147 5675 τῇ
1187 5605 1472 5674 ἁγιωτάτῃ
1524 5599 1861 5671 μητροπόλει

283 5708 387 5775 τῆς
414 5703 875 5773 Λακεδαιμονίοις,
905 5703 974 5754 τά
1006 5699 1198 5769 πρῶτα
1243 5700 1342 5770 μὲν
1378 5696 1662 5767 ἐνοριακὸν
1686 5694 1858 5763 αὐτῆς

1969 4510 2443 4580 ἐκκλησιαστικῶν
2503 4507 2783 4578 ἀρχόντων
2812 4508 3087 4577 διαφόρως
3157 4507 3252 4561 καί
3307 4509 3539 4575 ὑπερτεα

1967 4601 2152 4663 θέντος
2189 4599 2284 4653 τοῦ
2316 4599 2640 4669 πράγματος
2674 4599 2771 4651 καλ⁵
2800 4598 2894 4650 ἐπὶ
2933 4598 3107 4666 μῆνας
3138 4597 3281 4651 ἐπτά
3313 4598 3405 4652 διὰ
3433 4601 3534 4670 τὴν

1963 4691 2226 4760 τοιαύτην
2277 4688 2444 4743 αὑτοῦ
2491 4689 2806 4743 ἀσθένειαν⁸
2845 4689 2940 4740 καὶ
2992 4688 3114 4741 ἐπεὶ
3170 4691 3292 4750 ταῖς
3339 4689 3536 4754 αὐταῖς

1965 4777 2106 4851 ἦσαν
2137 4781 2342 4844 αἰτίαις
2370 4780 2463 4832 καὶ
2492 4779 2798 4850 ἀμφότεροι
2823 4777 3099 4848 χρώμενοι
3134 4779 3227 4832 καὶ
3265 4779 3534 4848 διισχυρι-

1967 4874 2209 4943 ζόμενοι,
2246 4875 2312 4944 τῇ
2346 4871 2466 4924 κατ’
2507 4870 2671 4923 αὐτὸν
2722 4871 2986 4940 ἑκάτερος
3042 4870 3308 4942 ἐκκλησίᾳ
3347 4868 3535 4942 διαφέ-

1970 4983 2084 5036 ρειν
2139 4964 2380 5034 ἀρχῆθεν
2428 4964 2528 5033 τὴν
2563 4963 2884 5033 ἀμφίμαχον
2938 4963 3146 5033 ταύτην
3199 4963 3531 5035 ἐπισκοπὴν,

1967 5057 2170 5128 πολλὴν
2196 5058 2382 5126 ἡμεῖς,
2412 5056 2486 5117 ὼς
2510 5056 2682 5118 εἰκὸς,
2716 5059 2844 5124 περὶ
2885 5054 3076 5107 τούτου
3101 5054 3340 5126 ζήτησιν
3375 5072 3534 5125 ποιη-

1968 5148 2219 5218 σάμενοι,
2251 5145 2485 5217 εὕρομεν
2516 5147 2787 5217 ἀριδήλως
2825 5148 2920 5201 καὶ
2956 5149 3209 5218 φανερῶς
3251 5148 3314 5202 ἐκ
3344 5164 3402 5202 τε
3434 5149 3536 5218 τῆς

1968 5239 2260 5308 συνοδικῆς
2329 5240 2612 5306 ἐγγράφου
2665 5239 3014 5305 διαγνώσεως
3073 5240 3168 5293 καὶ
3207 5239 3532 5307 ἀποφάσεως

1968 5329 2063 5382 τοῦ
2091 5330 2212 5382 τότε
2241 5330 2588 5399 πατριάρχου
2618 5329 2722 5399 κῦρ
2747 5329 3077 5401 Γρηγορίου,
3131 5329 3220 5398 ἐφ’
3245 5326 3279 5401 ᾗ
3311 5331 3409 5382 καὶ
3440 5341 3532 5381 σε·

1967 5421 2101 5474 πτὸν
2139 5420 2346 5491 προέὸη
2371 5420 2791 5489 χρυσόδυυλλον,
2841 5421 2938 5474 καὶ
2962 5421 3070 5474 ἀπὸ
3087 5420 3198 5474 τῶν
3224 5420 3400 5474 ἀλλων
3423 5435 3534 5472 πα-

1967 5511 2239 5578 λαιγενῶν
2324 5511 2736 5583 δικαιωμάτων,
2800 5511 2943 5581 ἀπερ
3006 5515 3035 5564 δ
3089 5511 3532 5578 Λακεδαιμονίας

1967 5601 2271 5670 προέτεινε,
2296 5599 2390 5652 τοῦ
2428 5600 2648 5671 βρεὸίοῡ
2697 5600 2900 5672 δηλαδὴ
2958 5601 3059 5666 τῆς
3106 5599 3392 5668 βασιλικῆς
3436 5600 3533 5655 καὶ

1970 5693 2255 5762 συνοδικῆς
2289 5688 2570 5758 ἐνδόσεως,
2595 5692 2681 5762 ἐφ’
2702 5687 2745 5761 ᾧ
2774 5692 2866 5744 τὸν
2895 5691 3334 5760 Λακεδαιμονίοις
3357 5695 3536 5763 ἀπαρ-
