4010 6258
285 351 422 415 1269

1296 345 1694 408 ΞΕΝΟΒῐΕιΕ
1733 343 2411 406 (ΣΟΝὓΤΙΤυΤΙΟΝΕΞ.

3385 346 3519 410 1270

277 461 422 525 κίαν,
460 461 534 522 ὡς
561 459 655 512 τοῦ
691 459 790 528 μὲν
821 456 1136 530 προσώπου,
1207 457 1346 526 ὅπερ
1400 457 1476 520 ὡς
1533 455 1626 508 ὑπ’
1687 457 1848 524 αἰτίῳ
1876 453 2025 516 A,§::
2050 453 2256 509 δοκεῖτε
2311 442 2404 508 καὶ
2439 455 2566 522 περὶ
2604 453 2711 507 τῶν
2755 455 3164 525 πεπραγμένων
3207 457 3518 520 συνοδικῶς,

277 554 438 624 δῆθεν
470 553 547 622 τῷ
575 553 812 621 Πυργίου
843 553 1100 621 ὀμόσαντι
1131 549 1448 619 ἐκρεμάσθη
1505 551 1599 601 καὶ
1658 548 1846 619 ἐδάρη,

279 647 486 712 ἔλεγον,
515 647 607 698 κοιλ¹
631 645 722 698 τὸν
752 645 952 714 τρόπον
985 644 1175 698 τοῦτον
1204 643 1436 696 ἀπέλιπε
1461 643 1520 695 τὸ
1547 641 1666 714 ζῇν,
1711 643 1849 711 μήτε

280 734 706 804 κρεμασθέντος.
740 735 880 804 μήτε
916 735 1022 803 μὴν
1051 733 1324 800 δαρέντος,
1356 733 1493 803 πλὴν
1515 731 1608 786 τοῦ
1631 731 1850 796 δεθῆναι

283 827 442 896 μόνον
473 827 535 878 ἐκ
559 825 756 886 ποδῶν,
788 825 992 894 φυσικῇ
1023 824 1080 876 δὲ
1118 823 1259 894 νόσῳ
1283 823 1471 877 ἔκτοτε
1523 823 1849 892 περιπεσόν-

284 934 375 979 τος
407 917 500 968 καὶ
536 914 656 985 μεθ’
692 917 874 968 ἱκανὸν
907 916 1181 981 θανόντος,
1204 915 1321 968 ἀλλ’
1345 916 1464 971 οὐδὲ
1509 915 1851 984 αὐθόρμητον

283 1010 362 1072 εἰς
377 1008 466 1061 τὸν
487 1009 650 1080 ὅρκον
672 1009 822 1076 ἔλεγε
849 1008 1103 1078 γενέσθαι
1126 1008 1217 1060 τὸν
1239 1007 1499 1077 Πυργίου,
1520 1007 1763 1061 ἐπιθέσει
1793 1006 1849 1060 δέ

284 1102 455 1172 πολλῇ
482 1102 576 1154 καὶ
635 1100 726 1171 βίᾳ
763 1099 858 1154 τοῦ
899 1100 1079 1170 Ἀμὴρ
1122 1099 1492 1170 Ἀμήρπεκιν,
1537 1098 1648 1152 ἀπὸ
1677 1097 1848 1168 ζητή-

281 1208 420 1254 σεως
449 1190 543 1242 τοῦ
571 1190 815 1243 τοιούτου
848 1189 1166 1260 προσώπου,
1194 1189 1287 1241 καὶ
1309 1188 1398 1240 διὰ
1424 1190 1484 1238 τὸ
1520 1187 1848 1240 κινδυνεύειν

282 1283 357 1353 μὴ
390 1282 717 1353 θελήσαντος
759 1282 957 1351 ὀμόσαι
986 1281 1324 1333 εἰκοσιπέντε
1373 1279 1664 1347 πρόσωπα,
1693 1279 1847 1349 εὐορ-

284 1377 552 1444 γήσαντος
584 1375 640 1432 δὲ
691 1375 784 1428 καὶ
833 1373 1132 1428 ἀκινδύνων
1160 1375 1255 1426 καὶ⁹
1284 1372 1461 1424 αὐτῶν
1516 1373 1849 1443 περισωθέν-

282 1479 408 1524 των,
437 1463 632 1518 Ἔνθεν
661 1481 743 1517 τοι
777 1464 868 1517 καὶ
901 1463 1090 1534 ἐπειδὴ
1132 1463 1490 1531 πολυτρόπως
1522 1464 1618 1516 καὶ
1659 1465 1849 1534 ἀριδή-

286 1556 393 1619 λως
419 1557 796 1614 ἀποδέδεικται
831 1559 860 1610 6
895 1557 1136 1627 Πυργίου
1159 1558 1240 1619 εἰς
1271 1555 1426 1609 οὐδὲν
1453 1557 1560 1618 τῶν
1589 1557 1848 1611 τοιούτων

287 1649 627 1715 αἰτιαμάτων
651 1646 1030 1717 ἁλισκόμενος,
1058 1647 1308 1699 ἀθωοῦσα
1340 1646 1530 1700 τοῦτον
1555 1649 1849 1714 συνοδικῶς

1952 546 2047 598 καὶ
2076 545 2225 607 ὅπως
2253 544 2703 615 παρηκολούθησε
2748 547 2815 598 τὰ
2845 547 2966 599 κατ’
2994 547 3154 609 αὐτόν
3175 563 3188 576 ·
3231 548 3298 600 ἵν’
3325 548 3419 601 οὖν
3447 553 3524 619 μὴ

1950 636 2038 688 διὰ
2066 635 2226 697 τοῦτο
2276 636 2444 699 ἀκοὰς
2477 636 2756 706 δεχόμενοι
2807 637 3044 706 ματαίας
3090 640 3396 710 ἐκφέρησθε
3428 643 3522 693 τοῦ

1951 729 2343 797 προσήκοντος,
2369 728 2607 798 δηλῶσαι
2639 729 2749 783 δεῖν
2774 729 3020 801 ἔγνωμεν
3049 733 3176 801 ὑμῖν
3207 731 3280 797 ὡς
3305 733 3360 792 ἐν
3393 731 3524 801 βρα-

1950 823 2037 890 χεῖ
2071 821 2169 889 τὴν
2194 821 2472 878 ὑπόθεσιν.
2511 819 2568 873 '0
2600 821 2865 890 Παλαμᾶς
2891 824 2986 875 καὶ
3017 825 3043 875 ό
3075 823 3344 894 Βαρλαὰμ
3378 820 3524 896 εἶχον

1950 911 2025 975 ὡς
2060 909 2203 982 εἶχον
2233 913 2356 965 κατ’
2393 914 2661 982 ἀλλήλων,
2693 916 2787 966 καὶ
2819 915 2908 967 ἵνα
2959 915 3035 984 μὴ
3070 917 3520 986 μακρολογῶμεν,

1953 1006 2304 1079 κατήντησαν
2352 1005 2610 1067 ἐνταῦθα,
2642 1007 2669 1057 6
2713 1002 2812 1074 μὲν
2856 1006 3120 1074 πρότερον
3152 1007 3179 1058 6
3229 1007 3522 1076 Βαρλαὰμ,

1951 1087 2070 1148 εἶτα
2097 1095 2208 1148 ἀπὸ
2235 1095 2544 1164 ἐγκλήσεως
2569 1097 2734 1150 αὐτοῦ
2771 1098 2865 1152 καὶ
2895 1100 2922 1150 6
2967 1098 3250 1168 Παλαμᾶς·
3289 1102 3378 1150 καὶ
3406 1115 3525 1149 συν-

1949 1186 2070 1238 όδου
2133 1188 2601 1257 συγκροτηθείσης
2675 1189 2950 1260 παρουσία
3000 1192 3094 1242 καὶ
3145 1190 3241 1244 τοῦ
3279 1191 3525 1258 ἀοιδίμου

1952 1278 2046 1332 καὶ
2077 1281 2388 1349 μακαρίτου
2422 1280 2690 1348 βασιλέως
2727 1283 2819 1334 καὶ
2849 1282 2951 1350 τῆς
2995 1283 3326 1351 συγκλήτου,
3365 1299 3525 1352 προερ

1950 1372 2134 1441 τράπη
2161 1373 2186 1425 6
2215 1373 2483 1441 Βαρλαάμ
2521 1373 2717 1434 εἰπεῖν,
2746 1373 2877 1425 εἴτι
2906 1375 3080 1427 εἰπεῖν
3109 1373 3220 1443 ἔχει
3266 1376 3358 1426 καὶ
3391 1376 3524 1425 ἁπο-

1948 1462 2120 1526 δεῖξαι
2152 1463 2292 1517 κατὰ
2316 1464 2410 1517 τοῦ
2437 1463 2765 1534 Παλαμᾶ.’0
2797 1465 2851 1518 δὲ
2886 1463 3130 1537 ὡσπερεὶ
3171 1465 3268 1521 τοῦ
3303 1484 3524 1533 προκει-

1953 1554 2119 1622 μένου
2159 1553 2332 1624 λήθην
2367 1554 2582 1616 παθὼν,
2627 1555 2965 1626 δογματικὰς
3014 1558 3325 1624 προέτεινεν
3387 1558 3520 1608 ἁπη-

1955 1645 2098 1715 ρίας,
2145 1646 2242 1698 καὶ
2288 1644 2473 1708 λύσεις
2526 1647 2618 1700 ἐπὶ
2665 1647 2876 1707 τούτοις
2941 1647 3230 1717 ἐπεζήτει·
3282 1647 3440 1716 ἡμῶν
3469 1649 3524 1700 δέ

285 1743 316 1810 ὴ
346 1740 638 1810 μετριότης
664 1741 820 1810 ημῶν
854 1740 1004 1810 κοινῇ
1056 1738 1340 1806 διασκέψει
1376 1739 1470 1793 καὶ
1517 1737 1712 1812 γνώμῃ
1740 1741 1850 1794 τῶν
1885 1797 1925 1812 _
1954 1738 2378 1807 προτρεπόντων
2405 1739 2587 1807 λέγειν
2619 1740 2803 1803 αὐτὸν,
2844 1741 2975 1810 περὶ
3004 1735 3077 1794 ὧν
3107 1741 3521 1807 ἐνεκλήτευσεν,

283 1797 409 1900 τὲέρι
452 1797 643 1900 ἀὐτην
679 1797 1004 1898 ,ίιερωτάτων
1049 1797 1392 1901 ἀρχιερέων,
1438 1797 1540 1884 τοῦ.
1576 1797 1850 1902 Σάρδεων,
1885 1797 1926 1852 Β
1956 1797 2309 1896 ἐνιστάμενος
2358 1823 2450 1900 ἦν,
2479 1797 2612 1882 ’τῶν
2663 1797 2932 1900 ἀποριῶν⁸
2955 1830 3125 1900 ἀπρὶξ
3180 1797 3520 1900 ἒξεέόῌ-επιοςί

281 1924 374 1978 τοῦ
401 1923 584 1992 Σίδης,
609 1922 701 1976 τοῦ
746 1923 1067 1992 Ἀμασείας,
1096 1921 1190 1975 τοῦ
1234 1923 1499 1991 Πισιδίας,
1531 1923 1625 1978 τοῦ
1654 1926 1854 1997 Κορίν-

283 2015 402 2080 θου,
426 2015 517 2068 τοῦ
542 2015 868 2086 Δυρραχίου.
900 2014 993 2068 τοῦ
1025 2015 1312 2082 Μαδύτων,
1337 2015 1433 2069 τοῦ
1468 2017 1852 2089 Ἀμάστριδος,

283 2109 378 2167 τοῦ
407 2106 738 2176 Μηθύμνης,
775 2107 868 2160 τοῦ
899 2108 1120 2176 Ἀπρω,
1145 2104 1238 2160 τοῦ
1271 2105 1509 2178 Βάρνης,
1540 2109 1634 2161 τοῦ
1657 2109 1851 2180 Γάνου,

284 2198 380 2254 τοῦ
414 2197 688 2264 Βιτζίνης,
736 2196 830 2249 τοῦ
874 2199 1100 2266 Ζιχνῶν,
1137 2195 1233 2249 τοῦ
1283 2197 1440 2263 Χίου,
1471 2197 1565 2250 τοῦ
1602 2200 1852 2269 Δράμας,

282 2290 376 2342 τοῦ
407 2290 656 2353 Τενέδου,
689 2289 782 2341 τοῦ
817 2289 1264 2351 Καλλιουπόλεως
1291 2290 1384 2343 καὶ
1416 2290 1510 2342 τοῦ
1539 2291 1850 2363 ὐποψηῳίου

281 2380 695 2448 Μονεμῦασίας,
732 2379 1165 2448 παρακελεύεται
1195 2381 1440 2448 μετιέναι
1470 2383 1631 2436 αὐτὸν
1653 2383 1722 2436 τὰ
1749 2384 1853 2454 τῆς

279 2475 487 2550 οἰκείας
541 2473 977 2543 ἀρχιερωσύνης,
1025 2475 1083 2527 ἐν
1125 2477 1190 2545 τῇ
1221 2475 1344 2528 κατ’
1392 2476 1556 2530 αὐτόν
1584 2478 1852 2550 ἐκκλησίᾳ

283 2566 672 2636 ἱερουργοῦντα
708 2567 800 2618 καὶ
837 2565 1149 2635 ποιμαίνειν
1201 2570 1297 2621 καὶ
1341 2568 1615 2637 διεξάγειν
1640 2573 1702 2624 :6
1753 2579 1850 2624 λα-

282 2661 379 2728 χδν
434 2658 594 2710 αὐτὴν
657 2658 874 2725 λογικὸν
931 2659 1185 2728 ποίμνιον
1247 2661 1340 2713 τοῦ
1399 2662 1660 2730 Χριστοῦ.
1711 2665 1852 2734 Φησὶ

282 2752 392 2823 γὰρ
427 2753 521 2802 καὶ
541 2752 568 2803 6
605 2749 877 2812 θειότατος
907 2749 1094 2820 Πατὴρ
1121 2750 1282 2821 ἡμῶν
1309 2752 1337 2804 6
1366 2753 1538 2820 μέγας
1570 2755 1854 2820 Βασίλειος

281 2843 339 2895 ἐν
367 2859 475 2894 τινι
514 2841 617 2894 τῶν
643 2840 806 2895 αὐτοῦ
834 2841 1094 2906 κανόνων,
1123 2841 1200 2911 τῷ
1225 2843 1354 2911 περὶ
1399 2843 1508 2896 τῶν
1543 2846 1851 2915 πρεσϐυτέ-

282 2952 418 3007 ρων,
451 2953 472 2987 ι
497 2935 710 2997 Οἴτινες
743 2936 806 2986 ἐκ
835 2933 944 2986 τῶν
967 2934 1214 2987 ἀπίστων
1239 2935 1486 3006 ἀνάγκην
1519 2936 1854 3002 ὑποστάντες

279 3025 525 3096 ὤμοσαν,
555 3027 754 3097 μηκέτι
783 3026 1107 3097 ἰερουργεῖνο
1128 3044 1147 3078 ι
1171 3027 1267 3082 καὶ
1287 3031 1428 3097 μετά
1456 3046 1598 3083 τινα·
1621 3051 1640 3084 ι
1668 3033 1854 3088 Ἔστιν

1967 1919 2420 1989 Ἀνεγνώσθησαν
2443 1916 2536 1973 οὖν
2572 1921 2652 1981 εἰς
2687 1923 2922 1993 ἐπήκοον
2951 1921 3038 1974 διὰ
3071 1921 3246 1976 ταῦτα
3281 1922 3389 1975 ἀπὸ
3415 1923 3523 1975 τῶν

1957 2010 2120 2079 ἰερῶν
2169 2013 2264 2064 καὶ
2295 2011 2457 2066 θείων
2507 2013 2750 2067 κανόνων
2787 2008 2932 2069 οὗτοι
2959 2031 2972 2044 ο
3014 2033 3032 2067 ι
3066 2015 3141 2068 Οὐ
3197 2015 3302 2086 χρὴ
3335 2015 3522 2067 λαῖκδν

1954 2103 2194 2174 δημοσίᾳ
2223 2104 2382 2172 λόγον
2426 2108 2600 2159 κινεῖν
2626 2107 2658 2176 ἢ
2692 2107 2986 2172 διδάσκειν,
3023 2107 3242 2178 ἀξίωμα
3270 2108 3518 2162 διδασκαο

1953 2194 2103 2248 λικὺν
2129 2195 2384 2249 ἐντεῦθεν
2414 2197 2894 2267 περιποιούμενον,
2927 2199 3044 2250 ἀλλ’
3075 2200 3247 2252 εῖκειν
3273 2203 3334 2270 τῇ
3373 2204 3522 2272 παρᾶ

1953 2287 2050 2341 τοῦ
2091 2287 2299 2357 Κυρίου
2327 2288 2695 2359 παραδοθείσῃ
2728 2289 2902 2353 τάξει,
2933 2291 3026 2342 καὶ
3052 2291 3112 2342 τὺ
3160 2287 3253 2354 οῦς
3281 2296 3391 2354 τοῖς
3425 2294 3521 2364 τὴν

1953 2379 2114 2450 χάριν
2144 2379 2237 2433 τοῦ
2263 2380 2648 2434 διδασκαλικοῦ
2673 2381 2831 2448 λόγου
2856 2381 3082 2436 λασοῦσι
3109 2383 3400 2451 διανοίγειν
3429 2388 3521 2438 καὶ

1952 2473 2019 2524 τά
2054 2470 2172 2523 θεῖα
2210 2470 2340 2540 παρ’
2371 2471 2552 2526 αὐτῶν
2599 2473 3033 2528 ἐκδιδάσκεσθαι.
3067 2477 3156 2528 Ἐν
3190 2476 3299 2546 γὰρ
3330 2479 3392 2546 τῇ
3427 2479 3522 2546 μιᾷ

1968 2564 2268 2636 Ἐκκλησία
2318 2565 2554 2636 διάφορα
2610 2567 2744 2635 μέλη
2787 2570 3088 2638 πεποίηκεν
3120 2573 3146 2621 6
3188 2571 3338 2633 Θεὸς,
3383 2575 3523 2624 κατὰ

1952 2655 2050 2722 τὴν
2088 2654 2182 2706 τοῦ
2229 2640 2556 2707 Ἀποστόλου
2593 2657 2797 2726 φωνὴν,
2853 2658 2918 2727 ἣν
2952 2661 2978 2712 6
3030 2658 3291 2728 Θεολόγος
3347 2666 3532 2731 ἑρμησ.

1956 2743 2125 2798 νεύων
2153 2745 2451 2816 Γρηγόριος
2485 2747 2673 2816 σαφῶς
2704 2748 2804 2817 τὴν
2836 2749 2890 2799 ἐν
2917 2748 3130 2811 τούτοις
3172 2750 3326 2814 τάξιν
3357 2754 3523 2822 παιρί⁴

1957 2853 2118 2907 στησι
2147 2836 2319 2906 λέγων
2346 2853 2358 2867 ·
2397 2856 2416 2889 ι
2449 2837 2670 2908 Ταύτην
2717 2839 2996 2910 αἱδὼμεθα
3031 2841 3130 2911 τὴν
3162 2843 3337 2908 τάξιν,
3372 2845 3525 2899 ἀδελ.

1956 2928 2068 2997 φοί,
2102 2928 2304 2998 ταύτην
2336 2929 2698 3000 φυλάττωμεν
2720 2941 2733 2957 ⁸
2762 2933 2788 2984 6
2821 2931 2922 3000 μὲν
2945 2931 3085 2986 ἔστω
3109 2949 3192 2996 τις
3222 2934 3380 3005 ἀκοὴ,
3414 2936 3440 2986 6
3467 2936 3523 2986 δὲ

1954 3020 2198 3088 γλῶσσα,
2221 3022 2248 3074 6
2277 3020 2334 3074 δὲ
2378 3021 2521 3092 χεὶρ,
2564 3023 2591 3075 6
2620 3023 2676 3076 δέ
2708 3022 2836 3076 ἄλλο
2859 3040 2910 3076 τι
2938 3039 2951 3052 ·
2991 3027 3018 3078 6
3071 3024 3169 3092 μὲν
3196 3025 3520 3090 διδασκέτω,

279 3115 376 3173 οῦν
407 3118 593 3180 δεκτὸς
618 3119 646 3170 6
677 3119 816 3190 ἀνὴρ
848 3121 1054 3184 ἐκεῖνος
1089 3122 1542 3192 μαρτυρούμενος
1565 3126 1718 3195 παρά
1747 3127 1846 3197 τῆς
1876 3123 1922 3184 c
1951 3113 1980 3166 6
2010 3113 2065 3165 δὲ
2103 3112 2442 3183 μανθανέτω,
2492 3114 2587 3167 καὶ
2625 3116 2652 3167 6
2697 3114 2986 3182 μανθάνων
3023 3117 3079 3168 ἐν
3116 3117 3398 3195 εὐπειθείᾳ
3430 3123 3522 3172 καὶ

277 3212 568 3274 εὐλαϐείας
605 3229 696 3264 σου
738 3212 1142 3281 μεταμέλεσθαι
1172 3213 1266 3266 ἐπὶ
1299 3217 1365 3284 τῇ
1397 3215 1619 3288 εὐκολίᾳ
1642 3216 1737 3271 τοῦ
1764 3219 1854 3290 ὅρ-

279 3323 403 3367 κου,
433 3304 491 3357 ὃν
525 3305 618 3358 ἐπὶ
659 3303 754 3358 :.6
785 3304 1018 3359 ἀπίστου
1048 3306 1236 3376 ἀνδρὸς
1268 3307 1611 3378 ἐξωμόσατο,
1649 3310 1852 3381 βαστά-

280 3414 372 3449 σαι
404 3398 502 3467 τὴν
547 3397 828 3468 ἐνόχλησιν
866 3397 958 3450 τοῦ
999 3398 1197 3470 μικροῦ
1232 3400 1483 3455 κινδύνου
1520 3402 1736 3456 ἐκείνου
1776 3403 1853 3474 μὴ

278 3486 556 3556 δυνηθείς.
601 3506 620 3539 ι
662 3488 824 3542 Ὅθεν
855 3489 1071 3559 ούδέτῷ
1109 3491 1347 3560 Πυργίου
1373 3496 1850 3565 προκριματισμός

278 3580 399 3632 ἐστί
423 3597 506 3642 τις
531 3579 776 3644 δικαίως,
807 3581 867 3647 ἐξ
911 3581 1157 3652 ἀνάγκης
1185 3582 1442 3652 ὀμόσαντι
1476 3586 1567 3638 καὶ
1621 3587 1852 3657 εὐορκή-

280 3691 440 3728 σαντι
463 3689 476 3702 ·
515 3673 561 3724 εί
589 3673 694 3741 γὰρ
721 3675 918 3726 ἐκεῖνοι
948 3673 1045 3742 τὴν
1083 3673 1386 3744 ἱερωσύνην
1408 3676 1609 3745 τρόπον
1641 3679 1733 3733 τὸν
1773 3683 1853 3734 εί-

279 3781 352 3836 ρη
363 3765 520 3830 μένον
544 3760 974 3829 ἀποϐαλλόμενοι
1003 3763 1295 3824 ἀναλαϐεῖν
1321 3766 1491 3836 αὐτὴν
1520 3767 1613 3820 καὶ
1637 3768 1850 3838 ίερουρ-

276 3859 400 3923 γεῖν
451 3853 935 3924 συνεχωρήθησχν,
968 3855 1105 3922 πλὴν
1157 3857 1254 3925 τῆς
1302 3856 1564 3928 δημοσίας
1598 3861 1844 3920 συνελεύ-

277 3965 440 4015 σεως,
477 3949 645 4019 πολλῇ
677 3951 742 4018 τῇ
777 3947 868 4000 τοῦ
921 3947 1136 4002 δικαίου
1188 3953 1476 4023 περιουσίᾳ
1517 3954 1848 4026 ἀνέγκλητος

273 4036 432 4105 οὗτος
489 4041 866 4112 τηρηθήσεται
901 4042 955 4108 ἐξ
1013 4043 1265 4113 ἀνάγκης
1295 4045 1490 4114 ὁμοίας
1545 4047 1638 4100 τοῦ
1683 4050 1848 4119 ὅρκου

274 4137 765 4205 προχωρήσαντος,
804 4135 1109 4188 ἀκινδύνων
1139 4154 1196 4188 τε
1231 4139 1326 4191 καὶ
1358 4140 1468 4192 τῶν
1515 4142 1690 4195 ἄλλων
1747 4162 1847 4196 πε-

275 4227 626 4296 ρισωθέντων
661 4228 754 4279 καὶ
785 4227 951 4280 αὐτοῦ
984 4229 1077 4281 τοῦ
1115 4231 1213 4301 τὴν
1246 4233 1425 4287 αἰτίαν
1448 4235 1650 4299 δόντος.
1670 4239 1847 4307 Ὀφεί-

267 4323 349 4374 λει
383 4323 567 4390 μέντοι
597 4321 692 4375 τοῦ
733 4321 922 4375 λοιποῦ
949 4326 1070 4402 ,καὶ
1119 4327 1234 4388 τοῖς
1271 4327 1375 4379 ὐπὸ
1405 4327 1502 4397 τὴν
1534 4329 1659 4382 καθ’
1699 4331 1846 4399 ἡμᾶς

269 4415 585 4482 ἀγιωτάτην
614 4415 707 4467 τοῦ
741 4415 875 4468 Θεοῦ
928 4417 1190 4489 Μεγάλην
1238 4417 1566 4488 Ἐκκλησίαν
1619 4425 1778 4492 ίερωτ

269 4524 383 4567 τοις
419 4506 766 4574 ἀρχιερεῦσιν
799 4508 1236 4578 ἐναριθμεῖσθοιι,
1268 4511 1347 4564 ἔτι
1379 4529 1438 4564 τε
1492 4514 1584 4568 καὶ
1619 4515 1670 4566 οί
1724 4516 1841 4584 μετ’

191 4587 199 4593 ’
268 4598 437 4654 αὐτὸν
469 4599 534 4665 τῇ
583 4595 674 4648 τοῦ
715 4599 956 4667 Πυργίου
988 4599 1582 4674 ἐπι-κηρυχθησόμενοι,
1620 4606 1696 4668 ὼς
1749 4609 1842 4667 καὶ

267 4687 370 4756 τῆς
407 4688 661 4756 τοιαύτης
717 4689 1009 4758 ἐκκλησίας
1054 4691 1131 4759 τῷ
1165 4693 1262 4760 τῆς
1310 4697 1698 4764 μητροπόλεως
1749 4700 1844 4749 καὶ

269 4779 437 4828 πάλιν
490 4778 815 4848 τιμηθείσης
875 4780 1124 4848 ὀνόματι,
1169 4782 1352 4844 καθὼς
1409 4785 1646 4855 εἴρηται.
1716 4787 1842 4839 Ἐπὶ

269 4868 450 4936 τούτῳ
485 4868 596 4937 γὰρ
641 4872 734 4922 καὶ
779 4871 812 4940 ἡ
863 4870 1118 4941 παροῦσα
1159 4875 1405 4944 ἡμετέρα
1445 4880 1538 4929 καὶ
1587 4879 1841 4950 συνοδικὴ

269 4961 473 5030 πρᾶξις
529 4963 720 5031 γέγονε
773 4965 870 5017 καὶ
920 4964 1146 5036 ἐπεδόθη
1212 4967 1280 5020 δι’
1339 4970 1640 5037 ἀσφάλειαν
1693 4973 1842 5040 μηγί

268 5056 596 5125 Ἀπριλλίῳ
624 5055 739 5110 ίνὸ.
764 5062 857 5114 ια’.

267 5242 756 5299 XXXIVJommes
784 5251 962 5298 notam
987 5245 1116 5315 facit
1148 5251 1412 5304 monachis
1439 5249 1632 5307 Montis
1657 5253 1840 5310 Sancti

336 5315 651 5367 dccisiowcn:
667 5315 854 5384 synodi
879 5316 931 5368 in
951 5332 1116 5370 causa
1147 5316 1400 5373 Barlaam
1433 5332 1479 5374 et
1505 5322 1766 5378 Palamw.

338 5487 378 5560 -ξ
410 5493 743 5562 Τιμιώτατοι
803 5495 860 5548 ἐν
911 5497 1187 5568 μοναχοῖς,
1242 5499 1302 5552 ἐν
1358 5501 1500 5574 άγίῳ
1555 5504 1838 5575 Πνεύματι

270 5580 545 5652 ἀγαπητοὶ
589 5587 695 5637 υἰοὶ
727 5585 825 5655 τῆς
858 5587 1016 5655 ἡμῶν
1072 5591 1459 5661 μετριότητος,
1496 5595 1653 5664 χάρις
1707 5598 1837 5666 ὑμῖν

272 5669 358 5757 εἴη
385 5673 479 5724 καὶ
507 5675 701 5744 εἰρήνη
739 5676 846 5729 ἀπὸ
878 5676 1036 5731 Θεοῦ.
1073 5680 1207 5748 Περὶ
1236 5683 1331 5734 τοῦ
1383 5684 1617 5754 Παλαμᾶ
1671 5689 1836 5757 ἐγρά-

269 5756 405 5832 ψατε
436 5764 528 5818 καὶ
562 5765 891 5841 ἐδηλώσατε,
921 5771 1020 5825 ὅσα
1045 5771 1372 5839 ὲδηλώσατε,
1403 5777 1493 5845 ἀφ’
1517 5772 1591 5830 ὧν
1622 5756 1835 5846 ἀγνοεῖν

1786 4425 1920 4515 άἾ)

1955 3206 1982 3258 6
2009 3205 2262 3276 χορηγῶν
2287 3207 2344 3258 ἐν
2377 3205 2679 3276 ἱλαρότητι,
2716 3207 2810 3259 καὶ
2837 3208 2864 3258 6
2894 3209 3187 3276 ὑπουργῶν
3226 3212 3284 3262 ἐν
3319 3214 3523 3280 προθυ-

1957 3297 2076 3366 μίᾳ.
2101 3298 2194 3366 Μὴ
2225 3297 2425 3362 πάντες
2455 3298 2784 3366 γλῶσσα,,τὺ
2814 3301 3182 3371 ἑτοιμότερον,
3219 3303 3294 3372 μὴ
3324 3305 3522 3371 πάντες

1954 3388 2266 3453 ἀπόστολοι,
2299 3389 2374 3458 μὴ
2401 3389 2600 3453 πάντες
2628 3391 2926 3459 προφῆται,
2957 3393 3032 3464 μὴ
3062 3396 3264 3458 πάντες
3289 3397 3518 3467 διερμηη

1955 3480 2225 3552 νεύωμεν.
2261 3500 2278 3533 ι
2312 3481 2421 3534 Καὶ
2473 3482 2611 3551 μετά
2654 3497 2814 3535 τινα’
2864 3502 2881 3534 ι
2923 3485 2987 3535 Τί
3030 3487 3253 3540 σεαυτὸν
3285 3492 3517 3559 ποιμένα

1955 3575 2149 3638 ποιεῖς,
2165 3574 2434 3640 πρόϐατον
2452 3574 2554 3642 ῶν;
2575 3574 2640 3627 Τί
2657 3575 2780 3645 γίνῃ
2797 3575 3028 3646 κεφαλὴ,
3049 3579 3184 3643 ποὺς
3199 3582 3480 3650 τυγχάνων
3505 3599 3517 3644 ;

1955 3665 2020 3718 Τί
2039 3664 2360 3734 στρατηγεῖν
2377 3667 2694 3737 ἐπιχειρεῖς,
2711 3668 3041 3739 τεταγμένος
3056 3671 3110 3720 ἐν
3127 3686 3186 3722 στ
3197 3671 3484 3740 ρατιώταις
3506 3692 3519 3738 ;

1955 3757 2066 3809 Καὶ
2098 3756 2324 3827 ἑτέρωθι
2359 3760 2391 3829 ὴ
2426 3759 2592 3827 Σοφία
2627 3759 3016 3825 διακελεύεται,
3049 3761 3142 3829 Μὴ
3176 3763 3296 3818 ίσθι
3336 3765 3520 3834 ταχὺς

1952 3848 2021 3902 ἐν
2044 3850 2270 3918 λόγοις,
2289 3848 2375 3918 μὴ
2394 3853 2936 3920 συμπαρεκτείνου,
2972 3854 3159 3921 πένης
3187 3853 3288 3920 ὢν,
3337 3860 3517 3910 πλοισ-

1953 3939 2088 4004 σίῳ,
2137 3940 2293 4010 μηδὲ
2326 3939 2481 4007 ζήτει
2532 3941 2650 3995 τῶν
2698 3945 2906 4012 σοφῶν
2957 3941 3110 4000 εἶναι
3157 3949 3514 4016 σοφώτερος.

1953 4027 2017 4082 Εἰ
2043 4029 2100 4082 δέ
2153 4047 2238 4092 τις
2273 4030 2386 4101 ἁλῷ
2418 4030 2510 4086 τὸν
2562 4033 2806 4104 παρόντα
2855 4036 3250 4105 παρασαλεύ‹ι›ν
3299 4039 3518 4103 κανόνα,

1953 4122 2045 4175 ἐπὶ
2075 4124 2289 4192 ἡμέρας
2307 4124 2653 4194 ἀφοριζέσθω
2675 4129 3105 4201 τεσσαράκοντα.
3137 4149 3154 4181 ι
3192 4132 3385 4184 Κανῶν
3410 4132 3495 4184 Et:

1954 4230 2046 4284 ρος
2075 4212 2142 4268 ιθ⁹
2163 4215 2261 4286 τῆς
2293 4218 2348 4267 ἐν
2378 4215 2681 4286 Χαλκηδόνι
2707 4234 2720 4249 ·
2759 4235 2779 4270 ι
2815 4221 2906 4271 Δεῖ
2929 4221 3055 4282 τοὺς
3079 4222 3187 4274 τῶν
3216 4223 3520 4292 ἐκκλησιῶν
3615 4290 3622 4293 _

1950 4305 2304 4372 προεστῶτας
2335 4307 2392 4358 ἐν
2425 4307 2576 4378 πάσῃ
2611 4309 2708 4378 μὲν
2741 4311 2948 4381 ἡμέρᾳ,
2987 4313 3279 4382 ἐξαιρέτως
3304 4316 3358 4367 δέ
3401 4318 3520 4378 ταῖς

1950 4397 2283 4466 Κυριακαῖς,
2328 4398 2506 4451 πάντα
2538 4400 2629 4452 τὸν
2665 4401 2866 4471 κλῆρον
2893 4405 2987 4455 καὶ
3023 4393 3113 4456 τὸν
3146 4406 3274 4458 λαὸν
3306 4409 3518 4462 ἐκδιδά-

1949 4502 2104 4538 σκειν
2138 4489 2259 4550 τοὺς
2291 4487 2392 4558 τῆς
2423 4489 2704 4554 εὐσεϐείας
2735 4490 2951 4557 λόγους,
2987 4494 3047 4546 ἐκ
3074 4495 3168 4562 τῆς
3204 4497 3352 4560 θείας
3381 4499 3520 4567 Γρα-

1948 4580 2053 4646 φῆς
2086 4579 2525 4650 ἀναλεγομένους
2549 4587 2615 4636 τὰ
2647 4585 2743 4652 τῆς
2781 4587 3039 4656 ἀληθείας
3069 4591 3317 4658 νοήματά
3341 4611 3394 4643 τε
3426 4595 3517 4646 καὶ

1948 4671 2190 4737 ῥήματα,
2235 4672 2330 4724 καὶ
2368 4674 2442 4742 μὴ
2489 4675 2928 4742 παραῦαίνοντας
2960 4684 3088 4742 τοίς
3128 4683 3226 4750 ἤδη
3261 4684 3516 4744 τεθέντας

1943 4759 2102 4828 ὄρους
2133 4761 2165 4832 ἢ
2198 4764 2295 4832 τὴν
2325 4768 2389 4815 ἐκ
2422 4765 2530 4816 τῶν
2560 4764 2838 4836 θεοφόρων
2887 4771 3138 4838 ίῐατέίιων
3170 4773 3467 4840 παράδοσιν
3501 4794 3512 4807 ’

1945 4851 2081 4906 ἀλλὰ
2104 4853 2198 4906 καὶ
2245 4855 2293 4906 εἰ
2324 4854 2594 4925 γραφικὸς
2621 4857 2977 4931 ἀνακινηθείη
3025 4861 3198 4929 λόγος,
3239 4865 3312 4934 μὴ
3342 4869 3514 4928 ἄλλως

1944 4940 2132 4995 τοῦτον
2181 4944 2698 5020 ἐρμηνευέτωσανῆ
2744 4950 2815 5013 ὡς
2847 4950 2912 5005 ἂν
2959 4953 3008 5004 οί
3049 4955 3143 5024 τῆς
3186 4957 3512 5028 Ἐκκλησίας

1944 5037 2229 5105 φωστῆρες
2261 5038 2356 5089 καὶ
2386 5037 2705 5092 διδάσκαλοι
2735 5041 2822 5094 διέι
2866 5044 2973 5098 τῶν
3005 5048 3222 5102 οἰκείων
3251 5054 3515 5122 γραμμά-

1943 5137 2050 5174 των
2079 5125 2378 5194 παρέθεντο
2404 5143 2417 5158 ·
2448 5130 2541 5181 καὶ
2573 5131 2772 5198 μᾶλλον
2794 5135 2850 5185 ἐν
2879 5136 3095 5200 τούτοις
3125 5140 3509 5211 εὐδοκιμείτω-

1944 5231 2044 5268 σαν
2077 5217 2108 5287 ἢ
2142 5218 2335 5287 λόγους
2366 5221 2604 5287 οἰκείους
2631 5227 3041 5296 συντάττοντες,
3078 5231 3224 5284 ἔστιν
3253 5235 3341 5285 ὅτε
3375 5236 3508 5286 ἀπό-

1945 5324 2053 5377 ρως
2085 5309 2322 5378 ἔχοντες,
2355 5313 2490 5380 πρὸς
2517 5316 2676 5370 τοῦτο
2698 5319 3058 5376 ἀποπίπτοιεν
3086 5322 3177 5374 τοῦ
3206 5320 3508 5392 προσήκον-

1940 5416 2054 5462 τος.
2110 5402 2211 5454 Διά
2270 5405 2377 5475 γάρ
2437 5408 2535 5474 τῆς
2595 5410 2703 5465 τῶν
2767 5415 3182 5484 προειρημένων
3247 5417 3507 5484 ΙΙατέριέΝ

1939 5498 2290 5565 διδασκαλίας
2336 5507 2384 5557 οί
2441 5507 2560 5559 λαοὶ
2616 5510 2672 5560 ἐν
2727 5511 2925 5578 γνώσει
2986 5513 3259 5581 γινόμενοι
3300 5515 3408 5570 τῶν
3443 5531 3502 5568 τε

1942 5600 2248 5652 σπουδαίων
2273 5603 2370 5657 καὶ
2397 5605 2630 5674 αίρετῶν
2655 5608 2746 5659 καὶ
2767 5606 2874 5659 τῶν
2899 5607 3232 5677 ἀσυμφόρων
3259 5612 3350 5663 καὶ
3371 5616 3504 5667 ἁπο-

1940 5691 2175 5762 6λήτων,
2208 5693 2298 5747 τὸν
2346 5695 2458 5764 βίον
2491 5698 2984 5769 μεταρριθμίζουσι
3027 5700 3160 5770 πρὸς
3187 5703 3247 5754 τὸ
3274 5703 3503 5773 βέλτιον,

1941 5787 2031 5839 καὶ
2087 5786 2165 5851 τῷ
2220 5787 2317 5852 τῆς
2350 5788 2573 5853 ἀγνοίας
2629 5790 2724 5853 οὐχ
2763 5790 3075 5848 ἁλίσκονται
3129 5794 3312 5856 πάθει.
3365 5797 3499 5852 άλλὲ
