4076 6264
556 336 689 408 1271

1547 342 1761 404 ΙΟΛΝ.
1806 342 2115 403 CALECE
2157 345 2270 407 (ΣΡ.
2321 346 2840 408 ΡΑΤΒΙΑΒΕΗΑΞ

3649 344 3763 409 1212

555 468 921 527 προσέχοντες
958 465 1023 533 τῇ
1056 460 1376 531 διδασκαλίᾳ
1404 458 1631 521 ἑαυτοὺς
1660 459 1794 528 πρὸς
1827 458 1889 512 τδ
1910 450 1997 529 ’μὴ
2020 476 2123 511 κα·
2154 462 2199 520 Α
2226 454 2308 523 οἷς
2331 460 2378 513 δ’
2406 460 2557 531 ὅμως
2578 462 2748 535 ταύτῃ
2775 465 2841 535 τῇ
2870 465 3045 537 μικρᾷ
3070 464 3200 535 εὑχῇ
3228 465 3361 537 μόνῃ
3384 464 3470 519 διὰ
3497 464 3605 534 βίον
3630 482 3765 531 προσ-

552 548 668 612 κῶς
702 551 902 607 παθεῖν
935 555 1337 625 παραθήγουσι,
1374 553 1471 608 zeal
1502 552 1653 622 φόϐῳ
1672 552 1781 605 τῶν
1808 552 2124 623 ἐπηρτημέ-

554 658 663 694 νων
695 645 981 714 τιμωριῶν
1011 647 1111 717 τὴν
1140 647 1415 716 σωτηρίαν
1440 646 1626 710 αὐτοῖς
1654 645 2066 716 ἐξεργάζονται.
2100 664 2119 695 z

554 727 775 787 Τούτων
826 737 1287 805 ἀναγνωσθέντων
1328 738 1724 809 ἀπετρέψαμεν
1775 736 1896 789 κατ’
1927 738 2126 799 αὑτοὺς

556 824 652 877 zeal
674 828 856 895 ἡμεῖς,
893 829 986 881 zeal
1012 829 1167 883 οὑδέν
1191 832 1669 901 παρεχωρήσαμεν
1699 828 1878 897 λέγειν
1901 829 1933 898 ἢ
1957 829 2128 881 κινεῖν

557 919 722 972 αὑτόν
754 937 805 973 τι
840 923 968 991 περὶ
1012 922 1324 993 δογμάτων.
1363 923 1503 992 Mne?
1535 922 1680 976 οῦτω
1709 920 1766 975 δὲ
1799 920 1965 975 αὑτοῦ
2008 936 2127 972 πει-

558 1011 787 1078 θομένου
826 1015 960 1083 πρὸς
987 1014 1050 1068 τὸ
1082 1016 1451 1085 προκείμενον
1482 1015 1681 1077 ἐλθεῖν,
1713 1016 1804 1068 zeal
1836 1015 1966 1084 περὶ
1991 1007 2068 1066 ῶν
2090 1014 2124 1080 ή

555 1103 820 1168 ἐξέτασις,
856 1107 1343 1177 προεκομίσθησαν
1367 1108 1460 1160 ἐπὶ
1490 1106 1586 1161 τοῦ
1622 1107 1809 1177 μέσου,
1840 1106 1905 1169 ἃς
1928 1109 1956 1161 6
1986 1107 2127 1176 Βαρ-

556 1194 705 1264 λαὰμ
733 1196 947 1265 φθάσας
968 1201 1268 1270 ἐποιήσατο
1289 1202 1571 1268 ἀναφορὰς
1593 1199 1733 1254 κατά
1756 1199 1850 1253 τοῦ
1872 1200 2127 1266 Παλαμᾶ,

557 1291 651 1341 val
684 1289 1105 1360 ἀνεγνῶσζιησαν
1132 1292 1441 1345 ἀκουόντων
1467 1293 1687 1346 πάντων
1709 1309 1724 1324 ο
1753 1292 1956 1358 ὁμοίως
1986 1300 2131 1362 τηερ-

555 1381 806 1451 ἠχθησαν
872 1382 966 1435 καὶ
998 1383 1424 1454 ἀνεγνώσθησαν
1453 1385 1543 1437 καὶ
1578 1384 1688 1437 ἀπὸ
1711 1383 1820 1436 τῶν
1841 1399 2132 1453 συγγραμ-

560 1477 747 1544 μάτων
798 1475 969 1531 αὑτοῦ
1028 1478 1235 1545 ἐκεῖνα,
1289 1478 1348 1531 ἐν
1398 1471 1482 1541 οἷς
1526 1478 1682 1547 ἔλεγε
1736 1477 1832 1530 zeal
1879 1477 2011 1546 περὶ
2036 1473 2131 1529 τοῦ

559 1570 860 1634 ἀπροσίτου
891 1569 1071 1637 φωτὸς
1100 1571 1199 1638 τῆς
1227 1567 1713 1639 μεταμορφώσεως
1741 1566 1837 1622 τοῦ
1862 1569 2133 1621 Δεσπότου

563 1658 817 1729 Σωτῆρος
847 1660 1007 1730 ήμῶν
1046 1659 1221 1729 Ἰησοῦ
1253 1659 1491 1730 Χριστοῦ
1517 1661 1613 1714 zeal
1636 1660 1744 1714 τῶν
1765 1659 1864 1730 τῆς
1904 1659 2001 1713 τοῦ
2023 1675 2137 1728 φω-

558 1751 651 1813 τδς
681 1750 875 1804 τούτου
906 1750 1035 1815 θέας
1062 1750 1382 1822 ἠξιωμένων
1412 1753 1726 1823 προκρίτων
1752 1749 2013 1821 μαθητῶν
2038 1749 2131 1801 αὑ-

558 1840 657 1894 τοῦ
693 1843 786 1893 καὶ
834 1841 1153 1895 ἀποστόλων
1209 1842 1418 1907 λέξεσιν
1459 1843 1650 1904 αὑταῖς
1691 1841 1853 1894 τάδε’
1886 1859 1905 1892 ι
1946 1837 2020 1893 Τὸ
2072 1841 2129 1892 ἐν

558 1931 829 2004 Θαϐωρίῳ
858 1933 1080 2003 λάμψαν
1112 1934 1227 2002 φῶς
1258 1935 1357 1989 οὐκ
1396 1935 1694 2003 ἀπρόσιτον
1718 1929 1805 2004 ἦν,
1844 1931 1968 1987 οῦδέ
1992 1932 2135 1986 κατὰ

558 2023 818 2092 ἀλήθειαν
848 2024 1062 2094 ὑπῆρχε
1102 2025 1220 2093 φῶς
1252 2025 1528 2095 θεότητος,
1561 2025 1682 2078 οὑδὲ
1719 2025 1968 2094 ἀγγέλων
1994 2024 2133 2090 ὅλως

560 2116 915 2187 ἐερώτερονῆ
962 2118 1258 2189 θειότερον,
1300 2118 1436 2172 ἀλλά
1476 2118 1570 2172 zeal
1609 2119 1790 2189 χεῖρον
1826 2118 1920 2171 zeal
1953 2117 2134 2172 κατώ-

558 2226 715 2279 τερον
748 2211 843 2263 zeal
876 2211 1046 2280 αὑτῆς
1076 2211 1174 2279 τῆς
1201 2211 1477 2281 ἡμετέρας
1519 2213 1783 2282 νοήσεως.
1811 2210 1999 2264 Πάντα
2025 2210 2134 2280 γάρ

558 2304 628 2354 τά
659 2317 717 2352 τε
748 2302 996 2370 νοήματα
1028 2302 1123 2354 zeal
1153 2300 1223 2354 τὰ
1252 2301 1519 2371 νοούμενα
1559 2302 1863 2373 σεμνότερά
1888 2304 2005 2356 ἐστι
2038 2301 2133 2356 τοῦ

561 2392 743 2460 φωτὸς
788 2393 1026 2460 ἐκείνου,
1061 2394 1137 2457 ῶς
1166 2393 1232 2463 τῇ
1272 2393 1396 2464 ἧψει
1429 2394 1515 2448 διὰ
1564 2394 1665 2448 τοῦ
1698 2395 1858 2465 ἀέρος
1892 2397 2138 2466 προσπίο

562 2501 789 2549 πτοντος
822 2484 918 2538 zeal
968 2484 1262 2556 αίσθητικῇ
1304 2486 1536 2557 δυνάμει
1576 2487 2000 2555 ὑποπίπτοντος,
2040 2490 2134 2542 zeal

534 2577 800 2647 ,οἰσθητὰ
849 2578 988 2647 μόνα
1044 2577 1355 2641 δεικνύντος
1391 2582 1505 2643 τοῖς
1560 2580 1783 2647 ὁρῶσιν,
1840 2581 2028 2636 ὑλικοῦ
2076 2599 2135 2635 τε

560 2669 711 2732 ὄντος
741 2671 838 2725 zeal
867 2670 1346 2741 ἐσχηματισμένου
1372 2671 1467 2724 καὶ
1495 2672 1554 2725 ἐν
1577 2672 1726 2742 τόπῳ
1751 2673 1843 2727 zeal
1876 2673 1935 2726 ἐν
1959 2673 2136 2742 χρόνῳ

559 2763 893 2833 φαινομένου
951 2765 1046 2817 zeal
1080 2763 1171 2816 τὸν
1217 2764 1355 2836 ἀέρα
1394 2764 1863 2835 χρωματίζοντος,
1914 2767 2009 2820 zeal
2040 2765 2135 2820 νῦν

561 2858 662 2931 μὲν
687 2859 1078 2928 συνισταμένου
1107 2875 1168 2911 τε
1212 2860 1308 2912 καὶ
1336 2860 1686 2928 φαινομένου,
1714 2859 1809 2913 νῦν
1842 2860 1899 2913 δέ
1925 2859 2138 2914 διαλυο-

564 2948 729 3018 μένου
766 2949 861 3003 zeal
897 2953 975 3013 είς
1007 2950 1069 3003 τὸ
1090 2950 1179 3021 μὴ
1231 2945 1370 3005 εἶναι
1416 2950 1748 3022 χωροῦντος,
1782 2949 1878 3006 ἅτε
1927 2970 2137 3021 φαντασ-

561 3040 713 3105 στοῦ,
749 3037 1011 3112 μεριστοῦ
1043 3059 1103 3095 τε
1138 3041 1232 3094 zeal
1261 3041 1690 3113 πεπερασμένου
1711 3059 1727 3075 ·
1759 3043 1843 3096 διὸ
1873 3047 1969 3098 zeal
1997 3044 2136 3116 ὁρώ-

2228 549 2442 619 ανέχειν
2485 554 2822 621 ὑποτίθεται,
2859 556 3072 621 τούτοις
3123 557 3223 621 τάς
3269 572 3334 625 γε
3368 555 3533 619 ἄλλας
3582 557 3766 620 ἁπάσας

2228 642 2395 711 εὑχὰς
2429 641 2790 712 βαττολογίας
2839 647 3249 717 καταλιμπάνει
3276 647 3591 718 νομίζεσθαι
3613 665 3627 681 ο
3647 644 3715 711 οἷς
3730 649 3768 702 δ’

2227 735 2387 799 αῦθις
2444 738 2667 792 πάντων
2702 740 3055 808 Χριστιανῶν
3104 743 3162 795 ἐν
3209 739 3385 813 ταύτῃ
3430 744 3497 813 τῇ
3549 742 3667 811 εὑχῂ
3695 736 3771 794 τδν

2232 827 2439 898 Κύριον
2486 827 2644 899 ήμῶν
2686 830 2899 899 Ἰησοῦν
2941 833 3179 903 Χριστὸν
3220 833 3315 886 zeal
3342 833 3480 887 Θεδν
3519 834 3664 902 ἡμῶν
3686 850 3772 886 zea-

2226 915 2482 986 λούντων,
2517 916 2673 984 οῦτος
2726 922 2808 988 τὸ,
2848 922 2980 986 Θεὸς
3036 923 3216 994 ήμῶν,
3239 924 3320 987 είς
3375 925 3459 989 τὸ,
3505 924 3596 977 Υίέ
3633 923 3772 990 Θεοῦ,

2231 1012 2544 1083 μετείληφε,
2582 1014 2799 1077 τούτοις
2852 1014 2913 1067 τὸ
2941 1016 3049 1068 πᾶν
3093 1018 3195 1084 τῆς
3235 1016 3430 1069 ἑαυτοῦ
3481 1014 3769 1080 κακοδοξίας

2229 1103 2362 1171 ἡμῖν
2404 1102 2727 1176 ὲξεκεὶλιιψε.
2762 1105 2853 1177 Τῷ
2908 1106 3020 1177 γάρ
3070 1107 3181 1160 τῶν
3219 1106 3532 1177 Βογομίλων
3581 1106 3774 1161 ἀκολού-

2230 1194 2338 1259 θως
2377 1196 2611 1265 δόγματι
2676 1199 3005 1267 μεταϐάλλει
3058 1201 3150 1253 καὶ
3216 1200 3374 1261 οὗτος
3430 1200 3488 1252 ἐν
3536 1201 3599 1269 τῇ
3649 1201 3774 1267 εἰρη-

2233 1290 2369 1362 μένῃ
2385 1290 2517 1361 εῦχῇ
2556 1290 2639 1354 τὸ,
2672 1293 2700 1345 6
2723 1291 2857 1353 Θεὸς
2884 1292 3064 1360 ἡμῶν,
3090 1292 3169 1354 είς
3202 1292 3284 1357 τδ,
3325 1290 3423 1344 Υίὶ
3473 1289 3607 1343 Θεοῦ
3630 1331 3645 1356 ,
3672 1290 3775 1341 ἐπεὶ

2232 1378 2403 1452 ἄλλην
2432 1399 2497 1451 γε
2529 1382 2737 1446 αἰτίαν,
2763 1382 2834 1437 δι’
2864 1382 2932 1455 ήν
2974 1384 3075 1454 τὴν
3112 1383 3379 1453 τοιαύτην
3417 1384 3669 1452 πεποίηκε
3698 1399 3776 1450 με-

2232 1472 2492 1546 ταϐολὴν,
2535 1474 2636 1527 οὑκ
2685 1475 2751 1529 ἂν
2785 1476 2962 1529 εἰπεῖν
2995 1492 3079 1538 τις
3124 1474 3260 1545 ἔχοι.
3305 1495 3324 1529 z
3371 1475 3591 1547 Ἐκρίθη
3626 1476 3775 1526 τοίνυν

2236 1569 2648 1640 καὶ-ἀμφότερα
2671 1567 2866 1634 ταῦτα,
2900 1569 3070 1641 ἦγουν
3095 1569 3190 1624 zeal
3218 1570 3279 1623 τὸ
3318 1587 3384 1623 πε
3396 1570 3449 1639 pl
3485 1568 3577 1621 τοῦ
3602 1571 3775 1637 ἀπροσ-

2240 1661 2351 1714 ίτου
2408 1662 2586 1729 φωτὸς
2630 1662 2730 1729 τῆς
2790 1661 3273 1732 μεταμορφώσεως
3319 1663 3415 1715 zeal
3459 1662 3519 1713 τὸ
3554 1660 3774 1730 περὶτῆς

2237 1753 2425 1824 εὐχῆς,
2476 1752 2817 1823 βλασφήμως
2870 1755 2968 1807 zeal
3015 1752 3324 1820 κακοδόξως
3389 1752 3630 1823 εἰρῆσθαι
3669 1750 3774 1819 παρ’

2236 1842 2426 1909 αὑτοῦ,
2469 1843 2882 1917 ἀπελεγχθέντα
2921 1844 3202 1913 διαφόροις
3247 1843 3342 1897 zeal
3386 1844 3668 1913 γραφικοῖς
3697 1842 3774 1910 ῥή-

2238 1936 2355 1986 σεσι
2415 1933 2523 1987 τῶν
2561 1933 2840 2004 θεοφόρων
2881 1936 3166 2006 Πατέρων,
3212 1933 3655 2002 ἀναγνωσθεισῶν
3699 1932 3774 1984 zeal

2235 2023 2417 2079 αὐτῶν
2472 2025 2529 2079 ἐν
2583 2026 2828 2096 ἐπηκόῳ,
2884 2026 3183 2079 κάντεῦθεν
3239 2027 3618 2096 κατεψηφίσθη
3668 2025 3777 2094 παρ’

2236 2117 2396 2187 ήμῶν
2425 2119 2581 2188 κοινῇ
2612 2116 2706 2170 καὶ
2736 2119 2988 2188 συνοδικῇ
3020 2118 3209 2189 ψήφῳ,
3247 2119 3342 2172 zeal
3385 2118 3504 2172 οὑδὲ
3540 2119 3615 2180 είς
3637 2133 3777 2186 κατη-

2237 2209 2431 2280 γορίαν
2461 2211 2601 2273 ὅλως
2632 2210 2827 2281 ἐκρίθη
2860 2209 3050 2274 δεκτός
3071 2225 3085 2240 ο
3123 2213 3261 2280 φησὶ⁸
3301 2210 3416 2279 γάρ
3443 2211 3535 2264 zeal
3573 2213 3598 2264 ό
3622 2213 3708 2278 τῆς
3733 2212 3777 2259 ἐν

2236 2294 2546 2369 Χαλκηδόνι
2574 2302 2837 2372 τέταρτος
2865 2301 3049 2357 κανὼν
3075 2304 3213 2373 μετά
3254 2320 3403 2369 τινα,
3436 2303 3558 2364 τοὺς
3584 2302 3677 2354 ὑπὸ
3701 2318 3777 2352 zea-

2235 2392 2501 2463 τηγορίαν
2528 2392 2913 2463 προλ.αδοῦσαν
2938 2393 3098 2458 ὄντας
3138 2394 3212 2465 μὴ
3260 2395 3533 2464 πρότερον
3562 2390 3687 2447 εἶναι
3710 2393 3774 2445 δε-

2237 2485 2401 2547 κτοὺς
2433 2487 2514 2548 είς
2567 2486 2884 2539 ἐπισκόπων
2939 2485 3337 2557 κατηγορίανῆ
3397 2488 3592 2556 ἐτέρων
3616 2485 3775 2553 κληρι-

2238 2576 2371 2644 κῶν,
2438 2578 2569 2647 πρὶν
2630 2577 2697 2631 ἀν
2751 2577 2965 2642 ἀθώους
3018 2579 3245 2642 ἐαυτοὺς
3304 2579 3419 2631 τῶν
3468 2576 3776 2649 ἐπαχθέντων

2238 2674 2423 2734 αὑτοῖς
2452 2671 2814 2737 ἀποδείξωσιν
2846 2672 3232 2742 ἐγκλημάτων.
3283 2673 3622 2742 Πλατύτερον
3646 2669 3696 2723 δέ
3720 2667 3777 2720 τά

2239 2767 2371 2838 περὶ
2396 2768 2592 2821 τούτου
2624 2767 2879 2834 διέξεισιν
2925 2770 2953 2822 6
2989 2767 3290 2838 τηνικαῦτα
3340 2770 3581 2830 ἐκτεθεὶς
3614 2768 3778 2834 ἐκκλη-

2241 2858 2519 2923 σιαστικδς
2574 2860 2766 2930 τόμος,
2817 2852 2975 2913 διὀῦ
3024 2861 3120 2913 καὶ
3171 2859 3455 2931 ἐπιτίμιον
3504 2854 3777 2930 ἀφορισξιεῖ

2239 2951 2715 3020 ἐπανετεινάμεθα
2776 2954 2873 3006 zeal
2920 2952 3390 3023 ἀπηγορεύσαμεν
3419 2953 3488 3006 δι’
3527 2949 3679 3005 αὐτοῦ
3703 2950 3778 3000 καὶ

2240 3044 2658 3119 ἀπετρέψαμεν,
2702 3044 2844 3099 ὥστε
2884 3046 3089 3116 μηδένα
3137 3046 3227 3099 ἐπ’
3254 3046 3446 3109 ἀδείας
3483 3045 3630 3112 λόγον
3668 3041 3777 3101 ὅλως

563 3151 726 3202 μενον
755 3130 827 3205 ἦν
870 3132 975 3186 ὑπὸ
1007 3131 1119 3184 τῶν
1147 3132 1409 3204 στέρησιν
1441 3135 1761 3204 πασχόντων
1800 3134 1908 3188 τῶν
1932 3136 2136 3207 νοερῶν
2163 3144 2205 3201 c
2241 3142 2413 3193 κινεῖν
2443 3138 2757 3193 ὑποθέσεων
2784 3138 3043 3192 τοιούτων
3067 3137 3162 3192 zeal
3187 3138 3316 3192 νόθα
3350 3136 3690 3207 παρεισάγειν
3713 3134 3775 3191 είς

560 3226 880 3299 ἐνεργειῶν,
934 3225 1137 3295 μᾶλλον
1166 3226 1224 3279 δὲ
1264 3227 1491 3296 μηδέπω
1524 3226 1730 3290 ταύτας
1758 3226 1896 3291 ὅλως
1924 3222 2138 3297 ’κτησα-

562 3321 745 3390 μένων
794 3319 889 3374 zeal
924 3317 1006 3372 ἔτι
1050 3319 1379 3391 ἀκαθάρτων
1427 3319 1597 3374 ὅντων
1639 3323 1738 3376 zeal
1778 3320 2007 3384 ἀτελῶν,
2041 3320 2138 3375 καὶ

560 3415 653 3465 ἐπ’
685 3412 856 3482 αὑτῆς
884 3413 1101 3484 ἐκείνης
1133 3412 1231 3482 τῆς
1278 3413 1371 3466 ἐπὶ
1402 3411 1500 3466 τοῦ
1538 3410 1695 3481 ὅρους
1731 3412 1880 3481 θέας,
1919 3412 1997 3478 ῶς
2031 3431 2140 3483 μη-

559 3508 709 3559 δέπω
739 3505 1081 3572 ἀξιωθέντων
1132 3507 1235 3577 τῆς
1276 3506 1386 3559 τῶν
1422 3505 1671 3561 θεοειδῶν
1699 3507 1938 3579 νοήσεως
1964 3520 1980 3537 ⁸
2009 3510 2141 3560 ἀνα-

561 3600 772 3669 γόμεθα
800 3601 856 3654 δὲ
884 3600 993 3654 ἀπὸ
1023 3599 1120 3667 τοῦ
1146 3599 1392 3654 τοιούτου
1424 3600 1603 3668 φωτὸς
1628 3600 1721 3653 ἐπὶ
1768 3600 2019 3670 νοήματα
2044 3599 2141 3654 zeal

562 3688 922 3765 θεωρήματα,
954 3695 991 3748 ἀ
1013 3694 1251 3762 κρείττω
1283 3694 1433 3747 ἐστὶν
1456 3692 1806 3763 ἀσυγκρίτως
1833 3693 1928 3749 τοῦ
1961 3694 2141 3762 φωτὸς

562 3787 797 3842 ἐκείνου.
845 3788 1150 3860 Τοιγαροῦν
1178 3787 1229 3841 οἱ
1260 3788 1511 3856 λέγοντες
1546 3790 1679 3844 αὑτὸ
1718 3789 1860 3859 ὑπὲρ
1891 3789 2016 3843 νοῦν
2045 3790 2143 3844 zeal

562 3881 821 3952 ἀληθινὸν
851 3881 947 3935 καὶ
993 3881 1291 3952 ἀπρόσιτον
1326 3882 1421 3933 zeal
1452 3883 1520 3936 τά
1570 3881 1818 3948 το;αῦτα,
1858 3881 2143 3952 πεπλανη-

568 3974 723 4049 μένοι
752 3973 860 4026 είσὶ
905 3972 1183 4038 καθάπαξ,
1213 3973 1308 4027 καὶ
1346 3972 1499 4027 οὐδὲν
1520 3974 1633 4028 τῶν
1667 3973 2010 4044 φαινομένων
2044 3991 2143 4027 κα·

566 4065 675 4121 λῶν
705 4066 1040 4138 ὑψηλότερον
1083 4066 1306 4132 εἰδότες,
1338 4065 1554 4131 ἀσεϐεῖς
1598 4065 1656 4119 δὲ
1687 4065 1775 4119 διὰ
1819 4064 2001 4133 τοῦτο,
2044 4069 2142 4120 zeal

562 4159 936 4231 δλεθριώτατα
980 4162 1231 4230 δόγματα
1263 4161 1345 4224 είς
1387 4160 1488 4230 τήν
1529 4159 1862 4229 Ἐκκλησίαν
1892 4160 2144 4228 είσάγον-

561 4269 676 4315 τες.
723 4271 743 4305 z
780 4251 980 4319 Ἐλεγέ
1008 4268 1068 4303 τε
1120 4249 1324 4320 ὁμοίως
1353 4252 1447 4305 zeal
1492 4250 1625 4321 περὶ
1659 4253 1758 4321 τῆς
1800 4251 1970 4321 εὐχῆς
2018 4252 2140 4318 τῆς,

563 4345 746 4412 Κύριε
795 4341 1006 4409 Ἰησοῦ
1048 4340 1287 4408 Χριστὲ,
1350 4340 1447 4393 rw
1491 4338 1599 4395 τοῦ
1652 4341 1822 4405 Θεοῦ,
1879 4342 2146 4409 ἐλέησόν

564 4452 664 4509 με,
697 4435 791 4489 zeal
818 4451 883 4487 πε
897 4434 947 4503 pl
976 4433 1149 4503 αὑτῆς
1175 4434 1262 4485 ἐπ’
1298 4431 1479 4485 αὑτῶν
1509 4431 1620 4484 τῶν
1651 4430 1849 4497 λέξεων
1875 4433 2139 4509 οὑτωσίνς

2240 3234 2342 3304 τὴν
2389 3234 2723 3301 Ἐκκλησίαν
2773 3233 2911 3286 Θεοῦ
2942 3234 3192 3302 δόγματα
3238 3234 3271 3303 ἢ
3320 3236 3421 3287 zeal
3469 3227 3775 3299 δογματίζειν

2240 3329 2448 3400 τολμᾷν
2468 3345 2483 3359 ο
2509 3328 2906 3401 παρῃνέσαμεν
2934 3327 3011 3391 δέ,
3036 3326 3111 3390 ὡς
3132 3328 3304 3391 είκδς,
3337 3327 3438 3381 zeal
3460 3327 3533 3395 τῷ
3558 3322 3773 3391 Παλαμᾷ,

2241 3421 2385 3476 ὥστε
2422 3421 2590 3491 μηδέν
2636 3437 2688 3473 τι
2728 3421 2858 3489 περὶ
2889 3419 3148 3472 τοιούτων
3183 3419 3214 3490 ἥ
3253 3420 3494 3488 γράφειν
3528 3418 3557 3488 ἢ
3608 3417 3771 3482 λέγειν.

2244 3512 2332 3567 [va
2363 3512 2440 3584 μὴ
2471 3511 2705 3580 θόρυϐον
2748 3512 2951 3581 ἐμποιῇ
2982 3512 3049 3580 τῇ
3091 3509 3417 3581 Ἐκκλησία.
3462 3509 3709 3567 Μαθόντες
3731 3503 3775 3557 δὲ

2243 3602 2457 3669 ἔπειτα,
2492 3605 2567 3667 ῶς
2603 3603 2700 3657 zeal
2731 3604 2895 3657 πάλιν
2927 3607 3041 3667 τοῖς
3075 3603 3261 3665 αὐτοῖς
3291 3604 3578 3674 ἐπιχειρεῖ,
3611 3600 3690 3650 zeal
3718 3595 3775 3655 ὡς

2242 3698 2363 3751 ἔνια
2386 3697 2495 3750 τῶν
2518 3695 2613 3749 τοῦ
2648 3695 2965 3758 ἐκτεθέντος
2996 3695 3170 3767 τόμου
3214 3696 3617 3766 παρερμηνεύει
3657 3687 3774 3757 παρὰ

2243 3790 2343 3860 τὴν
2402 3789 2708 3858 παράδοσιν
2752 3786 2849 3841 zeal
2879 3787 3065 3856 κοινήν
3110 3787 3322 3841 ἔννοιαν
3373 3789 3484 3840 τῶν
3531 3784 3777 3851 δογμάτων

2242 3884 2343 3951 τῆς
2378 3881 2704 3952 Ἑκκλησίας
2726 3878 2990 3951 Χριστοῦ,
3020 3878 3477 3949 διεμηννσάμεθα
3499 3876 3636 3945 αὑτῷ
3666 3872 3773 3941 πρὸς

2245 3973 2393 4045 ἡμᾶς
2433 3973 2747 4042 ἐπιστῆναι,
2791 3972 2883 4025 ἐπὶ
2915 3971 2994 4041 τῷ
3042 3970 3260 4040 μαθεῖν,
3296 3973 3345 4026 εί
3389 3974 3503 4036 ταῖς
3535 3969 3773 4039 ἀληθείαις

2244 4065 2419 4130 οὕτως
2467 4065 2606 4137 ἔχει.
2653 4066 2713 4120 ’0
2745 4065 2823 4133 δέ,
2876 4066 2978 4120 οὐκ
3028 4065 3250 4136 οἴδαμεν
3296 4067 3450 4132 ὅπως
3478 4067 3609 4136 πλὴν
3644 4065 3685 4117 εί
3713 4061 3770 4131 μὴ

2245 4158 2445 4214 ἐαυτοῦ
2469 4157 2941 4228 προκατεγνωκὼς
2972 4151 3063 4229 ἦν,
3088 4157 3213 4212 οῦτε
3242 4154 3411 4230 ἦλθεν
3437 4160 3509 4221 ὡς
3535 4158 3682 4228 ήμᾶς,
3703 4153 3776 4205 καὶ

2244 4251 2459 4323 ἀπέδρα
2508 4253 2589 4313 εἰς
2640 4250 2737 4321 τὴν
2782 4249 3135 4319 Ἡράκλειαν,
3186 4251 3279 4305 zeal
3336 4252 3504 4306 πάλιν
3543 4245 3774 4319 ἀνηγγέλη

2247 4346 2402 4414 ήμῖν,
2427 4347 2541 4407 τοῖς
2567 4344 2756 4406 αὑτοῖς
2779 4342 2943 4396 αὑτὸν
2978 4343 3201 4396 κάκεῖσε
3247 4343 3504 4413 χρῆσθαι.
3552 4337 3777 4409 Ἐνεχθεὶς

2248 4437 2342 4491 οῦν
2368 4436 2577 4490 ἐκεῖθεν
2599 4434 2856 4506 ammon
2889 4436 2984 4487 zeal
3015 4436 3142 4496 τοῦς
3168 4433 3361 4503 λόγους
3388 4434 3684 4505 ἐμφανίσαι.
3705 4426 3777 4489 οὓς

573 4497 593 4579 λ
640 4497 783 4595 ’γΕγῶ
816 4497 1027 4579 πολλῶν
1052 4497 1242 4591 όντων,
1275 4524 1309 4579 ἀ
1340 4540 1425 4588 τις
1451 4524 1533 4578 ἄν’
1561 4525 1677 4596 ἔχοι
1708 4524 1935 4589 δικαίως
1971 4501 2144 4593 ἐγκαε
2178 4497 2220 4552 D
2253 4529 2468 4596 ἐξέθετο
2515 4497 2946 4598 καταφρονήσας
2985 4527 3081 4582 τοῦ
3127 4497 3486 4603 ἀφορισμοῦ,”
3512 4530 3601 4583 zeal
3628 4522 3778 4595 ὁμολο·

563 4620 678 4674 λεῖν
708 4619 785 4690 τῷ
816 4620 918 4689 τῆς
945 4618 1203 4690 τοιαύτης
1226 4618 1578 4682 διδασκαλίας
1613 4620 1891 4690 ὑφηγητῇ,
1929 4618 2144 4682 οὐδενὸς

533 4739 539 4745 -
564 4713 789 4767 ἔλαττον
817 4712 948 4784 ήγοῦ
961 4729 1059 4781 μαι
1087 4712 1181 4766 zeal
1212 4711 1395 4779 τοῦτο,
1431 4712 1515 4767 ὅτι
1559 4711 1627 4766 τὰ
1656 4712 1767 4767 τῶν
1798 4712 2147 4783 Χριστιανῶν

564 4805 863 4878 ἐπιχειρῶν
903 4805 994 4860 διὰ
1022 4804 1438 4871 τῶνδείσπνοῶν
1470 4804 1805 4876 ἀνατρέπειν
1841 4805 2145 4876 μυστήρια,

571 4901 905 4968 συκοφαντεῖ
938 4898 1036 4953 zeal
1073 4898 1202 4961 τοὺς
1230 4896 1505 4967 Πατέρας,
1538 4898 1639 4963 ώς,
1683 4896 1831 4969 άπερ
1861 4897 1956 4950 νῦν
1983 4897 2148 4960 αὐτὸς

572 4989 910 5054 ἐκδιδάσκει,
930 4988 1104 5044 ταυτά
1126 4988 1416 5053 κάκείνους
1445 4990 1830 5061 φρονήσαντας
1855 4991 2145 5061 πρότερον.

582 5084 927 5154 Ἐμὸρότητε
966 5081 1062 5135 zeal
1111 5082 1302 5154 μιαρὲ,
1334 5083 1418 5146 τίς
1470 5087 1691 5141 πώποτε
1730 5083 1956 5138 ἐκείνων
1985 5083 2147 5153 νῆψιν

566 5184 665 5244 zeal
691 5176 944 5249 φυλακὴν
976 5174 1207 5246 καρδίας
1232 5176 1327 5230 zeal
1352 5175 1654 5246 προσοχὴν,
1683 5176 1945 5245 τοιαύτην
1977 5192 2145 5247 τερα-

566 5274 742 5339 τείαν,
771 5272 838 5343 ἣν
868 5273 934 5324 σὺ
966 5268 1301 5340 παραδίδως,
1336 5268 1626 5338 ὠνόμασεν
1651 5286 1666 5334 ;
1696 5269 1834 5321 Φασὶ
1872 5268 1930 5321 δὲ
1956 5267 2146 5321 τοῦτον

566 5364 1060 5438 νενομοθετηκέναι
1096 5365 1210 5426 τοῖς
1260 5361 1521 5433 μύσταις,
1583 5360 1716 5431 εὐχῇ
1772 5359 2009 5429 χρῆσθαι
2058 5360 2147 5413 διὰ

566 5462 772 5525 παντὸς
798 5460 973 5522 οὕτως
1029 5457 1230 5530 ἐχούσῃ
1258 5473 1272 5487 ο
1307 5457 1485 5525 Κύριε
1521 5454 1728 5525 Ἰησοῦ
1769 5454 2010 5524 Χριστὲ,
2052 5454 2149 5509 Υἱὲ

567 5552 675 5609 τοῦ
712 5550 883 5617 Θεοῦ,
918 5547 1187 5616 ἐλέησόν
1206 5563 1301 5616 με.
1334 5546 1458 5598 Κάκ
1502 5543 1694 5596 τούτου
1727 5544 1819 5597 οῦν
1850 5544 1965 5596 ἔστι
2001 5560 2149 5598 συνι-

568 5642 701 5708 δεῖν,
732 5643 917 5704 ὁποῖος
941 5636 1009 5712 ἦν
1031 5645 1057 5693 ό
1080 5642 1189 5695 τῶν
1211 5636 1478 5692 εἰσπνοῶν
1500 5636 1728 5707 εὑρέτης
1754 5651 1771 5665 ·
1792 5637 1854 5689 τὸ
1887 5636 1987 5707 μὲν
2010 5636 2143 5708 γὰρ,

571 5734 766 5801 Πάτερ
798 5733 987 5804 ἡμῶν,
1016 5728 1061 5801 ᾧ
1088 5730 1457 5801 διαφερόντως
1483 5730 1533 5782 οί
1562 5726 1850 5798 Βογόμιλοι
1880 5727 2143 5798 χρῶνται,

572 5823 633 5878 οὐ
669 5825 978 5898 νομοθετεῖ“
1010 5822 1147 5900 ἱρετο
1203 5822 1310 5896 γὰρ
1349 5819 1490 5878 οὕτω
1527 5816 1828 5891 κατάδηλος
1881 5814 2099 5869 ἔσεσθαι
2130 5830 2144 5848 ο

2252 4623 2379 4690 γὶαν
2407 4620 2614 4673 δοῦναι.
2651 4619 2930 4683 Πεποίηκε
2970 4621 3029 4674 δὲ
3069 4622 3378 4690 οὐδέτερον,
3406 4620 3537 4675 ἀλλά
3583 4618 3669 4672 zeal
3693 4613 3777 4667 τῶν

2248 4711 2533 4782 προτέρων
2580 4709 2777 4782 εἴχετο,
2822 4713 2919 4766 zeal
2965 4712 3194 4780 γράφων
3238 4713 3340 4765 οὐκ
3380 4713 3558 4782 ἔληγε,
3605 4709 3684 4761 καὶ
3710 4706 3776 4756 ἵνα

2249 4803 2402 4865 τέλος
2434 4800 2612 4854 ταῦτα
2635 4801 2772 4871 λάϐῃ
2796 4801 2948 4865 ποτὲ,
2974 4801 3094 4855 δέον
3123 4801 3322 4873 ἐκρίθη
3352 4803 3445 4855 καὶ
3463 4805 3525 4872 τῇ
3552 4796 3774 4869 κρατίστῃ

2249 4896 2347 4950 zeal
2372 4896 2505 4966 ἁγία
2538 4912 2639 4964 μου
2669 4894 2940 4966 Δεσποίνῃ
2969 4895 3061 4946 zeal
3092 4897 3205 4958 τοῖς
3235 4895 3573 4963 φιλευσεδέσι
3602 4890 3682 4946 κεὶ
3710 4905 3776 4955 93-

2249 4986 2457 5050 λοθέοις
2485 4989 2738 5057 ἄρχουσι,
2772 4987 3117 5056 κρατηθῆναι
3159 4987 3350 5041 τοῦτον
3378 4989 3473 5041 zeal
3512 4972 3773 5048 κωλυθῆναι

2248 5078 2505 5131 ἐντεῦθεν
2538 5076 2636 5130 τοῦ
2673 5078 2748 5148 μὴ
2775 5078 2887 5141 τοῖς
2922 5078 3141 5142 πολλοῖς
3166 5078 3589 5147 ἀναμίγνυσθαι,
3618 5073 3705 5133 ἕως
3722 5068 3773 5120 ἂν

2249 5169 2630 5239 πληροφορίαν
2648 5169 2722 5238 δῷ
2745 5170 2839 5222 zeal
2863 5165 3144 5239 ἀπόδειξιν
3174 5170 3404 5241 ἐναργῆ,
3422 5170 3495 5233 ὡς
3523 5166 3663 5237 ὀρθὸν
3684 5161 3772 5227 ἔχει

2249 5262 2310 5316 τὸ
2341 5262 2617 5332 φρόνημα,
2642 5262 2737 5314 zeal
2762 5262 3033 5331 ὑποταγῇ,
3053 5261 3144 5314 zeal
3162 5261 3344 5316 οὐκέτι
3375 5256 3676 5330 παρακούσῃ
3693 5250 3773 5314 τῆς

2263 5355 2464 5426 Ἐκκλη
2476 5356 2614 5420 σίας,
2644 5354 3049 5425 ὑποτιθεμένης
3073 5354 3222 5424 αὑτῷ
3248 5355 3316 5409 τὰ
3337 5356 3591 5422 σωτήρια.
3614 5340 3773 5402 Καλῶς

2249 5446 2305 5500 δέ
2339 5445 2592 5514 ποιήσετε
2612 5446 2708 5498 zeal
2728 5443 2906 5512 ὑμεῖς,
2932 5446 2982 5497 εί
3006 5444 3318 5516 γράψαντες
3340 5443 3483 5514 αύτῷ
3503 5449 3774 5508 παραινετι-

2250 5541 2360 5606 κῶς
2383 5542 2692 5611 διεγείρητε
2731 5540 2868 5609 πρὸς
2902 5539 3060 5593 τοῦτο
3092 5557 3104 5569 ·
3130 5540 3320 5612 ἐπειδὴ
3354 5536 3460 5607 γὰρ
3480 5532 3773 5601 ἐλαλήθησιν

2255 5633 2354 5704 μὲν
2372 5634 2636 5704 πρότερον
2667 5632 2793 5702 περὶ
2813 5629 3000 5696 αὑτοῦ,
3031 5631 3132 5685 ὅσα
3156 5630 3248 5684 zeal
3266 5628 3617 5710 ἐλαλήθησανι
3639 5619 3772 5710 μήτιος

2250 5723 2308 5777 δὲ
2355 5722 2562 5777 τούτων
2606 5721 3029 5789 ἐξετασθέντων,
3062 5720 3187 5775 οὑτε
3216 5720 3314 5775 τοῦ·
3342 5720 3541 5787 λέγειν,
3571 5709 3679 5765 οὔτε
3698 5709 3771 5757 τοῦ

2252 5816 2487 5887 γράφειν
2529 5814 2807 5869 ἐπαύσατο
2835 5815 2930 5867 zeal
2964 5814 3100 5884 μετά
3138 5812 3234 5881 τῆν
3279 5810 3603 5877 ἐπιτίμησιν,
3631 5793 3771 5867 μικρά
