4076 6264
392 329 530 395 1273

387 449 483 504 τοῦ
519 452 830 523 ἀφορισμοῦ
882 463 1178 529 φροντίσας
1202 482 1215 497 ο
1253 467 1514 540 ἐφωράθη
1561 471 1618 525 δὲ
1655 472 1845 526 ἔπειτα
1871 474 1964 526 καί
1995 484 2042 536 Α

387 560 512 596 τινα
538 544 634 599 τοῦ
679 547 844 612 τόμον
875 560 1312 626 παρερμηνεύων
1362 565 1453 615 καὶ
1488 563 1660 632 λέγων
1709 567 1800 618 καὶ
1830 568 1966 634 γρά-

392 653 506 704 φων
537 641 691 710 παρὰ
718 643 816 706 τὰς
847 644 1259 718 θεσπισθείσας,
1288 653 1364 714 ὡς
1392 657 1632 726 εἴρηται,
1659 658 1770 709 τῶν
1797 659 1967 725 ἁγίων

390 729 722 819 παραδόσεις
776 752 833 788 τε
884 741 981 794 καὶ
1013 743 1217 810 φωνάς,
1270 747 1392 811 Πῶς
1445 749 1558 817 ἔχει
1591 749 1752 817 λόγον
1783 752 1964 819 ἀσφα-

389 817 540 912 λείας
582 825 677 877 καὶ
723 826 1100 900 πληροφορίας
1147 837 1318 904 χωρὶς
1365 837 1624 908 δεχθῆναι
1678 843 1826 909 παρὰ
1867 817 1968 912 τῆς

407 911 771 984 Ὶιῖκκλησίας;
804 922 988 974 Δεινδν
1017 925 1126 1002 γάρ
1157 929 1248 979 καὶ
1295 929 1474 983 δεινοῦ
1532 932 1674 1002 πέρα
1707 911 1966 1002 μάλιστα,

397 1004 444 1054 εί
469 1005 801 1098 αἰτιώτατος
848 1012 1033 1077 ἀλλοις
1064 1021 1492 1093 παραχωρηθείη
1527 1025 1782 1091 γενέσθαι
1807 1028 1969 1098 ψυχι-

398 1094 496 1148 κοῦ
547 1100 816 1167 κινδύνου,
849 1105 990 1174 ὅπερ
1019 1109 1112 1160 καὶ
1141 1110 1300 1178 ὑμεῖς
1327 1115 1420 1167 καὶ
1448 1117 1557 1178 πᾶς
1597 1134 1680 1180 τις
1709 1094 1869 1182 ἀλλος

400 1189 614 1254 φρονῶν
635 1191 732 1242 οὐκ
763 1194 941 1260 ἄλλως
963 1199 1096 1267 ἐρεῖ.
1140 1201 1204 1255 Ἥ
1229 1204 1390 1275 χάρις
1419 1205 1516 1259 τοῦ
1539 1206 1678 1261 Θεοῦ
1711 1209 1797 1278 εἴη
1828 1210 1968 1279 μετά

394 1280 613 1334 πάντων
639 1283 810 1354 ὑμῶν.
831 1290 989 1355 Μηνὶ
1015 1291 1321 1364 Νοεμϐρίῳ
1347 1297 1466 1353 ινδ.
1489 1297 1583 1368 ιγ’.
1663 1339 1678 1354 .
1757 1340 1772 1356 .
1853 1344 1866 1359 .
1951 1343 1965 1359 .

393 1413 610 1474 XXXV.
643 1419 884 1493 Synodus
907 1428 1205 1504 episcqpum
1237 1429 1545 1504 §ozopoleos
1576 1439 1816 1496 nominat
1856 1455 1967 1492 me-

890 1497 1202 1566 ινοροιίιαηι
1232 1497 1465 1559 Ρίεἰᾰίίε.

461 1602 502 1673 -ι-
516 1603 578 1656 Ἠ
602 1607 879 1678 ἀγιωτάτη
903 1611 1234 1680 μητρόπολις
1251 1615 1348 1686 τῆς
1366 1615 1616 1684 Πισιδίας
1638 1621 1732 1675 ἐπὶ
1751 1621 1968 1687 πολλοῖς

392 1692 542 1746 ἐστιν
563 1695 662 1764 ἤδη
698 1701 806 1760 τοῖς
837 1699 1051 1768 χρόνοις
1090 1704 1820 1782 ἀρχιερατικῆςάμοιροῦσα
1846 1726 1966 1768 nov-

395 1786 626 1894 μμνσίας
652 1788 745 1841 καὶ
770 1791 1135 1862 ἐπισκέψεως,
1160 1796 1253 1850 ἀτε
1274 1798 1338 1866 δὴ
1360 1801 1564 1855 καὶτοῦ
1589 1802 1840 1872 λαχόντος
1867 1805 1965 1859 αὑ·-
1989 1833 2037 1894 Β

390 1875 490 1942 τὴν
515 1879 810 1947 ίερωτάτου
829 1883 1131 1954 ἀρχιερέως
1151 1890 1359 1943 ἐκείνου
1384 1892 1718 1957 κωλυθέντος
1738 1895 1842 1948 ὑπὸ
1865 1897 1964 1967 τῆς

391 1967 776 2040 ἐπισυμεάσης
798 1973 1017 2045 ὲθνικῆς
1047 1979 1404 2048 ἐπικρατείας
1433 1989 1759 2054 προσμεῖναι
1783 1987 1960 2059 ταύτῃ

389 2058 454 2126 δὴ
495 2062 560 2129 τῇ
601 2062 724 2115 κατ’
763 2066 924 2118 αὑτὸν
958 2069 1222 2142 ἐκκλησίᾳ
1246 2088 1260 2104 ο
1304 2075 1737 2142 μεταλλάξαντος
1779 2081 1964 2148 μέντοι

391 2150 492 2218 τὴν
527 2152 696 2222 ζωὴν,
756 2157 1066 2226 ἀνήνεγκαν
1093 2163 1186 2214 καὶ
1229 2165 1501 2237 ἐζήτησαν
1545 2169 1591 2221 οί
1620 2169 1720 2238 τῆς
1763 2170 1966 2240 ἐκκλη-

394 2242 518 2304 σίας
565 2244 772 2315 ταύτης
817 2247 1122 2320 ἀρχιερέως
1171 2259 1358 2324 τυχεῖν
1406 2261 1654 2328 γνησίου,
1703 2261 1964 2325 πολλάκις

392 2331 548 2384 τοῦτο
581 2332 942 2403 ζητήσαντες,
979 2342 1072 2394 καὶ
1121 2345 1404 2414 περιόντος
1437 2347 1672 2414 ἐκείνου,
1710 2350 1807 2404 τοῦ
1839 2370 1964 2404 και·-

396 2425 490 2495 ροῦ
515 2426 569 2480 δὲ
599 2427 674 2497 μὴ
702 2428 934 2494 διδόντος
961 2434 1046 2486 διά
1070 2435 1168 2506 τὴν
1196 2439 1602 2506 ἐπικρατοῦσαν
1628 2447 1684 2497 ἐν
1707 2445 1785 2515 τῷ
1811 2446 1962 2516 τόπῳ

395 2519 616 2591 ἐθνικὴν
658 2522 779 2591 βίαν
820 2525 1086 2594 ἀρχιερέα
1131 2533 1357 2599 γνήσιον
1406 2535 1514 2589 ἀπὸ
1568 2537 1735 2594 τόπου
1771 2540 1961 2610 ἐτέρου

393 2611 794 2681 ἐγκαταστῆναι
828 2620 892 2688 τῇ
919 2620 1183 2692 ἐκκλησίᾳ
1205 2623 1378 2695 ταύτῃ
1401 2644 1416 2658 ·
1446 2631 1820 2700 ἐκχωρηθέντι
1853 2633 1962 2704 γὰρ

397 2701 494 2753 καί
529 2700 607 2771 τῷ
663 2704 819 2775 Σίδης
849 2707 918 2759 τά
968 2710 1089 2762 κατ’
1135 2713 1331 2783 αὐτὴν,
1379 2717 1502 2770 οὐδέ
1539 2721 1714 2792 τούτῳ
1748 2723 1963 2790 ἐγένετο

393 2792 725 2848 καταλαϐεῖν
763 2799 856 2851 καὶ
886 2799 1176 2868 ἐπιστῆναι
1206 2806 1410 2859 ἐκεῖσε’
1445 2809 1559 2863 δεῖν
1588 2811 1851 2884 ᾠήθημεν
1875 2815 1964 2868 διά

393 2883 492 2950 τὰς
522 2887 781 2951 τοιαύτας
812 2890 1014 2958 αἰτίας,
1048 2893 1135 2948 ἵνα
1171 2896 1246 2965 μὴ
1281 2901 1372 2951 ἐπὶ
1418 2900 1580 2956 πλέον
1614 2907 1642 2958 6
1675 2905 1766 2958 ὑπ’
1794 2907 1964 2977 αὐτὴν

398 2977 787 3047 Χριστιανικὸς
819 2983 947 3046 λαὸς
991 2986 1384 3060 ἀρχιερατικῆς
1427 2996 1685 3066 στερῆται
1727 3014 1962 3066 ποιμαν-

396 3071 518 3134 σίας
558 3074 650 3124 καὶ
685 3073 780 3127 τοῦ
823 3075 1076 3128 ἐντεῦθεν
1112 3081 1418 3150 άγιασμοῦ,
1462 3085 1798 3156 θεραπεῦσαι
1840 3093 1962 3160 τρό-

392 3178 494 3214 πον
528 3162 713 3232 ἒτερον
742 3166 810 3218 τά
837 3169 968 3237 περ)⁵
999 3168 1214 3234 τούτου,
1248 3177 1345 3226 καὶ
1370 3175 1434 3247 δὴ
1459 3177 1655 3252 γνώμῃ
1683 3197 1770 3234 κοι

395 3255 525 3321 περὶ
559 3255 703 3324 ἡμᾶς
755 3257 1083 3328 όμηγύρεως
1130 3263 1238 3314 τῶν
1287 3267 1600 3336 ίερωτάτων
1631 3271 1958 3343 ἀρχιερέων,

393 3344 489 3400 τοῦ
529 3347 1047 3418 Ἀδριανουπόλεως,
1090 3355 1185 3409 τοῦ
1235 3356 1641 3429 Φιλαδελφείας,
1673 3365 1768 3418 τοῦ
1807 3368 1960 3422 Διδυ-

393 3440 673 3510 μοτείχου,
719 3441 815 3494 τοῦ
848 3444 1137 3511 Μαδύτων,
1183 3447 1276 3502 τοῦ
1307 3451 1610 3520 Φιλίππων,
1652 3455 1746 3510 τοῦ
1789 3458 1960 3527 Ἀμά-

394 3536 628 3603 στριδος,
656 3535 749 3590 τοῦ
785 3540 1047 3608 Ζηκχίας,
1085 3543 1179 3595 τοῦ
1213 3544 1543 3617 Μηθύμνης,
1569 3548 1662 3603 τοῦ
1711 3551 1957 3614 Ῥωσίου,

395 3624 490 3678 τοῦ
539 3625 776 3696 Μηδείας
817 3631 909 3684 καὶ
956 3631 1050 3684 τοῦ
1096 3633 1350 3701 Τενέδου,
1400 3637 1610 3694 δίκαιον
1660 3643 1961 3713 ἐκρίναμεν

395 3720 764 3789 μετατεθῆναι
802 3723 884 3785 εἰς
932 3725 1032 3794 τὴν
1061 3726 1231 3796 αὐτὴν
1267 3726 1579 3802 ἀγίωτάτην
1624 3737 1961 3803 μητρόπολιν

393 3810 636 3873 Πισιδίας
691 3815 782 3866 τὶν
835 3815 928 3867 ὑπ’
978 3817 1149 3888 αὐτὴν
1198 3817 1613 3890 θεοφιλέστατον
1666 3827 1961 3882 ἐπίσκοπον

388 3901 770 3968 Σωζοπὸλεως,
807 3906 1146 3977 πραχθέντος
1171 3911 1362 3964 τούτου
1389 3914 1484 3966 καὶ
1507 3917 1958 3986 οίκονομηθέντος

392 3993 488 4044 καὶ
521 3994 614 4046 ἐπὶ
649 3996 862 4059 πολλοῖς
895 3999 1099 4068 ἑτέροις
1131 4000 1286 4070 παρὰ
1317 4001 1428 4056 τῶν
1459 4005 1566 4074 πρὸ
1592 4007 1771 4076 ἡμῶν.
1813 4009 1962 4061 ’ίῐπι-

390 4083 618 4153 λήψεται
653 4087 948 4156 τοιγαροῦν
983 4082 1136 4152 οὗτος
1170 4093 1270 4163 τῆς
1303 4093 1470 4162 αὐτῆς
1502 4096 1818 4169 ἁγιωτάτης
1851 4117 1959 4169 μη-

392 4179 725 4247 τροπόλεως,
755 4185 850 4233 καὶ
887 4183 1103 4248 μεθέξει
1146 4186 1256 4237 τῶν
1289 4189 1347 4239 ἐν
1377 4192 1541 4260 αὐτῇ,
1568 4193 1648 4254 εἰς
1684 4209 1960 4261 μητροπο-

393 4270 550 4340 λίτην
576 4288 633 4322 τε
681 4273 775 4324 καὶ
810 4273 1108 4342 ὑπέρτιμον
1146 4279 1512 4348 τετιμημένος
1536 4280 1711 4346 ἔσται,
1743 4284 1959 4354 καὶτῆς

387 4361 560 4428 αὐτῆς
579 4363 880 4416 ἀπολαύσει
899 4365 1064 4434 τιμῆς
1092 4368 1240 4436 παρά
1266 4367 1356 4420 τοῦ
1383 4370 1474 4422 ὑπ’
1496 4372 1654 4424 αὐτὸν
1679 4373 1955 4442 ποιμνίου,

385 4449 453 4527 ἧς
514 4457 603 4506 καὶ
650 4457 698 4508 οί
755 4457 966 4527 γνήσιοι
1024 4459 1231 4529 ταύτης
1276 4463 1577 4532 ἀρχιερεῖς,
1631 4463 1726 4516 καὶ
1778 4466 1956 4518 πάντα

386 4547 575 4610 ἁπλῶς
607 4551 693 4602 ἐπ’
747 4551 884 4620 αὐτῇ
923 4551 1307 4620 διαπράξεται,
1357 4556 1454 4607 ὅσα
1491 4557 1702 4624 ἐφεῖται
1743 4575 1959 4611 κανονι-

391 4639 523 4702 κῶς,
559 4640 644 4693 διὰ
686 4642 970 4712 φροντίδος
999 4644 1054 4695 δὲ
1089 4645 1374 4706 παντοίας.
1451 4687 1465 4698 .
1548 4686 1563 4701 .
1643 4685 1658 4700 .
1736 4688 1751 4703 .
1830 4651 1960 4718 ήσε-

390 4747 480 4780 ται
520 4731 610 4782 καὶ
645 4731 962 4801 ἐπιμελείας
1007 4740 1105 4803 τὴν
1154 4736 1392 4807 ψυχικὴν
1422 4737 1690 4804 ὠφέλειαν
1738 4740 1829 4792 τοῦ
1868 4740 1960 4792 ὑπ’

385 4821 556 4889 αὐτὴν
589 4823 791 4893 κλήρου
843 4827 937 4878 καὶ
983 4825 1287 4898 τοῦιλαοῦ,
1333 4829 1608 4882 εὐπειθεῖν
1657 4828 1831 4898 τούτῳ
1869 4829 1961 4881 καὶ

386 4915 572 4966 αὐτῶν
595 4915 921 4984 ὀφειλόντων
951 4918 1048 4970 καὶ
1076 4918 1393 4989 πειθαρχεῖν
1421 4920 1494 4982 ὡς
1525 4922 1711 4992 οἰκείῳ
1739 4922 1959 4990 ποιμένι

388 5009 486 5059 καὶ
512 5009 678 5076 πατρὶ
701 5009 796 5061 καὶ
816 5008 1124 5081 διδασκάλῳ
1146 5013 1501 5083 πνευματικῷ
1525 5015 1618 5067 καὶ
1641 5017 1835 5085 μεσίτῃ
1863 5017 1959 5068 καὶ

383 5099 682 5172 δαλλακτῇ
713 5102 781 5153 τά
834 5103 967 5168 πρὸς
1002 5103 1093 5155 τὸν
1125 5105 1278 5156 Θεόν.
1319 5104 1444 5157 Ἐπὶ
1486 5105 1661 5175 τούτῳ
1695 5107 1801 5174 γὰρ
1835 5107 1959 5174 ἐγέ-

383 5206 508 5240 νετο
539 5190 634 5241 καὶ
677 5191 907 5261 ἐπεδόθη
951 5193 1084 5262 πρὸς
1124 5194 1288 5246 αὑτὸν
1322 5193 1417 5246 καὶ
1455 5196 1486 5264 ή
1529 5195 1775 5266 παροῦσα
1821 5199 1956 5266 ἡμετ

383 5280 520 5346 τέρα
578 5281 674 5334 καὶ
734 5282 986 5350 συνοδικὴ
1043 5285 1239 5351 πρᾶξις
1300 5289 1381 5350 εὶς
1454 5287 1756 5356 ἀσφάλειαν
1809 5289 1955 5356 μηνὶ

379 5368 712 5436 Ἀπριλλίῳ
752 5372 867 5427 ινδ.
901 5371 997 5442 ιγ’.
1041 5385 1044 5388 ’

381 5508 423 5561 λ
442 5507 630 5562 XXVI.
661 5509 892 5564 Libellus
929 5513 1194 5581 synodalis
1211 5475 1545 5580 .canﬁrmans
1567 5516 1959 5570 condemnatio-

565 5596 682 5633 nem
716 5584 1093 5636 monachorum
1122 5583 1383 5639 Barlaam
1417 5594 1466 5639 ει
1499 5587 1780 5656 Acindyni.

384 5689 428 5760 οξ-
460 5689 745 5754 Συνοδικδς
797 5693 965 5763 τόμος
1015 5694 1292 5766 ἐπικυρῶν
1343 5697 1434 5750 τὸν
1481 5700 1567 5750 ἐπ’
1601 5698 1811 5768 ἐλέγχῳ
1863 5701 1956 5754 καὶ

463 5784 731 5858 καταδίκῃ
777 5787 887 5839 τῶν
924 5787 1017 5840 τοῦ
1055 5787 1317 5862 Βαρλαὰμ
1369 5793 1460 5845 καὶ
1498 5794 1804 5853 Ἀκινδύνου
1835 5796 1952 5861 δογ-

1393 353 1792 416 ΞΥΝΟΒῐΟίΕ
1828 358 2515 422 CONSTXTUTIONES.

1775 3173 2033 3253 νῇτῆςο

3501 359 3645 426 1274

2153 477 2340 544 μάτων
2393 475 2662 544 πρότερον
2711 473 2899 545 τόμον,
2933 474 3026 527 καλ¹
3076 473 3173 527 σὺν
3212 476 3508 549 ’Δκινδύνῳ
3542 483 3647 534 πά-

2141 567 3640 628 λιν........ἑ........

2141 659 2184 731 -ι-
2216 661 2424 721 Ὄντως
2465 661 2641 724 οὐδεὶς
2693 659 2870 722 οὕτως
2911 661 3259 744 ἀρχιτέκτων
3293 662 3505 726 οὐδενὸς
3539 665 3646 719 τῶν

2070 751 2330 804 ποικίλων
2355 751 2430 814 ῶς
2473 753 2740 821 ποριστὴς
2787 754 2882 805 καὶ
2923 753 3237 824 προστάτης
3287 757 3648 826 παντοδαπῆς

2067 844 2388 907 δυσσεϐείας
2421 848 2448 898 6
2488 845 2897 914 ἀντικείμενοςο
2941 845 3114 900 πάλαι
3180 847 3279 916 μὲν
3314 847 3424 918 γὰρ
3464 841 3645 914 οὗτος,

2067 935 2162 986 τοῦ
2193 935 2330 988 Θεοῦ
2357 935 2568 998 διιστὰς
2597 937 2659 989 τὸ
2682 936 3023 1008 ἀνθρώπειον
3055 938 3242 1007 φῦλον,
3274 939 3484 1007 πληθῦν
3509 942 3652 994 θεῶν

2070 1027 2288 1094 φρονεῖν
2315 1025 2409 1080 καὶ
2439 1026 2621 1080 σέϐειν
2662 1027 2971 1094 ἀνέπειθεν,
3003 1030 3078 1091 ὡς
3115 1030 3232 1093 ἐνὸς
3267 1030 3404 1084 Θεοῦ
3445 1033 3520 1100 μὴ
3560 1033 3651 1084 δυ-

2070 1117 2306 1187 ναμένου
2340 1118 2539 1180 σώζειν
2571 1117 2646 1171 τὸ·
2675 1119 2931 1188 οὐράνιον
2960 1119 3057 1173 καὶ
3083 1121 3326 1189 ἐπίγειον
3373 1123 3466 1174 καὶ
3506 1141 3644 1175 παν-

2069 1209 2302 1262 τοδαπὸν
2339 1204 2490 1272 ζῶον
2534 1211 2710 1277 τουτὶ,
2745 1211 2834 1264 τὸν
2883 1210 3172 1281 ἄνθρωπον
3199 1228 3213 1244 ο
3250 1213 3372 1265 ἐπεὶ
3418 1213 3462 1266 δ’
3513 1214 3646 1281 ἐξηο

2069 1297 2274 1368 λέγχθη
2299 1298 2368 1352 τά
2402 1299 2502 1364 τῆς
2524 1299 2761 1368 ἀπάτης,
2795 1301 2959 1367 μόνου
2993 1299 3210 1352 πάντων
3234 1301 3645 1368 ἀναπεφηνότος

2069 1388 2311 1460 Χριστοῦ
2371 1389 2508 1443 Θεοῦ
2565 1391 2978 1460 παντοδυνάμου
3029 1394 3122 1446 καὶ
3178 1393 3640 1462 παντοκράτορος,

2066 1480 2125 1544 ὃς
2155 1482 2450 1550 οὐρανόθεν
2481 1482 2801 1552 ἐνδημῆσας
2836 1486 2902 1553 τῇ
2938 1487 3030 1554 γῇ,
3069 1485 3160 1536 καὶ
3209 1462 3455 1547 καταϐὰς
3483 1480 3644 1546 αὖθις

2067 1573 2176 1626 ἀπὸ
2209 1573 2413 1643 ταύτης
2445 1575 2526 1638 εἰς
2573 1573 2727 1644 ᾅδου,
2778 1575 3031 1628 κάκεῖθεν
3067 1574 3514 1645 παλινδρομήσας
3544 1575 3642 1626 καὶ

2061 1667 2144 1727 ἐἰς
2171 1665 2437 1737 οὐρανοὺς
2485 1667 2624 1736 μετὰ
2668 1667 2761 1720 τοῦ
2802 1666 3148 1734 ἀνθρωπίνου
3207 1669 3642 1737 προσλήμματος

2069 1757 2360 1822 ἀναλύσας,
2394 1758 2592 1825 πάντα,
2625 1760 2726 1814 ὅσα
2755 1761 3037 1829 ἐθέλησεν,
3077 1763 3133 1814 ἐν
3163 1763 3330 1813 πᾶσιν
3359 1760 3638 1827 ἐποίησεν,

2066 1851 2264 1920 ἑτέραν
2312 1852 2340 1902 6
2385 1850 2720 1920 καθηγεμὼν
2772 1854 2871 1922 τῆς
2917 1854 3132 1923 ἀπάτης
3194 1852 3491 1920 ἐτράπετο,
3544 1851 3642 1904 καὶ

2066 1941 2412 1995 ἀπωθεῖσθαι
2445 1942 2544 2011 μὲν
2576 1945 2930 2014 ὑποκρίνεται
2956 1947 3055 2015 τὴν
3093 1944 3358 1997 πολύθεον
3407 1943 3638 2011 πλάνην,

2067 2032 2328 2086 συνωθεῖν
2362 2034 2420 2086 δὲ
2474 2033 2771 2087 πλάττεται
2825 2036 3037 2098 πάντας
3085 2037 3163 2098 εἰς
3197 2036 3295 2089 ἕνα
3353 2035 3486 2086 Θεδν
3524 2035 3644 2094 ταῖς

2065 2123 2325 2177 ἑκάστοτε
2358 2125 2469 2177 τῶν
2519 2124 2831 2189 κακοδόξων
2862 2127 3091 2193 φωναῖς,
3123 2126 3237 2178 ἀλλ’
3282 2126 3358 2187 ὡς
3397 2124 3492 2178 τοῦ
3524 2126 3644 2187 ἐνὲς

2063 2215 2235 2278 ὅντως
2286 2217 2587 2284 ἀποστήσοι
2627 2217 2762 2270 Θεοῦ
2789 2234 2805 2249 °
2851 2218 3062 2272 πείθειν
3092 2221 3200 2290 γὰρ
3252 2220 3492 2289 ἐγχειρεῖ
3521 2219 3644 2278 ταῖς

2063 2308 2172 2360 τῶν
2207 2307 2504 2377 αῖρετικῶν
2531 2310 2888 2376 σοφιστείαις,
2933 2311 3006 2380 μὴ
3037 2313 3472 2381 τρισυπόστατον
3499 2307 3644 2362 εἶναι

2063 2397 2256 2451 τοῦτον
2277 2399 2372 2451 καὶ
2401 2399 2836 2468 παντοδύναμον.
2862 2402 2926 2453 Τί
2952 2401 3041 2455 διὰ
3063 2405 3272 2454 τούτων
3299 2400 3642 2454 κατασκευά-

2066 2487 2181 2550 ζειν
2237 2489 2476 2555 ἑθέλωνς
2514 2491 2816 2544 Πολυθεῖαν
2871 2492 2990 2560 ᾆμα
3021 2494 3115 2546 καὶ
3162 2493 3394 2546 ἀθεῖανο
3422 2492 3484 2546 οὐ
3537 2494 3644 2560 γὰρ

2039 2580 2274 2646 ’Πατρός
2307 2580 2334 2631 6
2361 2579 2510 2644 Υίδς,
2540 2581 2641 2634 οὐκ
2674 2582 2885 2650 ἀληθὴς
2923 2583 3076 2648 Θεὸς,
3109 2583 3137 2637 ὃ
3159 2584 3258 2650 τῆς
3301 2582 3510 2652 Ἀρείου
3543 2601 3643 2647 μα-

2063 2673 2184 2733 νίας
2219 2673 2280 2725 τὸ
2307 2671 2626 2740 κράτιστον,
2652 2673 2770 2736 πῶς
2803 2674 2938 2738 Θεὸς
2965 2675 3170 2745 ἀληθὴς
3195 2676 3222 2727 6
3251 2677 3478 2743 Πατήρς
3519 2675 3642 2736 Πῶς

2064 2765 2109 2818 δ’
2143 2766 2402 2827 ἅκτιστος
2436 2767 2654 2836 άληθῶς
2683 2769 2711 2820 ὁ
2749 2769 3018 2836 γεννήσας
3050 2771 3304 2834 κτιστόν;
3339 2769 3459 2829 Πῶς
3486 2769 3532 2820 δ’
3561 2764 3642 2830 εἷς

2068 2855 2220 2908 ἔσται
2246 2857 2380 2920 Θεὸς
2434 2859 2499 2910 ἐκ
2527 2857 2750 2911 κτιστοῦ
2794 2859 2890 2911 καὶ
2932 2859 3210 2924 ἀκτίστου,
3247 2859 3356 2913 τῶν
3386 2859 3642 2916 πλεῖστον

2066 2947 2315 3014 ἀλλήλων
2362 2950 2798 3020 ἀφεστηκότων;
2829 2950 2953 3013 Πῶς
2987 2951 3032 3005 δ’
3083 2949 3239 3014 αὖθις
3272 2952 3424 3004 ἔσται
3453 2951 3642 3020 Πατὴρ

2066 3040 2094 3090 ὁ
2125 3039 2286 3102 αὐτὸς
2321 3041 2583 3110 ἐκάτερος
2627 3039 2702 3094 ὧν
2729 3059 2743 3106 ;
2778 3041 2806 3094 ὃ
2838 3041 3004 3094 πάλιν
3053 3043 3271 3112 ὑπῆρχε
3309 3046 3407 3112 τῆς
3439 3044 3641 3097 Σαϐελ-

2067 3130 2182 3184 λίου
2219 3133 2548 3202 παραφορᾶς
2571 3147 2586 3164 ο
2621 3132 2713 3200 ὑφ’
2749 3134 3012 3200 ἐκατέρου
3040 3138 3150 3204 γάρ
3173 3136 3436 3206 ἐκάτερον
3460 3138 3641 3208 χωρή-

2068 3238 2152 3274 σει
2180 3223 2314 3292 πρὸς
2335 3225 2396 3276 τὸ
2429 3223 2504 3294 μὴ
2533 3224 2858 3278 ὅν.-οὑκοῦν
2891 3225 3196 3296 ἐξηλέγχθη
3239 3230 3345 3282 κάν
3377 3228 3587 3291 τούτοις
3614 3231 3643 3280 6

2062 3318 2163 3384 τῆς
2219 3314 2434 3385 πλάνης
2469 3317 2802 3385 προστάτης,
2839 3319 2898 3369 ἐν
2930 3319 3080 3387 τρισὶ
3128 3317 3444 3391 προσώποις
3488 3321 3642 3375 ἀκτί-

2067 3423 2235 3469 στοις.
2269 3407 2654 3469 ὑποστατικῶς
2679 3407 3053 3479 διαφέρουσιν,
3084 3409 3182 3463 ἕνα
3205 3410 3342 3466 Θεὸν
3371 3412 3641 3483 κηρυξάν-

2063 3517 2174 3552 των
2205 3500 2316 3552 τῶν
2347 3499 2518 3567 ἁγίων
2550 3499 2812 3569 Πατέρων
2842 3501 2938 3552 καὶ
2970 3501 3150 3568 σοφῶς
3179 3503 3642 3572 ἀποσκευασαμέ-

2063 3607 2170 3644 νων
2202 3591 2454 3646 ἐντεῦθεν
2503 3593 2596 3646 καὶ
2623 3593 2723 3662 τὴν
2778 3592 3041 3662 σύγχυσιν
3088 3596 3180 3649 καὶ
3225 3596 3326 3666 τὴν
3367 3597 3640 3652 σύνθεσιν.

2075 3680 2236 3732 Ἀλλά
2262 3681 2368 3733 κάν
2399 3682 2610 3743 τούτοις
2659 3681 2832 3745 οὑτως
2867 3681 3230 3754 ἐξελεγχθεὶς,
3270 3687 3371 3741 οὐκ
3408 3687 3642 3756 ἠρεμεῖν

2062 3774 2141 3832 εἰς
2173 3769 2326 3832 τέλος
2355 3771 2594 3840 ἔγνωκεν
2621 3773 2648 3825 ό
2687 3773 2824 3843 πρὸς
2863 3776 3083 3846 ἀπάτην
3113 3777 3412 3847 ἀμηχάνως
3461 3780 3640 3848 εὐμή-

2061 3877 2246 3934 χανος,
2281 3863 2389 3916 οὐδ’
2434 3863 2696 3936 ἐκστῆναι
2725 3867 2828 3937 τῆς.
2856 3868 2996 3938 πρὸς
3033 3869 3224 3924 ἀθεῖαν
3259 3869 3377 3940 ἅμα
3416 3873 3511 3924 καὶ
3542 3889 3639 3924 πο-

2063 3955 2286 4009 λυθεῖαν
2311 3956 2584 4026 φερούσης
2607 3959 2734 4021 τοὺς
2756 3960 2906 4030 αὐτῷ
2931 3959 3292 4029 πειθομένους
3317 3964 3638 4033 ὑπέμεινεν,

2063 4049 2201 4102 ἀλλὰ
2233 4049 2330 4116 τῆς
2359 4049 2634 4118 προτέρας
2666 4051 2884 4121 ἐκείνης
2927 4054 3144 4122 ἀπάτης
3180 4055 3344 4125 μέρος
3373 4056 3473 4124 μὲν
3503 4057 3641 4109 ἀπο-

2051 4137 2288 4208 ·στέρξαι
2341 4127 2696 4210 πανούργως,
2753 4141 2828 4205 ὼς
2886 4143 3177 4198 λανθάνειν
3227 4148 3350 4208 τοὺς
3405 4127 3641 4210 πολλοῦς

2061 4229 2300 4294 δύναιτο,
2339 4230 2504 4300 μέρος
2532 4230 2577 4283 δ’
2629 4232 2943 4299 ἀπολαϐὼν,
2972 4233 3050 4298 ὡς
3098 4237 3170 4289 δι’
3209 4237 3422 4291 ἐκείνου
3471 4239 3645 4308 μηδὲν

2058 4314 2224 4391 ἦττον
2258 4320 2393 4391 πρὸς
2417 4322 2479 4374 τὸ
2503 4322 2778 4393 βάραθρόν
2817 4326 2989 4392 ἐστιν,
3023 4325 3116 4390 οὓς
3147 4328 3448 4397 ἐπισπῷτο,
3475 4330 3640 4384 πάλιν

2063 4413 2380 4466 ὑποτίθεται
2412 4413 2596 4482 λέγειν
2625 4416 2753 4478 τοὺς
2799 4416 3283 4488 ὑπηρετουμένους
3315 4424 3382 4492 τῇ
3435 4421 3637 4492 πλάνη,

1989 4508 2037 4568 D
2064 4505 2198 4558 Θεὸν
2255 4507 2354 4576 μὲν
2391 4506 2487 4561 ἕνα
2527 4507 2692 4576 δῆθεν
2725 4511 2819 4564 καὶ
2849 4509 3042 4564 τοῦτον
3087 4513 3524 4580 τρισυπόστατον
3552 4515 3641 4568 σέ-

2064 4597 2196 4662 ϐειν,
2228 4599 2289 4650 οὐ
2325 4598 2430 4668 μὴν
2454 4598 2528 4661 ὡς
2566 4600 2696 4666 μιᾶς
2721 4601 2888 4669 οὐσης
2945 4602 3055 4654 τῶν
3082 4603 3252 4671 τριῶν
3281 4603 3520 4672 φύσεως,
3553 4605 3638 4658 0:-

2061 4687 2292 4758 λήσεως,
2345 4689 2653 4758 δυνάμεως,
2709 4692 3015 4760 ἐνεργείας.
3080 4693 3380 4762 βασιλείας,
3422 4699 3642 4776 σοφίας,

2060 4775 2423 4848 ἀγαθότητος.
2475 4779 2757 4850 ἀπειρίας,
2793 4783 3094 4853 ἁπλότητος
3143 4786 3237 4838 καλ⁵
3294 4788 3512 4842 πάντων
3563 4790 3640 4850 ὡς

2061 4868 2238 4920 εἰπεῖν
2264 4867 2372 4920 τῶν
2394 4869 2490 4936 τῆς
2517 4869 2771 4938 θεότητος
2795 4872 3156 4940 αὐχημάτων,
3185 4874 3303 4927 ἀλλ’
3330 4875 3404 4938 ὼς
3431 4877 3642 4939 τούτων,

2062 4961 2290 5015 ἀπασῶν
2334 4960 2394 5014 ἐν
2427 4962 2625 5028 οὐσῶν,
2674 4963 2864 5028 οὐσίας
2911 4965 3104 5034 μόνης.
3144 4967 3382 5022 κτιστῶν
3430 4969 3488 5022 δὲ
3526 4969 3640 5034 τῶν

2047 5055 2215 5124 παρὰ
2245 5054 2452 5124 ταύτην
2482 5054 2744 5109 ἁπάντων
2763 5072 2779 5087 ο
2813 5057 2862 5108 εἰ
2888 5057 2996 5127 γὰρ
3023 5057 3279 5124 ἀκτιστός
3305 5061 3441 5125 ἐστι,
3478 5062 3636 5139 φασὶ,

2062 5148 2154 5198 καὶ
2186 5146 2218 5214 ἡ
2254 5145 2374 5198 θεία
2410 5145 2632 5216 θέλησις
2664 5147 2760 5200 καὶ
2787 5147 3019 5217 δύναμις
3057 5151 3150 5204 καὶ
3176 5154 3448 5222 ἐνέργεια,
3481 5154 3636 5204 οὐδὲν

2058 5237 2158 5303 τῆς
2185 5237 2444 5290 ἀκτίστου
2475 5239 2662 5301 οὐσίας
2688 5239 3066 5310 διενηνόχασιν
3097 5259 3110 5272 ο
3150 5245 3198 5295 εί
3228 5243 3286 5296 δὲ
3321 5245 3632 5312 διενηνόχα-

2061 5347 2144 5383 σιν
2176 5328 2338 5384 αῦται
2367 5330 2586 5402 ἐκείνης
2627 5332 2898 5401 ὁπωσοῦν,
2937 5335 3036 5402 μία
3088 5335 3344 5398 ἀκτιστος
3376 5336 3565 5405 θεότης
3599 5341 3630 5405 ή

2056 5425 2262 5478 τούτων
2305 5424 2381 5486 ὡς
2433 5426 2583 5479 αἰτία
2635 5425 2843 5480 τούτων
2885 5428 3261 5497 ὑπερκειμένη
3317 5429 3478 5480 οὐσία
3534 5427 3632 5496 τοῦ

2057 5515 2194 5569 Θεοῦ
2217 5534 2234 5549 ο
2267 5517 2324 5570 αί
2353 5518 2396 5570 δ’
2423 5519 2482 5583 ἐξ
2516 5520 2734 5588 ἐκείνης
2761 5513 2925 5573 αὗται
2949 5521 3209 5589 κάκείνης
3239 5520 3633 5580 ὀπωσοῦνδιαε

2059 5608 2328 5678 φέρουσαι
2361 5611 2474 5672 τοῖς
2509 5610 2603 5664 τοῦ
2634 5611 2772 5664 Θεοῦ
2807 5612 3102 5678 κτίσμασίν
3128 5615 3268 5666 είσιν
3299 5613 3630 5682 ἐναρίθμιοι.

2058 5700 2225 5755 Ταῦτ’
2252 5703 2360 5773 ἄρα
2403 5702 2496 5755 καὶ
2525 5703 2624 5772 τὴν
2654 5703 3016 5773 λαμπρότητα
3066 5705 3166 5772 τῆς
3197 5704 3344 5768 θείας
3391 5703 3628 5771 φύσεως,

2057 5795 2115 5849 τὸ
2149 5794 2242 5848 τοῦ
2296 5795 2580 5864 μέλλοντος
2610 5793 2808 5858 αἰῶνος
2852 5795 2988 5862 φῶς,
3016 5788 3076 5850 οῦ
3123 5799 3214 5852 καὶ
3245 5797 3304 5850 τὸ
3341 5798 3628 5865 προοίμιον
