4076 6264
569 317 706 387 1275

1551 329 1770 396 IOAN.
1815 329 2125 392 CALEC/E
2163 327 2277 390 (ΞΡ.
2317 329 2839 396 PATRIARCIL’E

3647 331 3751 398 1276

559 438 620 493 ὲν
641 436 842 508 Θαϐὼρ
868 437 980 500 τοῖς
1005 436 1310 509 ὀφθαλμοῖς
1338 440 1652 511 ἑωράκασιν
1678 444 1728 496 οἱ
1761 444 2022 515 μαθηταὶ,
2045 440 2140 496 νῦν
2169 443 2213 500 Α
2245 437 2399 502 δυνος
2437 439 2693 510 θορυϐεῖν
2722 435 2876 503 αὖθις
2907 440 3188 511 ἄρχονται,
3224 437 3633 506 κλέπτουσι-τοὺς
3654 449 3751 497 πολ-

562 529 666 598 μέν
691 530 880 583 οὐσίαν
913 530 1066 584 θείαν
1092 531 1311 600 λέγουσι
1340 534 1410 586 τά
1440 535 1845 593 Μασσαλιανῶν
1872 537 2134 605 ἄντικρυς

561 619 868 687 νοσοῦντες,
913 621 1008 677 νῦν
1037 622 1096 677 δὲ
1138 625 1219 686 είς
1257 625 1468 695 κτίσμα
1515 629 1896 694 κατασπῶσιν,
1927 629 2002 693 ὼς
2032 629 2132 684 οὐκ

557 712 751 766 οὐσίαν
784 712 956 780 θείαν,
990 714 1107 768 ἀλλ’
1137 715 1425 786 ἐνέργειάν
1447 735 1506 770 τε
1534 719 1630 772 καὶ
1656 719 1925 790 ἐλλαμψιν
1959 721 2134 790 ὑπάρ-

560 821 679 873 χον.
721 806 788 858 Τί
816 805 901 858 διά
932 807 1140 861 τούτων
1181 810 1695 876 κατασκευάζοντες
1721 815 1817 866 καὶ
1859 818 1987 878 τούς
2013 833 2133 870 πει-

561 896 826 964 θομένους
852 897 1145 966 ἐνάγοντες
1190 904 1446 972 φρονεῖνς
1490 904 1706 959 Ἀθεῖαν
1741 905 1858 976 ἅμα
1907 909 2000 962 καὶ
2036 927 2132 962 πο-

560 985 806 1054 λυθεΐαν,
855 990 924 1042 τὰ
977 990 1041 1043 ἐκ
1090 991 1389 1063 διαμέτρου
1444 995 1613 1058 κακά,
1662 999 1757 1050 καὶ
1788 998 1888 1066 τὴν
1933 999 2133 1054 κακίαν

557 1079 821 1148 ὁμότιμα,
873 1083 969 1150 τὴν
1022 1083 1123 1154 μὲν
1172 1085 1237 1138 ἐκ
1269 1085 1364 1140 τοῦ
1409 1090 1777 1158 κατατέμνειν
1819 1092 1899 1154 είς
1940 1093 2132 1148 κτιστά

560 1171 655 1222 καὶ
690 1171 925 1226 άκτιστα
955 1175 1055 1244 τὴν
1090 1177 1222 1245 μίαν
1268 1178 1520 1249 θεότητα,
1552 1181 1652 1250 τὴν
1697 1181 1755 1236 δὲ
1802 1183 1993 1238 ἀθεῖαν
2029 1187 2132 1239 οὐκ

556 1262 813 1318 ἐντεῦθεν
857 1265 1020 1334 μόνον
1053 1269 1368 1337 εἰσάγοντες
1395 1288 1410 1303 ο
1444 1267 1512 1343 ἦς
1539 1275 1648 1341 γὰρ
1680 1275 1870 1337 οὐσίας
1905 1279 1936 1345 ή
1972 1277 2130 1330 δύνα-

563 1372 658 1423 μις
693 1357 851 1428 καὶὴ
901 1358 1157 1429 ἐνέργεια
1192 1364 1288 1416 καὶ
1323 1365 1355 1434 ή
1403 1365 1626 1434 θέλησις
1655 1368 1748 1419 καὶ
1796 1369 1830 1436 ἠ
1863 1369 2130 1440 ἐλλαμψις

558 1449 775 1517 κτιστὴ,
805 1449 920 1512 πῶς
955 1451 1095 1523 αὕτη
1125 1454 1385 1511 άκτιστος
1413 1476 1426 1521 ;
1463 1457 1600 1512 ἀλλά
1635 1461 1733 1512 καὶ
1765 1461 1872 1512 ἀπὸ
1903 1462 1996 1515 τοῦ
2031 1463 2131 1532 τὴν

557 1540 826 1611 διαφορὰν
857 1543 1071 1598 ἀνελεῖν
1110 1545 1215 1615 τῆς
1249 1546 1400 1611 θείας
1445 1550 1636 1613 οὐσίας
1684 1553 1818 1620 πρὸς
1846 1554 1948 1622 τὴν
1979 1555 2130 1610 θείαν

555 1632 868 1701 ἐνέργειανο
903 1636 1144 1707 ἑκατέρα
1181 1641 1290 1710 γὰρ
1335 1639 1510 1706 οὕτως
1556 1644 1645 1713 ὑφ’
1692 1647 1959 1717 ἑκατέρας
1987 1649 2130 1702 κατὰ

557 1726 741 1779 πᾶσαν
781 1728 1030 1799 ἀνάγκην
1085 1731 1457 1804 ἐξωθουμένη,
1489 1737 1732 1806 χωρήσει
1771 1738 1908 1808 πρὸς
1957 1741 2018 1794 τὸ
2050 1742 2125 1810 μὴ

553 1813 636 1882 ὃν,
673 1819 768 1872 καὶ
794 1820 864 1873 δι’
899 1821 1146 1892 ἀλλήλων
1176 1824 1508 1895 ἀμφότεραι,
1539 1831 1633 1882 καὶ
1675 1829 1817 1884 οὕτω
1849 1833 2125 1902 συμϐήσε-

553 1924 644 1960 ται
692 1911 964 1980 μηδεμίαν
1026 1911 1168 1970 εἶναι
1220 1917 1449 1988 θεότητα
1497 1921 1772 1977 άκτιστον.
1819 1925 2021 1978 Τούτου
2063 1928 2126 1996 δὴ

553 2000 650 2054 τοῦ
696 2005 952 2072 νεήλυδος
991 2006 1378 2078 Ἀρειανισμοῦ
1412 2030 1469 2066 τε
1515 2017 1612 2066 καὶ
1655 2015 2124 2087 Σαϐελλιανισμοῦ

557 2092 650 2145 καὶ
679 2094 777 2164 τῆς
807 2096 971 2151 ἀθέου
994 2099 1202 2169 ταύτης
1228 2104 1322 2156 καὶ
1354 2104 1616 2158 πολυθέου
1653 2109 1922 2178 συστολῆς
1951 2127 2009 2162 τε
2031 2114 2126 2164 καὶ

489 2252 495 2260 _
557 2187 878 2258 κατατομῆς
913 2189 1013 2260 τῆς
1063 2192 1319 2262 θεότητος
1371 2197 1616 2265 ἀρχηγὸς
1672 2201 1766 2251 καὶ
1814 2203 2127 2274 προστάτης

556 2277 768 2349 ὑπῆρξε
797 2282 1020 2352 πρῶτος
1045 2286 1073 2338 6
1103 2285 1395 2356 Καλαϐρὺς
1422 2288 1689 2359 Βαρλαάμ
1715 2306 1729 2321 ο
1763 2291 2126 2363 ὑποκρινόμε-

557 2385 646 2431 νος
672 2369 732 2423 δὲ
766 2372 846 2441 τῷ
879 2373 1072 2444 ἐνιαίῳ
1104 2380 1430 2448 συνηγορεῖν
1460 2381 1560 2450 τῆς
1583 2381 1857 2452 θεότητος,
1897 2384 2127 2448 πολλοὺς

556 2457 879 2529 ὑπηγάγετο
911 2465 1007 2518 καὶ
1038 2466 1149 2518 τῶν
1176 2466 1252 2531 ὡς
1290 2467 1506 2538 ἀληθῶς
1555 2471 1651 2524 ἕνα
1693 2472 1959 2526 σεϐόντων
1993 2474 2125 2528 Θεὸν

553 2550 614 2602 ἐν
647 2553 746 2622 μιᾷ
775 2555 869 2607 καὶ
893 2555 1062 2620 ὅντως
1114 2558 1358 2629 ἀκτίστῳ
1393 2560 1610 2632 θεότητι
1657 2563 1754 2616 καὶ
1788 2563 2002 2639 γλώττῃ
2031 2567 2126 2621 καὶ
2153 2584 2160 2592 ·

555 2643 854 2714 γράμμασι
896 2649 1278 2721 κατατρέχων,
1309 2652 1386 2716 ὼς
1411 2653 1671 2709 ἀκτιστον
1697 2651 1840 2710 εἶναι
1867 2660 2126 2728 φρονούν-

553 2753 663 2789 των
691 2738 833 2807 μετά
868 2740 970 2809 τῆς
999 2741 1142 2814 ὑπὲρ
1179 2744 1362 2798 πᾶσαν
1395 2745 1662 2814 ἐκφανσιν
1689 2747 1879 2812 οὐσίας
1909 2753 2004 2804 καὶ
2025 2753 2126 2823 τὴν

551 2830 668 2892 τοῖς
695 2829 868 2896 ἀξίοις
917 2834 1354 2907 ἐπιφαινομένην
1384 2838 1540 2894 θείαν
1580 2839 1855 2911 έλλαμψιν
1883 2843 1978 2898 δύο
2009 2844 2126 2898 θεό-

553 2938 727 2992 τητας
781 2926 1073 2992 ἀκτίστους
1131 2931 1494 2999 πρεσϐεύειν,
1549 2934 1957 3006 ὑπερκειμένην
2029 2938 2126 2990 καὶ

554 3015 880 3087 ὑφειμένην,
911 3019 1192 3084 δυσσεϐῶς
1244 3023 1567 3093 κατηγόρει,
1599 3027 1824 3096 κτιστὴν
1850 3027 2014 3090 αὐτὸς
2029 3030 2125 3082 καὶ

551 3109 725 3172 ὅντως
758 3111 1084 3182 ὑφειμένην,
1121 3112 1197 3176 ὡς
1251 3114 1480 3184 κτιστὴν
1529 3115 1625 3168 καὶ
1673 3116 1964 3189 ὁρωμένην
2008 3123 2194 3200 τοῖςρ

553 3204 1050 3274 κεχαριτωμένοις,
1108 3205 1270 3271 θείως
1320 3207 1763 3278 ἀποφαινόμενος
1812 3204 1976 3274 εἶναι,
2023 3211 2124 3281 τὴν

554 3290 711 3348 θείαν
751 3294 846 3347 καλ⁵
881 3293 1133 3348 θεοποιὸν
1159 3295 1438 3364 ἐνέργειαν
1473 3297 1570 3350 καὶ
1596 3296 1758 3367 χάριν
1790 3301 1883 3352 καὶ
1922 3298 2122 3369 ἐλλαμ-

551 3383 668 3453 ψιν,
705 3385 940 3454 μάλιστα
969 3387 1189 3441 πάντων
1219 3389 1279 3441 ἐν
1307 3388 1519 3452 τούτοις
1552 3389 2019 3460 καταφερόμενος,
2047 3392 2122 3454 ὡς

555 3477 648 3529 καὶ
672 3479 700 3530 6
728 3477 894 3547 τόμος
929 3477 1292 3547 διαλαμϐάνει
1323 3478 1417 3533 τοῦ
1451 3482 1788 3550 τιμιωτάτου
1823 3483 1882 3536 ἐν
1915 3484 2124 3552 ἱερομο-

549 3571 735 3641 νάχοις
779 3569 884 3642 κῦρ
918 3571 1224 3641 Γρηγορίου
1275 3570 1369 3625 τοῦ
1416 3572 1676 3641 Παλαμᾶ,
1714 3573 1788 3636 ὡς
1813 3575 1909 3628 καὶ
1941 3574 2122 3642 λόγοις

551 3665 650 3719 καὶ
685 3665 976 3735 γράμμασι
1011 3663 1113 3734 τὴν
1139 3662 1306 3717 αὐτοῦ
1348 3665 1608 3735 τοιαύτην
1642 3663 1964 3719 δυσσέϐειαν
1995 3667 2125 3720 ἀνα-

549 3757 868 3827 τρέποντος.
921 3757 1334 3812 Μετακαλεῖται
1371 3756 1554 3809 τοίνυν
1611 3755 1894 3827 πόρρωθεν
1945 3749 2120 3822 οὗτος,

553 3851 940 3919 συγκροτεῖται
973 3848 1236 3917 σύλλογος
1264 3847 1528 3919 ἀρίστων,
1561 3849 1739 3917 χεῖται
1783 3849 1931 3900 πᾶσα
1963 3849 1996 3920 ὴ
2029 3849 2127 3902 πό-

550 3943 633 4006 λις
690 3941 1137 4009 αὐτεπάγγελτος
1175 3939 1314 4010 πρὸς
1355 3941 1454 4008 τὴν
1506 3939 1796 4009 ἀκρόασιν.
1853 3940 2125 4002 Βασιλέως

552 4037 740 4087 τοίνυν
767 4034 983 4088 ἐκείνου
1021 4033 1116 4086 τοῦ
1147 4032 1400 4102 ἀοιδίμου
1442 4030 1537 4085 καὶ
1563 4034 1868 4106 μακαρίτου
1897 4033 1991 4085 καὶ
2029 4032 2126 4083 τοῦ

549 4132 896 4199 πατριάρχου
952 4125 1416 4196 προκαθημένων,
1476 4124 1748 4193 ἱεραρχῶν
1784 4141 1844 4176 τε
1892 4124 2127 4176 καὶτῶν

550 4219 856 4272 καθολικῶν
890 4217 1119 4286 κριτῶν,
1154 4216 1256 4284 τῆς
1305 4233 1366 4268 τε
1401 4215 1712 4285 συγκλήτου
1747 4216 1844 4268 καὶ
1892 4215 2001 4269 τῶν
2031 4215 2125 4268 τοῦ

551 4309 758 4378 κλήρου
817 4306 1060 4374 λογάδων
1099 4304 1585 4374 παρακαθημένων
1640 4305 1826 4368 αὐτοῖς
1874 4305 1968 4360 καὶ
2018 4305 2127 4359 τῶν

551 4401 730 4454 ἀλλων
758 4399 1016 4453 ἁπάντων
1041 4397 1450 4468 περιεστώτων,
1475 4396 1776 4468 ἐξηλέγχθη
1804 4399 1831 4451 6
1858 4396 2127 4467 Βαρλαὰμ

2239 532 2363 595 λοὺς
2418 531 2608 597 πάλιν;
2664 533 2740 596 ὡς
2817 533 2916 603 μὲν
2981 533 3084 603 τὴν
3141 532 3538 602 Βαρλααμίτιδα
3586 536 3752 608 πλάνην

2238 622 2680 689 ἐπεκδικοῦντες,
2721 625 3027 695 ἀναθέματι
3075 625 3266 697 πυκνῷ
3302 626 3753 693 καθυποϐἀλλοντες

2239 715 2444 768 ἐκεῖνον
2479 716 2574 768 καὶ
2609 716 2838 786 μηδενὸς
2868 716 3294 784 ἀναγκάζοντος.
3326 717 3595 772 Μανθάνει
3619 720 3756 774 ταῦτα.

2237 809 2404 862 πάλιν
2435 810 2464 862 6
2497 811 2638 878 ἱερὸς
2690 811 2980 881 Παλαμᾶς,
3015 811 3294 882 ἐξελέγχει
3344 811 3436 866 τὸν
3477 813 3756 880 Ἀκίνδυναν,

2235 901 2336 954 οὐκ
2387 900 2586 969 ὀλίγων
2634 901 3010 972 ἀκροωμένων
3059 903 3343 968 πολλάκις,
3374 904 3447 968 ὡς
3495 907 3583 960 καὶ
3625 907 3758 974 μηδέν

2235 992 2402 1046 αὐτὸν
2461 993 2765 1061 ἀντιλέγειν
2823 994 3034 1065 ἔχοντα,
3107 997 3447 1067 οίκειοχείρῳ
3505 997 3758 1068 γράμματι

2238 1085 2592 1157 μαρτυρῆσαι
2621 1086 2700 1157 τῷ
2731 1087 2972 1159 Ιῐαλαμᾷ
3005 1088 3106 1158 τὴν
3132 1088 3223 1142 διὰ
3272 1090 3508 1153 πάντων,
3541 1085 3610 1145 ὧν
3638 1091 3759 1160 λίγει

2234 1171 2296 1232 τε
2330 1180 2422 1231 καὶ
2447 1180 2673 1250 γράφει,
2711 1181 2849 1250 πρὸς
2876 1181 3002 1244 τοὺς
3026 1181 3217 1249 ἁγίους
3239 1183 3439 1254 ἀκριϐῆ
3459 1187 3758 1253 συμφωνίαν,

2232 1268 2261 1321 ὃ
2291 1270 2388 1322 καὶ
2422 1271 2659 1340 πάρεστι
2706 1272 2821 1334 τοῖς
2864 1270 3216 1342 βουλομένοις
3261 1274 3417 1349 όρᾷν,
3460 1276 3628 1328 ἀθετεῖ
3660 1277 3757 1344 μετ’

2196 1359 2415 1433 ’ὀλίγον
2441 1361 2538 1416 καὶ
2589 1360 2688 1431 τὴν
2721 1361 3022 1432 αὐτόχειρα
3077 1362 3284 1434 ταύτην
3340 1364 3532 1417 ἐαυτοῦ
3578 1369 3761 1436 γραφὴν

2235 1450 2330 1502 καὶ
2386 1449 2735 1522 ὑπογραφὴν,
2788 1453 2880 1505 καὶ
2917 1453 3080 1518 πάλιν
3125 1453 3374 1524 θορυϐῶν
3432 1458 3650 1529 περιῄει,
3685 1460 3758 1510 καὶ

2233 1543 2394 1597 πάλιν
2425 1543 2644 1605 σύνοδος
2682 1543 2802 1613 ἱερά
2828 1545 2931 1612 τῆς
2963 1545 3235 1620 προτέρας
3264 1547 3480 1614 ἐκείνης
3508 1548 3620 1601 κατ’
3638 1549 3760 1602 οὐδὲν

2236 1632 2431 1702 μείων,
2460 1632 2553 1687 τοῦ
2587 1634 2688 1704 μὲν
2717 1635 3027 1705 μακαρίτου
3061 1637 3326 1705 βασιλέως
3357 1640 3518 1708 αὐτῆς
3547 1641 3758 1702 ἀπόντος,

2233 1724 2356 1776 ἐπεὶ⁵
2387 1724 2482 1776 καὶ
2507 1723 2617 1777 τῶν
2644 1723 2950 1794 ἀνθρώπων
2981 1725 3148 1795 ἀπῆν,
3193 1727 3311 1781 ἀντ’
3347 1728 3554 1780 ἐκείνου
3577 1728 3626 1780 δὲ
3647 1745 3758 1800 παρη

2229 1815 2380 1876 όντος
2439 1816 2534 1870 καὶ
2600 1816 3018 1887 προλάμποντος
3054 1820 3119 1890 τῇ
3163 1820 3372 1891 συνόδῳ
3411 1823 3502 1876 καὶ
3541 1823 3760 1891 γενναίως

2231 1907 2350 1975 ἅμα
2399 1908 2495 1962 καὶ
2539 1907 2862 1978 θαυμασίως
2909 1911 3013 1974 τὰς
3057 1911 3374 1967 ’Λκινδύνου
3407 1914 3760 1982 παρακεκινδυν

2229 2001 2499 2068 νευμένας
2529 1999 2910 2072 ἐξελέγχοντος
2942 2002 3151 2070 πλάνας
3211 2005 3308 2059 τοῦ
3355 2007 3449 2060 καὶ
3479 2007 3663 2072 ζῶντος
3688 2007 3760 2076 βα-

2233 2091 2454 2158 σιλέως,
2471 2092 2621 2146 ’κατά
2642 2093 2713 2146 -τὸ
2736 2096 3131 2164 γεγραμμένον
3153 2097 3350 2161 εἰπεῖν,
3380 2099 3668 2163 εἰσάγοντος
3687 2095 3763 2150 καὶ

2228 2183 2514 2250 ἐξάγοντος
2531 2183 2622 2238 τὸν
2665 2185 2882 2256 Ἰσραὴλ
2911 2187 3008 2238 καὶ
3026 2186 3095 2240 τά
3131 2185 3424 2258 Ῥωμαίων
3450 2190 3760 2258 μεγαλοφυῶς

2227 2275 2505 2338 διέποντος
2553 2275 2884 2346 πράγματα,
2919 2277 3016 2331 νῦν
3051 2279 3107 2332 δὲ
3157 2280 3294 2334 Θεοῦ
3346 2284 3526 2352 χάριτι
3576 2283 3660 2342 καὶ
3684 2281 3760 2350 τὴν

2232 2365 2524 2438 βασιλικὴν
2557 2368 2717 2434 ἀξίαν
2743 2369 2832 2422 ἐπ’
2873 2370 3102 2442 εὐτυχίᾳ
3145 2370 3439 2441 Ῥωμαίων
3486 2375 3760 2446 περικειμέ-

2228 2476 2321 2512 νου
2352 2461 2448 2513 καὶ
2479 2460 2971 2530 συμϐασιλεύοντος
3007 2462 3086 2531 τῷ
3115 2463 3220 2534 υίῷ
3249 2466 3343 2518 τοῦ
3373 2468 3759 2536 τρισμακαρίτον

2231 2552 2328 2606 καὶ
2361 2552 2518 2620 ἁγίου
2558 2553 2720 2622 ήμῶν
2746 2553 3006 2608 αὐθέντου
3043 2556 3136 2610 καὶ
3187 2555 3473 2626 βασιλέως.
3507 2558 3659 2612 Πάλιν
3689 2557 3761 2610 οὖν

2228 2644 2534 2716 ἀνάρρησις
2559 2663 2827 2715 περιφανε
2838 2647 3010 2718 στάτη
3035 2649 3129 2702 καὶ
3155 2649 3243 2703 ἐπ’
3267 2650 3443 2722 αὐτῆς
3464 2653 3556 2722 τῆς
3581 2650 3760 2703 συνόδου

2228 2736 2328 2806 τῆς
2348 2736 2444 2791 τοῦ
2481 2738 2717 2808 Παλαμᾶ
2744 2741 2965 2795 καὶτῶν
2991 2741 3141 2812 αὐτῷ
3163 2743 3500 2813 συνᾳδόντων
3526 2741 3761 2813 ἀσφαλοῦς

2228 2824 2512 2890 εὐσεϐείας
2541 2827 2638 2881 τοῦ
2671 2829 2806 2898 πρὸς
2856 2830 3057 2894 αὐτοὺς
3082 2833 3460 2902 ἀντιλέγοντος
3498 2834 3759 2888 Ἀκινδύνον

2228 2919 2428 2982 τελέως
2455 2920 2723 2993 καταδίκῃ
2750 2921 3256 2992 καθυποθληθέντος
3285 2923 3366 2987 ὡς
3397 2923 3669 2988 δυσσεϐοῦς
3688 2924 3763 2977 καὶ

2226 3010 2306 3080 τῷ
2336 3010 2605 3082 Βαρλαάμ
2632 3006 3276 3086 σοφῶςνόμοφρονοῦντος
3307 3017 3621 3089 δειχθέντος,
3660 3019 3762 3069 κάν-

2227 3101 2418 3157 τεῦθεν
2447 3101 2508 3155 οὐ
2552 3104 2704 3174 παρὰ
2728 3103 2829 3172 τῆς
2856 3103 3116 3176 δευτέρας
3141 3105 3350 3176 ταύτης
3383 3108 3547 3178 μόνης
3579 3106 3760 3162 συνόδου

2226 3194 2757 3271 καταψηφισθέντος,
2784 3196 2919 3250 ἀλλὰ
2940 3199 3034 3250 καὶ
3060 3199 3210 3269 παρὰ
3229 3201 3331 3269 τῆς
3357 3201 3618 3272 προτέρας
3651 3198 3762 3251 ἐκεί-
3801 3237 3812 3245 .

2225 3302 2348 3352 νης.
2390 3285 2663 3358 Καθάπερ
2693 3289 2802 3355 γὰρ
2832 3290 2864 3359 ἠ
2897 3290 3408 3364 καταψηφισαμένη
3448 3292 3539 3346 τοῦ
3584 3289 3761 3362 ’Δρείον

2228 3378 2533 3449 σεπτοτάτη
2587 3379 2809 3445 σύνοδος
2857 3382 2952 3436 καὶ
2985 3384 3112 3446 τοὺς
3150 3383 3386 3455 ὕστερον
3427 3385 3761 3452 ἀναφανέντας

2226 3468 2523 3538 ὁμολόγους
2549 3471 2746 3542 ἐκείνῳ
2775 3475 3238 3541 συγκαταδικάζει
3273 3477 3504 3543 πάντας,
3537 3477 3664 3530 οὕτω
3687 3473 3762 3526 καὶ

2229 3561 2261 3630 ἡ
2292 3561 2382 3614 τὸν
2413 3561 2679 3632 Βαρλαάμ
2722 3565 3139 3619 καταδικάσασα
3171 3567 3360 3637 ψῆφος
3401 3573 3526 3631 τοὺς
3565 3568 3626 3620 τά
3653 3568 3764 3635 Βιρ-

2227 3650 2377 3723 λαὲμ
2428 3654 2734 3724 ότεδήποτε
2781 3655 3117 3736 φρονοῦντάς
3161 3675 3222 3711 τε
3285 3660 3382 3712 καὶ
3437 3659 3763 3730 φρονήσοντας

2226 3745 2598 3811 καταδικάζει.
2631 3748 2786 3801 Μετά
2817 3748 2883 3818 δὴ
2919 3750 3010 3803 καὶ
3047 3749 3148 3818 τὴν
3193 3750 3509 3807 Ἀκινδύνου
3539 3750 3624 3805 τοῦ
3655 3749 3766 3816 Βαρ-

2225 3837 2494 3906 λααμίτου
2529 3841 2832 3906 πεφηνότος
2879 3839 3165 3911 συνοδικὴν
3195 3844 3501 3914 καταδίκην
3528 3847 3554 3898 6
3595 3839 3762 3895 συνοδί-

2229 3929 2323 3992 κὸς
2358 3932 2677 4002 συνεγράφη
2707 3949 2765 3984 τε
2800 3934 2894 3985 καὶ
2948 3930 3246 4003 ὑπεγράφη
3276 3935 3470 4004 τόμος,
3501 3947 3763 3996 συνεπτυγ·

2233 4022 2411 4089 μένως
2462 4023 2585 4089 μὲν,
2621 4024 2795 4075 πάντα
2838 4023 2885 4076 δ’
2923 4024 3078 4094 ὅμως
3107 4025 3516 4095 διαλαμϐάνων,
3560 4025 3644 4078 καὶ
3685 4021 3762 4087 τὴν

2226 4112 2324 4165 τοῦ
2354 4113 2589 4181 Παλαμᾶ
2623 4115 2848 4173 καὶτῶν
2882 4117 3129 4187 μοναχῶν
3159 4118 3451 4172 εὐσέϐειαν
3481 4119 3553 4180 ὼς
3583 4112 3761 4182 ἀσφαλῆ

2227 4216 2285 4252 τε
2317 4201 2412 4252 καὶ
2443 4200 2612 4266 ὅντως
2635 4204 2823 4271 κοινὴν
2853 4206 2963 4258 τῶν
2990 4207 3341 4277 Χριστιανῶν
3373 4209 3644 4261 εὐσέϐειαν
3662 4207 3762 4256 ἁνα-

2229 4294 2516 4362 κηρύττων
2556 4297 2649 4350 καὶ
2677 4299 2805 4360 τοὺς
2836 4301 2899 4352 ἐκ
2929 4298 3024 4352 τοῦ
3063 4299 3334 4370 Βαρλαάμ
3367 4303 3464 4356 καὶ
3500 4297 3763 4354 ’Δκινδύνου

2228 4388 2698 4457 φενακιζομένους
2739 4391 3102 4446 ἀπαλλάττων
3135 4392 3234 4461 τῆς
3260 4392 3494 4464 πλάνης,
3529 4390 3649 4462 μεθὸ
3669 4403 3764 4456 φρι·

551 4492 704 4560 παρά
729 4493 823 4544 τοῦ
853 4490 1145 4563 εἰρημένου
1176 4488 1534 4560 ἱερομονάχου
1564 4487 1670 4559 κῦρ
1698 4489 2002 4558 Γρηγορὲου
2029 4490 2122 4544 τοῦ
2160 4485 2202 4540 D
2233 4477 2424 4542 κώδειῖ
2464 4481 2592 4547 ἀραὶ
2620 4482 2713 4534 καὶ
2744 4483 2917 4535 δειναὶ
2958 4484 3148 4554 ῥήξεις
3182 4486 3277 4538 καὶ
3308 4487 3455 4555 πέρα
3484 4483 3660 4538 δεινῶν
3685 4480 3763 4532 αὐ·

554 4583 816 4652 Παλαμᾶ,
843 4581 1038 4652 παρὼν
1066 4583 1358 4653 παρόντος,
1389 4581 1653 4636 τάναντία
1679 4583 1792 4644 τοῖς
1825 4583 1990 4652 ἱεροῖς
2015 4583 2126 4637 τῶν

555 4674 816 4744 Πατέρων
850 4673 1033 4741 λόγοις
1056 4674 1152 4727 καὶ
1179 4674 1246 4743 τῇ
1283 4673 1437 4743 κοινῇ
1469 4671 1580 4724 τῶν
1603 4670 1951 4741 Χριστιανῶν
1972 4671 2126 4726 εὐσε-

551 4769 676 4840 ϐείᾳ
701 4769 794 4822 καὶ
832 4767 1075 4832 δοξάζων
1103 4768 1200 4822 καὶ
1225 4766 1404 4836 λέγων
1436 4767 1531 4821 καὶ
1561 4766 2037 4837 συγγραφόμενος,
2070 4769 2126 4820 ἐν

548 4856 627 4922 οἷς
664 4860 759 4915 τοῦ
789 4878 848 4914 τε
871 4859 1107 4931 Παλαμᾶ
1137 4861 1232 4915 καὶ
1257 4861 1367 4914 τῶν
1393 4859 1493 4914 σὺν
1525 4858 1673 4929 αὐτῷ
1709 4859 1964 4930 μοναχῶν
1995 4875 2125 4912 κατ-

549 4955 762 5024 ηγόρει,
791 4955 1045 5024 καθάπερ
1080 4954 1175 5006 ἐπὶ
1237 4952 1438 5017 λέξεως
1478 4954 1506 5006 6
1538 4952 1750 5020 προϐὰς
1779 4951 1875 5005 ἐπὶ
1913 4949 2126 5011 τούτοις

551 5047 696 5116 ίερὸς
725 5046 891 5115 τόμος
916 5045 1302 5116 διαλαμϐάνει.
1329 5043 1784 5114 Καταψηφισθεὶς
1808 5041 1903 5096 οὖν
1926 5044 1955 5095 ὁ
1985 5041 2125 5111 Βαρ-

547 5138 699 5208 λαάμ
733 5135 1031 5200 συνοδικῶς
1057 5137 1151 5189 ἐπὶ
1176 5136 1389 5200 τούτοις
1415 5136 1707 5204 μετάνοιαν
1733 5133 2122 5204 ἐπηγγείλατο·

547 5230 649 5298 τὴν
677 5227 726 5282 δ’
753 5227 1055 5298 ὑστεραίαν
1099 5227 1275 5300 ᾤχετο
1336 5227 1558 5298 φεύγων
1588 5226 1827 5297 ἀδήλως,
1858 5225 1960 5295 τὴν
1998 5224 2128 5297 ᾅδου

547 5321 740 5392 κυνῆν,
786 5321 815 5375 ὅ
861 5337 1050 5390 φασιν,
1089 5319 1314 5384 ὑποδύς.
1348 5321 1422 5373 Οὐ
1458 5319 1594 5374 πολὺ
1625 5318 1687 5372 τὸ
1734 5319 1793 5372 ἐν
1827 5317 2001 5389 μέσῳ,
2032 5318 2128 5371 καὶ

549 5411 805 5481 βασιλεὺς
833 5413 1066 5480 ἐκεῖνος,
1098 5415 1128 5468 6
1165 5412 1364 5475 παντὸς
1396 5411 1600 5482 μᾶλλον
1640 5410 1734 5464 ἐπὶ
1759 5409 1862 5480 τῆς
1902 5408 2124 5463 συνόδου

551 5509 1087 5580 παρρησιασάμενος
1115 5509 1211 5562 καὶ
1245 5507 1503 5578 κυρώσας
1546 5504 1605 5558 τὸ
1640 5503 1884 5570 εὐσεϐὲς,
1915 5502 2129 5557 ἀπολεί-

550 5615 644 5652 πει
676 5602 771 5654 τὸν
803 5600 918 5669 βίον
944 5618 957 5632 ·
985 5599 1290 5654 κάντεῦθεν
1319 5600 1367 5651 οἱ
1408 5598 1504 5668 τῆς
1536 5597 1630 5650 τοῦ
1665 5595 1932 5666 Βαρλαάμ
1979 5592 2128 5663 αἱρέ-

553 5705 691 5754 σεως
742 5694 1005 5762 μαθηταὶ,
1059 5695 1157 5747 καὶ
1195 5691 1432 5762 μάλιστα
1484 5691 1705 5743 πάντων
1741 5687 1865 5774 κατξ
1915 5687 2128 5740 ἐκεῖνον

559 5777 645 5828 ὑπ’
679 5782 888 5837 ἐκείνου
911 5785 1010 5854 τὴν
1032 5783 1278 5854 πονηράν
1302 5781 1686 5850 πεπλασμένος
1712 5777 1909 5833 πλάσιν
1949 5777 2125 5831 ’Δκίν-

2229 4569 2318 4622 τόν
2347 4585 2405 4622 τε
2455 4569 2544 4623 τὸν
2597 4569 2885 4642 Βαρλαὰμ,
2916 4575 2964 4626 εί
3013 4575 3087 4644 μὴ
3130 4576 3440 4644 μετάμελον
3484 4577 3648 4636 λάϐοι,
3685 4569 3763 4631 τῆς

2229 4657 2383 4730 ἱερᾶς
2426 4659 2757 4731 Ἐκκλησίας
2786 4665 3269 4735 ἁποκηρύττουσαί
3324 4685 3383 4721 τε
3430 4668 3527 4721 καὶ
3564 4660 3763 4720 ἀπελαύ-

2229 4770 2418 4806 νουσαι
2449 4755 2658 4809 καὶτοῦ
2699 4757 2938 4826 Χριστοῦ
2970 4753 3231 4829 ’σώματος
3276 4761 3668 4830 ἀποτέμνουσαι
3693 4752 3764 4805 καὶ

2227 4842 2508 4897 διεστῶσαι
2555 4846 2760 4911 παντὸς
2809 4849 2902 4900 τοῦ
2953 4851 3354 4920 Χριστωνύμου
3409 4850 3762 4920 πληρώματος.

2227 4936 2366 5006 πρὸς
2400 4937 2457 4989 δὲ
2485 4939 2579 4991 καὶ
2603 4939 2813 5004 πάντας
2841 4941 2967 5002 τοὺς
2987 4942 3422 5012 ἀποτολμῶντας
3446 4943 3478 5013 ἢ
3508 4939 3762 5007 τολμήσον-

2227 5045 2327 5092 τας
2353 5030 2454 5097 τῆς
2477 5029 2572 5084 τοῦ
2619 5031 2858 5102 Παλαμᾶ
2889 5035 2984 5086 καὶ
3026 5034 3136 5088 τῶν
3171 5035 3322 5107 αὑτῷ
3351 5035 3673 5107 συνᾳδόντων
3691 5042 3764 5095 μ’)-

2228 5124 2410 5194 ναχῶν
2434 5124 2742 5189 εὐσεϐείας,
2767 5126 2892 5198 ὼςὸ
2920 5127 3210 5198 Βαρλαάμ,
3233 5128 3607 5198 κατατρέχειν.
3636 5114 3765 5172 ’Δὶ-λά

2233 5216 2372 5284 μετὰ
2399 5215 2498 5286 τὴν
2527 5217 2890 5288 καταγραφὴν
2917 5219 3014 5271 καὶ
3047 5219 3381 5291 ὑπογραφὴν
3414 5218 3509 5272 τοῦ
3536 5215 3661 5284 ὑπὲρ
3689 5208 3766 5277 τῆς

2229 5307 2418 5377 κοινῆς
2454 5307 2738 5370 εὐσεϐείας
2765 5306 2911 5378 ίεροῦ
2937 5305 3128 5362 τούτου
3163 5309 3357 5378 τόμον,
3391 5309 3451 5361 ὃν
3479 5309 3569 5360 καὶ
3603 5304 3629 5354 6
3659 5299 3763 5351 τότε

2231 5399 2577 5470 πατριάρχης
2607 5399 2713 5469 πρὸ
2759 5400 2867 5454 τῶν
2902 5399 3081 5455 ἀλλων
3111 5389 3300 5471 χερσὶν
3332 5401 3562 5462 οἰκείαις
3585 5397 3766 5457 6110m-

2234 5491 2551 5563 μηνάμενος
2581 5491 2908 5558 διετέλεσεν,
2944 5491 3100 5547 οὔπω
3127 5495 3223 5548 δύο
3258 5494 3426 5566 μῆνες
3452 5491 3560 5544 ὅλοι
3589 5483 3771 5555 παρῆλ-

2233 5586 2346 5655 θον,
2376 5587 2472 5640 καὶ
2503 5587 2692 5652 στάσις
2733 5589 2830 5642 καὶ
2856 5589 3142 5659 σύγχυσις,
3171 5591 3270 5660 φεῦ
3297 5593 3308 5644 !
3338 5591 3374 5660 ἡ
3421 5587 3608 5642 πασῶν
3638 5577 3770 5652 χαλε-

2234 5682 2463 5752 πωτάτη
2520 5682 2934 5753 καταλαμϐάνει
2985 5683 3083 5752 τὴν
3143 5684 3436 5755 Ῥωμαίων
3478 5669 3770 5749 ἀρχὴν,ὖώ

2237 5773 2513 5842 βασκάνου
2550 5777 2642 5830 καὶ
2692 5776 2938 5850 πονηρᾶς
2970 5775 3061 5828 καὶ
3111 5776 3389 5847 φυλάρκου
3436 5772 3652 5842 γνώμης
3678 5765 3765 5818 τῶν
