4076 6264
391 375 524 436 ΙΞΤἹ

1458 364 1848 428 ΒΥΝΟΌῙΕΕ
1887 361 2573 424 CONSTITUTIONES.

3499 363 3515 414 Ι
3535 359 3634 423 2.73

381 496 482 560 τῆς
527 490 830 560 συγκλήτου
884 489 1027 552 τινὸς
1077 487 1614 542 ἐπιϐεϐουλευκότων
1657 487 1751 540 καὶ
1780 485 1964 545 δεινὰς
1991 481 2158 539 Α-σαι
2190 480 2281 533 τὸν
2313 480 2406 534 τοῦ
2444 479 2713 548 Βαρλαάμ
2744 479 2952 551 μύστην
2983 480 3076 534 καὶ
3097 480 3341 548 διάδοχον
3375 484 3468 534 καὶ
3490 483 3631 535 ὀπα-

387 581 752 652 πλασαμένων
811 574 1176 649 συκοφαντίας
1227 579 1368 632 κατὰ
1398 579 1493 632 τοῦ
1549 581 1706 648 κοινῇ
1740 578 1957 630 πάντων

394 675 687 743 Ῥωμαίων
748 675 915 744 ψήφῳ
974 673 1070 725 καὶ
1129 671 1384 742 βασιλικῇ
1445 672 1553 741 πρὸ
1603 671 1718 723 τῶν
1782 670 1960 724 ἄλλων

382 767 601 838 γνώμῃ,
635 766 730 819 καὶ
779 766 1044 834 πρότερον
1077 764 1172 816 καὶ
1222 766 1362 831 μετὰ
1391 762 1492 833 τὴν
1537 762 1750 814 ἐκείνου
1789 761 1960 829 μετά-

383 876 572 910 στασιν
611 858 710 927 τὴν
745 857 934 926 κοινήν
960 854 1070 908 τῶν
1111 855 1442 921 Ῥωμαϊκῶν
1469 853 1810 922 πραγμάτων
1841 855 1964 904 ἐπι-

387 950 610 1016 μέλειαν
651 948 744 1000 καὶ
777 947 1146 1014 προστασίαν,
1196 947 1316 1014 ἅμα
1348 945 1404 997 δὲ
1447 947 1540 997 καὶ
1587 944 1688 1015 τὴν
1717 943 1961 1011 φυλακὴν

386 1041 494 1092 τῶν
548 1039 641 1092 τοῦ
704 1039 969 1108 βασιλέως
1031 1037 1240 1091 παίδων
1295 1035 1804 1104 ἐπιτετραμμένον,
1867 1035 1962 1088 ﬁt:

388 1130 764 1200 γνησιωτάτου
818 1130 912 1182 καὶ
965 1129 1244 1199 όμοψύχου
1299 1128 1396 1182 καὶ
1435 1127 1760 1182 πιστοτάτου
1807 1127 1964 1194 φίλου

391 1223 478 1278 διὰ
528 1223 801 1276 πλείστων
847 1224 941 1298 καὶ
975 1223 1184 1291 καιρῶν
1233 1224 1328 1275 καὶ
1362 1222 1704 1290 πραγμάτων
1753 1220 1965 1294 ἀναφα-

386 1317 589 1379 νέντος,
627 1316 702 1379 ὡς
752 1315 954 1375 πάντες
1003 1313 1207 1368 ἴσασιν.
1250 1313 1310 1366 ’0
1344 1313 1599 1382 ἰσόψυχος
1650 1312 1879 1380 ἀδελφός
1905 1328 1962 1364 τε

390 1407 483 1458 καὶ
515 1405 668 1475 φίλος
701 1405 880 1468 οὗτος,
913 1405 1236 1475 ἐξάρχοντος
1265 1404 1366 1473 τῆς
1417 1401 1730 1472 παγγενοῦς
1761 1402 1966 1471 ταύτης

391 1498 569 1568 λύμης
611 1496 705 1551 καὶ
749 1498 1016 1567 ταραχῆς,
1049 1498 1145 1550 καὶ
1186 1496 1287 1565 τὴν
1319 1495 1414 1564 τῆς
1455 1493 1780 1562 θεοστεφοῦς
1811 1495 1968 1563 βασι-

390 1586 532 1648 λίδ-,ς
591 1585 730 1655 πρὸς
788 1585 962 1639 ταῦτα
1016 1586 1344 1646 κλέπτοντος
1404 1584 1500 1637 καὶ
1558 1584 1966 1653 παρεξάγοντος

390 1675 621 1744 γνώμην
663 1675 758 1727 τοῦ
788 1675 1025 1744 μάλιστα
1066 1675 1282 1727 πάντων
1306 1674 1376 1728 τά
1416 1673 1639 1728 τοιαῦτα
1667 1674 1964 1728 καταστέλο

394 1767 511 1820 λειν
562 1767 870 1835 ὀφείλοντος
932 1767 1300 1837 πατριάρχου,
1351 1767 1694 1837 δυσχεραίνει
1742 1767 1968 1830 δικαίως

395 1860 488 1912 ἐπί
520 1858 729 1920 τούτοις
755 1861 782 1912 ὁ
829 1859 973 1929 ἱερὸς
1007 1860 1270 1928 Παλαμᾶς
1301 1861 1394 1913 καὶ
1439 1861 1537 1927 τῆς
1582 1857 1725 1911 κατά
1758 1856 1852 1910 τοῦ
1882 1857 1968 1912 διὰ

394 1950 614 2003 πάντων
646 1949 872 2019 ἀρίστου
907 1949 1371 2020 παραλογωτάτης
1416 1949 1560 2004 οὓτω
1595 1951 1970 2019 συκοφαντίας

393 2041 494 2094 οὐκ
541 2041 932 2112 ἀνασχόμενος,
965 2043 1081 2112 ἃμα
1113 2042 1170 2096 δὲ
1205 2043 1298 2095 καὶ
1351 2041 1452 2112 τὴν
1498 2044 1684 2110 κοινὴν
1718 2042 1970 2095 ἐντεῦθεν

394 2131 487 2186 τοῦ
529 2132 816 2202 Ῥωμαίων
835 2135 1026 2202 γένους
1053 2134 1297 2186 πανωλεο
1310 2134 1432 2204 ρίαν
1455 2135 1695 2198 συνετῶς
1725 2136 1969 2203 προορῶ-

398 2241 580 2294 μενος,
631 2226 837 2298 ἀπᾷδον
886 2228 1102 2295 ἡγεῖται
1150 2225 1246 2296 μὴ,
1289 2227 1349 2278 τό
1378 2243 1439 2293 γε
1475 2227 1557 2290 είς
1617 2228 1780 2282 αὐτὸν
1806 2221 1965 2300 ἦκον,

395 2319 495 2387 ὅση
551 2317 816 2387 δύναμις,
878 2318 1231 2387 ἀναχαιτίσαι
1305 2320 1826 2391 παρρησιασάμενος
1898 2321 1969 2375 τὰ

397 2411 620 2462 τοιαῦτα
652 2411 818 2465 δεινά.
869 2412 979 2465 Καὶ
1010 2412 1156 2479 ἅπαξ
1190 2414 1370 2467 τοίνυν
1399 2417 1492 2467 καὶ
1521 2414 1602 2477 δίς
1646 2416 1742 2466 καὶ
1775 2413 1972 2468 πολλά-

404 2519 490 2563 κις
527 2503 622 2555 καὶ
659 2502 764 2572 ίδίᾳ
793 2505 887 2556 καὶ
939 2505 1150 2558 πολλῶν
1195 2507 1481 2576 παρόντων
1530 2507 1625 2560 καὶ
1660 2507 1820 2575 μόνος
1875 2508 1971 2560 καὶ

406 2593 524 2661 μττ’
553 2593 794 2647 εὐλαϐῶν
842 2595 1067 2666 ἐτέρων,
1117 2597 1210 2650 νῦν
1251 2598 1349 2664 μὲν
1399 2599 1544 2668 ὐπέρ
1602 2597 1696 2652 τοῦ
1737 2599 1974 2668 παραλο-

400 2671 619 2754 γώτατα
661 2688 1190 2758 συκοφαντουμένου,
1222 2688 1317 2742 νῦν
1341 2688 1386 2742 δ’
1417 2689 1556 2760 ὑπὲρ
1590 2689 1684 2743 τοῦ
1726 2687 1974 2759 Χριστω·

405 2779 576 2860 νύμου
608 2779 797 2848 γένους
845 2780 915 2833 τὰ
938 2781 1124 2836 εἰκότα
1170 2781 1576 2852 διαλεξάμενος,
1624 2782 1700 2845 ὡς
1739 2777 1844 2835 εἶδε
1882 2781 1974 2834 cm

405 2871 756 2940 πατριάρχην
811 2871 906 2924 καὶ
948 2871 1070 2925 κατ’
1101 2872 1268 2926 αὐτοῦ
1319 2874 1649 2944 χωρήσαντα
1708 2872 1975 2942 καὶπρὸς

404 2962 570 3014 αὐτὸν
598 2963 735 3028 ἄγαν
765 2963 1024 3031 ἀπεχθῶς
1055 2964 1418 3033 διακείμενον,
1459 2965 1577 3034 ἆμα
1599 2964 1656 3017 δὲ
1687 2965 1784 3017 καὶ
1813 2964 1974 3017 πλέον

406 3054 548 3121 ἔχων
575 3052 760 3107 ἀνύειν
788 3055 979 3116 οὐδὲν,·
1008 3056 1374 3126 ἀναχωρήσας
1410 3057 1510 3126 τῆς
1539 3057 1750 3119 πόλεως
1781 3057 1874 3108 ἐπὶ⁸
1904 3057 1974 3109 τὰ

2063 573 2151 626 δὸν
2189 574 2532 626 Ἀκίνδυνον.
2578 573 2666 635 Ὠς
2718 569 2812 625 οὖν
2841 572 2942 642 ἤδη
2993 573 3107 635 τοῖς
3149 572 3314 641 ίεροῖς
3365 573 3635 635 διακόνοις

2063 666 2459 732 ἐγκαταλέγειν
2492 664 2712 734 ἕτοιμος
2736 660 2804 734 ἦν
2832 667 2921 718 τὸν
2952 664 3046 718 καὶ
3093 666 3153 717 τὸ
3180 665 3348 727 σέϐας
3392 665 3632 733 ἀνίερον,

2065 761 2287 810 συνεῖσα
2331 757 2426 810 καὶ
2455 759 2564 827 πρὸ
2596 755 2696 809 τοῦ
2737 757 2992 823 γενέσθαι
3032 755 3130 826 τὴν
3164 757 3400 826 ἄθεσμον
3431 755 3636 825 ταύτην

2075 848 2390 902 ’Δκινδύνου
2414 849 2748 919 χειροτονίαν
2779 849 2812 918 ἡ
2838 849 3212 919 προῤῥηθεῖσα
3239 847 3634 918 θεοσεϐεστάτη

2066 938 2297 1008 βασιλὶς,
2349 938 2647 1008 πέμψασαῗ
2679 938 3044 1009 παραινεῖτῷ
3093 940 3344 1010 ίεράρχῃ,
3405 941 3499 992 καὶ
3537 942 3635 1009 τῆς

2065 1029 2284 1099 ἀνιέρου
2337 1030 2543 1101 ταύτης
2603 1029 2858 1095 πράξεως
2904 1031 3146 1099 ἀπάγειν
3177 1031 3322 1101 λόγῳ
3375 1032 3469 1084 καὶ
3503 1033 3637 1098 πρὸς

2065 1122 2124 1172 τὸ
2149 1122 2295 1183 εἰκὸς
2324 1121 2622 1190 ἐπανάγειν
2653 1123 2912 1191 πειρᾶται
2945 1122 3054 1174 τῶν
3087 1121 3250 1175 θείων
3281 1123 3632 1190 ἐκτραπόμε-

2067 1229 2159 1264 νον
2190 1213 2393 1279 νόμων,
2443 1211 2519 1274 ὡς
2571 1212 2620 1264 δ’
2669 1213 2878 1274 ἐκεῖνος
2927 1211 3018 1265 τὸν
3064 1211 3168 1277 ἔξω
3197 1213 3294 1282 τῆς
3355 1214 3637 1278 εὐσεϐεί-ς

2081 1303 2387 1356 Ἀκίνδυνον
2418 1304 2548 1356 εῐσω
2577 1303 2670 1356 τοῦ
2713 1303 2958 1374 βήματος
2996 1307 3094 1374 τῆς
3125 1305 3424 1376 ἐκκλησίας
3453 1307 3638 1375 φέρων

2067 1395 2248 1464 ὢθησε
2290 1395 2402 1465 βία,
2459 1398 2551 1449 καὶ
2597 1400 2709 1460 τοῖς
2751 1398 2920 1465 ίεροῖς
2974 1399 3243 1461 διακόνοις
3289 1399 3380 1451 τὸν
3412 1399 3638 1469 βέϐηλον

2069 1489 2399 1557 ἐγκατέμιξε
2456 1490 2608 1558 παρὰ
2663 1491 2840 1543 πάντα
2897 1491 3119 1559 δεσμὸν,
3181 1491 3275 1545 καὶ
3327 1493 3354 1545 ὁ
3404 1492 3639 1561 θύρυϐος

2069 1579 2231 1643 εὐθὺς
2262 1581 2414 1650 παρὰ
2453 1582 2562 1635 τῶν
2589 1582 2962 1636 εὐσεϐούντων
3012 1583 3154 1655 ἤρθη
3208 1585 3394 1646 πολὺς,
3434 1583 3637 1654 χρῆται

2070 1672 2166 1725 καὶ
2197 1669 2337 1741 αὕτη
2368 1672 2662 1734 λυσιτελῶς
2693 1675 2788 1726 καὶ
2814 1673 3038 1738 δικαίως
3069 1677 3135 1743 τῇ
3165 1674 3384 1745 ἐξουσίᾳ
3421 1677 3514 1728 καὶ
3545 1675 3637 1730 τὸν

2070 1765 2128 1813 ἐν
2170 1763 2413 1834 ίερατείᾳ
2442 1763 2737 1832 γενόμενον
2779 1765 3086 1820 Ἀκίνδυνον
3132 1767 3325 1833 ἐξωθεῖ
3357 1767 3455 1836 τῆς
3489 1769 3640 1836 ίερᾶς

2003 1829 2046 1884 Β
2081 1829 2588 1924 Ἐκκλησίαςξκαῖ
2635 1857 2974 1910 πολυειδέσιν
3027 1829 3192 1912 αὐτόν
3249 1875 3308 1911 τε
3365 1829 3458 1912 καί
3514 1829 3640 1924 τοὺς

2071 1945 2237 1998 αὐτοῦ
2271 1947 2613 2014 σπουδαστάς
2646 1946 3019 2016 περιϐαλοῦσα
3047 1949 3166 2011 ταῖς
3211 1949 3482 2017 ἀτιμίαις,
3516 1947 3639 2018 εἷθ’,

2071 2037 2147 2099 ὡς
2194 2037 2505 2106 πάντολμον
2564 2041 2660 2091 καὶ
2696 2040 2990 2095 ἀλλόκοτον
3023 2046 3119 2095 καὶ
3166 2042 3304 2097 κατὰ
3341 2043 3443 2112 τῆς
3477 2045 3640 2110 [apo--

2074 2127 2242 2198 σύνης
2275 2129 2480 2198 μᾶλλον
2511 2129 2545 2202 ἢ
2589 2129 2724 2200 πρὸς
2755 2132 3059 2203 ἱερωσύνην
3103 2137 3451 2204 χωρήσαντα,
3507 2138 3642 2203 πλη·

2073 2223 2186 2291 γῶν
2216 2225 2310 2276 καὶ
2336 2224 2550 2291 δεσμῶν
2580 2224 2678 2276 καὶ¹
2712 2223 3068 2294 καθειργμῶν
3101 2227 3322 2294 δικαιοῖ,
3363 2227 3468 2282 κᾶν
3496 2229 3640 2281 ἐκεῖ·

2072 2329 2164 2374 νος
2189 2313 2492 2381 τηνικαῦτα
2524 2313 2728 2383 διέδρα,
2767 2313 3018 2381 καθάπερ
3055 2317 3150 2370 καὶ
3197 2318 3315 2382 νῦν,
3353 2321 3644 2388 χηραμοῖς

2075 2406 2361 2474 ὑπογείους
2399 2407 2495 2460 καὶ
2527 2409 2816 2478 σήραγγας
2862 2409 3083 2472 ὑποδύς.
3137 2407 3201 2463 Ἦ
3243 2410 3301 2463 δὲ
3327 2411 3420 2464 τοῦ
3446 2428 3643 2480 τυραν-

2075 2488 2293 2560 νοῦντος
2317 2500 2415 2566 τῆς
2448 2499 2729 2563 εὐσεϐείας
2757 2501 3006 2555 ἐντεῦθεν
3035 2501 3310 2570 ἀμϐλῦναι
3339 2503 3436 2559 καὶ
3471 2520 3640 2572 μετα-

2029 2609 2034 2614 “
2077 2590 2340 2643 σκευάσαι
2380 2591 2650 2658 νομίσασα
2680 2592 2778 2660 τὴν
2812 2595 2990 2663 ὁρμὴν
3019 2595 3384 2665 πατριάρχου,
3409 2595 3640 2664 ἀνασχέ-

2077 2685 2201 2738 σθαι
2236 2687 2426 2738 τούτου
2465 2684 2838 2755 μακροθύμως
2866 2686 3064 2755 διέγνω
3088 2688 3183 2742 καὶ
3217 2688 3294 2759 μὴ
3329 2690 3646 2758 περαιτέρω

2076 2777 2431 2848 προενεγκεῖν
2478 2766 2784 2845 τηνικαῦθα
2818 2779 2910 2831 τὸν
2963 2777 3207 2849 ἔλεγχον.
3255 2779 3396 2832 Ἀλλ’
3437 2781 3644 2843 ἐκεῖνος

2075 2867 2277 2938 χείρων
2313 2868 2514 2937 μᾶλλον
2544 2869 2740 2922 ἑαυτοῦ
2771 2870 3004 2938 γίνεται,
3029 2871 3121 2923 καὶ
3151 2870 3408 2941 γράμμα,
3444 2872 3647 2941 μᾶλλον

2075 2961 2133 3014 δὲ
2164 2962 2472 3030 γράμματα
2515 2962 2796 3030 συντίθησι
2832 2961 2976 3014 κατὰ
3004 2960 3098 3015 τοῦ
3135 2963 3370 3034 Παλαμᾶ
3407 2964 3502 3016 καὶ
3535 2965 3646 3017 τῶν

2082 3049 2353 3121 μοναχῶν,
2391 3050 2596 3119 μᾶλλον
2624 3049 2680 3103 δὲ
2711 3050 2810 3119 τῆς
2844 3051 3130 3115 εὐσεϐείας
3159 3051 3254 3106 καὶ
3280 3055 3380 3122 τῆς
3423 3053 3650 3122 Ἐκκληο

414 3143 578 3212 πέριξ
623 3143 910 3214 διέτριϐεν.
956 3145 1014 3199 '0
1064 3145 1122 3198 δὲ
1174 3147 1520 3217 πατριάρχης
1578 3147 1746 3218 μηδὲν
1789 3147 1975 3217 ἕτερον
2005 3164 2047 3225 ς
2083 3146 2208 3206 σίας
2254 3142 2424 3212 αὐτῆς
2454 3141 2546 3194 καὶ
2569 3143 2648 3205 είς
2687 3143 2997 3214 ἀνασκευὴν
3028 3142 3124 3196 τοῦ
3173 3145 3450 3198 συνοδικοῦ
3477 3145 3648 3214 τόμον

299 3260 317 3272 ο
405 3237 546 3304 ἔχων
579 3236 697 3287 κατ’
730 3235 897 3289 αὐτοῦ
932 3235 1166 3305 πρᾶξαι,
1218 3237 1295 3308 τῷ
1340 3239 1638 3311 ’Δκινδύνῳ
1670 3242 1981 3311 μαινομένῳ

408 3328 576 3395 μηδὲν
601 3323 764 3399 ἧττον
791 3327 825 3396 ἢ
858 3328 1121 3399 πρότερον
1152 3330 1295 3383 κατὰ
1330 3331 1428 3400 τῆς
1457 3331 1622 3385 αὐτοῦ
1649 3349 1709 3385 τε
1740 3332 1834 3386 τοῦ
1869 3333 1980 3385 Πα-

406 3418 558 3486 λαμᾶ
607 3421 700 3471 καὶ
728 3419 836 3472 τῶν
869 3421 1046 3476 ἄλλων
1083 3423 1355 3492 μοναχῶν,
1403 3424 1608 3493 μᾶλλον
1652 3425 1709 3477 δὲ
1739 3426 1839 3494 τῆς
1871 3443 1984 3479 κοι-

407 3509 509 3575 νῆς
546 3508 826 3572 εὐσεϐείας
869 3510 1076 3577 ὁμιλῶν
1107 3513 1318 3580 ἑωρᾶτο
1361 3513 1602 3580 γνησίως
1636 3514 1727 3565 καὶ
1763 3516 1983 3584 παρρη-

407 3599 532 3661 σίας
582 3599 642 3651 οὐ
699 3598 930 3670 μετρίας
978 3601 1316 3669 μεταδιδοὺς,
1380 3592 1512 3655 εἷτα
1560 3605 1658 3655 καὶ
1695 3603 1984 3672 συνδιημε-

409 3690 583 3758 ρεύων
613 3691 708 3743 καὶ
745 3691 1277 3764 συνδιανυκτερεύων
1312 3695 1408 3747 καὶ
1452 3695 1777 3766 συνηγορῶν
1807 3696 1983 3765 τούτῳ

409 3783 846 3852 καὶσυμπνέων
886 3785 1036 3852 αὐτῷ
1088 3785 1231 3838 κατὰ
1265 3786 1444 3844 πάντα
1500 3787 1598 3839 καὶ
1641 3789 1759 3856 μετ’
1814 3787 1980 3842 αὐτοῦ

410 3873 506 3924 καὶ
542 3872 608 3924 δι’
646 3873 810 3926 αὐτοῦ
844 3877 1196 3945 κατατρέχων
1242 3877 1496 3946 ἀκρατῶς
1532 3881 1627 3933 καὶ
1674 3878 1856 3945 λόγοις
1886 3880 1983 3931 καὶ

413 3962 707 4031 γράμμασι
741 3965 849 4018 τῶν
893 3967 998 4034 πρὸ
1046 3966 1240 4036 μικροῦ
1288 3967 1691 4022 δικαιωθέντων
1728 3969 1979 4038 ἐκείνων,

414 4056 534 4120 μετ’
572 4055 634 4108 οὐ
676 4058 810 4112 πολὺ
861 4058 916 4110 δὲ
959 4060 1054 4112 καὶ
1086 4059 1325 4129 διώκτης
1360 4061 1459 4129 μὲν
1490 4061 1584 4114 τοῦ
1619 4062 1858 4130 nam
1890 4062 1986 4116 καὶ

409 4146 520 4198 τῶν
558 4149 654 4200 σὺν
689 4150 841 4218 αὐτῷ
873 4151 1145 4220 μοναχῶν,
1182 4152 1386 4219 μᾶλλον
1428 4152 1485 4204 δὲ
1513 4153 1613 4221 τῆς
1641 4154 1825 4223 κοινῆς
1853 4155 1987 4222 Χρι-

414 4241 644 4294 στιανῶν
696 4242 982 4304 εὐσεϐείας
1031 4245 1262 4311 φανερὸς
1307 4243 1540 4312 γίνεται,
1593 4245 1896 4315 βεϐαιωτὴς
1926 4245 1984 4298 δὲ

413 4332 509 4383 καὶ
576 4333 886 4404 προστάτης
955 4335 1272 4388 ’Λκινδύνου
1336 4325 1434 4389 καὶ
1490 4336 1600 4388 τῶν
1670 4337 1981 4392 ’Λκινδύνου

415 4421 614 4490 σαφὴς,
666 4423 924 4476 ἐλάνθανε
977 4424 1034 4478 δὲ
1079 4427 1179 4496 τήν
1233 4443 1292 4480 τε
1349 4427 1780 4498 θεοσεϐεστάτην
1826 4431 1984 4501 ήμῶν

412 4513 610 4580 κυρίαν
643 4517 737 4567 καὶ
769 4516 1062 4571 δέσποιναν
1100 4519 1272 4584 κυρὰν
1308 4520 1509 4574 Ἀνναν
1535 4521 1635 4590 τὴν
1686 4521 1984 4575 Παλαιολο-

413 4603 574 4668 γίναν
605 4606 695 4657 καὶ
725 4608 875 4674 ἡμᾶς
919 4598 1118 4671 αὐτοὺς
1144 4613 1236 4662 ἐπὶ
1281 4614 1556 4682 προφάσει
1583 4615 1693 4668 τῶν
1724 4615 1986 4686 ἀνωτέρω

415 4697 835 4764 προειρημένων
868 4698 1300 4770 ὑποκρινάμενος
1345 4702 1708 4772 κατατρέχειν
1739 4703 1833 4756 τοῦ
1877 4705 1991 4758 Πα-

413 4785 586 4852 λαμᾶ.
620 4789 727 4841 Καὶ
754 4791 837 4852 τίς
880 4791 1200 4846 τούντεῦθεν
1239 4793 1439 4855 ἱκανῶς
1485 4793 1772 4861 ἐξαρκέσει
1812 4811 1992 4866 παρα-ι

418 4878 617 4945 στῆσαι
657 4876 816 4945 λόγος
841 4879 939 4942 τάς
970 4882 1064 4933 ἐπὶ
1094 4881 1325 4941 πολλοὺς
1353 4885 1632 4946 ἐνιαυτοὺς
1671 4884 1793 4937 κατ’
1823 4887 1989 4940 αὐτοῦ

416 4983 475 5018 τε
513 4969 742 5022 καὶτῶν
789 4973 886 5022 σὺν
917 4972 1069 5041 αὐτῷ
1129 4975 1386 5042 μοναχῶν
1415 4976 1777 5043 τυρευθείσας
1828 4977 1992 5031 πολυ-

415 5057 654 5124 τρόπους
690 5059 956 5128 ἐπηρείας
1001 5061 1239 5117 ἐνταῦθά
1271 5082 1327 5116 τε
1359 5066 1452 5117 καὶ
1489 5065 1632 5118 κατὰ
1673 5066 1772 5130 τὰς
1798 5068 1989 5140 πόρρω

418 5147 608 5210 πόλεις
643 5151 738 5204 καὶ
793 5151 1026 5221 μάλιστα
1083 5156 1182 5225 τήν
1230 5157 1662 5230 Θεσσαλονίκην;
1717 5163 1776 5212 ἐν
1894 5164 1989 5216 καὶ

420 5237 686 5308 πρότερον
723 5239 864 5310 ἔφθη
913 5244 1238 5312 φωραθέντα
1274 5249 1344 5299 τά
1369 5246 1466 5316 τῆς
1507 5248 1767 5318 τοιαύτης
1797 5251 1988 5303 δυσσε-

419 5328 572 5393 ϐείας
619 5332 823 5398 αὐτῶν,
877 5335 1136 5390 ἐλάνθανε
1189 5337 1232 5389 δ’
1286 5339 1456 5406 ὅμως,
1517 5339 1590 5402 ὡς
1629 5341 1862 5410 ἔφημεν,
1919 5345 1990 5397 τά

421 5417 651 5473 τοιαῦτα
678 5423 799 5474 κατ’
827 5423 1005 5477 αὐτῶν
1037 5426 1310 5496 πράττων,
1349 5429 1542 5498 μέχρις
1589 5431 1734 5495 ὃτου,
1768 5433 1994 5501 νομίσας

420 5509 525 5579 ἠδη
583 5513 920 5583 πανταχόθεν
971 5517 1032 5569 τὸ
1085 5518 1367 5589 ἐνδόσιμον
1410 5522 1579 5591 ἔχειν,
1637 5524 1994 5592 ἐπεχείρησεν

428 5604 602 5672 ἱερέα,
633 5606 931 5662 κάντεῦθεν
964 5614 1056 5666 καὶ
1090 5613 1350 5684 πρόεδρον
1392 5615 1683 5684 ἐκκλησίας
1716 5619 1993 5689 καταστῆ-

500 5785 515 5806 ¹
545 5785 806 5846 Undecim
836 5791 990 5848 linea:
1017 5795 1068 5847 in
1101 5792 1284 5850 codice
1312 5813 1497 5859 crasm,
1535 5814 1637 5852 una
1682 5814 1938 5854 υκεριεδυ.

2085 3235 2181 3289 καὶ
2209 3235 2317 3288 τῶν
2347 3234 2488 3302 ὐπέρ
2537 3234 2826 3299 εὐσεϐείας
2866 3235 3163 3289 συνοδικῶν
3210 3235 3554 3305 διαγνώσεών
3588 3254 3648 3288 τε

2086 3329 2178 3380 καὶ
2207 3328 2540 3396 ἀποφάσεων
2565 3342 2580 3358 ο
2613 3328 2739 3390 τοὺς
2769 3328 2826 3382 δὲ
2873 3327 3015 3383 κατά
3038 3329 3138 3399 τῆς
3171 3330 3452 3392 εὐσεϐείας
3483 3330 3648 3383 πάλιν

2087 3415 2255 3468 αὐτοῦ
2310 3416 2446 3484 πρὸς
2481 3417 2608 3478 τοὺς
2641 3417 3068 3485 ἐντυγχάνοντας
3111 3418 3304 3484 λόγους
3337 3419 3434 3471 καὶ
3470 3419 3536 3472 τὰ
3561 3421 3650 3473 διὰ

2087 3505 2339 3576 πράξεως
2368 3507 2734 3576 ἐκτελούμενα
2771 3509 2892 3560 κατ’
2917 3511 3088 3577 αὐτήν
3113 3527 3172 3562 τε
3215 3510 3316 3578 τὴν
3350 3511 3654 3579 μεγαλόπο-

2085 3599 2168 3650 λιν
2196 3601 2290 3650 καὶ
2323 3598 2421 3660 τὰς
2450 3600 2642 3668 πόρρω
2685 3603 2888 3670 ταύτης
2915 3601 3310 3668 ἀπῳκισμένοις
3346 3603 3430 3666 τίς
3473 3603 3654 3670 διαλή-

2085 3688 2250 3758 ψεται
2297 3688 2488 3754 λόγος;
2535 3690 2829 3744 Ἐλάνθανε
2877 3689 2935 3743 δὲ
2980 3692 3074 3744 καὶ
3119 3689 3328 3746 τούτων
3369 3691 3440 3746 τά
3485 3691 3654 3747 πλείω

2087 3781 2235 3850 ἡμᾶς
2264 3779 2460 3843 αὐτούς
2487 3798 2571 3846 τε,
2611 3781 2864 3852 καθάπερ
2902 3783 3122 3853 εἴρηται
3161 3823 3178 3839 .
3255 3822 3272 3839 .
3350 3821 3369 3840 .
3444 3821 3474 3837 ..
3538 3820 3557 3839 .
3633 3821 3649 3838 .

2090 4004 2107 4024 ο
2151 4006 2166 4020 .
2207 3985 2224 4021 τ
2269 4007 2284 4023 .
2330 4007 2344 4021 .
2387 4005 2402 4021 .
2447 4005 2462 4020 .
2508 4006 2522 4022 .
2564 4005 2580 4023 .
2627 4008 2639 4022 .
2676 3967 2750 4031 ὡς
2779 3966 2823 4020 δ’
2873 3967 2908 4038 ή
2939 3967 3082 4021 κατὰ
3126 3968 3528 4042 Θεσσαλονίκην
3565 3974 3655 4024 ἐκ-

2088 4058 2288 4129 κλησία
2321 4059 2510 4129 χρείαν
2556 4053 2671 4128 εἶχε
2703 4057 2989 4129 προέδρου,
3019 4061 3050 4112 δ
3094 4059 3150 4112 δὲ
3184 4061 3282 4128 τὴν
3330 4061 3649 4118 δυσσέϐειαν

2099 4151 2404 4204 Ἀκίνδυνον
2461 4149 2621 4205 ἄλλον
2671 4150 2986 4221 ὐποψήφιον
3049 4152 3376 4222 ἐποιήσατο,
3414 4153 3658 4224 μαθοῦσα

2085 4243 2244 4297 τοῦτο
2275 4243 2438 4296 πάλιν
2466 4245 2498 4312 ἡ
2546 4244 2643 4313 τῆς
2678 4243 2984 4311 εὐσεϐείας,
3021 4245 3181 4318 εἴπερ
3213 4263 3318 4312 τις,
3361 4250 3658 4318 προστάτις
3687 4284 3691 4286 γ

2087 4336 2182 4391 καὶ
2219 4334 2614 4404 θεοσεϐεστάτη
2668 4335 2904 4405 βασιλὶς,
2941 4336 3106 4390 πάλιν
3156 4337 3407 4401 ὀνειδίζει
3439 4339 3528 4391 τὸν
3557 4355 3660 4392 πα-

2085 4427 2380 4498 τριάρχην,
2441 4430 2536 4481 καὶ
2567 4429 2828 4498 παραινεῖ
2857 4427 2966 4481 τῶν
3012 4430 3270 4482 τοιούτων
3325 4431 3659 4500 ἀποσχέσθαι

2091 4520 2310 4585 τελέως,
2334 4521 2409 4585 ὡς
2437 4519 2714 4574 δυσσεϐῶν
2749 4521 3046 4585 συνοδικῶς
3071 4523 3502 4591 άναπεφηνότων
3524 4561 3540 4577 .
3579 4563 3596 4578 .
3643 4565 3659 4580 .

2089 4832 2227 4935 ἀλλά
2269 4834 2362 4934 καλ
2393 4833 2480 4934 διὰ
2511 4833 2572 4933 τὸ
2598 4881 2863 4950 ἀθετῆσαι
2893 4883 2988 4944 τὰς
3017 4883 3158 4954 ὑπὲρ
3195 4836 3487 4949 εὐσεϐείας.
3507 4802 3664 4942 συιίοῖ

2091 4969 2245 5033 δικὰς
2277 4969 2600 5038 διαγνώσεις
2649 4970 2744 5023 καὶ
2785 4971 3094 5039 ἀποφάσεις
3149 4975 3243 5027 καὶ
3290 4978 3538 5046 χωρῆσαι
3570 4981 3668 5047 μὲν

2095 5062 2238 5115 κατὰ
2285 5063 2383 5130 τῆς
2441 5061 2726 5126 εὐσεϐείας
2776 5063 2888 5116 τῶν
2944 5065 3067 5117 τότε
3105 5067 3545 5136 δικαιωθέντων,
3591 5069 3668 5135 ὡς

2093 5151 2406 5222 συνηγόρων
2457 5155 2558 5222 τῆς
2587 5151 2708 5206 κατ’
2738 5152 2910 5222 αὐτὴν
2949 5154 3235 5224 ἀληθείας,
3295 5157 3670 5228 ὁμοφρονῆσαι

2091 5245 2150 5299 δὲ
2202 5247 2316 5308 τοῖς
2362 5246 2629 5315 μαθηταῖς
2683 5250 2778 5303 καὶ
2833 5247 3102 5318 διαδόχοις
3133 5251 3230 5320 τῆς
3278 5252 3373 5304 τοῦ
3410 5250 3672 5319 Βαρλαάμ

2092 5339 2304 5392 ἐκείνου
2345 5340 2686 5406 κακοδοξίας,
2725 5343 2821 5396 καὶ
2839 5346 3023 5413 γυμνῇ
3057 5345 3126 5414 τῇ
3175 5343 3388 5414 κεφαλῇ
3438 5344 3701 5414 γράφειν’

2091 5448 2152 5483 τε
2183 5432 2276 5484 καὶ
2302 5432 2505 5499 λέγειν,
2541 5437 2866 5504 χειροτονεῖν
2896 5453 2955 5487 τε
2985 5436 3080 5488 καὶ
3101 5435 3442 5505 ψηφίζεσθαι
3466 5436 3562 5488 καὶ
3576 5436 3665 5511 τὴν

2092 5525 2228 5592 πρὸς
2264 5525 2390 5588 τοὺς
2415 5527 2741 5595 φρονοῦντας
2772 5529 2838 5581 τά
2865 5528 2958 5580 τοῦ
2999 5529 3264 5600 Βαρλαάμ
3293 5531 3673 5599 ὁμοφροσύνην

2093 5618 2500 5672 ἐπιδείκνυσθαι
2561 5620 2812 5689 φανερῶς
2860 5620 3193 5690 κατάκριτον
3246 5617 3384 5675 εἷναι
3445 5623 3537 5675 καὶ
3599 5625 3672 5692 μὴ
