4076 6264
246 466 263 473 η
312 389 444 455 Lm
684 428 697 444 .
1444 373 1740 438 ISIDORI
1783 371 1889 432 cp.

1994 368 2447 431 ATRIARCI—L-E
3399 362 3536 428 1293

313 500 538 555 πτιστοῦ
592 497 862 559 Ἰωάννου,
902 495 1010 548 τῶν
1042 493 1210 560 ἁγίων
1246 489 1468 555 ἐνδόξων
1499 490 1944 560 πανευφήμωνκΑ
1975 483 2335 549 ἀλλοτρίωσιν
2371 477 2768 546 ἀπειλήσαντα.
2816 475 3040 538 Τούτοις
3087 477 3198 539 τοῖς
3241 476 3417 542 λόγοις
3451 481 3542 530 τὸν

307 592 642 653 ἀποστόλων,
673 590 780 641 τῶν
809 588 972 640 ὁσίων
999 586 1092 640 κού⁹
1121 584 1392 652 θεοφόρων
1425 581 1688 651 Πατέρων
1717 581 1874 651 ἡμῶν
1978 572 2218 642 ἐμαυτοῦ
2269 570 2380 638 βίον
2433 569 2783 638 παράδειγμα
2833 567 3113 638 προτιθεὶς
3162 568 3387 629 πολλοὺς
3433 570 3545 619 τῶν

309 686 403 738 καὶ
433 685 652 736 πάντων
683 681 790 732 τῶν
826 680 920 732 ἀπ’
955 678 1150 737 αἰῶνος
1192 673 1670 744 εὑαρεστησάντων
1703 674 1873 740 ἁγίων
1977 663 2070 717 τοῧ
2104 662 2353 716 διαδόλου
2405 661 2650 729 παγίδων
2686 660 2890 725 ἐξεῖλον
2940 661 3005 729 τῇ
3041 659 3225 728 χάριτι
3275 657 3368 710 τοῦ
3410 658 3569 733 Χρι⁴,

311 778 413 838 m‘z,
447 777 524 842 τῷ
550 772 739 842 Κυρίῳ
769 770 924 840 ἡμῶν
962 766 1137 836 Ἰησοῦ
1173 765 1418 836 Χριστῷ,
1456 756 1500 831 ᾧ
1526 764 1724 832 πρέπει
1749 763 1878 829 δόξα
1980 755 2132 819 στοῦ,
2181 755 2276 807 καὶ
2309 753 2493 807 πολλοὶ
2524 753 2624 823 τὴν
2651 753 2729 815 είς
2772 751 3004 820 οὐρανὸν
3059 752 3347 842 φέρουσαν
3385 748 3568 842 ἐδρα-’

1982 862 2082 914 μον
2115 845 2549 914 ἀμεταστρεπτὶ,
2595 844 2687 896 καὶ
2716 842 2890 895 ταῦτα
2914 843 3021 894 νέοι
3047 842 3140 894 καὶ
3177 841 3360 910 πολλῷ
3387 841 3550 893 πλού·

1945 951 2055 1005 ,τῳ
2112 936 2204 988 καὶ
2257 934 2384 1004 δόξῃ
2425 932 2800 1002 περίϐλεπτοι.
2845 932 2996 984 Ἐπεὶ
3045 931 3102 984 δὲ
3158 933 3238 991 είς
3279 933 3548 999 μοναχοὺς

308 1019 449 1073 XIII.
480 1017 760 1072 Eusebius.
791 1015 982 1068 electus
1023 1011 1354 1095 ιηςιτοροιὶια
1387 1007 1629 1078 Sugdww
1656 1045 1671 1071 ,
1721 1005 1878 1074 ﬁdem

1994 1027 2202 1080 ἐτέλεσα
2224 1066 2239 1088 ,
2266 1027 2361 1079 τὸν
2396 1025 2761 1095 ἐλαφρότατον
2784 1023 2877 1077 τοῦ
2904 1023 3112 1094 Κυρίου
3150 1022 3421 1092 βαστάξας
3458 1022 3551 1086 ζυ-

308 869 388 928 εἰς
426 865 812 927 τοὺςαὶῶνας.
864 861 1058 931 Ἀμήν.

977 1081 1276 1150 proﬁtetur.

380 1224 420 1295 -ῖ-
471 1223 552 1276 Τὰ
611 1223 760 1290 παρᾶ
816 1218 921 1270 τῶν
955 1217 1122 1283 ἁγίων
1177 1211 1487 1266 ἀποστόλων
1520 1209 1870 1281 κηρυχθέντα

310 1317 404 1368 καὶ
442 1315 591 1383 παρά
635 1311 743 1363 τῶν
779 1309 918 1362 ἑπτὰ
971 1305 1142 1374 ἁγίων
1197 1301 1594 1372 οἰκουμενικῶν
1645 1298 1882 1351 συνόδων

313 1403 631 1478 κυρωθέντα
663 1402 910 1471 στέργων
945 1399 1008 1449 ὲκ
1032 1396 1211 1465 ψυχῆς
1247 1391 1560 1462 προσκυνῶ,
1600 1393 1695 1445 καὶ
1719 1405 1880 1441 πνευ-

315 1477 559 1563 ματικῶς
614 1489 1077 1551 κατασπάςομαι,
1124 1485 1216 1536 ἅτε
1258 1479 1352 1533 τοῦ
1383 1479 1528 1533 θείου
1586 1480 1675 1531 καὶ
1733 1477 1882 1546 ἱεροῦ

315 1583 645 1651 Εὐαγγελίου
683 1578 928 1649 ἀκριϐῶς
965 1578 1218 1646 ἐχόμενα,
1251 1573 1384 1625 ά),λά
1441 1571 1537 1624 καὶ
1589 1570 1666 1639 τῷ
1713 1587 1886 1621 πανα-

311 1676 564 1744 γιωτάτῳ
613 1689 714 1742 μου
767 1670 1003 1741 δεσπότῃ
1039 1668 1133 1719 καὶ
1166 1662 1532 1732 οἰκουμενικῷ
1567 1661 1883 1730 πατριάρχῃ

311 1768 463 1836 κυρῷ
503 1763 756 1832 Ἰσιδώρῳ
809 1761 901 1813 καὶ
949 1761 1012 1829 τῇ
1065 1757 1186 1810 κατ’
1238 1757 1399 1809 αὑτὸν
1463 1754 1584 1824 θείᾳ
1630 1755 1724 1806 καί¹
1765 1752 1886 1821 ἱερᾷ

1980 1119 2098 1185 γδν,
2135 1116 2323 1187 ἀπῆρα
2359 1117 2458 1186 μὲν
2488 1116 2588 1186 τῆς
2623 1113 3050 1183 Θεσσαλονίκης,
3091 1113 3152 1166 τὸ
3198 1113 3254 1166 δὲ
3295 1113 3554 1166 διδασκα-

1981 1207 2155 1262 λεῖον)
2172 1211 2279 1262 τῶν
2316 1209 2590 1276 μοναχῶν,
2638 1207 2695 1258 τὸ
2753 1206 2850 1272 τῆς
2903 1205 3102 1275 ἀρετῆς
3151 1207 3553 1274 ἐργαστήριον,

1984 1302 2075 1351 τὸν
2107 1299 2413 1366 ἁγιώτατον
2447 1297 2597 1349 ΙἈθω
2641 1296 3071 1364 καταλαμϐάνω,
3106 1299 3171 1365 τῇ
3202 1295 3296 1349 τοῦ
3323 1296 3552 1350 θανάτου

1990 1391 2196 1463 μελέτῃ
2227 1389 2416 1452 ἐκδοὺς
2445 1388 2699 1460 ἐμαυτὸν,
2748 1389 2844 1440 καὶ
2900 1387 3048 1440 ἴσασι
3084 1389 3184 1456 τὴν
3215 1388 3356 1456 ἐμὴν
3406 1387 3557 1440 πολι-

1982 1483 2132 1534 τείαν
2176 1482 2226 1533 οι
2275 1478 2681 1549 οὐρανομήκεις
2730 1478 2948 1542 ἐκεῖνοι,
2979 1475 3130 1546 ’παρ’
3159 1471 3239 1540 οἷς
3290 1477 3556 1545 ὲφοίτησα

1986 1573 2081 1625 καὶ
2126 1571 2190 1624 τὰ
2231 1569 2484 1639 μοναχῶν
2526 1567 2840 1636 ἐτελέσθην,
2885 1567 2960 1629 ὡς
2991 1568 3101 1621 οὐδ’
3144 1567 3266 1630 ἐνὸς
3317 1567 3427 1622 τῶν
3462 1568 3557 1620 ἐπὶ

1984 1662 2088 1730 γῆς
2121 1660 2340 1730 ἀγαθῶν
2377 1657 2721 1729 ἐπεθύμησα,
2779 1657 2840 1711 οὐ
2889 1658 3046 1729 δόξης
3097 1659 3236 1728 ἔρως
3284 1660 3383 1730 τὴν
3415 1659 3558 1728 ἐμὴν

1986 1752 2166 1823 ψυχὴν
2225 1750 2369 1806 εἷλεν
2396 1792 2410 1817 ,
2461 1757 2520 1805 οὐ
2575 1753 2873 1824 χρημάτων
2919 1751 3208 1818 ἐπιθυμία,
3244 1749 3382 1802 άλλά
3412 1766 3559 1802 πτω-

317 1823 537 1925 συῖιόδῳ,
573 1855 646 1916 ὡς
681 1823 791 1906 ’καὶ
837 1823 1020 1910 αὐτοῖς
1070 1846 1442 1914 ἀκριϐέστατα
1479 1823 1756 1911 ἐχομένοις
1787 1841 1885 1908 τῆς
1919 1830 1963 1891 Β
1992 1845 2109 1912 χεία
2143 1845 2240 1913 μὲν
2289 1845 2413 1914 ἐμοὶ
2443 1845 2699 1914 διηνεκὴς
2750 1844 3061 1912 ἐπιμέλεια,
3091 1823 3203 1895 καί
3238 1841 3467 1904 πλοῦτος
3501 1843 3557 1894 τὸ

316 1947 660 2016 παναμώμου
695 1943 898 2009 ταύτης
935 1939 1176 2008 διδαχῆς,
1211 1937 1318 1992 τῶν
1353 1935 1516 1987 θείων
1557 1931 1760 2003 δηλαδὴ
1793 1931 1886 1984 καὶ

318 2039 477 2109 ἱερῶν
518 2036 794 2104 Πατέρων,
842 2030 1103 2098 πείθομαι
1131 2025 1540 2095 ἁλοψὺχωςρκαὶ
1595 2020 1888 2092 συμφρονῶ

315 2134 410 2180 καὶ
449 2122 778 2195 ὁμορφρονῶ
801 2121 898 2173 καὶ
923 2118 1298 2186 ὑποτάσσομαι
1351 2115 1491 2167 κατά
1516 2113 1710 2168 πάντα.
1748 2109 1889 2180 Βαρ-

314 2219 466 2286 λαάμ
500 2217 555 2269 δὲ
585 2216 679 2267 καὶ
719 2211 1076 2265 Ἀκίνδυνον.
1122 2250 1136 2262 .
1216 2249 1230 2265 .
1311 2245 1324 2259 .
1404 2245 1416 2258 .
1497 2245 1511 2260 .
1587 2238 1607 2258 ο
1684 2244 1699 2260 .
1779 2242 1792 2256 .
1867 2240 1883 2255 .

319 2350 333 2364 .
415 2351 428 2366 ,
507 2346 520 2360 .
601 2345 616 2360 .
693 2342 706 2357 .
791 2343 806 2358 .
889 2342 904 2356 .
988 2343 1002 2356 .
1083 2338 1098 2353 .
1178 2339 1192 2353 .
1247 2299 1371 2360 τοὺς
1424 2297 1733 2366 ὁμόφρονας
1791 2293 1887 2346 καὶ⁸

319 2399 561 2459 ὀπαδοὺς
611 2396 818 2449 τούτων
848 2394 988 2448 κατὰ
1027 2392 1123 2458 τὴν
1157 2388 1447 2460 περίληψιν
1479 2387 1586 2438 τῶν
1617 2384 1890 2451 προϐεϐη-

315 2493 488 2544 κότων
536 2487 623 2541 ἐπ’
648 2487 827 2548 αὐτοῖς
863 2483 1023 2552 ἱερῶν
1067 2480 1247 2550 τόμων
1285 2479 1359 2542 ὼς
1393 2477 1717 2541 κακοδόξους
1752 2478 1887 2528 ἀπο-

317 2582 581 2650 ϐάλλομαι
624 2580 737 2642 καὶ,
774 2579 822 2630 εί
863 2577 936 2646 μὴ
993 2570 1448 2645 μεταμεληθεῖεν,
1486 2568 1886 2622 καθυποϐόιλλω

315 2677 396 2746 τῷ
425 2672 750 2741 ἀναθέματι,
796 2671 869 2730 ὼς
917 2666 992 2735 μὴ
1034 2662 1440 2730 συνεπομένους
1489 2661 1585 2711 καὶ
1637 2675 1886 2727 συμφρο-

316 2767 542 2824 νοῦντας
579 2764 674 2814 καὶ
711 2759 1036 2830 συνᾴδοντας
1076 2756 1185 2816 τοῖς
1217 2753 1379 2813 θείοις
1407 2751 1501 2804 καὶ
1536 2749 1700 2820 ἱεροῖς
1732 2748 1888 2818 ήμῶν

319 2855 568 2925 Πατράσι
615 2852 708 2904 καὶ
743 2849 820 2919 τῷ
863 2847 1121 2914 θειοτάτῳ
1160 2860 1258 2914 μου
1308 2841 1568 2910 δεσπότῃ,
1595 2838 1674 2908 τῷ
1714 2843 1890 2892 οἰκου-

320 2943 529 3015 μενικῷ
577 2942 913 3012 πατριάρχῃ,
950 2937 1058 3008 κῦρ
1103 2931 1378 3003 Ἰσιδώρῳ,
1412 2933 1508 2985 καὶ
1542 2934 1608 3000 τῇ
1646 2932 1766 2984 κατ’
1793 2933 1889 2984 αὑ-

315 3038 411 3090 τὸν
442 3035 562 3104 θείᾳ
610 3036 707 3087 καὶ
758 3031 878 3101 ἱερᾷ
912 3028 1138 3096 συνόδῳ.
1169 3024 1354 3080 Ταῦτα
1399 3022 1488 3076 διὰ
1539 3022 1652 3091 βίου
1688 3022 1890 3089 φυλάτ-

317 3146 434 3182 τειν
484 3127 578 3180 καὶ
611 3126 796 3194 τηρεῖν
843 3119 1085 3190 ἀκριϐῶς
1123 3114 1568 3185 διαϐεϐαιοῦμαι,
1614 3116 1710 3167 καὶ
1747 3114 1886 3184 μετά

317 3179 521 3287 ταῦτης
559 3179 952 3284 τῆςμπίστεως
986 3179 1217 3280 εὔχομαι
1270 3179 1621 3276 παραστῆναι
1661 3179 1761 3277 τῷ*
1787 3207 1886 3275 βή-
1914 3179 1956 3236 C

324 3327 463 3381 ματι
495 3307 590 3360 τοῦ
635 3303 872 3372 Χριστοῦ
910 3303 1003 3356 καὶ
1030 3304 1211 3370 τυχεῖν
1242 3301 1338 3368 τῆς
1368 3298 1498 3366 παρ’
1522 3297 1686 3351 αὐτοῦ
1717 3315 1890 3366 σωτη-

320 3402 467 3472 ρίας,
501 3403 566 3470 τῇ
600 3397 765 3452 αὑτοῦ
798 3397 1040 3461 δυνάμει,
1072 3393 1169 3446 καὶ
1217 3395 1422 3460 χάριτι.
1462 3393 1527 3442 *Α
1559 3391 1654 3442 καὶ
1696 3389 1892 3458 πληρο-

329 3494 528 3562 φορίας
557 3493 651 3544 καὶ
683 3487 943 3557 ἀκριϐοῦς
971 3485 1272 3554 ἀσφαλείας
1295 3483 1482 3536 ἐνεκεν
1515 3481 1889 3551 οίκειοχείροις

321 3588 690 3657 σημειώσεων
723 3581 1035 3652 ὑπέγραψα.

396 3679 435 3748 -ζ-
457 3674 593 3744 Εἶχε
621 3676 718 3729 καὶ
752 3670 1109 3741 ὑπογραφὴν
1135 3685 1147 3698 ·
1187 3667 1478 3733 Εὐσέϐιος
1503 3666 1893 3735 ὶερομόναχος

323 3771 425 3823 καὶ
495 3766 848 3834 ὑποψήφιος
909 3761 1014 3831 τῆς
1075 3758 1402 3829 ἁγιωτάτης
1469 3759 1898 3826 μητροπόλεως

324 3859 682 3931 Σουγδαίας.

715 4019 851 4074 XIV.
887 4017 1080 4072 Isidori
1111 4021 1502 4070 testamentum.

326 4131 572 4202 Διαθήκη
613 4130 708 4183 τοῦ
760 4127 924 4182 αὐτοῦ
977 4128 1281 4196 ἁγιωτάτου
1347 4125 1688 4196 πατριάρχου
1743 4125 1895 4178 Κων-

618 4221 1116 4282 σταντινουπόλεως
1165 4217 1271 4288 κῦρ
1312 4217 1607 4287 Ἰσιδώρου.

398 4336 439 4404 οξ·
470 4333 761 4402 Βούλομαι,
803 4334 852 4383 εξ
902 4329 1146 4399 συμϐαίη
1182 4347 1272 4400 μοι
1325 4328 1637 4393 ἀποθανεῖν,
1698 4327 1898 4398 πολυη-

332 4428 488 4496 μέρῳ
530 4426 629 4496 ἤδη
657 4423 1088 4492 κατεργασθέντι
1121 4424 1414 4492 νοσήματι,
1454 4421 1652 4492 μικρόν
1677 4439 1729 4473 τι
1763 4437 1898 4490 μνη-

1995 1934 2163 2003 μηδὲν
2193 1934 2356 2004 ἐχειν,
2388 1934 2539 2002 τῆξις
2565 1935 2617 1987 δε
2651 1934 2854 2005 σαρκὸς
2898 1935 2932 2006 ἡ
2965 1933 3169 2004 σπουδὴ
3197 1934 3293 1986 καὶ
3329 1935 3388 1986 τδ
3418 1935 3558 2004 πρὸς

1989 2025 2122 2078 Θεὸν
2155 2029 2332 2078 νεύειν
2385 2027 2453 2079 δι’
2495 2027 2727 2096 ἡσυχίας
2789 2028 2816 2078 ὁ
2869 2026 2982 2094 βίος
3033 2027 3181 2088 διπας
3228 2025 3372 2094 ἐμοί.
3415 2024 3557 2077 Ἀλλ’

1988 2117 2124 2185 ὅπερ
2187 2112 2362 2180 εἷπον,
2405 2114 2520 2188 εἶχε
2556 2119 2652 2187 μὲν
2697 2117 2797 2187 ἐμὲ
2849 2120 2913 2170 τὸ
2943 2117 3134 2186 ’Δγιον
3163 2119 3329 2188 Ὄρος
3353 2155 3368 2181 ,
3399 2100 3556 2185 ἄφνω

1988 2207 2042 2260 δὲ
2088 2210 2153 2278 τῇ
2199 2209 2294 2262 τοῦ
2328 2208 2463 2262 Θεοῦ
2507 2208 2807 2280 Ἐκκλησία
2853 2208 3102 2280 ’πόλεμος
3135 2211 3347 2282 ἐρράγη
3385 2210 3556 2280 βαρύ·

1989 2315 2172 2359 τατοςο
2211 2300 2357 2352 ἴσασι
2413 2299 2609 2364 πάντες
2661 2302 2758 2369 τὴν
2786 2300 3102 2371 άθεωτάτην
3133 2302 3226 2354 τοῦ
3261 2301 3555 2370 Καλαϐροῦ

1994 2389 2258 2461 Βαρλαάμ
2290 2392 2534 2462 αἵρεσιν,
2567 2395 2633 2463 ἢν
2668 2395 2887 2456 ἐκεῖνος,
2909 2395 3007 2464 μὲν
3035 2395 3350 2464 ἐγέννησεν,
3381 2393 3556 2446 Ἀκίν-

1989 2482 2145 2544 δυνος
2181 2483 2237 2536 δέ
2293 2483 2585 2552 ἐθρέψατο,
2639 2488 2778 2538 κατὰ
2837 2487 2931 2539 τοῦ
2969 2487 3172 2551 ζῶντος
3216 2487 3352 2541 Θεοῦ
3383 2489 3558 2541 δεινό-

1991 2586 2125 2622 τατα
2179 2573 2273 2623 καὶ
2305 2572 2742 2642 βουλευσάμενος
2795 2577 2886 2628 καὶ
2934 2577 3379 2646 διαπραξάμενος
3411 2594 3422 2608 ·
3461 2596 3558 2640 κα-

1989 2660 2162 2714 λεῖται
2193 2660 2256 2733 δὴ
2306 2663 2334 2715 δ
2365 2663 2655 2734 ἱερώτατος
2684 2665 3085 2734 Θεσσαλονίκης
3128 2669 3278 2739 παρὰ
3305 2669 3399 2722 τοῦ
3433 2669 3557 2721 τότε

1990 2752 2489 2823 πατριαρχεύοντος
2525 2757 2624 2823 τὴν
2675 2756 2920 2827 μεγάλην
2965 2757 3121 2810 πόλιν
3149 2759 3352 2828 ταύτην
3385 2777 3559 2812 κατα-

1990 2844 2175 2898 λαϐεῖν
2210 2845 2300 2896 καὶ
2330 2844 2408 2914 τῷ
2453 2845 2726 2914 Βαρλαὰμ
2756 2846 3086 2916 προσϐαλεῖν
3118 2850 3211 2901 καὶ
3251 2851 3331 2912 εἰς
3365 2848 3558 2916 λόγους

1992 2938 2167 2990 ἐλθεῖν
2220 2939 2434 3008 ἐκείνῳ,
2483 2942 2608 3008 περὶ
2655 2931 2729 2990 ὧν
2776 2940 3119 3010 καινοτομῶν
3167 2937 3236 3013 ἦν
3287 2943 3382 2997 καὶ
3417 2945 3559 2997 κατά

1993 3031 2092 3100 τῆς
2121 3029 2384 3099 ἀληθείας
2421 3031 2769 3100 μαινόμενος,
2801 3031 2881 3102 τῷ
2909 3032 2974 3102 δὴ
3019 3033 3246 3104 τοιούτῳ
3281 3036 3583 3106 ἱερωτάτῳ·

1993 3121 2402 3190 Θεσσαλονίκης,
2449 3121 2720 3191 προμάχῳ
2757 3124 2856 3190 τῆς
2906 3123 3195 3185 εὐσεϐείας
3229 3126 3562 3178 καταστάντι

1996 3212 2147 3283 παρὰ
2187 3212 2323 3266 Θεοῦ
2361 3213 2649 3283 σύμμαχον
2676 3215 2773 3267 καὶ
2800 3215 2958 3278 αὐτὸς
2991 3215 3225 3284 ἐμαυτὸν
3256 3217 3562 3288 παρέσχον,

1995 3303 2089 3353 καὶ
2135 3304 2287 3372 κοινῇ
2333 3304 2452 3372 μετ’
2505 3303 2671 3356 αὐτοῦ
2725 3319 2784 3356 τε
2836 3304 2932 3356 καὶ
2995 3305 3094 3373 τῆς
3158 3307 3406 3372 συνοδίας
3455 3309 3564 3360 τῶν

1997 3393 2144 3460 ἐμῶν
2190 3393 2438 3458 ἀδελφῶν
2501 3394 2610 3447 τῶν
2660 3411 2717 3447 τε
2784 3394 2884 3464 τῆς
2933 3396 3246 3466 ὁδοιπορίας
3300 3400 3565 3467 καμάτων

1996 3481 2362 3551 ἠνεσχόμεθα,
2403 3485 2497 3535 καὶ
2532 3483 2674 3535 κατὰ
2725 3482 2823 3554 τὴν
2871 3485 3022 3537 πόλιν
3071 3486 3352 3554 γενόμενοι
3381 3489 3472 3541 τόν
3506 3508 3566 3542 τε

1997 3572 2186 3640 ἀγῶνα
2215 3573 2313 3642 τῆς
2357 3573 2514 3642 δίκης
2565 3573 2975 3644 διηγωνίσμεθα
3031 3577 3126 3630 καὶ
3173 3578 3271 3646 τὴν
3323 3580 3565 3638 νικῶσαν

2001 3662 2287 3732 ἐλάϐομεν,
2342 3663 2475 3716 Θεοῦ
2529 3664 2736 3735 ταύτην
2786 3665 3148 3737 βραϐεύοντος
3201 3669 3415 3726 ἄνωθεν
3471 3675 3568 3726 καὶ

2002 3752 2266 3822 βασιλέων
2299 3753 2448 3808 δυοῖν
2507 3757 2599 3808 καὶ
2649 3755 2742 3809 τοῦ
2792 3759 2913 3811 τότε
2967 3762 3438 3831 πατριαρχοῦντος
3470 3767 3569 3817 καὶ

2001 3844 2201 3906 παντὸς
2257 3845 2352 3897 τοῦ
2413 3845 2558 3914 ἱεροῦ
2617 3850 2825 3901 ἐκείνου
2882 3849 3273 3921 πληρώματος.
3336 3854 3449 3918 Τῆς
3509 3854 3567 3906 δὲ

2001 3936 2392 4006 Μονεμϐασίας
2425 3942 2649 4008 γνησίου
2678 3942 2936 4010 ποιμένος
2970 3945 3347 4016 ἐστερημένης
3382 3951 3436 4001 aI
3467 3950 3570 4020 μὲν

2001 4028 2173 4099 ψῆφοι
2221 4032 2321 4101 τῆς
2380 4032 2533 4103 ἱερᾶς
2583 4033 2807 4087 συνόδου
2845 4036 3142 4106 βλέπουσιν
3185 4039 3263 4100 είς
3295 4040 3418 4114 ἐμὲ,
3457 4041 3570 4108 ἐγὼ

2001 4119 2058 4172 δὲ
2114 4122 2549 4193 ἀναϐαλλόμενος
2599 4122 2667 4196 ἦν
2719 4127 2779 4180 τὸ
2829 4129 3082 4198 πρᾶγμα,
3133 4130 3284 4194 τέλος
3337 4129 3454 4196 εἶξα
3501 4113 3610 4204 τῇ.

2004 4213 2123 4286 θείᾳ
2149 4215 2338 4288 ψήφῳ,
2373 4220 2470 4273 καὶ
2507 4220 2818 4293 ὑποψήφιος
2857 4225 3128 4294 κατέστην
3159 4226 3567 4295 Μονεμϐασίας,

2003 4310 2139 4378 πρὸς
2168 4309 2264 4382 τὴν
2295 4313 2632 4381 χειροτονίαν
2654 4315 2876 4386 ἀφορῶν
2905 4316 3027 4387 ήδη.
3062 4317 3167 4371 Τοῦ
3196 4318 3252 4371 δὲ
3293 4317 3571 4373 θειοτάτου

2007 4399 2272 4468 βασιλέως
2325 4402 2384 4468 ἐξ
2442 4403 2748 4475 ἀνθρώπων
2814 4409 3103 4477 γεγονότος
3161 4412 3257 4464 καὶ
3302 4413 3437 4482 πρὸς
3483 4416 3573 4468 τὸν

332 4494 486 4586 μεῖον
545 4494 637 4568 τοῦ
690 4517 884 4586 καιροῦ
939 4515 1358 4582 κατεπείγοντος
1413 4517 1625 4582 ἀφεῖναι
1678 4513 1753 4584 τῷ
1798 4513 1896 4583 βίῳ
1927 4509 1980 4569 D
2007 4494 2186 4586 ἀληθῆ
2220 4495 2447 4566 βασιλέα
2491 4498 2937 4568 μεταϐεϐηκότοῖ
2978 4501 3239 4571 Χριστδνι
3281 4507 3309 4557 ὁ
3335 4508 3435 4574 τῆς
3473 4507 3576 4576 ἑμ’·

332 4610 464 4678 περὶ
492 4608 599 4660 τῶν
629 4607 872 4676 ἐμαυτοῦ
893 4645 908 4671 ,
938 4607 1030 4658 καὶ
1069 4606 1238 4676 βραχύ
1261 4623 1312 4657 τι
1347 4605 1672 4677 διαχαράξαι
1718 4607 1900 4674 γράμ-

335 4716 434 4768 μα,
478 4697 572 4768 τὴν
625 4699 785 4768 ἐμὴν,
836 4698 964 4768 περὶ
998 4691 1072 4749 ὧν
1104 4695 1237 4766 ἐρῶ,
1280 4695 1582 4762 διασαφοῦν
1621 4695 1895 4764 βούλησιν.

346 4790 499 4858 Ἐμοὶ
558 4791 736 4840 τοίνυν
783 4786 1154 4856 Θεσσαλονίκη
1201 4787 1397 4854 πατρὶς
1447 4785 1540 4838 καὶ
1584 4784 1807 4854 τροφὸς,
1843 4786 1902 4837 ἐν

333 4877 508 4947 ταύτῃ
565 4879 661 4930 καὶ
698 4878 893 4945 λόγους
943 4876 1211 4947 μετέσχον
1259 4876 1356 4929 καὶ
1400 4877 1514 4938 τοῖς
1557 4875 1902 4944 βουλομένοις

337 4970 641 5039 μετέδωκα,
682 4971 780 5023 καὶ
807 4969 990 5022 πολλοί
1042 4987 1132 5039 μοι
1162 4967 1254 5020 τοῦ
1299 4967 1416 5038 βίου
1448 4969 1542 5020 καὶ
1573 4967 1673 5036 τῆς
1699 4968 1899 5036 διαγω-

333 5062 438 5129 γῆς
467 5062 680 5130 ἐκείνης
726 5061 1021 5131 μάρτυρες,
1047 5063 1194 5123 ὅπως
1228 5060 1332 5112 ὑπὸ
1364 5060 1481 5128 Θεῷ
1514 5059 1767 5130 βλέποντι
1808 5059 1900 5112 τὸν

335 5147 435 5214 τῆς
474 5147 833 5217 συνειδήσεως
867 5147 1160 5215 ἐκφεύγειν
1185 5148 1406 5218 ἔλεγχον
1436 5148 1777 5218 ἐπειρώμην,
1813 5148 1903 5202 ἀεὶ
2010 5173 2024 5189 ο
2101 5171 2118 5187 ο

337 5235 560 5306 ἐμαυτῷ
594 5253 654 5288 τε
693 5237 783 5289 τὸν
813 5235 905 5289 τοῦ
954 5237 1087 5289 Θεοῦ
1114 5239 1276 5304 φόϐον
1319 5238 1774 5307 προστησάμενος
1803 5238 1902 5306 φύ-

335 5330 502 5392 λακα,
537 5331 629 5382 καὶ
680 5331 869 5392 πᾶσιν,
909 5327 989 5392 οἷς
1036 5331 1249 5392 οἰκείως
1284 5325 1466 5400 εἶχον,
1497 5331 1560 5384 τά
1615 5330 1712 5382 τοῦ
1761 5331 1898 5386 Θεοῦ
2009 5360 2022 5375 ο
2102 5362 2114 5376 -

334 5419 842 5489 διαμαρτυρόμενος
881 5421 1148 5489 κρίματα,
1183 5421 1276 5472 καὶ
1324 5419 1530 5472 πείθων
1577 5422 1815 5490 ἐμαυτόν
1842 5439 1900 5474 τε

337 5507 650 5572 κάκείνους,
681 5508 814 5561 Θεδν
847 5509 1039 5577 ἔφορον
1072 5505 1210 5560 εἶναι
1241 5527 1351 5560 των
1377 5526 1436 5562 τε
1469 5513 1902 5582 πεπραγμένων,

337 5598 454 5651 τῶν
493 5615 552 5651 τε
587 5601 978 5671 μελετωμένων
1018 5600 1113 5653 καὶ
1160 5589 1354 5671 κριτὴν
1389 5603 1713 5667 ἀδέκαστον,
1755 5602 1906 5672 βασι-

337 5691 495 5744 λείαν
532 5694 630 5761 μὲν
657 5693 903 5761 οὐρανῶν
948 5695 1058 5756 τοῖς
1111 5689 1170 5746 εὖ
1227 5694 1319 5746 καὶ
1369 5694 1552 5758 καλῶς
1585 5696 1904 5748 πολιτευσα-

343 5785 536 5854 μένοις
571 5784 1021 5854 ἐτοιμασάμενον,
1055 5786 1164 5848 τοῖς
1197 5785 1243 5836 δ’
1289 5787 1546 5850 ἐναντίως
1579 5787 1673 5855 τὴν
1708 5788 1904 5840 ἑαυτοῦ

2005 4583 2196 4651 φυλίου
2226 4587 2475 4658 ταραχῆς
2520 4590 2949 4661 ἀναρριπίζεται
2975 4593 3234 4662 πόλεμος,
3265 4597 3358 4649 καὶ
3382 4598 3574 4652 διώκε-

2002 4691 2091 4726 ται
2129 4677 2228 4745 μὲν
2259 4679 2286 4730 δ
2313 4680 2410 4731 καὶ
2440 4679 2544 4749 πρὸ
2573 4681 2674 4749 τῆς
2707 4683 2995 4754 πορφύρας
3025 4687 3122 4738 καὶ
3149 4687 3256 4739 τῶν
3289 4689 3573 4756 στεφάνων

2003 4767 2098 4820 καὶ
2158 4767 2255 4836 τῆς
2309 4771 2668 4840 ἀναρρήσεως
2718 4775 2784 4843 τῇ
2840 4776 3004 4846 σοφίᾳ
3064 4777 3160 4830 καὶ
3220 4781 3437 4834 συνέσει
3474 4788 3570 4835 καὶ

2007 4858 2276 4927 πραότητι
2304 4863 2394 4910 καὶ
2426 4861 2621 4932 ἀνδρίᾳ
2653 4867 2814 4933 μόνος
2839 4866 3136 4931 ἀξιώτατος
3166 4869 3422 4940 βασιλεὺς
3455 4913 3470 4928 .
3504 4915 3519 4929 .
3556 4914 3569 4927 .

2199 5174 2214 5189 .
2294 5137 3024 5212 .ἐμὲδὲτοῦτεθρόνου.
3099 5183 3112 5199 .
3197 5188 3212 5205 ,
3293 5185 3309 5201 .
3371 5185 3387 5202 .
3444 5151 3579 5202 ,καὶ

2005 5228 2105 5299 τῆς
2144 5229 2449 5299 ἱερωσύνης
2477 5231 2728 5286 ἐκϐάλλει
2760 5236 2820 5287 τό
2877 5253 2932 5304 γε
2965 5239 3045 5299 είς
3086 5239 3248 5292 αὐτὸν
3287 5234 3422 5310 ἧκον
3462 5279 3478 5295 .
3560 5281 3575 5294 .

2196 5364 2210 5378 .
2290 5361 2305 5377 .
2355 5325 2508 5378 Ἐπεὶ
2540 5326 2594 5378 δὲ
2644 5326 2673 5378 ὁ
2721 5327 2890 5381 ποιῶν
2914 5331 2980 5383 τά
3040 5331 3218 5383 πάντα
3280 5333 3374 5384 καὶ
3413 5347 3582 5400 μετα-

2009 5414 2292 5478 σκευάξων
2334 5415 2468 5480 Θεὸς
2503 5418 2733 5485 εὐμενὲς
2766 5421 2860 5472 καὶ
2918 5421 3054 5490 πρὸς
3088 5424 3236 5491 ἡμᾶς
3303 5417 3432 5485 εἶδε,
3483 5422 3580 5474 καὶ

2007 5506 2220 5561 διέλυσε
2255 5498 2360 5578 μὲν
2394 5509 2454 5561 τὸ
2479 5513 2577 5578 τῆς
2613 5511 2934 5580 συγχύσεως
2984 5513 3164 5581 νέφος,
3214 5516 3578 5582 ἀντεισηγαγε

2007 5599 2063 5652 δὲ
2103 5600 2202 5671 τὴν
2253 5603 2356 5670 τῆς
2404 5603 2629 5673 εἰρήνης
2679 5602 2921 5672 αἰθρίαν,
2977 5605 3080 5673 τῆς
3120 5606 3218 5674 μὲν
3271 5602 3446 5672 καλῆς
3488 5606 3582 5658 καὶ

2014 5695 2255 5763 μεγάλης
2283 5695 2488 5758 πόλεως
2517 5696 2723 5765 ταύτης
2748 5699 3022 5766 ἐγκρατὴς
3055 5700 3082 5750 ὁ
3126 5697 3398 5762 θειότατος
3429 5699 3579 5766 γίνε-

2011 5801 2101 5839 ται
2138 5784 2414 5854 pauida,
2459 5787 2900 5857 ,παρῤησιεὶζεται
2933 5790 2985 5841 δὲ
3037 5791 3067 5859 ἡ
3109 5787 3380 5857 εὐσέϐεια,
3408 5791 3584 5847 καθα-
3669 5845 3671 5848 ,
