4010 6258
257 361 389 426 13η

1081 373 1425 434 CALLlSTl
1469 375 1564 435 ET
1600 376 2022 436 PIIILOTHEI
2065 379 2170 439 CP.
2220 377 2675 436 PATRIARCII.

3326 398 3336 407 ·
3365 372 3503 438 1302

256 480 312 529 ἐν
350 478 405 530 δὲ
446 463 554 540 cit;
603 479 742 550 ὑπὲρ
799 481 1078 550 εὐσεϐείας
1129 489 1340 555 ἀγῶσι,
1383 492 1416 562 ἢ
1463 492 1661 562 κοσμεῖ
1696 496 1817 548 τού·
1851 498 1892 552 Α
1923 497 2016 548 και
2044 496 2181 564 ὑπὲρ
2222 494 2402 549 αὐτῶν
2456 492 2618 556 ἀξίως
2649 492 2742 557 τῆς
2795 488 2985 543 ἑαυτοῦ
3017 490 3193 560 ψυχῆς
3223 489 3499 562 διανοηθῇ,

255 584 380 629 τους
411 569 614 639 mm»
669 571 829 625 πλέον
885 574 978 628 τοῦ
1039 577 1371 647 διαδήματος
1401 623 1416 646 ,
1472 585 1820 652 ἡττωμένους

255 659 410 709 ἐνίων
441 660 638 724 δοκεῖν,
671 663 752 731 τῷ
785 664 840 718 δέ
873 668 1152 738 κρατίστῳ
1201 673 1295 724 καὶ
1347 673 1490 743 ἁγίῳ
1525 693 1628 744 μου
1661 676 1823 729 αὑτο-

257 748 488 818 κράτορι
517 752 593 819 τῷ
628 754 1070 828 Καντακουζηνῷ
1112 762 1258 821 ἰδίως
1300 765 1425 817 τάδε
1473 766 1824 838 διαχαράττω

254 840 322 890 τὰ
346 842 670 910 γράμματα·
707 846 843 899 ἴστω
888 849 974 918 δὴ,
1012 853 1199 921 σαφῶς
1231 855 1384 920 ἴστω,
1409 858 1482 920 ὡς
1511 860 1690 911 οὐδενὶ
1718 862 1825 913 τῶν

259 929 478 994 ἀγαθῶν
508 933 737 1005 ἄμοιρον
762 939 976 1007 ἀφῆκεν
1013 944 1180 996 αὑτδν
1215 947 1241 998 ὀ
1275 945 1428 1010 θεὸς,
1470 949 1570 1001 ὅσα
1599 949 1826 1018 βασιλέα

256 1020 458 1113 τέλειον
480 1030 704 1095 κοσμεῖν
735 1026 897 1082 οἶδενο
934 1035 1198 1104 φρονήσει
1236 1054 1295 1089 τε
1341 1039 1448 1108 γὰρ
1489 1039 1651 1094 αὑτὸν
1680 1043 1821 1113 ὑπὲρ

258 1112 382 1173 τούς
427 1113 747 1182 ἀνθρώπους
801 1124 930 1185 τούς
975 1125 1070 1177 ἐπὶ
1113 1126 1215 1192 τῆς
1263 1128 1546 1200 ἡμετέρας
1593 1112 1826 1187 κατεκό-

262 1220 438 1274 σμησε
479 1211 700 1276 γενεᾶς,
756 1215 851 1267 καὶ
905 1217 1177 1281 συνέσεως
1228 1220 1324 1272 καὶ
1374 1222 1671 1292 ἐμπειρίας
1731 1226 1827 1278 καὶ

259 1296 361 1362 τῆς
398 1297 568 1368 ἄλλης
626 1309 1028 1376 στρατιωτικῆς
1079 1309 1397 1382 ἐπιστήμης
1444 1317 1673 1384 ταμεῖον
1728 1316 1829 1387 τὴν

257 1387 455 1440 ἑαυτοῦ
499 1389 677 1462 ψυχὴν
728 1395 920 1463 ἔδειξε,
963 1399 1250 1470 δογμάτων
1298 1403 1458 1457 θείων
1504 1407 1697 1476 κριτὴν
1731 1411 1828 1463 καὶ

258 1479 572 1553 ἀγωνιστὴν
613 1485 776 1538 αὐτὸν
804 1490 1210 1559 ἀπειργάσατο,
1241 1476 1458 1558 πολλοῖς
1481 1494 1676 1562 δεινοῖς
1704 1501 1828 1569 ὀμι-

256 1571 484 1638 λήσαντι
541 1579 636 1630 καὶ
706 1580 864 1648 napi
921 1581 1134 1635 πολλῶν
1183 1585 1620 1642 ἐπιϐουλευθέντι
1675 1583 1826 1655 τέλος

257 1663 415 1733 χεῖρα
449 1667 630 1736 ὀρέγει
662 1672 903 1742 κειμένῳ
935 1673 1132 1745 τούτῳ,
1180 1679 1274 1730 καὶ
1311 1677 1536 1748 βασιλέα
1565 1683 1827 1752 Χριστια-

257 1757 363 1808 νῶν
411 1759 762 1817 ἀναδείκνυσι
819 1767 1156 1836 παραδόξως.
1211 1768 1430 1824 Τούτων
1465 1775 1684 1828 πάντων
1715 1779 1826 1830 τῶν

257 1848 748 1923 πλεονεκτημάτιιν
776 1861 1214 1932 ἀπἀιτηθήσεται
1243 1865 1368 1930 τοὺς
1392 1871 1642 1938 καρποὺς
1675 1872 1733 1924 ἒν
1755 1873 1821 1942 τῇ

259 1945 416 2013 κοινῇ
452 1946 772 2030 τοῦγένους
804 1954 1064 2026 ὁμολογίᾳ
1093 1957 1245 2026 παρά
1281 1958 1372 2012 τοῦ
1402 1960 1825 2028 βασιλεύσαντος

254 2037 422 2090 αὐτὸν
480 2038 641 2096 Θεοῦ.
693 2044 1048 2116 Διαναστήτω
1099 2051 1280 2104 τοίνυν
1341 2053 1481 2122 ὑπὲρ
1517 2054 1616 2123 τῆς
1671 2056 1826 2108 εὐσε-

255 2130 434 2194 ϐείας,
477 2133 934 2208 διαθερμανθήτω
969 2141 1070 2210 τὴν
1110 2143 1309 2214 ψυχὴν,
1358 2145 1568 2201 εἰπάτω
1596 2147 1688 2200 καὶ
1721 2148 1823 2202 αὑο

251 2223 371 2286 τός·
413 2223 482 2279 '0
508 2223 686 2294 ζῆλος
736 2231 841 2284 τοῦ
890 2234 1062 2287 οἴκου
1118 2247 1234 2290 σου
1290 2237 1588 2306 κατέφαγέ
1621 2257 1717 2308 με.
1767 2240 1826 2294 Ὀ

252 2314 420 2378 αὐτος
452 2315 595 2369 ἔστω
643 2321 738 2372 καὶ
781 2321 873 2375 τὸν
918 2323 1056 2395 ὑπὲρ
1085 2326 1369 2389 εὐσεϐείας
1401 2329 1612 2397 ἐπέχων
1642 2329 1823 2398 λόγον,

247 2405 277 2456 ὀ
314 2403 482 2469 αὐτὸς
535 2407 876 2481 διαναστήτω
915 2418 1010 2469 καὶ
1061 2419 1197 2486 πρὸς
1255 2419 1354 2492 τὴν
1403 2420 1706 2492 ἐκδίκησιν,
1745 2424 1826 2487 είς

248 2497 480 2567 μνήμην
533 2499 734 2556 ἐλθέτω
791 2503 884 2558 τοῦ
938 2507 1359 2576 βασιλεύσαντος
1404 2512 1566 2566 αὑτὸν
1623 2513 1821 2582 Ἰησοῦυ

244 2589 461 2651 ἐκεῖνός
508 2609 564 2643 τε
606 2593 714 2662 γὰρ
745 2593 842 2664 τῆς
873 2599 982 2650 τῶν
1019 2600 1326 2670 ἀνθρώπων
1368 2604 1642 2673 σωτηρίας
1671 2604 1828 2670 γενό-

247 2697 420 2748 μενος
454 2681 792 2753 αὐτουργὸς,
821 2687 852 2739 δ
908 2690 1068 2753 αὐτὸς
1124 2694 1218 2745 καὶ
1264 2693 1708 2762 ἀντικρινόμενος
1758 2691 1827 2765 ἦν

242 2774 328 2836 τῶ
374 2773 604 2843 διαϐόλῳ
647 2779 740 2830 καὶ
789 2779 1162 2852 δικαιοκρισίᾳ¹
1197 2781 1384 2836 τοῦτον
1423 2784 1766 2848 καταϐαλῶν,
1801 2787 1828 2839 ὀ

243 2867 420 2930 αὐτὸς
465 2869 558 2920 καὶ
605 2869 705 2939 τὴν
748 2871 915 2924 αὐτοῦ
968 2874 1261 2941 τυραννίδα
1289 2875 1524 2940 διέλυσε,
1565 2879 1633 2948 τῇ
1669 2875 1824 2950 θεῖκῇ

240 2957 482 3027 δυνάμει
531 2962 900 3030 χρησάμενος,
937 2965 1030 3016 καὶ
1055 2959 1210 3029 οὗτος
1256 2967 1346 3020 τὸν
1384 2968 1620 3039 Χριστὸν
1655 2988 1827 3041 μιμη-

243 3052 514 3118 σάμενος,
545 3053 668 3106 ὅσον
700 3055 946 3124 ἐφικτὸν,
972 3061 1066 3111 καὶ
1099 3057 1242 3129 ὑπὲρ
1267 3058 1366 3128 τῆς
1393 3061 1652 3133 ἀληθείας
1681 3065 1824 3131 ἀγω-

1925 589 2022 657 τὴν
2068 590 2279 658 μητέρα
2325 587 2418 638 καὶ
2464 587 2588 647 τοὺς
2636 584 2896 651 ἀδελφοὺς
2961 586 3054 636 καὶ
3107 583 3206 645 τὰς
3268 583 3503 650 ἀδελφὰς

1926 680 2174 748 πτωχοὺς
2233 678 2392 740 ὄντας
2445 678 2538 729 καὶ
2605 675 2738 745 πρδς
2787 675 2920 728 Θεὸν
2969 674 3259 745 βλέποντας
3291 673 3411 743 Θεῷ
3443 692 3540 736 τε,

1926 775 2018 826 καὶ
2036 775 2100 842 τῇ
2121 770 2241 842 θείᾳ
2269 766 2520 839 βασιλικῇ
2545 768 2690 839 ψυχῇ
2709 767 3081 838 παρατίθεμαι
3106 786 3118 799 ⁸
3143 763 3260 820 οῖδα
3278 767 3386 837 γὰρ
3403 767 3502 834 τὴν

1927 867 2091 919 αὑτοῦ
2163 863 2508 929 συμπάθειαν
2531 907 2546 928 ,
2580 863 2674 915 καὶ
2712 863 2787 925 ὡς
2822 863 2963 932 ὑπὲρ
3014 860 3190 914 αὐτῶν
3237 863 3497 928 φροντιεῖ,

1930 957 2081 1024 παρὰ
2119 955 2251 1008 Θεοῦ
2283 956 2615 1021 τεταγμένος
2642 953 2826 1021 πατὴρ
2847 952 3079 1022 πτωχῶν
3102 953 3197 1005 καὶ
3233 947 3370 1005 εἶναι
3407 953 3502 1005 καὶ

1930 1047 2212 1115 λέγεσθαι.
2249 1048 2390 1100 Πᾶσι
2417 1046 2766 1114 Χριστιανοῖς
2791 1045 2889 1114 τὴν
2913 1044 2968 1095 ἐν
2988 1042 3106 1112 Θεῷ
3131 1043 3500 1113 συγχώρησιν,

1933 1139 2124 1207 ῶσπερ
2159 1139 2279 1190 τινὰ
2313 1131 2513 1207 κλῆρον
2566 1137 2774 1206 ἀφίημι
2833 1133 2929 1188 καὶ
2966 1134 3248 1204 ἁμαρτιῶν
3308 1134 3502 1202 ἄφεσιν

1935 1232 2029 1282 καὶ
2063 1230 2343 1299 βασιλείας
2370 1229 2620 1296 οὐρανῶν
2654 1228 2963 1298 ἐπεύχομαι
2997 1225 3234 1296 μέθεξιν.
3267 1226 3371 1279 Τὸν
3407 1228 3501 1279 εὐ-

1931 1321 2155 1392 ρεθέντα
2209 1323 2355 1373 σῖτον
2401 1320 2580 1388 ὀλίγον
2619 1319 2716 1374 καὶ
2760 1315 2903 1371 οῐνον
2949 1316 3130 1385 ὀλίγον
3177 1320 3235 1369 ἐν
3279 1316 3358 1385 τῷ
3394 1335 3499 1368 πα-

1932 1415 2232 1486 τριαρχείῳ
2281 1411 2705 1482 διαμερισθῆναι
2739 1409 3001 1480 βούλομαι
3036 1409 3114 1470 είς
3154 1409 3307 1478 τρεῖς
3352 1407 3502 1478 μερί-

1929 1508 2027 1570 δας
2058 1507 2274 1575 ὲπίσης,
2321 1501 2395 1558 ὧν
2425 1503 2523 1572 τὴν
2578 1503 2677 1573 μὲν
2714 1502 2843 1572 μίαν
2883 1503 2932 1554 οἱ
2969 1501 3220 1570 κληρικοὶ
3263 1499 3498 1552 λαϐέτω-

1930 1617 2029 1652 σαν
2062 1598 2285 1666 ἐπίσης,
2317 1599 2415 1666 τὴν
2439 1595 2702 1666 δευτέραν
2734 1596 2789 1647 αἱ
2815 1593 3032 1663 πτωχαί.
3062 1593 3120 1645 αἱ
3150 1591 3496 1660 καλογραῖαι,

1928 1688 2025 1759 τὴν
2069 1689 2126 1743 δὲ
2164 1687 2359 1756 λοιπὴν
2400 1687 2449 1739 οί
2489 1685 2605 1756 μετ’
2646 1682 2781 1754 ἐμοῦ
2840 1684 3068 1751 μοναχοὶ
3129 1681 3351 1748 ἀδελφοὶ
3405 1680 3500 1732 καὶ

1933 1778 2193 1848 κοσμικοὶ
2225 1777 2522 1847 ἐχέτωσαν.
2573 1775 2847 1838 Ὡσαύτως
2892 1774 2986 1827 καὶ
3036 1774 3104 1826 τὰ
3155 1771 3347 1840 ἱμάτιά
3397 1787 3498 1839 μου

1931 1872 2134 1941 ἀφίημι
2172 1871 2266 1924 καὶ
2313 1870 2485 1922 ταῦτα
2526 1871 2638 1930 τοῖς
2682 1868 2800 1938 μετ’
2853 1865 2985 1937 ἐμοῦ
3037 1864 3284 1933 ἀδελφοῖς
3309 1904 3323 1928 ,
3348 1861 3500 1917 ,ἀλλὰ

1929 1964 1993 2032 δὴ
2027 1964 2124 2016 καὶ
2165 1963 2262 2032 τὴν
2305 1962 2572 2032 πενιχράν
2612 1979 2716 2032 μου
2767 1958 3080 2030 στρωμνήν.
3119 1957 3270 2009 Ἐπεὶ
3321 1955 3377 2007 δὲ
3412 1954 3498 2007 διὰ

1929 2061 2031 2130 τὴν
2071 2060 2168 2114 τοῦ
2222 2059 2617 2131 πατριαρχείου
2676 2057 3037 2128 στενοχωρίαν
3093 2057 3187 2111 καὶ
3246 2055 3342 2125 τὴν
3401 2073 3499 2108 πο-

1928 2154 2204 2224 λυήμερον
2256 2151 2461 2220 ταύτην
2512 2153 2668 2205 νόσον
2727 2153 2818 2204 καὶ
2856 2153 3034 2221 χρεῶν
3089 2149 3496 2222 περιεπέσομεν

1930 2247 2088 2317 βάρει
2156 2245 2645 2313 ἀναϐιϐαζομένων
2699 2243 2779 2308 είς
2838 2243 3158 2313 ὑπέρπυρα,
3213 2243 3314 2294 ὅσα
3363 2241 3500 2309 δῆτα

1929 2339 2024 2391 καὶ
2055 2335 2376 2402 ποσοῦνται,
2405 2336 2441 2391 ἃ
2477 2338 2503 2388 ὀ
2532 2336 2858 2405 τιμιώτατος
2887 2336 2944 2387 ἐν
2983 2335 3236 2403 μοναχοῖς
3271 2334 3500 2400 ἀγαπηο

1933 2429 2023 2493 τδς
2063 2428 2205 2483 κατά
2245 2427 2464 2498 πνεῦμα
2510 2428 2626 2491 υίὸς
2660 2428 2760 2494 τῆς
2795 2427 2953 2497 ἡμῶν
2994 2426 3349 2496 μετριότητος
3387 2423 3496 2494 κῦρ

1931 2522 2278 2590 Θεοδὼρητος
2324 2521 2464 2574 κατά
2521 2519 2720 2573 λεπτὸν
2765 2516 2899 2583 οἶδε,
2949 2517 3153 2588 ἀφίημι
3193 2518 3328 2588 πρὸς
3368 2519 3495 2580 τοὺς

1930 2613 2234 2678 δανειστὰς,
2268 2613 2362 2664 τόν
2418 2629 2477 2663 τε
2528 2612 2880 2679 ἐντιμότατον
2935 2610 3042 2680 κῦρ
3089 2611 3348 2680 Ἀνδρέαν
3405 2610 3498 2661 τὸν

1943 2705 2252 2770 Ὀστιάριον
2309 2704 2407 2772 τῆς
2460 2704 2582 2756 καθ’
2641 2704 2789 2773 ἡμᾶς
2845 2703 3156 2770 ἁγιωτάτης
3209 2701 3304 2756 τοῦ
3362 2703 3498 2755 Θεοῦ

1929 2796 2191 2865 Μεγάλης
2231 2795 2560 2864 Ἐκκλησίας
2616 2795 2711 2848 καὶ
2759 2796 2852 2846 τὸν
2923 2794 3027 2865 κῦρ
3083 2794 3343 2864 Μανουὴλ
3408 2794 3500 2846 τὸν

1933 2889 2223 2958 Ζύμαρχον
2285 2888 2379 2940 καὶ
2427 2888 2518 2941 τὸν
2577 2885 2684 2956 κῦρ
2739 2885 2902 2940 Ξένον
2959 2887 3050 2940 τὸν
3102 2886 3433 2956 Ἀγαπητὸν,
3469 2887 3499 2938 ὃ

1931 2977 2327 3047 ἀπηωρημένοι
2360 2971 2504 3047 εἶχον
2539 2977 2851 3044 ἐγκόλπιον,
2894 2979 2987 3030 καὶ
3028 2977 3332 3048 βαρύτατον
3376 2979 3500 3030 ἐπιο

1928 3068 2110 3138 τίμιον
2143 3065 2566 3138 ἐπανατείνομαι
2614 3067 2753 3122 κατά
2784 3067 2892 3120 τῶν
2924 3069 3378 3139 διενοχλησόντων
3406 3070 3501 3121 αὐ-

239 3141 508 3206 νζέσθω,
574 3146 669 3197 καὶ
727 3148 930 3200 νικάτω
986 3150 1144 3219 νίκην
1198 3151 1479 3215 εὐσεϐείας
1542 3155 1818 3226 ἀγωνιστῇ
1850 3153 1894 3215 C
1934 3163 2070 3226 τοῖς,
2101 3159 2204 3223 ἕως
2239 3159 2305 3215 ἂν
2353 3161 2591 3230 ἀποδοθῇ
2626 3161 2834 3224 τούτοις
2867 3163 2927 3215 τὸ
2957 3163 3116 3232 χρέος
3145 3163 3182 3234 ἢ
3218 3162 3368 3233 παρά
3405 3162 3499 3215 τοῦ
3587 3149 3589 3152 ί

239 3233 596 3302 πρέπουσαν,
633 3239 727 3290 καὶ
785 3238 1082 3307 βασιλικῶς
1132 3239 1336 3310 ταύτην
1395 3245 1462 3313 τῇ
1527 3245 1827 3318 Ἐκκλησία

237 3324 390 3376 Θεοῦ
432 3326 747 3394 βραϐευέτω
769 3372 784 3396 ,
820 3331 948 3394 τούς
981 3332 1181 3397 λύκους
1228 3333 1550 3389 ἀποδιὼκων
1598 3339 1693 3391 καὶ
1726 3339 1825 3410 τὴν

241 3416 532 3483 βασιλείαν
588 3422 806 3488 κοσμῶν
863 3423 940 3494 τῷ
969 3425 1111 3494 ὑπὲρ
1145 3426 1433 3492 εὐσεϐείας
1495 3429 1682 3500 ζήλῳ,
1732 3433 1827 3486 καὶ

235 3509 462 3572 τούτοις
521 3510 609 3565 διὰ
654 3513 844 3578 τέλους
882 3518 1164 3587 ἐμμένων,
1199 3519 1480 3589 βασιλείας
1535 3523 1826 3591 amem:

237 3599 536 3666 βασιλείαν
577 3605 674 3672 τῆς
726 3607 993 3677 ἐπικήρου
1051 3611 1323 3680 μηδέποτε
1363 3613 1657 3684 λυομένην.
1695 3617 1822 3686 Ἐγ-

232 3691 474 3760 γυῶμαι
500 3693 657 3748 τοῦτο
689 3692 898 3764 σαφῶς,
926 3699 1118 3754 τούτου
1153 3701 1348 3772 δέομαι
1375 3705 1514 3774 ὑπὲρ
1535 3706 1644 3758 τῶν
1673 3725 1824 3760 πτω-

232 3785 360 3856 χῶν
397 3785 508 3839 τῶν
538 3787 842 3858 κληρικῶν,
876 3789 964 3843 ἶνα
1009 3792 1154 3864 ἆπερ
1205 3795 1498 3868 ὑπέρπυρα
1554 3817 1823 3871 προευερ-

234 3877 489 3945 γέτησεν
523 3878 718 3942 αὐτοὺς
751 3879 910 3949 χάριν
941 3881 1108 3952 ρόγας
1141 3884 1343 3948 αὐτῶν,
1368 3886 1457 3939 διὰ
1476 3887 1620 3941 θείου
1651 3905 1823 3960 προσ-

226 3970 532 4035 τάγματος
570 3968 745 4022 ταῦτα
796 3971 949 4042 παρὰ
996 3973 1090 4026 τοῦ
1120 3973 1380 4044 δημοσίου
1433 3977 1660 4032 δοθῶσιν
1693 3982 1822 4034 ἀνυ-

227 4061 532 4130 στερήτως
557 4077 571 4092 ⁸
614 4060 722 4115 οἶδε
772 4067 881 4134 γὰρ
915 4067 948 4138 ή
983 4070 1220 4139 κραταιὰ
1253 4070 1350 4124 καὶ
1387 4071 1520 4140 ἁγία
1571 4073 1823 4144 βασιλεία

219 4152 440 4215 αὐτοῦ,
469 4153 546 4217 ὡς
577 4155 808 4226 πένητες
837 4157 896 4211 τὸ
934 4160 1196 4229 παράπαν
1222 4163 1329 4216 είσὶ
1348 4205 1363 4230 ,
1399 4166 1496 4219 καὶ
1525 4166 1601 4230 ὡς
1635 4169 1826 4224 ἐκδου-

216 4245 460 4298 λεύουσι
510 4245 775 4316 διηνεκῶς
843 4252 908 4320 τῇ
956 4252 1050 4304 τοῦ
1105 4253 1241 4308 Θεοῦ
1307 4257 1603 4332 Ἐκκλησία
1638 4299 1654 4327 ,
1728 4265 1819 4318 καὶ

212 4339 301 4400 ὡς
372 4337 426 4388 οί
481 4335 699 4400 πλείους
759 4340 964 4396 τούτων
1042 4345 1397 4417 ἀνθρωπίνως
1467 4353 1604 4424 πρὸς
1668 4355 1821 4412 οὐδὲν

1930 3249 2217 3320 δημοσίου,
2249 3251 2342 3319 ἀφ’
2379 3243 2453 3304 ὧν
2486 3251 2820 3322 ὑπερπύρων
2859 3253 3093 3306 δέδωκεν
3142 3251 3171 3305 ὀ
3223 3253 3500 3314 θειότατος

1933 3339 2189 3408 βασιλεὺς
2218 3342 2283 3410 τῇ
2343 3339 2664 3412 Ἐκκλησία,
2693 3342 2725 3412 ἢ
2759 3342 2865 3394 ἀπὸ
2892 3342 2987 3396 τοῦ
3019 3342 3376 3410 είσοδὴματος
3403 3341 3497 3394 τοῦ

1929 3430 2130 3500 χωρίου
2179 3431 2275 3499 τῆς
2333 3431 2631 3500 ἐκκλησίας
2655 3431 2749 3483 τοῦ
2780 3433 3056 3500 Πασπαρᾶ
3082 3448 3095 3464 ·
3128 3435 3217 3484 τὸν
3253 3433 3308 3485 δὲ
3355 3435 3498 3486 οἱκο-

1929 3521 2095 3591 νόμον
2137 3521 2230 3574 τοῦ
2286 3522 2527 3575 τοιούτου
2563 3523 2800 3592 χωρίου,
2832 3523 2925 3576 τὸν
2969 3524 3199 3593 μοναχὸν
3233 3524 3338 3594 κῦρ
3384 3527 3498 3577 Διο-

1930 3612 2147 3675 νύσιον,
2202 3612 2465 3682 βούλομαι
2526 3613 2884 3683 ἀνενόχλητον
2930 3615 3095 3666 αὑτὸν
3148 3609 3291 3667 εἶναι
3347 3619 3498 3684 παρὰ

1927 3701 2038 3756 τῶν
2077 3702 2442 3774 βουλομένων,
2470 3705 2634 3758 αὑτὸν
2670 3705 2902 3759 ἀδικεῖν⁸
2941 3705 3036 3760 καὶ
3073 3708 3126 3761 εί
3156 3723 3207 3760 τι
3234 3707 3288 3760 δέ
3320 3708 3498 3760 είσκο-

1931 3794 2088 3865 μίσαι
2119 3795 2373 3864 ὀφείλων,
2402 3797 2499 3850 οὑκ
2527 3797 2834 3866 ἐδαπάνησε
2861 3798 3022 3851 τοῦτο
3047 3799 3127 3862 είς
3158 3799 3256 3861 τὰς
3287 3799 3498 3864 ἐξόδους

1926 3889 2036 3941 τῶν
2071 3886 2405 3959 ζευγαρίων,
2458 3888 2574 3943 ἀλλ’
2605 3889 2906 3959 ὑπελείφθη
2955 3889 3124 3958 αὐτῷ,
3177 3890 3272 3943 καὶ
3325 3889 3499 3944 ταῦτα

1928 3979 2185 4050 φέροντος
2243 3983 2310 4051 τῇ
2373 3981 2650 4052 κοινότητι
2707 3980 2818 4033 τῶν
2875 3986 2996 4050 μετ’
3050 3981 3184 4051 ἐμοῦ
3252 3982 3499 4049 ἀδελφῶν

1928 4072 2367 4143 προκείσθωσαν,
2410 4074 2924 4145 συναριθμουμένου
2960 4075 3056 4127 καὶ
3086 4073 3271 4128 αὐτοῦ.
3314 4074 3501 4144 Ἀρτο-

1926 4163 2066 4234 ποιῷ
2097 4163 2174 4234 τῷ
2203 4164 2510 4234 Βαλσαμὼν
2557 4165 2870 4236 ὀφείλονται
2907 4166 3204 4236 ὑπέρπυρα
3233 4165 3494 4236 τέσσαρα,

1929 4256 2026 4309 καὶ
2075 4257 2318 4320 γενέσθω
2368 4257 2610 4329 κάκείνῳ
2660 4260 2722 4310 τὸ
2769 4259 2976 4324 ίκανδν,
3031 4259 3090 4324 ἐξ
3134 4253 3209 4313 ὧν
3262 4259 3358 4312 καὶ
3386 4263 3501 4323 τοῖς

1920 4347 2102 4409 ἄλλοις
2151 4348 2477 4412 δανεισταῖς.
2523 4350 2644 4414 Τοῖς
2683 4353 2742 4404 ἐν
2789 4353 3013 4424 Χριστῷ
3088 4353 3338 4422 ἀδελφοῖς
3390 4370 3496 4422 μου

213 4431 364 4486 ἄλλο
427 4429 717 4497 βλέπουσιν
775 4435 808 4504 ἢ
845 4437 986 4505 πρδς
1024 4439 1086 4491 τὸ
1140 4443 1480 4512 τεταγμένον
1529 4447 1657 4500 κατ’
1691 4448 1813 4514 ἔτος
1847 4488 1890 4544 D
1920 4442 2031 4504 τοῖς
2064 4444 2299 4512 πτωχοῖς
2329 4443 2616 4513 ἀπόμοιρά
2645 4459 2728 4508 τις
2757 4444 3000 4512 γενέσθω
3035 4444 3183 4499 σίτου
3216 4446 3312 4499 καὶ
3343 4445 3491 4500 οίνου

207 4524 450 4584 αὐτοῖς,
501 4523 597 4600 καὶ,
640 4524 722 4578 ὅτι
765 4528 856 4579 καὶ⁴
900 4529 971 4580 τὰ
1029 4531 1269 4601 ἐμαυτοῦ
1325 4537 1648 4607 μνημόσυνα
1707 4541 1814 4594 ἀπὸ

204 4614 336 4664 τῶν
397 4611 736 4683 ὑπερπύρων
798 4619 1006 4672 τούτων
1085 4624 1394 4694 ἐτάχθησαν
1471 4629 1814 4700 τελεσθῆναι.

205 4703 499 4792 οἶδενρή
569 4709 803 4775 κραταιὰ
851 4711 950 4764 καὶ
1005 4713 1136 4780 ἀγία
1190 4715 1439 4783 βασιλεία
1495 4721 1660 4774 αὐτοῦ
1714 4725 1817 4792 τὴν

202 4796 317 4863 τῆς
369 4790 711 4862 Ἐκκλησίας
777 4799 1179 4869 στενοχωρίαν,
1242 4802 1340 4854 καὶ⁸
1391 4803 1467 4866 ὡς
1521 4805 1644 4858 οὐδὲ
1705 4790 1815 4858 τῶν

200 4879 560 4948 ἀναγκαίων
606 4881 784 4936 αὐτῶν
843 4878 985 4955 ἦμεν
1041 4890 1098 4940 ἐν
1141 4887 1372 4961 εὐπορίᾳ
1406 4891 1494 4945 ἀεὶ
1526 4893 1615 4946 διά
1665 4911 1722 4947 τε
1755 4896 1816 4949 τὸ

200 4971 682 5042 γεγυμνωμένην
717 4975 974 5040 καθάπαξ
1014 4977 1110 5047 τὴν
1146 4977 1475 5051 Ἐκκλησίαν
1502 4983 1686 5053 εὑρεῖν
1721 4987 1816 5039 καὶ

1931 4532 2039 4585 ἀπὸ
2066 4533 2173 4586 τῶν
2203 4534 2302 4604 τῆς
2330 4536 2550 4605 μερίδος
2573 4537 2684 4589 τῶν
2730 4538 3078 4608 καλογραιῶν
3107 4542 3201 4592 καὶ
3233 4539 3342 4592 τῶν
3374 4540 3494 4610 μετ’

1927 4625 2063 4693 ἐμοῦ
2097 4625 2368 4694 ἀδελφῶν,
2419 4628 2528 4681 Καὶ
2563 4626 2657 4681 τοῦ
2685 4631 2783 4700 τὴν
2808 4630 2949 4700 ἐμὴν
2978 4631 3182 4701 ταύτην
3220 4631 3496 4704 ἔγγραφον

1929 4715 2188 4786 βούλησιν
2226 4719 2286 4771 τὸ
2334 4719 2548 4788 βέϐαιον
2581 4721 2725 4790 ἔχειν
2784 4723 2877 4776 καὶ
2937 4724 3264 4791 ἀδιάϐλητον
3303 4731 3368 4797 τῇ
3399 4729 3497 4782 αὐ-

1925 4809 2157 4878 τοχείρῳ
2189 4809 2582 4883 ὑποσημανσίᾳ
2631 4813 2726 4882 τῆς
2783 4814 2943 4883 ἡμῶν
2975 4817 3324 4887 μετριότητος
3379 4820 3496 4872 ἐϐε-

1923 4897 2156 4968 ϐαιώθη,
2187 4899 2495 4970 ὀφείλοντος
2547 4906 2750 4966 παντὸς
2783 4906 3045 4974 ἐμμένειν
3098 4909 3214 4971 τοῖς
3264 4926 3497 4978 καταγε-

1919 4989 2267 5058 γραμμένοις
2299 4993 2395 5044 καὶ
2438 4994 2529 5045 τὸν
2563 4994 2661 5064 τῆς
2712 4997 3026 5061 εὐπειθείας
3085 5000 3278 5069 μισθὸν
3345 5002 3499 5054 ἐκδὲο

195 5069 300 5120 διὰ
368 5062 440 5154 τί)
490 5063 586 5124 τὰς
625 5065 929 5134 ἐρχομένας
972 5070 1266 5137 προσόδους
1302 5074 1507 5144 μικράς
1543 5076 1636 5128 καὶ
1665 5077 1817 5130 εὑτε-
1920 5083 2113 5150 χεσθαι
2145 5084 2297 5154 παρά
2329 5084 2485 5138 Θεοῦ.

193 5159 330 5252 λεῖς
370 5151 524 5252 εἶναι
560 5156 656 5208 καὶ
688 5159 887 5252 πάσας-
921 5160 1105 5252 σχεδον
1150 5165 1231 5226 είς
1281 5164 1379 5229 τάς
1412 5165 1523 5242 τῶν
1564 5171 1816 5240 πενήτων
2023 5151 2576 5244 ⁹Η⁹Υπεὸγέπριιπται
2597 5177 2666 5231 δὲ
2696 5181 2735 5249 ἠ
2770 5183 3014 5252 τοιαύτη
3058 5183 3312 5252 διαθήκη
3344 5186 3496 5238 κατὰ

189 5245 838 5344 εἰσέρχεσθαι-χεῖρας,
868 5248 957 5344 διὰ
993 5250 1153 5306 τοῦτο
1188 5253 1281 5307 καὶ
1315 5255 1364 5306 οί
1415 5257 1803 5328 εὑρισκόμενοι
1917 5264 2086 5333 μῆνα
2113 5267 2517 5335 Φευρουάριον
2552 5270 2664 5339 τῆς
2691 5245 3092 5344 ὲὲισταμέκης
3136 5245 3337 5344 τρίτης
3375 5276 3491 5332 ινδ.

193 5342 334 5414 μετ’
378 5335 529 5408 ἐμοῦ
584 5337 810 5408 ἀδελφοὶ
863 5342 918 5395 οἵ
962 5360 1021 5396 τε
1070 5349 1299 5416 μοναχοὶ
1339 5349 1436 5401 καὶ
1459 5350 1509 5402 οί
1551 5354 1810 5422 κοσμικοὶ
1922 5353 2028 5407 τοῦ
2069 5360 2184 5417 ,ςω’
2216 5335 2652 5424 πεντηκοστοῦ
2686 5335 3135 5431 ὀγδόου-ἔτους.

188 5430 602 5526 ’ταλαιπώρως
655 5431 926 5526 διετέλουν
962 5434 1227 5506 βιοῦντες⁵
1263 5440 1486 5504 τούτους
1511 5442 1712 5512 ἀφίημι
1743 5445 1807 5513 τῇ
1990 5445 2028 5514 ’ξ-
2060 5441 2204 5515 Ιζῖχε
2235 5447 2420 5502 καὶτὸ
2445 5452 2838 5518 πρωτότυπον
2865 5454 2964 5508 διὰ
3000 5456 3114 5524 τῆς
3140 5457 3312 5526 ἀνίας
3340 5458 3492 5513 ἐκείο

192 5520 476 5592 προνοίᾳ·
507 5521 601 5576 τοῦ
643 5523 780 5579 Θεοῦ
831 5527 927 5582 καὶ
980 5527 1075 5586 τοῦ
1108 5528 1363 5594 εὐσεϐοῦς
1398 5531 1684 5604 βασιλέως,
1720 5535 1806 5589 ἵνα
1917 5554 2027 5592 νου
2067 5540 2265 5607 χειρὸς
2297 5541 2362 5595 τό
2389 5559 2399 5573 ο
2437 5535 2593 5613 Μηνὶ
2626 5548 3002 5618 Φειφουαρίῳ
3030 5520 3144 5604 ἃᾶ.
3180 5520 3246 5619 θ’.
