4026 6264
409 286 546 352 1305

403 496 660 566 ἀθέτησιν
694 501 790 567 τῆς
833 502 1117 570 όρθοδόξου
1151 511 1248 561 καὶ
1276 512 1536 576 εὐσεϐοῦς
1570 516 1678 568 τῶν
1709 518 1968 586 Χριστια-

401 589 508 642 νῶν
539 590 772 654 πίστεως
795 595 890 646 καὶ
928 597 1008 658 είς
1040 599 1258 668 ἀπάτην
1289 604 1382 655 καὶ
1434 607 1638 676 πλάνην
1677 611 1771 663 καὶ
1803 611 1966 682 ψυχι-

396 681 492 735 κὸν
537 684 714 736 αὐτῶν
766 686 1009 758 ὄλεθρον,
1055 692 1149 744 καὶ
1201 695 1347 758 ὅπως
1400 699 1510 751 ἀπὸ
1560 702 1660 769 τῆς
1709 681 1966 776 τοιαύτης

397 775 604 844 πλάνης
650 780 1060 862 παρεσύρησαν,
1094 784 1291 849 οἵτινες
1317 787 1379 858 δὴ
1411 793 1503 844 καὶ
1544 775 1957 867 παρεσύρησαν,

393 867 474 929 είς
528 867 626 936 τὴν
678 870 992 939 διαϐολικὴν
1051 875 1254 947 ταύτην
1322 883 1560 953 ἀπάτην.
1615 881 1723 940 Ἦν
1777 886 1868 943 οὖν
1930 895 1960 961 ἡ

393 956 612 1028 τοιαύτη
648 961 871 1016 ἀσέϐεια
902 965 994 1017 ἐπὶ
1021 968 1235 1036 χρόνοις
1288 974 1491 1036 ἱκανοῖς
1519 983 1872 1053 κρυπτομένη
1901 956 1960 1038 τε

391 1049 484 1099 καὶ
535 1049 894 1116 λανθάνουσα,
927 1057 1428 1131 προμηθευσαμένη
1471 1065 1530 1118 δὲ
1580 1069 1611 1137 ἠ
1665 1049 1958 1143 μετριότης

389 1140 564 1232 ἡμῶν,
592 1143 828 1212 Χριστοῦ
862 1147 1066 1214 χάριτι,
1095 1153 1235 1205 κατά
1281 1154 1340 1208 τὸ
1386 1158 1532 1220 εἰκὸς
1563 1161 1654 1212 καὶ
1679 1140 1960 1232 διάνφρον·

385 1230 526 1292 τίδος
580 1237 958 1308 ποιησαμένη,
1019 1239 1158 1295 ὥστε
1219 1249 1501 1318 καταφανῆ
1561 1252 1656 1304 καὶ
1714 1230 1958 1326 φανεράν

385 1323 635 1417 γενέσθαι
688 1327 785 1396 τήν
842 1331 1101 1402 τοιαύτην
1147 1339 1679 1413 συγκεκαλυμμένην
1721 1323 1950 1417 πλάνην,

390 1412 529 1474 μετά
558 1415 1071 1507 τῆςγπροσηκούσης
1121 1425 1388 1497 πρότερον
1428 1412 1805 1499 παραινέσεως
1835 1412 1958 1507 by};

386 1517 545 1592 νεγκε
600 1506 692 1560 καὶ
726 1507 893 1579 βάρος
945 1514 1400 1583 ἐκκλησιαστικοῦ
1442 1521 1747 1592 ἐπιτιμίου,
1789 1529 1883 1580 καὶ
1920 1506 1953 1582 ό

386 1591 483 1687 τὴν
540 1601 812 1666 σωτηρίαν
859 1601 1114 1657 ἀπάντων
1172 1591 1699 1680 πραγματευόμενος
1753 1617 1955 1687 Κύριος

385 1683 478 1735 καὶ
535 1688 602 1739 τά
663 1691 878 1744 ἐναντία
921 1693 1010 1748 διὰ
1058 1695 1165 1749 τῶν
1211 1699 1467 1754 ἐναντίων
1509 1703 1809 1774 οἰκονομῶν
1852 1709 1952 1761 οὐκ

1230 298 1571 363 CALLISTI
1616 304 1713 365 ET
1748 308 2169 372 PIIILOTIIEI
2214 314 2325 374 ΕΡ.
2366 316 2830 384 PATRHRCH.

406 406 502 456 καὶ
531 405 842 471 διαϐολικάς
894 412 986 464 καὶ
1038 415 1216 485 πάσης
1261 420 1516 483 ἀσεϐείας
1566 429 1773 493 μεστὰς
1806 429 1885 492 εἷς
1915 447 1973 482 τε
2005 437 2046 490 Α

3514 333 3646 403 1306

2077 434 2336 488 τοιούτων
2389 439 2748 509 ψυχοφθόρων
2791 445 2884 496 καὶ
2943 444 3266 516 λυμεώνων,
3330 452 3426 504 καὶ
3484 454 3644 525 ἔχητε

2073 525 2165 576 καὶ
2210 527 2308 596 τήν
2341 530 2459 599 μετ’
2494 533 2740 601 ἀλλήλων
2787 536 3091 608 ἐπαινετὴν
3128 541 3356 610 εἰρήνην
3386 547 3477 596 καὶ
3512 549 3644 612 ἀγά-

2071 633 2200 685 πην,
2243 621 2584 689 μεμνημένοι
2636 624 2728 677 τοῦ
2785 627 3018 695 μεγάλου
3077 630 3380 685 ἀποστόλου
3427 637 3640 689 Παύλου

2069 706 2438 772 διδάσκοντοςο
2512 712 2818 781 Ἀδελφοί,
2873 718 3124 786 ειρήνην
3197 720 3439 775 διώκετε
3489 726 3640 792 μετὰ

2068 797 2310 852 πάντων
2365 802 2460 855 καὶ
2521 803 2629 856 τὸν
2688 807 3011 874 ἁγιασμόν,
3076 804 3148 865 οὗ
3206 814 3399 882 χωρὶς.
3439 815 3642 880 οὐδεὶς

2067 889 2246 957 ὅψετε
2300 892 2410 945 τὸν
2459 895 2697 960 Κύριον.
2733 897 2841 950 Καὶ
2905 901 3046 952 κατά
3094 901 3189 953 τὸν
3245 905 3405 956 αὐτὸν
3461 907 3636 975 μέγαν

2079 984 2405 1039 Ἀπόστολον
2445 989 2836 1058 ἐπεκτείνησθε
2900 994 3015 1054 τοῖς
3073 994 3385 1062 ἔμπροσθεν
3441 997 3632 1058 καλοῖς

2064 1075 2244 1144 ἔργοις
2281 1078 2376 1130 καὶ
2411 1079 2826 1148 κατορθώμασι,
2858 1082 2950 1134 καὶ
3000 1081 3307 1153 ἐνθυμῆσθε
3347 1085 3407 1137 τὸ
3437 1087 3636 1156 ἐπίκη-

2065 1183 2156 1234 ρον
2191 1168 2282 1220 καὶ
2318 1167 2494 1238 βραχὺ
2552 1169 2676 1238 τῆς·
2719 1171 3001 1242 παρούσης
3051 1173 3217 1241 ζωῆς,
3249 1176 3347 1236 τάς
3398 1191 3456 1227 τε
3509 1179 3634 1245 μελ-

2063 1257 2262 1320 λούσας
2308 1261 2565 1324 αἰωνίους
2618 1263 2728 1315 τῶν
2763 1263 2985 1329 ἀγαθῶν
3017 1265 3348 1334 κληρουχίας
3398 1267 3504 1320 τῶν
3534 1285 3634 1321 κα-

2061 1349 2169 1413 λῶς
2198 1353 2292 1403 καὶ
2352 1351 2662 1421 θεαρέστως
2715 1355 2952 1409 ἐνταῦθα
2996 1355 3341 1424 βεϐιωκότων
3382 1360 3478 1412 καὶ
3531 1360 3632 1422 τάς

2059 1438 2450 1506 ἀτελευτήτους
2487 1441 2740 1504 κολάσεις
2785 1442 2893 1496 τῶν
2944 1445 3332 1515 ἀμετανοήτως
3375 1447 3630 1516 ἁμαρτα-

2060 1527 2279 1592 νόντων,
2314 1531 2400 1582 ἵνα
2455 1530 2554 1583 διὰΔ
2590 1531 2691 1598 τῆς
2724 1533 2895 1603 καλῆς
2955 1535 3111 1603 ὑμῶν
3159 1536 3505 1606 ἀναστροφῆς
3537 1539 3631 1591 καὶ⁹

2058 1618 2338 1682 πολιτείας
2396 1621 2488 1673 καὶ
2545 1622 2948 1692 ἐκπληρώσεως
3015 1624 3127 1676 τῶν
3181 1625 3340 1678 θείων
3397 1626 3628 1679 ἐντολῶν

2057 1707 2348 1777 δοξάζηται
2377 1711 2438 1763 τὺ
2467 1711 2730 1779 πανάγιον
2771 1713 2942 1779 ϐνομα
2981 1712 3077 1766 τοῦ
3106 1713 3266 1776 Θεοῦ,
3299 1716 3620 1785 ἐδιδάχθητε

383 1776 661 1875 ἠνέσχετο,
701 1782 819 1836 οὐδέ
852 1785 1244 1858 παρεχώρησεν
1274 1792 1365 1845 ἐπὶ
1412 1793 1573 1846 πλέον
1603 1768 1950 1867 συγκρύπτε-
1982 1768 2028 1827 Β
2060 1768 2144 1851 δὲ⁷
2171 1768 2266 1852 καὶ
2320 1803 2378 1852 ἐν
2405 1804 2470 1871 τῇ
2499 1801 2591 1854 τοῦ
2625 1768 2800 1870 ’ἀγίου
2826 1768 3214 1874 βαπτίσματος
3241 1768 3489 1875 ἀποταγὲ
3519 1768 3628 1859 τῶν

384 1865 506 1919 σθαι
535 1873 628 1924 καὶ
673 1873 954 1928 λανθάνειν
1000 1879 1067 1932 τά
1109 1882 1375 1951 εἰρημένα
1408 1884 1508 1953 τῆς
1547 1865 1950 1959 Ἀμαραντίνης

383 1962 850 2030 κακουργήματα,
892 1967 1027 2021 ἀλλά
1076 1973 1196 2033 ταῖς
1247 1974 1404 2042 ήμῶν
1453 1976 1563 2030 τῶν
1608 1977 1949 2048 ἁμαρτωλῶν

383 2051 478 2102 καὶ
526 2052 761 2116 ἀναξίων
820 2056 1023 2111 δούλων
1075 2061 1238 2116 αὑτοῦ
1291 2066 1482 2135 εὐχαῖς
1548 2068 1642 2121 καὶ¹
1698 2069 1950 2140 δεήσεσιν

383 2141 774 2213 ἐπικαμφθεὶς,
807 2149 880 2210 ὡς
920 2150 1256 2222 εῦσπλαχνος
1295 2156 1456 2224 φύσει
1509 2160 1599 2211 καὶ
1647 2160 1949 2231 φιλοικτίρ-

388 2249 524 2322 μων,
561 2236 642 2296 είς
674 2238 838 2305 μέσον
881 2245 1258 2311 παρεσκεύασε
1306 2249 1479 2300 ταῦτα
1521 2249 1947 2322 θριαμϐευθῆναι

387 2321 480 2372 καὶ
532 2324 932 2397 ἀπελεγχθῆναι
972 2333 1062 2384 καὶ
1090 2333 1177 2386 διὰ
1221 2335 1381 2405 τῆσδε
1409 2338 1510 2407 τῆς
1545 2321 1948 2410 Ἀμαραντίνης

382 2410 488 2502 ἀπὸ
539 2415 805 2482 στόματος
851 2419 1335 2493 ἀνομολογησάσης
1370 2428 1460 2480 ἐπὶ
1501 2429 1598 2497 τῆς
1646 2433 1768 2484 καθ’
1799 2435 1947 2502 ἡμᾶς

381 2501 530 2565 θείας
587 2510 681 2560 καὶ
737 2512 888 2580 ίερᾶς
941 2516 1158 2568 συνόδου
1209 2519 1303 2570 καὶ
1357 2519 1424 2573 δι’
1481 2523 1684 2591 ἐτέρων
1736 2501 1946 2579 πολλῶν

386 2596 848 2665 προσδραμόντων
890 2605 954 2672 τῇ
1008 2609 1158 2674 κοινῇ
1213 2611 1383 2678 μητρὶ
1428 2613 1493 2680 τῇ
1523 2611 1618 2663 τοῦ
1649 2612 1782 2666 Θεοῦ
1825 2613 1950 2666 Ἐκ-

384 2685 601 2756 κλησίᾳ,
627 2688 706 2757 τῷ
735 2692 901 2760 κοινῷ
949 2693 1056 2746 τῶν
1096 2693 1284 2765 ψυχῶν
1336 2700 1575 2770 ἰατρείῳ,
1608 2703 1702 2754 καὶ
1757 2703 1947 2772 ἐξομο-

385 2777 610 2847 λόγησιν
640 2781 884 2852 καθαρὰν
933 2789 1321 2856 ποιησαμένων
1350 2792 1444 2845 καὶ
1486 2795 1621 2859 πρὸς
1651 2795 1946 2864 θεραπείαν

386 2870 480 2920 καὶ
533 2871 822 2939 ἐξιλασμδν
875 2877 1222 2947 προσήκοντα
1251 2882 1522 2937 λαϐόντων
1574 2889 1668 2939 καὶ
1701 2889 1770 2940 τὰ
1803 2889 1945 2958 φάρ-

389 2977 560 3029 μακα.
595 2961 763 3015 Τοῦτο
801 2965 854 3019 δὲ
902 2968 1126 3034 γέγονεν
1176 2971 1394 3043 εὐδοκία
1444 2975 1604 3039 Θεοῦ,
1643 2977 1718 3041 ὡς
1767 2980 1832 3032 ἀν
1870 2981 1946 3049 μὴ

387 3050 613 3104 καθόλου
646 3054 705 3106 τὸ
738 3055 845 3106 τῶν
892 3057 1236 3126 Χριστιανῶν
1286 3063 1555 3134 ἀπόληται
1586 3067 1762 3134 γένος,
1795 3071 1946 3141 ἐνερ-

386 3142 669 3210 γουμένων
698 3143 791 3195 καὶ
819 3145 895 3197 ἔτι
931 3146 1041 3200 τῶν
1073 3149 1330 3202 τοιούτων
1362 3153 1634 3222 θεομισῶν
1666 3157 1952 3228 ἀσεϐημά-

385 3233 493 3286 τῶν
547 3236 639 3286 καὶ
691 3238 1016 3304 μιασμάτων
1043 3257 1055 3270 ·
1090 3242 1177 3294 διὰ
1223 3245 1395 3298 ταῦτα
1430 3247 1536 3316 γὰρ
1567 3248 1804 3317 ἐπῆλθον
1848 3253 1955 3304 ἀπὸ

384 3323 484 3388 τῆς
539 3323 800 3391 θεηλάτου
833 3330 924 3380 καὶ
956 3329 1168 3393 δικαίας
1213 3333 1380 3402 ὀργῆς
1426 3335 1485 3399 ἐξ
1528 3337 1954 3407 ἀγανακτήσεως

388 3412 441 3462 οῖ
464 3429 520 3463 τε
557 3413 705 3482 λιμοὶ
736 3418 829 3469 καὶ
860 3418 1038 3488 λοιμοὶ
1082 3423 1278 3474 ἐκεῖνοι
1321 3424 1412 3477 καὶ
1445 3425 1493 3476 ot
1530 3427 1625 3493 τῆς
1672 3427 1773 3496 γῆς
1821 3429 1952 3480 ἀνα-

388 3508 638 3576 τιναγμοὶ
669 3508 762 3559 καὶ
792 3515 1030 3580 σεισμοὶ,
1065 3515 1128 3564 ἐκ
1159 3513 1426 3580 θεμελίων
1456 3518 1660 3586 ταύτην
1695 3519 1954 3571 σαλεύον-

387 3613 497 3662 τες,
534 3599 626 3649 καὶ
681 3601 735 3650 αί
791 3603 890 3668 τῆς
940 3602 1214 3672 θαλάσσης
1263 3606 1492 3675 φοϐεραὶ
1544 3609 1804 3678 ἐκδρομαὶ
1861 3612 1956 3663 καὶ

389 3691 718 3758 ἐπικῗιύσεις,
774 3693 1128 3764 βρυχωμένης
1172 3696 1359 3768 ῶσπερ
1391 3702 1445 3752 ἐν
1480 3699 1636 3770 θυμῷ
1682 3704 1773 3754 καὶ
1813 3720 1956 3770 παρ-

390 3781 688 3850 ερχομένης
737 3784 805 3836 τὰ
850 3786 1048 3856 ἑαυτῆς
1096 3788 1240 3859 ὅρια,
1329 3791 1420 3842 καὶ
1473 3791 1522 3842 οἱ
1577 3791 1955 3862 κατακλυσμοὶ

389 3874 483 3925 καὶ
542 3876 591 3926 of.
655 3875 1022 3946 ἐνσκήψαντες
1086 3881 1428 3949 ὲμπρησμοὶ,
1464 3883 1553 3933 καὶ
1604 3884 1653 3933 oi
1707 3882 1954 3935 τοσοῦτοι

389 3967 643 4036 ἐμφύλιοι
672 3969 920 4040 πόλεμοι,
964 3970 1057 4022 καὶ
1088 3973 1120 4040 ἡ
1150 3960 1551 4040 ἀπροσδόκητος
1583 3973 1826 4043 ῥομφαία
1860 3973 1954 4025 τοῦ

390 4059 704 4127 θανατικοῦ,
745 4064 839 4116 καὶ
886 4065 913 4114 ὁ
941 4065 1098 4132 φόνος
1148 4065 1256 4116 τῶν
1285 4065 1569 4133 ὁμοφύλων
1611 4066 1955 4135 Χριστιανῶν

389 4155 632 4221 ἀδελφῶν
668 4157 762 4210 καὶ
795 4158 1037 4224 γνησίων
1070 4156 1349 4224 συγγενῶν
1393 4156 1483 4209 ὑπ’
1516 4157 1780 4226 ἀλλήλων,
1818 4160 1951 4224 φεῦί

388 4251 512 4302 καθ’
542 4251 780 4318 ἑκάστην
809 4249 1206 4319 φονευομένων,
1228 4251 1611 4319 ἀγνοησάντων
1642 4252 1768 4312 τοὺς
1797 4252 1956 4320 ὅρους

387 4344 481 4412 τῆς
518 4345 750 4410 φύσεως,
789 4342 894 4394 ὑπὸ
937 4341 1037 4409 τῆς
1084 4341 1176 4394 τοῦ
1225 4341 1472 4395 διαϐόλου
1533 4342 1958 4411 φρενοϐλαϐείας

391 4437 484 4485 καὶ⁵
517 4436 550 4503 ἡ
583 4434 733 4502 παρά
766 4432 871 4486 τῶν
926 4433 1217 4502 βαρϐάρων
1249 4435 1343 4486 καὶ
1378 4434 1590 4486 ἀσεϐῶν
1618 4433 1828 4502 ἐχθρῶν
1862 4433 1956 4485 καλ⁴

391 4524 564 4577 ἀθέων
593 4523 896 4576 ἐπελθοῦσα
945 4525 1154 4593 χαλεπὴ
1203 4527 1296 4578 καὶ
1343 4525 1555 4593 μεγάλη
1607 4525 1956 4594 αἱχμαλωσία

391 4617 482 4668 καὶ
518 4617 545 4667 ὁ
576 4615 884 4683 ἂφανισμδς
925 4612 1017 4665 καὶ
1072 4617 1104 4681 ἡ
1151 4615 1325 4682 φθορὰ
1356 4618 1447 4667 καὶ
1491 4616 1525 4682 ή
1575 4614 1858 4682 διασπορὰ,
1891 4614 1957 4680 ἣν

395 4710 605 4776 ὑπέστη
650 4710 744 4761 καὶ
801 4707 1092 4775 ὑφίσταται
1127 4707 1328 4770 ἀθλίως
1373 4709 1430 4760 τὸ
1473 4708 1583 4761 τῶν
1613 4708 1956 4777 Χριστιανῶν

393 4803 568 4868 γένος,
602 4801 730 4870 περὶ
779 4794 854 4852 ὦν
885 4797 1008 4851 οὔτε
1053 4800 1272 4851 ἀκούειν
1315 4798 1562 4864 δυνατὸν,
1601 4798 1724 4851 οὔτε
1774 4799 1953 4866 λέγειν

392 4893 677 4962 ἀδακρυτί.
709 4894 806 4944 Διὰ
835 4891 1006 4944 ταῦτα
1044 4891 1344 4960 παρακαλῶ
1372 4892 1516 4959 ὑμᾶς
1543 4891 1638 4942 καὶ
1688 4892 1751 4943 ἐκ
1784 4891 1956 4958 μέσης

393 4985 491 5054 τῆς
529 4985 706 5054 ψυχῆς
756 4983 1080 5053 παρακαλῶ,
1107 4982 1272 5035 τέκνα
1306 4999 1406 5049 μου
1460 4985 1516 5034 ἐν
1565 4980 1784 5050 Χριστῷ
1813 4984 1952 5048 ἀγα-

397 5082 564 5148 πητά,
601 5077 686 5128 ἵνα
718 5075 1080 5146 ἐπιστρέψητε
1117 5063 1344 5136 ἕκαστος
1378 5075 1543 5140 ὑγιῶς
1595 5073 1689 5126 καὶ
1720 5073 1958 5140 γνησίως

393 5172 486 5224 καὶ
525 5169 582 5235 ἐξ
608 5169 732 5240 ὅλης
762 5167 938 5237 ψυχῆς
968 5171 1061 5219 καὶ
1091 5165 1328 5228 διανοίας
1356 5166 1488 5235 πρὸς
1514 5165 1648 5217 Θεὸν
1678 5165 1766 5216 τὸν
1797 5163 1957 5232 μόνον

394 5262 590 5325 σώζειν
641 5260 962 5329 δυνάμενον,
1018 5259 1115 5310 καὶ
1158 5257 1320 5326 ἔχητε
1375 5258 1478 5327 πρὸ
1531 5255 1824 5325 ὀφθαλμῶν
1866 5255 1957 5306 τὺν

391 5354 553 5421 φόϐον
585 5352 772 5418 αὐτοῦ,
817 5355 913 5405 καὶ
941 5353 1269 5421 προσέχητε,
1308 5350 1423 5412 πῶς
1469 5350 1823 5419 περιπατεῖτε
1864 5349 1957 5400 καὶ

398 5449 714 5516 συντηρεῑτε
769 5445 861 5498 καὶ
902 5444 1207 5512 φυλάσσετε
1257 5444 1486 5504 ἑαυτοὺς
1521 5441 1844 5511 ἀκλονήτους
1878 5442 1957 5500 εἰς

393 5539 488 5606 τὴν
521 5538 1002 5610 πατροπαράδοτον
1048 5537 1294 5606 καθαρὰν
1346 5538 1438 5588 καὶ
1486 5535 1766 5604 ὀρθόδοξον
1797 5534 1955 5586 εύσέ-

396 5630 546 5682 ϐειαν
581 5634 672 5682 καὶ
712 5632 893 5686 πίστιν
925 5630 1101 5698 ὑμῶν,
1136 5630 1232 5682 καὶ
1269 5627 1548 5711 ἀπέχησθε
1587 5625 1816 5678 καθόλου
1848 5625 1955 5678 ἀπὸ

399 5723 494 5788 τῆς
526 5721 801 5790 ἐπιμιξίας
836 5724 925 5775 καὶ
955 5720 1372 5793 συμφιλιώσεως
1407 5721 1497 5772 καὶ
1529 5720 1808 5779 κοινωνίας
1849 5719 1952 5769 τῶν

2065 1890 2374 1943 σατανικῶν
2412 1890 2592 1960 ἔργων
2623 1894 2719 1946 καὶ
2764 1897 2828 1964 τῇ
2860 1893 2955 1946 τοῦ
2987 1894 3228 1961 Χριστοῦ
3279 1899 3519 1966 συνταγῇ
3561 1901 3630 1950 τὰ

2063 1980 2366 2050 ἀρέσκοντα
2422 1983 2499 2052 τῷ
2546 1983 2663 2051 Θεῷ
2690 1986 2784 2037 καὶ
2823 1985 2920 2053 τὴν
2968 1985 3076 2037 τῶν
3126 1986 3313 2040 κακῶν
3338 1989 3630 2057 ἀποφυγὴν

2062 2071 2158 2123 καλ¹
2206 2069 2576 2142 ἀλλοτρίωσιν.
2641 2074 2974 2144 Φοϐηθῶμεν
3035 2076 3246 2140 τοίνυν,
3305 2077 3625 2145 ἀγαπητοὶ,

2061 2162 2158 2214 καὶ
2189 2165 2480 2233 ἀποστήτω
2529 2166 2757 2227 ἕκαστος
2808 2168 2916 2219 ἀπὸ
2964 2167 3073 2220 τῶν
3141 2168 3396 2238 πονηρῶν
3451 2169 3627 2237 ὑμῶν,

2060 2254 2156 2306 καὶ
2207 2255 2280 2324 μὴ
2316 2257 2697 2324 καταδεχέσθω
2733 2258 3151 2326 συναπάγεσθαι
3202 2263 3316 2322 τοῖς
3367 2260 3462 2312 τοῦ
3508 2261 3629 2314 δια-

2059 2342 2216 2396 ϐόλου
2267 2345 2650 2412 θεραπευταῖς,
2685 2347 2821 2400 ἀλλά
2889 2350 3237 2414 σπουδαζέτω
3281 2349 3379 2419 τὴν
3431 2350 3628 2404 ἐαυτοῦ

2057 2433 2236 2504 ψυχὴν
2292 2437 2388 2504 τῆς
2440 2437 2664 2489 αἰωνίου
2727 2441 3115 2506 κατακρίσεως
3176 2440 3624 2509 περισώσασθαι·

2059 2525 2365 2590 γέγραπται
2421 2529 2567 2596 γὰρ,
2625 2529 2710 2579 ὅτι
2776 2531 2976 2592 πάντες
3030 2531 3499 2600 παραστησόμεθα
3551 2531 3630 2599 τῷ

2063 2614 2266 2683 βήματι
2308 2617 2401 2668 τοῦ
2437 2618 2697 2688 Χριστοῦ,
2746 2621 2830 2673 ἵνα
2864 2622 3156 2691 κομίσηται
3209 2624 3442 2686 ἕκαστος
3491 2623 3628 2694 πρὸς

2057 2705 2086 2756 ὃ
2116 2705 2369 2783 ἔπραξεν,
2398 2706 2508 2778 εἴτε
2544 2708 2769 2774 ἀγαθὸν,
2799 2710 2909 2762 εῖτε
2957 2712 3218 2780 πονηρδν,
3257 2712 3381 2763 ἐπεὶ
3428 2712 3523 2764 καὶ
3569 2712 3626 2763 αἱ

2061 2797 2203 2849 κατά
2249 2797 2312 2848 τὸ
2367 2796 2546 2861 θεῖον,
2593 2799 2671 2860 ὡς
2723 2799 2960 2870 εἴρηται,
3023 2800 3309 2871 βάπτισμα
3362 2801 3626 2870 συνθῆκαι

2060 2885 2154 2936 καὶ
2212 2888 2469 2952 συνταγαὶ
2540 2888 2770 2956 μεγάλαι
2847 2890 2942 2942 καὶ
2997 2893 3044 2943 οἱ
3101 2892 3378 2960 μάρτυρες
3441 2891 3628 2953 αἰδοῦς

2059 2974 2238 3026 ἱκανοὶ
2282 2975 2509 3043 ,ἄγγελοι
2537 2993 2551 3007 ·
2580 2979 2675 3030 καὶ
2721 2977 2828 3048 γὰρ
2859 2979 2999 3032 κατά
3050 2979 3142 3032 τὸν
3173 2979 3363 3049 καιρὸν
3412 2981 3626 3032 ἐκεῖνον

2054 3065 2154 3131 τὴν
2214 3066 2500 3135 ὁμολογίαν
2550 3069 2943 3136 ἐγγράφουσιν,
2973 3070 3040 3140 ήν
3081 3072 3178 3123 καὶ
3228 3071 3625 3141 ἀπαραιτήτως

2057 3156 2546 3226 ἀπαιτηθησόμεθα
2594 3160 2651 3211 ἐν
2686 3161 2752 3229 τῇ
2804 3159 3012 3230 φοϐερᾷ
3068 3165 3344 3231 παρουσίᾳ
3387 3160 3480 3214 τοῦ
3521 3161 3627 3214 Κυ-

2059 3246 2176 3314 ρίου
2208 3248 2301 3300 καὶ
2333 3248 2468 3302 Θεοῦ
2534 3249 2628 3302 καὶ
2664 3249 2919 3320 Σωτῆρος
2952 3253 3109 3320 ήμῶν
3157 3252 3332 3321 Ἰησοῦ
3381 3251 3621 3320 Χριστοῦ

2055 3337 2111 3388 ἐν
2141 3338 2205 3406 τῇ
2234 3337 2416 3408 ήμέρᾳ
2444 3339 2539 3407 τῆς
2580 3339 2881 3408 μελλούσης
2924 3342 3360 3405 ἀνταποδόσεως.
3404 3343 3499 3404 Τίς
3529 3341 3622 3394 οῦν

2056 3431 2115 3482 οὐ
2159 3429 2349 3500 τρέμει
2391 3431 2452 3482 τὸ
2493 3431 2805 3498 λογοθέσιον
2850 3433 3028 3484 ἐκεῖνο
3081 3432 3142 3484 τὸ
3176 3435 3318 3501 μέγα
3366 3436 3461 3488 καὶ
3507 3436 3626 3487 ἀδέ-

2059 3539 2276 3586 καστον,
2306 3523 2394 3574 ὅτε
2445 3521 2914 3590 παραστησόμεθα
2963 3523 3159 3592 γυμνοὶ
3214 3524 3306 3576 καὶ
3357 3541 3625 3596 τετραχη-

2057 3615 2302 3683 λισμένοι
2334 3615 2426 3666 ἐπὶ
2467 3613 2561 3666 τοῦ
2594 3611 2828 3681 φοϐεροῦ
2863 3613 2957 3666 καὶ
3003 3613 3444 3684 ἀπαραλογίστου
3503 3634 3625 3684 κρι-

2057 3706 2248 3775 τηρίου
2286 3705 2514 3770 ἐκείνου,
2536 3705 2690 3772 λόγον
2717 3703 3114 3772 ἀπαιτούμενοι
3156 3705 3265 3756 τῶν
3298 3708 3626 3775 πεπραγμέ-

2057 3815 2198 3864 νων;
2256 3797 2320 3850 Τί
2389 3796 2604 3864 λέγεις,
2671 3796 2958 3864 ἀνθρωπε;
3020 3794 3160 3858 Χθές
3223 3798 3485 3862 ἀπετάξω
3548 3798 3626 3866 τῷ

2060 3889 2270 3958 Σατανᾷ
2305 3890 2397 3940 καὶ
2437 3891 2569 3940 πᾶσι
2609 3891 2719 3950 τοῖς
2750 3887 2934 3955 ἔργοις
2962 3886 3148 3956 αὐτοῦ,
3184 3891 3277 3941 καὶ
3306 3889 3382 3957 τῷ
3406 3889 3627 3958 Χριστῷ

2062 3982 2358 4046 συνετάξω,
2389 3981 2484 4034 νῦν
2515 3981 2570 4033 δὲ
2603 3981 2944 4050 θεραπευτής
2973 3980 3160 4048 ἐγένου
3203 3981 3300 4034 τοῦ
3350 3981 3620 4035 διαϐόλου.

2059 4073 2133 4125 Ού
2169 4071 2342 4138 φοϐεῖ,
2375 4072 2497 4124 ούδέ
2541 4074 2804 4142 τρέμεις;
2855 4073 2998 4142 Πρὸς
3046 4073 3168 4125 τίνα
3205 4072 3304 4133 τὰς
3354 4072 3625 4140 συνθήκας

2059 4166 2359 4234 ἐποίησας;
2390 4165 2504 4216 Οὐκ
2537 4163 2776 4234 ήκουσας
2828 4163 2927 4232 τὴν
2966 4164 3238 4231 ἀπόφασιν
3266 4164 3364 4232 τήν
3390 4178 3404 4193 ο
3453 4163 3626 4215 Ἀπο-

2058 4258 2298 4326 χωρεῖτε
2335 4256 2437 4311 ἀπ’
2486 4257 2654 4326 ἐμοῦ,
2690 4257 2911 4321 πάντες
2969 4261 3027 4309 οἱ
3056 4256 3292 4326 ἐργάται
3342 4255 3448 4324 τῆς
3485 4258 3628 4310 ἀγο-

2055 4351 2217 4417 μίας,
2251 4351 2346 4403 καὶ
2380 4352 2460 4403 ὅτι
2509 4351 2536 4402 ὁ
2573 4349 2789 4420 σκώληξ
2822 4350 3002 4403 αὐτῶν
3037 4351 3097 4402 ού
3146 4351 3392 4418 τελευτᾷ,
3427 4353 3518 4404 καὶ
3565 4351 3626 4402 τὸ

1989 4441 2170 4514 οπῦρ
2233 4443 2414 4495 αὐτῶν
2485 4443 2546 4494 οὐ
2609 4442 2912 4508 σϐέννυται,
2973 4445 3088 4504 καὶ,
3140 4443 3376 4510 mitrata
3437 4442 3625 4496 αὑτοῦ

2062 4533 2264 4601 χεῖρας
2294 4534 2389 4585 καί
2421 4532 2634 4596 πόδας,
2677 4531 2776 4585 καὶ
2808 4533 3030 4599 ῥίψατε
3058 4534 3146 4596 είς
3186 4533 3252 4584 τὸ
3300 4533 3520 4596 σκότος
3557 4533 3622 4583 τὸ

2057 4623 2382 4689 ἐξώτερονς
2427 4623 2468 4673 Τ
2477 4624 2491 4674 ί
2524 4621 2697 4675 ταῦτα
2721 4622 3161 4691 περιφροι,οῦμεν
3193 4622 3266 4684 ὡς
3299 4623 3370 4690 μὴ
3401 4621 3626 4674 ἀκούον-

2059 4729 2187 4777 τες;
2229 4715 2292 4765 Τί
2339 4713 2430 4764 τὸν
2461 4713 2653 4781 καιρὸν
2697 4711 2793 4780 τῆς
2846 4712 3136 4781 μετανοίας
3169 4712 3619 4781 ἀναϐαλλόμεθας

2062 4805 2178 4856 Ἵνα
2216 4804 2266 4854 τί
2312 4803 2371 4855 οὺ
2426 4802 2786 4871 φροντίζομεν
2845 4801 2943 4870 τῆς
3001 4803 3157 4871 ἡμῶν
3192 4803 3484 4871 σωτηρίας,
3515 4803 3622 4863 ἕως

2059 4894 2287 4962 καιρό;;
2325 4892 2519 4962 Αὔριον
2551 4893 2672 4962 ἥξει
2722 4894 2829 4946 ἀπὸ
2862 4892 2956 4946 τοῦ
3013 4893 3242 4946 θανάτου
3297 4895 3469 4957 τέλος.
3526 4897 3623 4947 καὶ

2059 4987 2157 5038 οὐκ
2197 4986 2344 5039 ἔστιν
2377 4987 2434 5038 ἐν
2459 4985 2536 5053 τῷ
2565 4983 2667 5057 ᾅδῃ
2700 4985 2976 5053 μετάνοια,
3013 4985 3131 5037 οὐδὲ
3180 4985 3484 5056 ἐπιστροφὴ
3523 4985 3618 5036 καὶ

2060 5079 2466 5148 ἐξομολόγησις,
2495 5077 2632 5134 ἀλλὰ
2658 5077 2934 5147 κάθειρξις
2963 5077 3217 5148 διηνεκὴς
3260 5078 3354 5130 καὶ
3385 5075 3622 5135 ἀνταπό-

2060 5171 2204 5232 δοσις
2277 5171 2384 5221 τῶν
2447 5170 2677 5223 ἑκάστου
2730 5170 3259 5240 πλημμελημάτων·
3313 5172 3362 5222 εί
3417 5186 3469 5221 τι
3529 5166 3624 5221 οὖν
3677 5174 3698 5228 ‘7

2059 5263 2183 5330 ἐμοὶ
2227 5262 2523 5325 πείθοισθε,
2558 5263 2723 5314 τέκνα
2774 5279 2876 5329 μου
2931 5261 3192 5330 ἀγαπητᾶ
3225 5260 3318 5312 καὶ
3354 5259 3496 5326 φίλοι
3528 5260 3624 5310 καὶ

2059 5354 2301 5422 ἀδελφοὶ,
2325 5355 2688 5422 ἐπιστρέψατε
2744 5355 2838 5407 καὶ
2883 5353 3148 5420 ἐπίγνωτε
3193 5351 3281 5404 διὰ
3325 5351 3421 5419 τῆς
3459 5367 3628 5419 μετα-

2061 5443 2210 5506 νοίας
2240 5445 2332 5496 καὶ
2359 5443 2596 5513 ψυχικῆς
2631 5442 2979 5509 κατανύξεως
3007 5443 3070 5493 ἐν
3099 5439 3360 5508 συντριϐῇ
3393 5439 3621 5507 καρδίας

2059 5536 2153 5586 καὶ
2206 5533 2479 5602 πνεύματι
2526 5532 2912 5606 ταπεινώσεως
2965 5531 3057 5582 τὸν
3101 5528 3322 5596 Κύριον,
3360 5527 3426 5578 ἵν’
3483 5526 3626 5579 οὕτω

2060 5626 2153 5678 καὶ
2185 5625 2293 5676 τῶν
2325 5625 2751 5694 ἐπηγγελμένων
2799 5621 3024 5688 ἀγαθῶν
3077 5619 3401 5688 κληρονόμοι
3449 5619 3625 5683 γένοιο

2063 5717 2176 5778 οθε,
2211 5716 2244 5769 ἂ
2275 5717 2568 5786 ἡτοίμασεν
2608 5719 2634 5787 ό
2668 5715 2795 5775 Θεὸς
2844 5715 2955 5774 τοῖς
2987 5712 3336 5778 ἀγοπήσαοιν
3367 5710 3532 5761 αὑτὸν
3564 5711 3624 5760 ἐκ
