4026 6264
380 318 514 384 ῘἿΙἿ

1212 331 1557 391 CALLISTI
1604 329 1704 393 ET
1748 334 2171 395 PHILOTHEI
2204 337 2313 396 ΕΡ.
2347 336 2805 400 PATRIARCII.

3494 333 3629 398 13M

377 437 485 495 κῶς
511 436 604 486 καὶ
628 434 790 501 θείως
819 441 910 491 καὶ
930 441 1272 510 ήγνισμένως
1301 445 1394 497 καὶ
1421 448 1560 514 μετά
1585 448 1956 518 καθαρότητος
1986 473 2028 523 Α
2061 455 2154 505 καὶ
2199 451 2416 520 μακρὰν
2459 452 2924 523 ἀπορῤιφήσεται,
2970 451 3044 512 ώς
3086 446 3304 515 ἀνάξιος
3348 451 3490 500 κατά
3527 448 3628 517 τὴν

377 527 873 596 προσαρμοζούσης
904 533 1016 594 τοῖς
1046 533 1123 600 τῷ
1157 533 1278 604 Θεῷ
1311 533 1568 604 ἱερᾶσθαι
1599 539 1824 608 λαχοῦσι
1854 541 1952 593 καὶ

377 619 561 686 δοχετα
598 617 754 672 οὖσιν
793 622 980 677 αὐτοῦ.
1014 624 1205 678 Ἔνθεν
1243 644 1320 678 τοι
1366 630 1458 681 καὶ
1500 631 1599 696 τῆς
1644 633 1950 701 κρείττονος

377 710 631 777 τυχόντες
672 711 720 761 οἱ
765 713 928 780 ἱερεῖς
970 715 1173 778 τάξεως
1220 718 1342 769 καθ’
1365 718 1423 771 ὃν
1462 721 1678 790 εἴρηται
1723 723 1946 791 τρόπον,

378 801 686 866 ὀφείλουσιν
731 804 947 866 πάντως
996 808 1223 874 κοσμεῖν
1271 811 1500 874 ἑαυτοῖς
1551 815 1647 866 καὶ
1689 817 1801 877 τοῖς
1845 816 1954 867 τῶν

379 891 592 958 ἀρετῶν
625 891 808 961 ἔργοις
840 894 1164 949 ἀπευθύνειν
1195 901 1274 961 εἱς
1309 902 1540 972 μίμησιν
1570 906 1710 957 κατὰ
1739 906 1801 958 τὸ
1835 909 1955 974 ἐφι-

381 980 508 1032 κτὸν
537 981 632 1033 τοῦ
667 983 883 1052 πρώτου
916 986 1010 1036 καὶ
1046 987 1284 1055 μεγάλου
1319 990 1624 1061 ἀρχιερέως
1659 994 1754 1046 καὶ
1786 994 1953 1047 καλοῦ

380 1073 658 1140 ποιμένος,
693 1075 898 1142 Κυρίου
930 1077 1086 1146 ήμῶν
1123 1081 1297 1147 Ἰησοῦ
1332 1080 1592 1150 Χριστοῦ,
1624 1086 1718 1138 τοῦ
1751 1089 1816 1140 τά
1849 1087 1954 1141 ἴδια

382 1163 631 1229 πρόϐατα
671 1164 968 1230 καλοῦντος
1008 1170 1128 1222 κατ’
1153 1171 1322 1238 ὄνομα
1365 1174 1472 1227 ἀπὸ
1509 1178 1605 1243 τῆς
1646 1177 1790 1247 ζωῆς
1825 1179 1956 1230 ταύ-

381 1268 478 1320 της
513 1254 606 1306 ἐπὶ
641 1255 738 1323 τὴν
773 1255 1075 1324 μέλλουσαν
1107 1264 1200 1314 καὶ
1231 1267 1343 1326 τοῖς
1376 1264 1608 1332 δικαίοις
1646 1271 1955 1343 ἀποκεκλη-

383 1345 639 1416 ρωμένην
665 1348 756 1399 καὶ
789 1348 1104 1402 ἀκολουθεῖν
1132 1355 1251 1405 κατ’
1279 1354 1422 1423 ἴχνος
1451 1359 1562 1421 τοῖς
1594 1359 1758 1424 θείοις
1790 1364 1954 1417 αὐτοῦ

383 1435 674 1506 διδάγμασι
717 1440 811 1492 καὶ
846 1443 961 1504 ταῖς
1002 1444 1269 1508 ἐντολαῖς,
1308 1448 1446 1500 ἀλλά
1490 1452 1563 1518 μὴ
1597 1454 1716 1513 ταῖς
1754 1454 1816 1506 οὐ
1862 1472 1959 1507 κα-

383 1530 503 1594 λαῖς
538 1530 820 1598 βιωτικαῖς
854 1536 1212 1604 περιστάσεσι
1247 1540 1480 1605 καὶτοῖς
1507 1545 1716 1611 γηίνοις
1747 1546 1956 1611 τούτοις

386 1620 484 1672 καὶ
517 1623 880 1693 προσκαίροις
914 1631 1349 1697 προστετηκότες
1381 1635 1702 1702 χραίνεσθαι
1725 1677 1739 1701 ,
1771 1638 1955 1690 ἐντεῦ-

383 1711 474 1765 θεν
520 1716 615 1765 καὶ
664 1715 754 1766 τὸν
807 1715 910 1782 τῆς
959 1716 1140 1786 ψυχῆς
1190 1720 1471 1790 ὀφθαλμὸν
1519 1727 1816 1794 ἀμϐλύνειν
1863 1731 1957 1780 καὶ

2056 542 2352 612 κανονικὴν
2385 544 2772 613 παρατήρησίν
2804 562 2862 596 τε
2895 544 2991 596 καὶ
3020 541 3450 612 παρακέλευσιν.

2465 672 2492 744 ι-
2526 675 2850 745 ’Υπόσχεσις
2883 677 2989 728 τῶν
3026 676 3226 731 αὐτῶν.

2127 812 2194 865 ιι.
2227 811 2268 883 -ί-
2306 812 2457 865 Ἐπεὶ
2486 813 2512 865 ὁ
2540 810 2962 878 παναγιώτατος
2990 811 3151 880 ήμῶν
3177 811 3441 878 δεσπότης
3459 850 3472 874 ,
3503 813 3530 863 ὁ
3557 809 3634 862 οἱ·

2058 905 2382 974 κουμενικδς
2410 904 2779 974 πατριάρχης,
2808 905 2906 972 τῆς
2931 903 3042 956 τῶν
3068 903 3325 957 ἁπάντων
3357 904 3632 970 σωτηρίας

2057 996 2149 1048 καὶ
2177 993 2429 1061 εὐταξίας
2458 996 2788 1063 κηδόμενος,
2813 995 2886 1059 ώς
2915 996 3023 1048 ἀπὸ
3051 995 3185 1047 Θεοῦ
3213 996 3634 1062 καταπεμφθεὶς

2056 1088 2137 1148 είς
2185 1087 2365 1138 κοινὸν
2411 1085 2690 1155 φωτισμὸν
2740 1087 2834 1139 καὶ
2882 1087 3177 1154 ἀγιασμδν,
3227 1086 3327 1148 τὰς
3375 1086 3635 1152 ἀνωτέρω

2058 1177 2199 1229 κατά
2237 1177 2400 1244 μέρος
2433 1178 2733 1246 εἰρημένας
2767 1177 3121 1245 παραινέσεις
3156 1177 3248 1228 καὶ
3281 1175 3634 1235 διδασκαλίας

2059 1273 2519 1338 παρηγγυήσατο,
2549 1269 2654 1322 ὐπὸ
2678 1268 2772 1322 τοῦ
2805 1268 3076 1334 παναγίου
3104 1266 3424 1335 Πνεύματος
3451 1266 3601 1317 κινού
3621 1295 3635 1303 -

2062 1360 2219 1430 μενός
2249 1377 2307 1412 τε
2341 1362 2435 1413 καὶ
2468 1361 2866 1430 όδηγούμενος,
2899 1358 2963 1420 ἃς
2994 1358 3089 1412 καὶ
3115 1357 3188 1419 ώς
3219 1359 3318 1410 ἀπ’
3342 1356 3509 1410 αὐτοῦ
3539 1356 3632 1408 τοῦ

2058 1449 2193 1502 Θεοῦ
2234 1450 2538 1519 ἐδεξάμεθα
2578 1450 2891 1519 όλοψύχως,
2937 1448 3356 1517 ὑπισχνούμεθα
3397 1449 3496 1518 ήδη
3543 1449 3632 1510 ἐγ-

2059 1543 2322 1609 γράφως,
2371 1544 2458 1595 ἵνα
2508 1543 2870 1612 φυλάττωμεν
2918 1543 3013 1604 τὰς
3063 1541 3320 1602 τοιαύτας
3366 1539 3638 1604 διατάξεις

2060 1634 2154 1685 καὶ
2181 1635 2558 1696 ὐποτυπώσεις
2587 1633 3040 1703 ἀπαραποιήτους
3064 1649 3123 1684 τε
3155 1634 3250 1684 καὶ
3277 1629 3637 1700 ἁπαραθραύ-

2062 1740 2242 1787 στους,
2274 1727 2368 1776 καὶ
2401 1723 2797 1794 συντηρώμεθα
2827 1729 2968 1777 κατά
3001 1725 3178 1777 πάντα
3211 1723 3302 1774 ἐπὶ
3335 1724 3399 1791 τῇ
3434 1720 3639 1774 τούτων

383 1801 522 1854 οῦτω
555 1803 671 1871 βίον
703 1803 976 1872 αἱρεῖσθαι
1007 1806 1288 1876 ἀπᾴδοντα
1319 1813 1414 1864 καὶ
1447 1812 1521 1880 μὴ
1558 1815 1954 1882 συμφωνοῦντα
1989 1815 2030 1868 Β
2058 1815 2331 1885 ἀσφαλείᾳ
2374 1816 2467 1867 καὶ
2510 1814 2876 1884 ἐκπληρώσει.
2922 1814 3048 1866 Ἐὰν
3091 1815 3169 1878 δὲ,
3211 1815 3350 1880 ὅπερ
3398 1813 3639 1878 ἁπιυχό-

383 1892 460 1962 τῷ
503 1893 766 1963 ίερατικῷ
810 1897 1073 1966 σχήματι,
1109 1899 1183 1961 ὡς
1217 1904 1283 1970 τῇ
1328 1904 1477 1974 αἰτίᾳ
1512 1906 1682 1976 ταύτῃ
1725 1907 1958 1975 συμϐαί-

382 2001 514 2078 νειν,
563 1983 660 2054 τὴν
709 1987 808 2055 μὲν
854 1987 1426 2078 γλῶσΞαν-ἐπιρρεπῆ
1475 1995 1610 2064 πρὸς
1657 1996 1719 2048 τὸ
1765 1996 1959 2066 ψεῦδος

383 2074 528 2142 ἐχειν
559 2077 780 2141 αὐτοὺς,
816 2070 1189 2152 φιλαρῆἶρους
1218 2083 1275 2135 δὲ
1308 2085 1596 2152 φαίνεσθαι
1629 2089 1724 2142 καὶ
1750 2090 1958 2142 οἰνοπό-

384 2183 502 2230 τας,
543 2167 876 2233 πλεονεξίαις
908 2175 1196 2242 χαίροντας
1228 2178 1320 2229 καὶ
1351 2177 1688 2248 φιλοκερδεῖς
1717 2181 1958 2251 ἀσχημό-

387 2273 490 2319 νως
531 2260 622 2311 καὶ
658 2259 718 2314 τὸ
755 2262 902 2331 μέγα
934 2265 1033 2334 τῆς
1068 2265 1366 2337 ἱερωσύνης
1403 2267 1573 2338 ὕψος,
1611 2271 1711 2338 φεῦ
1741 2274 1753 2326 ί
1792 2291 1958 2324 κατα-

389 2347 642 2412 σπῶντας
687 2353 767 2414 είς
817 2353 1089 2422 ἐμπορίαν
1139 2358 1417 2426 προδήλως
1467 2364 1953 2432 κατεγνωσμένην,

381 2436 537 2504 ὀλίγα
562 2439 655 2491 τοῦ
683 2441 822 2495 κατά
847 2441 1024 2514 ψυχὴν
1052 2446 1202 2509 ἐντὸς
1234 2448 1521 2517 ἀνθρώπου
1551 2452 1956 2521 φροντίζοντας,

379 2528 471 2581 τὸν
503 2528 546 2581 δ’
572 2529 679 2594 ἔξω
715 2532 809 2586 καὶ
846 2537 1162 2604 σωματικὸν
1195 2539 1522 2609 θεραπεύειν
1559 2544 1720 2612 μόνον
1756 2548 1958 2615 προθυ-

387 2623 713 2690 μουμένους,
737 2624 812 2687 ὡς
837 2625 1082 2693 γίνεσθαι
1113 2629 1203 2683 τὸν
1233 2631 1380 2701 ἱερέα
1403 2631 1479 2694 ὡς
1504 2633 1594 2686 τὸν
1616 2634 1742 2686 λαόν
1763 2651 1776 2665 ’
1807 2637 1960 2705 μόλις

383 2714 490 2783 γάρ
529 2715 594 2768 ἂν
627 2717 704 2784 τῷ
739 2719 982 2784 περιόντι
1019 2721 1128 2774 τῶν
1165 2723 1345 2776 καλῶν
1380 2723 1560 2794 ἔργων
1595 2725 1873 2796 δυνηθεῖεν
1910 2730 1959 2781 οί

385 2807 549 2877 ἱερεῖς
589 2807 772 2864 ἕλκειν
811 2813 890 2873 είς
911 2812 1165 2883 ,μίμησιν
1207 2817 1332 2879 τούς
1373 2819 1454 2878 είς
1494 2817 1690 2880 αὐτοὺς
1735 2819 1961 2884 βλέπον-

381 2915 480 2961 τας
508 2915 523 2931 ·
557 2900 648 2952 ἐάν
683 2901 736 2952 δὲ
775 2902 978 2970 φαῦλον
1011 2905 1322 2974 ἀρχέτυπον
1357 2909 1690 2976 φαίνωνται,
1730 2927 1959 2977 καταγι‹

384 2991 743 3059 νωςκόμενοι,
785 2997 960 3065 πόσης
1004 2997 1070 3050 ἂν
1111 2998 1196 3068 εἴη
1242 2997 1398 3052 τοῦτο
1439 2999 1538 3068 τῆς
1583 3002 1961 3072 κατακρίσεως

381 3083 571 3151 ἀξιονς
607 3087 704 3138 Διά
737 3087 912 3141 ταῦτα
946 3088 1364 3162 διασκεψαμένη
1400 3093 1432 3160 ὴ
1474 3096 1768 3164 μετριότης
1804 3095 1959 3165 ἡμῶν

384 3175 685 3244 ἀσφάλειαν
730 3181 824 3249 τὴν
869 3183 1186 3252 πρέπουσαν
1232 3186 1530 3255 ἐποιήσατο
1576 3189 1669 3239 καὶ
1709 3189 1809 3258 τῆς
1853 3190 1960 3242 τῶν

389 3266 580 3336 ἱερέων
614 3269 986 3338 διορθώσεως,
1023 3273 1264 3342 Χριστοῦ
1300 3275 1483 3344 χάριτι
1505 3317 1518 3339 .
1554 3277 1646 3328 κει-ὶ
1681 3275 1962 3340 ἐξελέξατο

385 3359 492 3410 ἀπὸ
519 3360 624 3411 τῶν
648 3362 703 3413 ἐν
728 3365 793 3431 τῇ
823 3362 1155 3433 θεοδοξάστιρ
1185 3366 1761 3419 Κωνσταντινουπόλει
1791 3368 1965 3420 τοιού-

387 3467 497 3500 των
521 3453 710 3518 ἱερέων
731 3454 851 3514 τοὺς
881 3457 1414 3526 μεμαρτυρημένους
1440 3459 1836 3512 ἀντιποιεῖσθαι
1866 3460 1966 3528 μά-

390 3540 546 3592 λιστα
583 3543 698 3611 βίου
732 3545 1010 3614 θεοφιλοῦς
1045 3548 1136 3598 καὶ
1170 3549 1491 3616 κρείττονας
1523 3551 1615 3602 καὶ
1647 3551 1966 3603 εὐλαϐεστέ-

395 3651 554 3701 ρους,
607 3638 698 3688 καὶ
751 3641 1054 3710 κατέστησε
1108 3641 1235 3693 καθ’
1267 3642 1506 3710 ἐκάστην
1559 3643 1834 3709 γειτονίαν
1884 3645 1964 3705 είς

391 3724 658 3796 ἐξάρχους
691 3728 799 3780 τῶν
828 3729 1029 3782 λοιπῶν
1064 3732 1251 3801 ἱερέων
1283 3731 1378 3785 ἐπὶ
1410 3731 1487 3801 τῷ
1525 3733 1668 3786 κατὰ
1699 3733 1797 3802 τὴν
1827 3733 1965 3802 πρὸς

388 3819 588 3882 αὐτοὺς
632 3820 888 3873 ἀνάθεσιν
926 3821 1066 3891 μετά
1105 3826 1289 3894 πάσης
1325 3826 1604 3894 προσοχῆς
1644 3828 1734 3878 καὶ
1770 3844 1966 3894 συντη-

392 3910 604 3978 ρήσεως
636 3911 956 3967 ἐπιϐλέπειν
983 3915 1176 3977 αὐτοὺς
1209 3918 1303 3969 καὶ
1334 3915 1609 3969 διδάσκειν
1638 3918 1733 3970 καὶ
1763 3935 1965 3988 παραι-

385 4008 533 4068 νεῖν,
565 4005 664 4058 ὅσα
697 4007 778 4068 είς
814 4005 1074 4059 σύστασιν
1107 4007 1202 4060 καὶ
1235 4007 1440 4077 κόσμον
1475 4009 1755 4076 ἀφορῶσιν
1785 4009 1966 4062 αὐτῶν

384 4096 482 4148 καὶ
535 4096 839 4163 ἀσφάλειαν
885 4097 990 4166 τῆς
1039 4097 1506 4169 ἐκκλησιαστικῆς
1554 4098 1963 4163 καταστάσεως,

380 4187 463 4246 ὡς
502 4186 568 4240 ἂν
602 4187 854 4242 ἐντεῦθεν
885 4189 946 4242 τὸ
978 4189 1162 4257 τίμιον
1199 4191 1294 4242 καὶ
1327 4189 1608 4258 αἰδέσιμον
1642 4189 1858 4259 ἔχοντες
1891 4189 1967 4241 οτ-

378 4282 548 4334 κοθεν
579 4283 680 4351 τῆς
716 4281 1032 4351 πρεπούσης
1067 4282 1329 4347 ἀξιῶνται
1365 4281 1652 4345 εὐλαϐείας
1685 4283 1779 4335 καὶ
1812 4281 1965 4349 παρά

375 4374 482 4428 τοῦ
523 4373 707 4427 κοινοῦ
749 4373 1031 4442 δημώδους
1070 4373 1232 4440 λαοῦ,
1272 4375 1367 4426 καὶ
1407 4375 1604 4444 ἔχωσιν
1638 4371 1786 4425 οῦτοι
1830 4373 1963 4442 πρὸς

380 4464 586 4525 αὐτοὺς
619 4463 679 4516 τὸ
721 4463 884 4526 σέϐας
927 4463 1364 4532 προσερχόμενοι
1409 4464 1506 4515 καὶ
1548 4460 1840 4530 ζητοῦντες
1871 4463 1964 4514 τὸν

378 4554 669 4621 ἁγιασμδν
697 4553 830 4623 παρ’
855 4553 1034 4605 αὐτῶν
1065 4552 1182 4621 μετ’
1205 4553 1387 4616 αἱδοῦς
1413 4572 1469 4607 τε
1501 4557 1592 4608 καὶ
1624 4553 1960 4616 εὐπειθείας,

379 4645 487 4698 καὶ
518 4644 667 4696 οὐδὲν
699 4643 1100 4712 καθυϐρίζηται
1132 4645 1190 4697 τὸ
1226 4647 1370 4714 μέγα
1401 4647 1562 4700 τοῦτο
1589 4647 1689 4715 τῆς
1725 4647 1959 4714 Ἐκκλη-

378 4737 518 4796 σίας
551 4735 845 4801 κεφάλαιον
881 4735 967 4788 διὰ
1002 4737 1279 4798 πολιτείας
1315 4737 1561 4806 φαύλης,
1597 4738 1670 4798 ὠς
1705 4741 1957 4806 εἴρηται·

373 4827 812 4895 γινωσκέτωσοω
864 4827 973 4896 γάρ
1029 4829 1109 4890 είς
1165 4827 1390 4897 βεϐαίαν
1446 4828 1538 4880 καὶ
1590 4827 1961 4897 ἀναμφίϐολον

372 4920 789 4989 πληροφορίαν,
818 4921 921 4983 ὅτι,
947 4920 1006 4981 ὃς
1037 4919 1103 4972 ἂν
1135 4919 1242 4972 ἀπὸ
1273 4920 1364 4972 τοῦ
1399 4919 1492 4972 νῦν
1520 4921 1718 4990 εὑρεθῇ
1748 4920 1855 4972 τῶν
1889 4920 1964 4970 ἱε-

371 5013 628 5087 ρατικῶς
659 5012 1136 5082 ἐξυπηρετούντων
1166 5011 1286 5081 Θεῴ
1315 5012 1790 5082 ἀναστρεφόμενος
1825 5012 1962 5076 μετά

369 5107 594 5161 λαῖκῶν
637 5108 695 5159 ἐν
738 5105 1064 5174 συμποσίοις
1107 5104 1139 5166 ἢ
1181 5103 1458 5166 ἀσυνέτως
1501 5104 1594 5156 καὶ
1633 5103 1964 5171 ἀφυλάκτως

369 5198 711 5269 περιπατῶν
745 5197 773 5266 ἢ
809 5198 1012 5268 μάχαις
1043 5197 1141 5249 καὶ
1169 5199 1436 5266 ταραχαῖς
1467 5199 1560 5249 καὶ
1595 5197 1816 5249 στάσεσι
1849 5195 1966 5264 χαί-

370 5308 502 5364 ρων
556 5291 588 5361 ἢ
647 5289 922 5358 ἐμπορίαν
977 5289 1303 5357 ποιούμενος
1358 5289 1816 5358 κατεγνωσμένην
1871 5288 1964 5340 καὶ

366 5383 766 5450 ἀπείργουσαν
810 5381 870 5434 τὸ
920 5380 1198 5450 ἱερατικὸν
1241 5379 1488 5448 ἀξίωμα,
1534 5379 1567 5448 ἢ
1612 5380 1965 5449 ὁπωσδήποτε

369 5481 766 5550 ἀπελεγχθείη
795 5479 998 5546 διάγων
1038 5477 1188 5546 παρά
1220 5477 1318 5547 τὴν
1356 5476 1853 5547 προσαρμόζουσαι)
1893 5476 1966 5527 ἱε-

375 5572 627 5640 ρατικὴν
662 5573 998 5626 κατάστασιν
1031 5574 1124 5624 καὶ
1160 5572 1485 5641 ἀκρίϐειαν,
1523 5571 1836 5622 ἐκπεσεῖται
1870 5569 1968 5619 αἰ-

370 5662 520 5715 τίκσ
555 5663 649 5729 τῆς
681 5663 836 5728 ἀξίας
867 5666 958 5716 καὶ
990 5664 1148 5734 δόξης
1177 5664 1270 5715 τοῦ
1307 5663 1665 5729 σεμνώματος
1694 5661 1788 5712 τοῦ
1821 5663 1970 5730 ἱερα-

372 5753 578 5818 τικοῦ,
621 5755 715 5807 καὶ
759 5756 846 5807 τοῦ
894 5756 1052 5825 χοροῦ
1098 5755 1446 5824 τῶν,ῐερέων
1493 5753 1968 5824 ἀποτμηθήσεται,

2066 1904 2222 1973 μεθα,
2273 1902 2704 1972 ἀπελεγχθῶμεν
2747 1903 2839 1954 ἐπὶ
2885 1903 3195 1971 παραϐάσει
3243 1903 3338 1954 καὶ
3384 1901 3642 1969 ἀθετήσει

2061 1994 2240 2048 αὐτῶν
2263 2036 2276 2057 ,
2313 1993 2810 2063 καταδικαζώμεθα
2847 1995 2938 2047 καὶ
2975 1994 3339 2062 ἐκπίπτωμεν
3377 1995 3636 2061 ἀσυμπα-

2061 2088 2167 2149 θῶς
2205 2087 2298 2140 καὶ¹
2333 2079 2432 2154 τῆς
2471 2088 2774 2155 ἱερωσύνης
2809 2086 3002 2156 ήμῶν,
3041 2085 3136 2139 καὶ
3171 2083 3527 2152 εὐθυνώμεθα
3563 2083 3638 2142 ὠς

2060 2180 2159 2241 τὰς
2212 2178 2680 2248 έκκλησιαστικάς
2738 2178 2833 2230 καὶ
2887 2177 3253 2238 ἀποστολικάς
3307 2174 3636 2243 παραδόσεις

2061 2271 2533 2338 περιφρονοῦντες.
2559 2269 2716 2338 Μηνὶ
2747 2272 3076 2338 Δεκεμϐρίῳ
3107 2268 3220 2323 ίνδ.
3250 2266 3322 2321 δ’.

2130 2362 2170 2432 1-
2206 2363 2337 2429 Περὶ
2375 2361 2493 2413 τῶν
2526 2363 2898 2430 ἐκλεγέντων
2934 2360 3357 2428 πνευματικῶν
3389 2359 3490 2412 διὰ
3523 2375 3640 2412 τοι-

2059 2454 2253 2508 ούτων
2286 2453 2665 2507 δεσ.τοτικῶν
2696 2455 2904 2522 τιμίων
2937 2452 3364 2518 ἐνταλτηρίων.

2132 2635 2227 2687 Ill.
2265 2632 2306 2702 ’ξ-
2341 2633 2406 2686 Ἠ
2433 2633 2526 2686 τοῦ
2561 2633 2865 2700 φιλαγάθου
2895 2633 3031 2685 Θεοῦ
3063 2634 3223 2702 ἡμῶν
3257 2635 3384 2702 περὶ
3413 2635 3474 2687 τὸ
3510 2636 3644 2704 ὴμέ-

2060 2741 2221 2792 τερον
2253 2725 2408 2790 γένος
2439 2723 2736 2792 κηδεμονία
2762 2724 2940 2792 σοφῶς
2971 2726 3036 2777 τά
3070 2725 3246 2777 πάντα
3276 2726 3642 2795 διοικονομου-
3698 2751 3702 2754 ·

2065 2818 2200 2886 μένη
2231 2818 2328 2869 καὶ
2357 2817 2711 2870 διευθύνουσα
2739 2819 2839 2885 τὴν
2868 2816 2972 2886 τῆς
3007 2816 3392 2885 πνευματικῆς
3424 2817 3646 2887 χάριτ·ς

2063 2909 2377 2976 ἐπιστήμην
2411 2909 2649 2976 ἀρχῆθεν
2688 2911 2797 2972 τοῖς
2833 2907 2932 2978 τὴν
2965 2909 3336 2978 ποιμαντικὴν
3373 2912 3469 2964 καὶ
3503 2909 3645 2962 διδα-

2064 3001 2327 3070 σκαλικὴν
2365 3001 2524 3065 ἀξίαν
2564 2999 2820 3067 λαχοῦσιν
2864 3000 3150 3070 ἱεράρχαις
3194 3000 3528 3069 ἐπέτρεψεν.
3567 3002 3646 3060 εἰς

2062 3094 2268 3163 δοχεῖον
2302 3091 2397 3146 τοῦ
2437 3093 2592 3160 ἀγίου
2629 3094 2952 3162 Πνεύματος
2985 3093 3477 3162 παρασκευάσασιν
3515 3093 3645 3144 ἐαυ-

2066 3186 2214 3248 τούς·
2264 3186 2440 3254 άλλ’ή
2496 3186 2735 3254 μέριμνα
2779 3185 2872 3237 καὶ
2917 3186 3139 3252 φροντὶς
3184 3182 3293 3236 τῶν
3337 3183 3646 3252 ἐκκλησιῶν

2066 3279 2159 3332 καὶ
2200 3279 2232 3346 ή
2281 3275 2420 3342 μετὰ
2463 3276 2696 3344 σπουδῆς
2742 3275 3094 3344 ἐπεκδίκησις
3126 3275 3236 3327 τῶν
3272 3275 3646 3344 ἀδικουμένων

2067 3371 2157 3420 καὶ
2189 3371 2240 3436 αἱ
2272 3369 2381 3421 τῶν
2415 3367 2598 3438 χηρῶν
2629 3367 2722 3419 καὶ
2753 3367 3006 3435 ὀρφανῶν
3037 3367 3463 3434 ἐποφειλόμεναι
3497 3368 3647 3419 ἀντι-

2065 3459 2259 3528 λήψεις
2287 3459 2376 3510 καὶ
2405 3457 2765 3526 προστασίαι,
2797 3456 3022 3524 προσέτι
3048 3472 3112 3525 γε
3145 3457 3252 3526 μὴν
3281 3457 3372 3508 καὶ
3399 3457 3466 3510 τά
3496 3461 3648 3514 παρά

2066 3553 2173 3620 τοὶ
2204 3551 2382 3605 κοινοῦ
2423 3550 2621 3618 ἐχθροῦ
2662 3550 2740 3618 τῷ
2787 3549 3114 3618 ἀνθρωπίνῳ
3157 3551 3300 3614 γένει
3344 3549 3456 3601 τῶν
3497 3551 3648 3619 αἱρέ-

2069 3660 2206 3695 σεων
2244 3641 2466 3708 κύματα
2505 3639 2784 3705 θαλάσσης
2819 3639 2977 3708 δίκην
3012 3637 3104 3689 ὑπ’
3130 3637 3348 3706 ἀνέμων
3381 3656 3646 3708 τραχυνο-

2069 3735 2237 3802 μένης
2283 3731 2424 3783 κατά
2465 3730 2562 3797 τῆς
2603 3728 2888 3797 όρθοδόξου
2931 3728 3174 3790 πίστεως
3219 3729 3545 3797 έγειρόμενά
3587 3747 3644 3780 τε

2069 3826 2166 3878 καὶ
2214 3822 2571 3885 ὲπικλύζοντα
2626 3821 2966 3872 στασιαστῶν
3015 3819 3110 3872 καὶ
3155 3821 3506 3888 χαιρεκάκων
3558 3823 3650 3873 ἀν-

2070 3915 2307 3986 θρώπων
2344 3915 2447 3966 ὑπὸ
2481 3912 2574 3965 τοῦ
2619 3912 2856 3980 πονηροῦ
2903 3911 3313 3981 ἐνεργουμένων
3349 3913 3490 3964 κατά
3533 3912 3646 3962 δια-

2071 4008 2270 4076 φόρους
2299 4004 2527 4073 καιρούς
2552 4021 2609 4056 τε
2636 4004 2730 4055 καὶ
2755 4007 2977 4072 χρόνους
3004 4004 3454 4070 ἐπανισταμένων
3481 4004 3647 4072 ἀφριδ-

2068 4119 2173 4163 νως
2219 4101 2317 4154 οὐκ
2363 4099 2536 4168 ἐφῆκε
2582 4097 2796 4158 τούτοις
2845 4095 3063 4165 βοηθεῖν
3110 4095 3256 4148 κατά
3304 4095 3508 4147 σκοπὸν
3555 4099 3650 4148 καὶ

2071 4191 2401 4262 θεραπεύειν
2435 4185 2878 4258 ὲπιστημονικῶς
2910 4187 3032 4247 τοὺς
3070 4185 3210 4253 βέλει
3242 4186 3341 4253 τῆς
3374 4187 3649 4254 ἁμαρτίας

2068 4285 2515 4354 πεπληγμένους,
2566 4280 2861 4334 κάντεῦθεν
2909 4279 3177 4341 ποικίλοις
3227 4279 3323 4332 καὶ
3367 4279 3645 4346 διαφόροις

2067 4379 2345 4449 τραύμασι
2391 4376 2792 4435 καταστίκτους
2839 4372 3243 4439 γεγενημένους
3289 4372 3382 4424 καὶ
3433 4371 3648 4422 πολλῶν

1997 4487 2040 4542 ι)
2069 4472 2178 4524 τῶν
2207 4469 2516 4538 φαρμάκων
2547 4467 2640 4519 καὶ
2666 4465 2776 4517 τῶν
2807 4465 3006 4517 ίάσεων
3031 4464 3339 4530 δεομένους.
3369 4463 3467 4514 Διά
3493 4461 3651 4514 τοῦτο

2071 4563 2131 4616 τὸ
2164 4563 2263 4625 τῆς
2308 4559 2686 4626 πνευματικῆς
2723 4555 2926 4623 ταύτης
2964 4555 3241 4615 διακονίας
3280 4553 3653 4622 λειτούργημα

2075 4651 2137 4703 τὸ
2168 4649 2285 4702 κατ’
2310 4649 2518 4701 ἐκείνου
2553 4644 2748 4716 καιροῦ
2776 4647 2886 4706 τοῖς
2920 4643 3212 4713 ἱερατικῶς
3240 4643 3358 4709 Θεῷ
3389 4643 3656 4712 ἐξυπηρε-

2076 4745 2362 4812 τουμένοις
2385 4781 2399 4804 ,
2431 4736 2874 4807 κεκαθαρμένοις
2905 4735 3025 4788 οὖσι
3055 4735 3152 4787 καὶ
3183 4733 3382 4803 ἀρεῆς
3412 4734 3506 4786 καὶ
3540 4734 3655 4801 βίου

2080 4834 2363 4904 θεοφιλοῦς
2398 4832 2871 4899 ἀντιποιουμένοις
2905 4829 3002 4880 καὶ
3037 4822 3096 4879 εὖ
3135 4825 3279 4895 μάλα
3318 4828 3655 4894 πεπειραμέ-

2080 4945 2190 4990 νοις
2214 4926 2401 4996 ψυχῶν
2428 4921 2790 4993 προΐστασθαι
2817 4922 2912 4972 καὶ
2937 4919 3296 4988 χειραγωγεῖν
3323 4917 3492 4978 αὐτὰς
3523 4918 3655 4984 πρὶς

2077 5021 2178 5089 τὴν
2226 5017 2502 5084 σωτηρίαν
2545 5013 2696 5083 παρὰ
2738 5012 2846 5064 τῶν
2894 5010 3152 5062 τοιούτων
3196 5008 3517 5077 προστατῶν
3561 5007 3656 5057 καὶ

2079 5110 2551 5178 πνευματοφόρων
2590 5104 2848 5169 Πατὲρων
2884 5103 2978 5155 καὶ
3017 5100 3358 5154 διδασκάλων
3391 5099 3652 5158 ἀνετέθη,

2081 5204 2154 5263 ὡς
2191 5201 2335 5261 εἰκὶς
2357 5239 2372 5262 ,
2411 5197 2550 5251 κατά
2588 5194 2874 5265 μετάδοσιν
2908 5193 3206 5262 θειοτέραν.
3236 5188 3344 5244 Ἦν
3379 5186 3473 5241 οὖν
3508 5188 3655 5239 τοῦθ’

2079 5295 2222 5348 οὕτω
2261 5292 2442 5354 καλῶς
2475 5291 2570 5342 καὶ
2603 5288 2913 5357 θεαρέστως
2948 5284 3249 5356 προϐαῖνον
3284 5298 3343 5334 τε
3381 5280 3476 5334 καὶ
3511 5280 3657 5346 γινό-

2086 5399 2247 5453 μενον
2270 5399 2284 5414 ·
2323 5382 2447 5432 ἐπεὶ
2485 5379 2540 5430 δὲ
2574 5379 2694 5440 ταῖς
2726 5376 2867 5429 κατά
2905 5376 3097 5443 μικρὸν
3133 5372 3420 5440 ἐπηρείαις
3455 5370 3523 5420 τά
3557 5371 3655 5432 τῆς

2082 5471 2364 5541 θεοφιλοῦς
2391 5469 2595 5538 ταύτης
2626 5467 2917 5520 ἐσϐέννυτο
2946 5463 3355 5522 καταστάσεως,
3385 5459 3480 5510 καὶ
3507 5459 3534 5510 ὁ
3561 5458 3656 5508 τιιῦ

2084 5568 2290 5630 κόσμου
2333 5566 2537 5635 άρχων,
2579 5561 2773 5628 ἆτε,δὴ
2814 5558 2921 5610 τῶν
2967 5555 3221 5620 ζιζανίων
3263 5551 3519 5619 σπορεῦς,
3558 5552 3658 5603 οὑκ

2086 5660 2322 5714 ἐπαύετο
2355 5656 2637 5726 χρώμενος
2671 5655 2787 5712 ταῖς
2822 5649 3114 5709 κακίσταις
3153 5643 3317 5696 αὐτοῦ
3356 5643 3657 5722 μεθοδείαβ

2090 5751 2187 5805 καὶ
2235 5750 2502 5820 μηχαναῖς
2551 5747 2629 5808 εἱς
2675 5740 2952 5808 ἐξαπάτην
2996 5739 3091 5790 καὶ
3136 5732 3518 5804 ἐξουθενισμδν
3566 5734 3656 5785 καὶ

3668 3976 3696 4014 Ι
