4094 6272
378 357 513 428 ms

1219 379 1566 445 CALLISTI
1598 380 1696 445 ΕΤ
1719 376 2140 443 PHILOTHEI
2180 374 2292 440 ΟΡ.
2330 373 2601 438 PATRIA
2615 373 2790 439 ΚΕΗ.

3463 372 3594 438 13:26

365 488 524 557 θρῶν
555 489 911 560 γραμμάτων
937 492 1048 562 τῆς
1087 495 1424 563 βασιλικῆς
1470 496 1568 550 καὶ
1599 495 1761 560 θείας
1807 508 1928 562 χει-
1957 493 2117 550 Α-σιν
2175 488 2548 560 ὑφορώμενος,
2614 491 2751 558 μήτε
2804 487 2902 558 τὴν
2953 489 3062 541 ἀπο
3114 489 3222 542 τῶν
3287 489 3598 558 ἀνθρώπων

364 583 462 648 ρός
477 621 491 635 .

435 767 504 818 Η.
540 765 583 836 ἰ-
616 765 677 819 '0
709 763 1015 832 ἁγιώτατος
1066 766 1409 835 πατριάρχης
1459 766 1798 843 θεουπόλεως
1832 783 1932 834 με·

364 857 540 925 γάλης
580 858 910 925 Ἀντιοχείας
947 857 1073 928 ἔφη,
1094 859 1168 921 ὡς
1200 863 1227 912 ὀ
1258 859 1619 927 Καισαρείας,
1653 858 1749 910 ἐὰν
1782 857 1933 909 ἐλευ-

369 944 538 1014 θέραν
566 946 664 1013 τὴν
697 947 1004 1014 συνείδησιν
1043 949 1137 1000 καὶ
1185 948 1608 1017 ἀκατάγνωστον
1658 945 1806 1017 εἶχεν
1837 947 1933 1014 ἀφ’

365 1030 441 1088 ὧν
475 1035 771 1106 ἐνεκλήθη,
802 1038 1096 1108 ὑπέμεινεν
1137 1039 1202 1092 ἂν
1229 1041 1326 1104 τὴν
1373 1038 1656 1109 συνοδικὴν
1713 1039 1933 1104 κατεξέ·

361 1142 544 1188 τάσιν,
582 1128 697 1180 Νῦν
744 1129 802 1181 δὲ
856 1135 1367 1199 προπετευσάμενος
1423 1131 1517 1183 καὶ
1548 1133 1616 1199 τῇ
1677 1128 1934 1198 βασιλείῳ

363 1224 460 1274 καὶ
516 1221 637 1290 θείᾳ.
677 1224 933 1290 περιωπῇ
985 1222 1086 1274 οὐκ
1139 1223 1222 1284 είς
1279 1221 1541 1292 εὐκαιρον
1589 1221 1929 1290 προσελθὼν,

364 1314 820 1381 νεανιευσάμενος
851 1314 908 1367 δὲ
937 1313 1032 1366 καὶ
1073 1315 1216 1367 κατὰ
1246 1313 1340 1366 τοῦ
1388 1314 1694 1380 ἁγιωτάτου
1738 1313 1932 1366 δεσπό-

365 1417 462 1458 του
495 1403 730 1474 ἀδελφοῦ
779 1405 876 1459 καὶ
915 1406 1332 1476 συλλειτουργοῦ
1378 1424 1500 1476 μου,
1534 1407 1627 1460 τοῦ
1673 1409 1930 1474 οἰκουμε-

362 1495 518 1547 νικοῦ
576 1496 946 1565 πατριάρχου,
989 1497 1191 1562 ἔδειξεν
1251 1498 1444 1551 ἑαυτὸν
1498 1497 1931 1562 δυσσυνειδήτως

364 1585 577 1656 ἔχοντα,
609 1587 706 1639 καὶ
755 1587 846 1640 διὰ
892 1587 1055 1641 τοῦτο
1093 1588 1358 1659 σύγχυσιν
1409 1589 1782 1658 μελετήσαντα
1832 1589 1930 1655 τῆς

365 1678 826 1746 δκκλησιαστικῆς
873 1679 1158 1746 εὐταξίας,
1216 1679 1340 1734 ὅθεν
1396 1681 1693 1747 ἀπολογίας
1749 1681 1932 1748 πάσης

365 1767 516 1838 παρά
547 1769 657 1822 τῶν
693 1769 854 1838 ίερῶν
891 1771 1132 1824 κανόνων
1166 1771 1542 1841 ἀπεστερήθη,
1592 1773 1686 1824 καὶ
1716 1771 1928 1824 ἔνδικον

365 1858 734 1928 κατεδικάσθη
760 1860 1102 1928 καθαίρεσιν,
1146 1859 1239 1911 καὶ
1267 1859 1409 1912 ἔστω
1433 1859 1814 1931 καθῃρημένος
1837 1862 1930 1914 καὶ

363 1950 550 2018 πᾰισης
586 1950 870 2020 ἱερατικῆς
904 1951 1062 2015 ἀξίας
1097 1950 1547 2020 γεγυμνωμένος.

469 2083 789 2139 Patriarcha
827 2085 884 2139 in
923 2085 1016 2155 jus
1049 2093 1197 2138 vocat
1224 2086 1533 2139 monachum
1565 2084 1927 2140 Joannicium.

438 2220 479 2290 ἰ-
511 2219 708 2274 Φθάνει
740 2219 770 2272 ὀ
812 2217 1047 2289 μοναχὸς
1087 2217 1421 2283 Ἰωαννίκιος
1451 2219 1532 2272 ἔτι
1566 2220 1707 2273 κατά
1737 2237 1931 2290 κοσμι-

363 2319 498 2378 κοὺς
519 2314 727 2382 διάγων
762 2312 858 2366 καὶ
883 2312 1110 2380 γυναικὶ
1136 2311 1403 2365 συνοικῶν
1432 2313 1514 2374 είς
1545 2313 1636 2365 τὸν
1667 2311 1763 2365 τοῦ
1792 2329 1930 2382 πρεο

365 2410 635 2478 σϐυτέρου
688 2405 899 2476 βαθμὸν
937 2403 1330 2472 προϐιϐασθεὶς
1376 2403 1682 2474 τηνικαῦτα
1730 2408 1824 2457 καὶ
1868 2405 1930 2459 τὸ

364 2500 640 2570 ἱερατικὸν
687 2499 1065 2568 λειτούργημα
1108 2496 1366 2551 ἐκτελῶν.
1410 2498 1562 2549 Ἐπεὶ
1613 2497 1670 2549 δὲ
1713 2497 1930 2566 θανάτῳ

370 2590 575 2657 ταύτην
630 2587 897 2648 ἀπέϐαλε,
959 2584 1055 2637 καὶ
1108 2588 1165 2637 έν
1192 2584 1391 2654 χηρείᾳ
1434 2584 1757 2654 ηὑρίσκετο,
1801 2586 1929 2638 νέαν

361 2682 512 2747 ἄγων
533 2680 633 2750 τὴν
661 2677 900 2748 ἡλικίαν,
931 2676 1033 2728 οὐκ
1071 2676 1252 2742 ἀγαθὴ
1283 2676 1337 2728 δὲ
1363 2671 1430 2745 ἦν
1459 2675 1556 2728 καὶ
1582 2675 1615 2744 ή
1646 2677 1801 2746 φήμη
1828 2677 1930 2745 τῆς

361 2771 709 2843 ἀναστροφῆς
752 2768 942 2832 αὐτοῦ,
978 2769 1278 2838 ἀπείργετο
1315 2767 1404 2820 διὰ
1435 2766 1610 2821 ταῦτα
1650 2768 1804 2837 παρὰ
1831 2767 1926 2821 τοῦ

362 2865 694 2935 τιμιωτάτου
745 2860 1128 2930 άρχιδιακόνου
1182 2861 1276 2914 καὶ
1329 2859 1616 2912 σακελλίου
1653 2861 1752 2923 τῆς
1802 2860 1927 2914 καθ’

360 2957 511 3027 ἡμᾶς
566 2952 878 3022 ἁγιωτάτης
927 2950 1022 3004 τοῦ
1077 2950 1210 3004 Θεοῦ
1271 2951 1530 3021 Μεγάλης
1577 2952 1926 3018 Ἐκκλησίας,

359 3044 648 3114 ἀγαπητοῦ
703 3044 845 3097 κατὰ
889 3042 1118 3112 Πνεῦμα
1156 3042 1274 3095 υἱοῦ
1310 3044 1407 3108 τῆς
1450 3043 1608 3112 ἡμῶν
1641 3045 1928 3114 μετριότη-

2035 582 2380 650 κατάγνωσιν
2428 583 2818 652 αἰσχυνόμενος
2844 597 2857 612 ·
2892 581 3082 652 ἐπειδὴ
3122 583 3217 636 καὶ
3265 581 3406 634 κατὰ
3443 583 3593 649 ἱερο-

2038 674 2304 742 μονὰχους
2345 673 2495 743 βιοῦν
2517 675 2614 737 τὰς
2649 675 2926 745 συνθήκας
2951 675 3149 728 δέδωκε
3183 675 3321 745 πρὸς
3341 674 3494 736 Θεὸν,
3517 673 3594 737 ὡς
3671 687 3676 699 ‘

2036 767 2339 834 ἱερωσύνης
2369 765 2587 835 ἀξίωμα
2633 767 3040 836 περικείμενος.
3070 761 3178 818 Ἦν
3225 765 3324 835 μὲν
3371 761 3464 818 οῦν
3499 761 3595 815 ἐπὶ

2036 857 2172 909 πολὺ
2221 857 2313 909 τὸν
2357 857 2562 925 τρόπον
2615 856 2807 910 τοῦτον
2858 853 3335 925 παρυποκλέπέων
3390 872 3450 907 τε
3499 855 3598 907 καὶ

2033 947 2333 1012 λανθάνων,
2387 947 2683 1002 καὶταῦτα
2713 949 2813 1016 τῆς
2841 949 3000 1018 ἡμῶν
3036 946 3388 1016 μετριότητος
3427 962 3598 1014 φρον-

2033 1034 2152 1091 τίδα
2185 1039 2445 1108 πλείστην
2480 1040 2720 1107 Χριστοῦ
2752 1039 2936 1108 χάριτι
2985 1041 3080 1092 καὶ
3109 1038 3454 1108 προμήθειαν
3484 1055 3597 1088 ποι-

2032 1131 2264 1198 ουμένης
2320 1131 2414 1184 καὶ
2451 1125 3000 1202 προαναγγελλούσης
3033 1129 3130 1183 καὶ
3179 1145 3600 1198 προαναφωνουο

2037 1219 2227 1286 μένης,
2283 1219 2348 1272 δι’
2400 1212 2474 1272 ὧν
2534 1237 2591 1271 τε
2620 1221 2889 1272 ἀπέλυσεν
2952 1220 3246 1288 ἐγγράφως
3300 1215 3596 1270 συνοδικῶν

2035 1309 2312 1376 πράξεων,
2345 1311 2438 1360 καὶ
2465 1310 2530 1361 δι’
2557 1306 2631 1362 ὧν
2668 1310 2792 1362 καθ’
2816 1310 3051 1377 ἑκάστην
3091 1309 3316 1378 παρῄνει
3368 1309 3462 1360 καὶ
3487 1309 3599 1358 ela-

2032 1405 2244 1466 ηγεῖτο,
2277 1402 2371 1452 καὶ
2415 1403 2484 1454 δι’
2513 1396 2588 1453 ὧν
2636 1405 3084 1470 ἀποκατέστησεν
3118 1405 3363 1471 ἐξάρχων
3387 1402 3600 1459 πάντας

2032 1496 2155 1554 τοὺς
2187 1493 2525 1561 ίερωμένους
2559 1495 2648 1547 καὶ
2683 1497 2971 1563 μοναχῶς,
3001 1495 3376 1562 ἀπεχομένους
3411 1508 3593 1560 καπηη

2031 1584 2194 1636 λείων
2245 1585 2338 1635 καὶ
2395 1585 2564 1651 μέθης
2602 1588 2695 1637 καὶ
2735 1586 2843 1637 τῶν
2881 1587 2944 1638 ἐκ
2979 1586 3152 1654 μέθης
3195 1582 3597 1651 ἐπιγινομένων

2033 1674 2342 1741 θεοστυγῶν
2383 1675 2561 1743 ἔργων
2602 1678 2696 1728 καὶ
2728 1677 2974 1743 ἀσελγῶν
3004 1675 3274 1746 πράξεων,
3327 1673 3598 1726 ἐκκλίνειν

2032 1765 2126 1818 καὶ
2156 1765 2256 1833 τῆς
2305 1765 2526 1834 ὁμιλίας
2563 1766 2670 1817 τῶν
2715 1765 2933 1832 φαύλων
2980 1769 3074 1818 καὶ
3121 1764 3434 1817 ἀκολάστων
3458 1779 3472 1792 ·
3507 1761 3598 1814 διὰ

2030 1857 2203 1909 ταῦτα
2228 1857 2336 1926 γὰρ
2362 1856 2586 1926 ἔρχεται
2620 1858 2652 1924 ἡ
2693 1857 2830 1926 ὀργὴ
2856 1856 2947 1908 τοῦ
2980 1855 3114 1908 Θεοῦ
3145 1855 3228 1923 ἐφ’
3263 1857 3409 1923 ἡμᾶς
3439 1854 3598 1910 ἀπειο

2033 1947 2278 2015 θοῦντας,
2311 1948 2451 2002 κατὰ
2479 1947 2570 2001 τὸν
2623 1948 2796 2016 μέγαν
2843 1947 3189 2012 Ἀπόστολον,
3227 1945 3494 1998 καὶκατὰ
3531 1945 3596 1996 τὸ

2033 2041 2417 2110 προσαρμόζον
2447 2040 2632 2102 αὐτοῖς
2663 2039 2962 2108 σεϐάσμιον
2988 2039 3177 2110 σχῆμα
3202 2035 3470 2102 θεοφιλῶς
3501 2035 3596 2089 καὶ

2033 2135 2172 2203 μετά
2229 2132 2558 2202 σεμνότητος
2610 2131 3025 2185 πολιτεύεσθαι·
3073 2133 3196 2186 ἐπεὶ
3233 2131 3327 2184 καὶ
3379 2128 3591 2198 ὁμιλίαι

2031 2224 2200 2278 κακαὶ
2253 2223 2566 2292 φθείρουσιν
2599 2224 2705 2293 ήθη
2737 2223 2972 2294 χρηστὰ,
3018 2224 3093 2286 ὡς
3125 2223 3194 2278 τὰ
3227 2223 3348 2293 ίερά
3405 2221 3595 2274 θεσπί‹

2031 2315 2217 2378 ζουσιν
2258 2313 2589 2380 Εὐαγγέλια.
2625 2314 2692 2366 ’Δ
2723 2315 2788 2383 δὴ
2833 2314 3011 2368 πάντα
3044 2315 3138 2368 καὶ
3188 2314 3400 2383 βλέπων
3435 2329 3594 2364 συνε-

2030 2407 2142 2477 χῶς
2194 2405 2292 2460 καὶ
2322 2409 2458 2476 ἀκοῇ
2519 2405 2813 2476 λαμϐάνων
2868 2407 2954 2460 ὅδε
2994 2409 3023 2460 ὀ
3077 2406 3406 2466 Ἰωαννίκιος
3461 2400 3592 2471 παρ’

2030 2498 2182 2551 οὐδὲν
2232 2496 2462 2562 ἐτίθετο,
2510 2498 2604 2551 καὶ
2647 2497 3020 2576 ήφροντίστει.
3072 2497 3146 2550 οὐ
3191 2496 3297 2567 μὴν
3331 2494 3466 2549 ἀλλὰ
3497 2497 3597 2548 καὶ

2032 2591 2147 2658 ἅμα
2173 2587 2252 2656 τῷ
2300 2586 2592 2655 δηλωθέντι
2632 2588 2835 2654 ἑταίρῳ
2875 2586 2970 2638 καὶ
3017 2585 3236 2654 συνήθει
3278 2582 3442 2638 αὐτοῦ
3496 2597 3596 2652 μο-

2029 2678 2178 2749 ναχῷ
2227 2677 2422 2748 Ἡσαΐᾳ
2469 2679 2565 2730 σὺν
2609 2680 2675 2746 τῇ
2723 2677 2948 2747 τοιαύτῃ
3002 2679 3208 2746 μοναχῇ
3245 2678 3310 2746 τῇ
3349 2712 3365 2728 .
3409 2713 3425 2730 .
3468 2713 3484 2728 .
3522 2711 3539 2728 .
3574 2709 3591 2726 .

2030 2769 2173 2824 κατὰ
2207 2769 2268 2822 τὸ
2297 2768 2491 2822 δοκοῦν
2523 2768 2882 2838 παραγίνεται
2913 2767 2993 2829 είς
3026 2767 3084 2819 τὸ
3130 2765 3419 2836 είρημένον
3447 2767 3594 2819 ἀσω-

2028 2865 2173 2915 τετον
2219 2862 2428 2929 ταύτης
2481 2860 2547 2930 δὴ
2588 2861 2692 2930 τῆς
2728 2860 3075 2930 Θινιατίσσης
3127 2859 3592 2930 ἀνερυθριάστως.

2033 2953 2206 3005 Ἔνθα
2239 2953 2302 3021 δὴ
2331 2952 2429 3004 καὶ
2455 2952 2565 3022 πρὸ
2591 2951 2775 3019 ὀλίγου
2817 2951 2954 3020 ὁμοῦ
2985 2949 3192 3023 τούτων
3215 2951 3324 3004 τῶν
3345 2951 3598 3020 εὑρισκο-

2033 3050 2211 3114 μένων
2245 3046 2338 3096 καί
2395 3061 2558 3098 τινων
2607 3043 2922 3114 ἐξεπίτηδες
2967 3044 3359 3113 ἐνεδρευόντων
3404 3045 3498 3096 ἐπὶ
3535 3042 3601 3096 τὸ

357 3155 471 3200 τος,
503 3137 610 3204 κῦρ
645 3136 860 3206 Μιχαὴλ
891 3134 987 3188 τοῦ
1039 3133 1346 3194 Καϐάσιλα,
1379 3134 1521 3188 ὥστε
1568 3139 1684 3198 τοῖς
1731 3153 1927 3205 κοσμι-
1956 3154 2002 3217 C
2031 3136 2296 3189 εἰσελθεῖν
2341 3137 2422 3197 είς
2450 3136 2568 3188 τόδε
2611 3135 2671 3187 τὸ
2704 3137 2972 3188 άσωτεῖον
3018 3136 3114 3188 καὶ
3160 3137 3246 3188 ἐπ’
3292 3135 3598 3204 αὐτοφώρῳ

359 3233 476 3292 κοῖς
507 3227 919 3297 ἐνστρέφεσθαι,
963 3226 1038 3288 ὡς
1079 3225 1154 3294 μὴ
1200 3225 1514 3280 λυσιτελοῦν
1555 3225 1704 3297 αὐτῷ
1743 3227 1924 3291 τοῦτο,

360 3319 662 3374 κάντεῦθεν
685 3318 943 3386 ἁπεκάρη
978 3316 1118 3370 κατά
1150 3318 1420 3384 μοναχοὺς
1448 3319 1504 3390 ἐν
1549 3319 1614 3387 τῇ
1651 3319 1788 3370 κατὰ
1825 3318 1927 3386 τὴν

360 3410 716 3474 θεοδόξαστον
763 3405 1339 3461 Κωνσταντινούπολιν
1373 3406 1650 3478 σεϐασμία
1681 3410 1778 3474 τῆς
1823 3407 1928 3460 Πε-

361 3503 656 3573 ριϐλέπτου
698 3501 855 3569 μονῇ,
898 3501 957 3550 ἐν
1053 3497 1117 3566 δὴ
1146 3497 1242 3549 καὶ
1271 3499 1409 3549 κατά
1433 3497 1492 3550 τὸ
1535 3498 1776 3566 κρατοῦν
1806 3498 1925 3558 ἔθος

356 3595 460 3663 τὴν
482 3594 767 3661 ἱερατικὴν
792 3592 886 3643 καὶ
913 3591 1076 3651 αὐτὸς
1101 3589 1403 3659 ἐξεπλήρου
1424 3590 1746 3658 ὑπηρεσίαν.
1785 3590 1924 3642 Ἀλλ’

357 3685 484 3737 οὐτε
539 3681 682 3736 οὕτω
735 3683 805 3734 τά
859 3683 974 3750 τῆς·
1008 3681 1287 3743 πολιτείας
1339 3676 1454 3749 εἶχε
1505 3680 1800 3750 συνᾴδοντα
1843 3681 1938 3760 τῷ⁹

357 3775 573 3846 βαθμῷ,
619 3775 856 3844 ὁμιλίαις
895 3775 956 3826 οὐ
995 3774 1186 3834 καλαῖς
1221 3771 1523 3842 χρώμενος.
1579 3769 1687 3825 Τοῦ
1722 3772 1918 3842 καιροῦ

355 3867 654 3936 τοιγαροῦν
682 3865 1121 3934 παρατρέχοντας
1139 3863 1406 3931 διέμενεν,
1439 3864 1512 3925 ὡς
1544 3862 1738 3928 ἐδόκει,
1769 3863 1924 3930 ἀνεξ-

265 3970 270 3974 ’
353 3961 589 4025 ἐλεγκτα
614 3958 682 4010 τὰ
711 3956 805 4010 τοῦ
855 3957 1207 4026 πράγματος.
1238 3954 1351 4024 Πρό
1375 3972 1537 4006 τινων
1580 3954 1765 4024 μέντοι
1791 3955 1928 4023 ήμε-

358 4053 474 4123 ρῶν
506 4049 680 4103 συνὼν
716 4049 743 4101 ὁ
798 4046 1042 4110 τοιοῦτος
1073 4046 1149 4116 τῷ
1185 4047 1406 4116 μοναχῷ
1443 4047 1664 4116 Ἡσαΐᾳ,
1712 4046 1834 4117 μεθ’
1863 4039 1924 4100 οὗ

354 4141 600 4211 δηλονότι
629 4141 723 4193 ἐπὶ
753 4137 926 4209 βλάϐῃ
949 4138 1168 4207 ιψυχικῇ
1208 4139 1454 4206 συνήθως
1490 4131 1625 4208 εἶχε,
1657 4139 1753 4190 καὶ
1783 4136 1926 4205 φιλι-

355 4234 473 4295 κῶς
499 4232 776 4298 συνέθετο,
806 4233 900 4284 καὶ
929 4229 1232 4282 κατέλαϐον
1253 4231 1308 4282 ἐν
1341 4270 1355 4284 .
1395 4269 1409 4283 .
1449 4267 1465 4282 .
1502 4270 1514 4283 .
1553 4268 1570 4285 .
1597 4230 1678 4292 είς
1703 4229 1766 4281 τὸ
1793 4246 1926 4299 προσ

355 4325 536 4391 δὴλως
587 4323 1034 4390 κατεγνωσμένον
1072 4321 1336 4389 όσπήτιον
1379 4321 1478 4389 τῆς
1511 4321 1783 4390 θυγατρὸς
1830 4320 1924 4374 τοῦ

359 4408 837 4477 ἐπονομαζομένου
888 4409 1143 4461 Θινιάτου
1198 4407 1432 4469 ἐκείνου,
1471 4408 1570 4477 τῆς
1622 4409 1926 4478 λεγομένης

2029 3226 2157 3287 τοὺς
2186 3223 2462 3287 τοιούτους
2491 3225 2761 3294 κρατῆσαι
2797 3225 2892 3276 καὶ
2929 3224 3230 3293 ἀφελέσθαι
3272 3224 3372 3292 μὲν
3408 3229 3499 3276 καὶ
3525 3225 3595 3275 τὰ

2035 3316 2306 3385 προσόντα
2335 3317 2569 3380 τούτοις,
2603 3314 2852 3384 ἐπόπτην
2899 3315 2958 3367 δέ
3010 3315 3355 3385 στηλιτεῦσαι
3396 3316 3596 3376 αὐτοὺς

2030 3410 2124 3460 καὶ
2170 3407 2578 3476 θριαμϐεῦσαιο
2625 3408 2749 3460 ἐπεὶ
2781 3409 2810 3457 ὀ
2857 3405 3190 3476 τιμιώτατος
3239 3407 3598 3476 δικαιοφύλαξ

2031 3505 2124 3550 καὶ
2155 3499 2526 3568 πρωτέκδικος
2549 3498 2647 3564 τῆς
2669 3494 2794 3549 καθ’
2826 3499 2974 3566 ἡμᾶς
3001 3499 3313 3567 ἁγιωτάτης
3336 3499 3429 3552 τοῦ
3456 3499 3593 3552 Θεοῦ

2030 3591 2294 3658 Μεγάλης
2335 3589 2687 3658 Ἐκκλησίας,
2727 3590 3010 3660 ἀγαπητὸς
3040 3590 3182 3643 κατὰ
3221 3590 3444 3661 Πνεῦμα
3481 3592 3591 3652 υἱὸς

2027 3679 2128 3746 τῆς
2175 3678 2331 3747 ἡμῶν
2386 3679 2761 3748 μετριότητος,
2829 3680 2936 3748 κῦρ
3003 3680 3261 3750 Ἰωάννης
3311 3683 3341 3734 ὀ
3391 3681 3591 3745 Φύλαξ,

2029 3769 2188 3838 ἐτυχε
2217 3769 2342 3822 καθ’
2381 3770 2497 3822 ὀδὸν
2543 3771 2725 3822 ἐκεῖσε
2762 3771 3130 3841 διερχόμενος,
3168 3773 3262 3826 καὶ
3291 3774 3342 3825 οί
3379 3775 3438 3825 ἐν
3474 3790 3594 3840 γει·

2027 3863 2198 3914 τόνων
2250 3859 2528 3926 οίκοῦντες
2573 3857 2731 3917 εἶπον
2770 3865 2866 3916 καὶ
2919 3865 3131 3930 ἔδειξαν
3167 3867 3317 3936 αὐτῷ
3363 3869 3431 3919 τὰ
3465 3868 3596 3936 περὶ

2027 3952 2255 4015 τούτων,
2307 3954 2404 4004 καὶ
2441 3953 2718 4024 ἐζήτησαν
2757 3956 3248 4026 προμηθεύσασθαι
3289 3959 3382 4011 καὶ
3422 3959 3596 4011 ιτς-παλ⁴

2029 4042 2188 4107 λάξαι
2223 4045 2322 4112 τῆς
2369 4045 2596 4116 ἀτιμίας
2637 4047 2857 4113 αὐτοὺς,
2888 4049 3015 4111 τοὺς
3046 4049 3146 4118 μὲν
3180 4050 3319 4118 μετά
3358 4048 3594 4121 θράσους

2027 4135 2392 4205 ὡρμημένους
2419 4139 2556 4205 πρὸς
2585 4138 2746 4191 τοῦτο
2769 4140 2950 4208 ῐσχυσε
2978 4142 3129 4209 μόλις
3154 4141 3250 4194 καὶ
3281 4143 3593 4196 κατέπαυσε

2027 4231 2123 4283 καὶ
2175 4230 2531 4299 ὑποχωρῆσαι
2587 4232 2990 4301 παρεσκεύασε,
3043 4235 3591 4309 μεταχειρισάμενος,

2028 4321 2104 4380 ὡς
2137 4321 2286 4390 ἐνῆν,
2333 4323 2637 4391 γενομένης
2669 4326 2763 4378 καὶ
2799 4325 2999 4388 δόσεως
3025 4328 3104 4387 εἰς
3131 4328 3260 4390 τοὺς
3292 4327 3591 4391 τοιούτους,

2030 4414 2130 4480 ὂση
2158 4413 2223 4483 δὴ
2254 4415 2349 4466 καὶ
2404 4416 2646 4483 ἐγένετο,
2680 4416 2846 4479 αὐτὸς
2881 4416 2939 4470 δὲ
2985 4403 3132 4470 ἔνδον
3173 4419 3465 4489 γενόμενος
3498 4421 3592 4473 καὶ

363 4500 603 4569 μοναχῆς
651 4533 667 4551 .
700 4538 714 4552 .
759 4539 772 4553 .
806 4535 822 4552 .
857 4539 872 4556 .
919 4499 1288 4571 Θινιατίσσης,
1349 4500 1473 4568 ἥτις
1525 4502 1619 4552 καὶ
1675 4500 1784 4570 πρὸ
1828 4500 1924 4555 τοῦ
1952 4489 2005 4550 Ῑ)
2033 4504 2158 4557 ίδὼν
2187 4505 2412 4574 αὐτοψεὶ
2458 4507 2517 4558 ἐν
2544 4508 2623 4576 τῷ
2659 4507 2812 4576 αὐτῷ
2851 4508 3099 4578 ἀσωτείῳ
3141 4513 3234 4563 τόν
3263 4528 3320 4562 τε
3359 4511 3593 4581 ρηθέντα

357 4589 746 4658 ἀμφιάσασθαι
776 4589 846 4642 τὰ
883 4597 1149 4659 μοναχικὰ
1189 4590 1688 4660 διατεθρυλλημένη
1721 4588 1812 4661 ἦν,
1849 4593 1926 4656 ὡς

357 4680 585 4742 ἀσώτως
613 4681 825 4750 βιοῦσα,
856 4681 950 4734 καὶ
973 4683 1034 4734 οὐ
1069 4683 1225 4751 μόνον
1252 4681 1338 4735 ἐπ’
1363 4683 1572 4752 ὀλέθρῳ
1595 4684 1693 4751 τῆς
1721 4685 1928 4748 οἰκείας

355 4771 560 4838 ψυχῆς,
595 4771 735 4823 ἀλλὰ
786 4771 881 4823 καὶ
913 4772 1004 4822 ἐπὶ
1033 4770 1180 4840 λύμῃ
1223 4770 1431 4823 πολλῶν
1473 4771 1662 4840 ψυχῶν
1701 4772 1796 4824 ἀπ’
1827 4775 1926 4826 αὐ-

355 4859 457 4927 τῆς
496 4861 1050 4930 μαστροπευομένων.
1103 4861 1258 4913 Μετά
1305 4860 1363 4912 δὲ
1399 4862 1586 4913 καὶτὸ
1631 4863 1926 4931 περιϐαλέ-

358 4952 484 5004 σθαι
534 4953 592 5004 ἐν
631 4953 707 5022 τῷ
741 4954 874 5023 οῐκῳ
923 4953 1095 5020 αὐτῆς
1135 4955 1203 5006 τὰ
1233 4955 1502 5022 μοναχικά
1552 4957 1646 5007 καὶ
1687 4957 1746 5006 ἐν
1771 4955 1924 5021 αὐτῷ

358 5044 710 5112 καταμένειν,
747 5045 840 5096 ἐπὶ
887 5047 948 5096 τὸ
981 5047 1163 5114 χεῖρον
1217 5045 1493 5114 προέκοψε
1534 5045 1791 5113 μάλιστα,
1831 5047 1922 5098 τὸν

356 5133 603 5186 τοιοῦτον
633 5135 830 5202 ἑαυτῆς
863 5132 1011 5187 οἷκον
1033 5135 1429 5204 χαμαιτυπεῖον
1454 5137 1920 5206 ἀπεργασαμένη,

356 5226 452 5277 καὶ
481 5227 604 5284 ταῖς
633 5227 929 5295 νεωτέραις
961 5227 1224 5294 μοναχαῖς
1259 5227 1574 5294 μαστροπὸν
1607 5227 1806 5297 ἑαυτὴν
1826 5244 1924 5280 κα-

354 5315 694 5381 ταστήσασα,
729 5313 805 5376 ὡς
837 5316 914 5384 μὴ
957 5313 1193 5382 ὤφελεν.
1235 5315 1429 5367 Ἔνθεν
1470 5333 1553 5368 τοι
1586 5318 1682 5368 καὶ
1730 5315 1922 5384 ἐφοίτα

357 5407 456 5475 μὲν
507 5411 535 5459 ὀ
571 5406 758 5475 ῥηθεὶς
817 5408 1165 5472 Ἰωαννίκιος,
1215 5409 1332 5459 ἐκεῖ
1369 5409 1920 5478 προσεταιριζόμενος

353 5502 449 5552 καὶ
476 5500 569 5552 τὸν
600 5501 811 5568 συνήθη
843 5500 1010 5553 αὐτοῦ
1064 5502 1301 5570 μοναχὸν
1344 5500 1594 5568 Ἡσαΐαν,
1630 5505 1916 5571 ἐφείλκετο

350 5591 407 5643 δὲ
439 5590 562 5658 μεθ’
593 5591 791 5644 ἑαυτοῦ
831 5595 923 5645 καὶ
946 5592 1046 5658 τὴν
1081 5593 1320 5662 μοναχὴν
1353 5632 1366 5645 .
1403 5633 1415 5646 .
1451 5633 1466 5648 .
1505 5633 1520 5648 .
1560 5635 1572 5647 .
1610 5596 1691 5655 εἰς
1717 5594 1778 5644 τὸ
1807 5613 1920 5647 τοι-

348 5679 507 5731 οῦτον
555 5683 826 5748 πορνεῖον,
888 5682 1112 5750 ἀναίδην
1147 5682 1528 5749 εἰσερχόμενος
1570 5684 1663 5734 καὶ
1711 5685 1777 5734 τὰ
1823 5685 1913 5734 δο-

347 5768 552 5822 κοῦντα
580 5768 1070 5841 διαπραττόμενος,
1107 5776 1242 5840 μήτε
1272 5775 1370 5840 τὴν
1401 5773 1584 5823 θεόθεν
1617 5775 1907 5836 ἐπεξέλευ-

2042 4597 2367 4652 Ἰωαννίκιον
2428 4598 2521 4650 καὶ
2569 4599 2662 4652 τὸν
2728 4599 2885 4667 φίλον
2943 4601 3144 4664 αὐτοῦ,
3206 4603 3297 4653 τὸν
3359 4603 3595 4671 μοναχὸν

2041 4686 2293 4752 Ἡσαΐαν,
2323 4688 2423 4740 σὺν
2446 4690 2568 4751 ταῖς
2594 4690 2915 4759 εἰρημέναις
2933 4694 3206 4760 μοναχαίς
3227 4694 3294 4762 τῇ
3323 4709 3380 4744 τε
3411 4693 3604 4746 Θινιαι

2026 4779 2190 4851 τίσσῃ
2245 4780 2339 4832 καὶ
2371 4782 2437 4848 τῇ
2471 4817 2486 4831 .
2524 4819 2539 4832 .
2573 4817 2589 4832 .
2627 4820 2641 4834 .
2677 4819 2691 4833 .
2718 4780 3062 4851 ἠλευθέρωσε
3118 4782 3216 4851 μὲν
3244 4783 3470 4844 τούτους
3511 4787 3598 4836 ἐν-

2024 4867 2237 4930 τεῦθεν,
2271 4867 2414 4937 πλὴν
2445 4867 2742 4937 σκώμμασι
2781 4869 2877 4920 καὶ
2915 4868 3240 4936 ὀνειδισμοῖς
3262 4869 3361 4921 οὐκ
3391 4869 3595 4934 ὀλίγοις

2026 4957 2228 5015 αὐτοὺς
2251 4956 2604 5010 καθυπέΰαλε
2636 4956 2781 5010 κατὰ
2814 4958 2876 5008 τὸ
2909 4956 3078 5020 είκὸς,
3105 4958 3252 5019 ὅπως
3277 4959 3364 5009 ἐπ’
3388 4957 3556 5023 ἀθετή
3574 4986 3592 4999 -

2029 5064 2112 5099 σει
2139 5046 2233 5099 τοῦ
2287 5048 2427 5117 πρὸς
2457 5047 2594 5101 Θεὸν
2637 5048 3063 5118 ἐπαγγέλματος
3113 5051 3341 5119 φαύλοις
3382 5055 3478 5104 καὶ
3506 5055 3595 5106 αὶ-

2027 5138 2268 5206 σχίστοις
2320 5139 2642 5208 πράγμασιν
2681 5139 2954 5203 ἐξέδωκαν
2999 5143 3248 5207 ἑαυτοὺς,
3295 5142 3594 5196 καὶταῦτα

2026 5230 2121 5298 τῆς
2147 5231 2306 5294 ἁγίας
2327 5229 2420 5282 τοῦ
2444 5230 2578 5284 Θεοῦ
2613 5231 2944 5300 Ἐκκλησίας
2959 5236 3102 5286 κατὰ
3125 5235 3218 5286 τὸν
3243 5236 3592 5302 ἀναγεγραμ-

2029 5323 2190 5391 μένον
2217 5324 2416 5391 τρόπον
2449 5324 2751 5392 ἁπέχεσθαι
2785 5326 3040 5390 καθάπαξ
3072 5327 3180 5378 τῶν
3208 5326 3466 5377 τοιούτων
3493 5344 3595 5376 πα-

2028 5415 2467 5488 ρακελευομένης
2510 5417 2604 5469 καὶ
2662 5417 3043 5486 διδασκούσης.
3083 5416 3270 5478 Οὕτως
3303 5415 3396 5469 οὖν
3445 5416 3595 5486 διαρο

2025 5507 2196 5576 ρήδην
2239 5507 2656 5576 ἐξελεγχθέντος
2699 5509 2792 5562 τοῦ
2829 5511 3174 5578 πράγματος,
3220 5508 3447 5576 οὐδεμία
3506 5526 3591 5569 τις

2023 5592 2090 5664 ἦν
2117 5597 2273 5664 χρεία
2311 5597 2603 5666 ἢζήτησις
2641 5599 3038 5668 παραστάσεως
3087 5596 3354 5658 πλείονος,
3396 5596 3592 5649 καθαιο

2026 5688 2172 5756 ρέσει
2203 5691 2294 5739 τὸν
2348 5691 2680 5742 Ίιυκννίκιον
2714 5690 2968 5741 παντελεῖ
2993 5688 3410 5755 καθυπάγουσα.
3441 5689 3590 5758 Πλὴν

2022 5779 2053 5843 η
2093 5780 2388 5845 μετριότης
2443 5779 2618 5846 ἡμῶν,
2654 5780 2832 5830 πᾶσαν
2881 5778 3158 5847 πρόφασιν
3201 5776 3592 5853 ἰτεριοιιροῦσα⁹
