  <div class='ocr_page' id='page_1' title='image "/cluster/home/n/w/nwhite01/storage/ocr_20150623/152/mdp.39015078384735/674.png"; bbox 0 0 4026 6264; ppageno 0'>
   <div class='ocr_carea' id='block_1_1' title="bbox 302 298 436 362">
    <p class='ocr_par' dir='ltr' id='par_1_1' title="bbox 302 298 436 362">
     <span class='ocr_line' id='line_1_1' title="bbox 302 298 436 362; baseline 0.015 -2"><span class='ocrx_word' id='word_1_1' title='bbox 302 298 436 362; x_wconf 87' lang='grc'><strong>1333</strong></span> 
     </span>
    </p>
   </div>
   <div class='ocr_carea' id='block_1_2' title="bbox 1089 314 2738 387">
    <p class='ocr_par' dir='ltr' id='par_1_2' title="bbox 1089 314 2738 387">
     <span class='ocr_line' id='line_1_2' title="bbox 1089 314 2738 387; baseline 0.008 -15"><span class='ocrx_word' id='word_1_2' title='bbox 1089 314 1435 376; x_wconf 70' lang='lat' dir='ltr'>CALLIS‘TI</span> <span class='ocrx_word' id='word_1_3' title='bbox 1491 318 1583 378; x_wconf 87' lang='lat' dir='ltr'>ET</span> <span class='ocrx_word' id='word_1_4' title='bbox 1629 321 2056 384; x_wconf 79' lang='lat' dir='ltr'>PHILOTHEI</span> <span class='ocrx_word' id='word_1_5' title='bbox 2114 327 2224 386; x_wconf 67' lang='grc' dir='ltr'>ΟΡ.</span> <span class='ocrx_word' id='word_1_6' title='bbox 2275 326 2738 387; x_wconf 81' lang='lat' dir='ltr'>PATRIARCI].</span> 
     </span>
    </p>
   </div>
   <div class='ocr_carea' id='block_1_3' title="bbox 3405 320 3546 380">
    <p class='ocr_par' dir='ltr' id='par_1_3' title="bbox 3405 320 3546 380">
     <span class='ocr_line' id='line_1_3' title="bbox 3405 320 3546 380; baseline -0.007 0"><span class='ocrx_word' id='word_1_7' title='bbox 3405 320 3546 380; x_wconf 60' lang='lat'>1’32</span> 
     </span>
    </p>
   </div>
   <div class='ocr_carea' id='block_1_4' title="bbox 293 415 1901 510">
    <p class='ocr_par' dir='ltr' id='par_1_4' title="bbox 293 415 1901 510">
     <span class='ocr_line' id='line_1_4' title="bbox 293 415 1901 510; baseline 0.012 -38"><span class='ocrx_word' id='word_1_8' title='bbox 293 415 456 472; x_wconf 76' lang='lat' dir='ltr'>XVII.</span> <span class='ocrx_word' id='word_1_9' title='bbox 484 415 737 510; x_wconf 58' lang='lat' dir='ltr'>Callistus</span> <span class='ocrx_word' id='word_1_10' title='bbox 754 425 905 510; x_wconf 50' lang='lat' dir='ltr'>jflbef</span> <span class='ocrx_word' id='word_1_11' title='bbox 927 429 1729 510; x_wconf 48' lang='grc' dir='ltr'>Μείνομοίὶιαηι-ΡΙιίίαάειρΙιῐω</span> <span class='ocrx_word' id='word_1_12' title='bbox 1757 453 1866 490; x_wconf 84' lang='lat' dir='ltr'>mo-</span> <span class='ocrx_word' id='word_1_13' title='bbox 1895 487 1901 500; x_wconf 39' lang='grc' dir='ltr'>ι</span> 
     </span>
    </p>
   </div>
   <div class='ocr_carea' id='block_1_5' title="bbox 1992 415 3542 510">
    <p class='ocr_par' dir='ltr' id='par_1_5' title="bbox 1992 438 3542 510">
     <span class='ocr_line' id='line_1_5' title="bbox 1992 438 3542 510; baseline -0.002 -21"><span class='ocrx_word' id='word_1_14' title='bbox 1992 457 2064 492; x_wconf 79' lang='grc' dir='ltr'>του</span> <span class='ocrx_word' id='word_1_15' title='bbox 2121 442 2524 510; x_wconf 85' lang='grc' dir='ltr'>πατριαρχικοῦ</span> <span class='ocrx_word' id='word_1_16' title='bbox 2595 438 3003 510; x_wconf 79' lang='grc' dir='ltr'>μοναστηρίου,</span> <span class='ocrx_word' id='word_1_17' title='bbox 3064 439 3299 506; x_wconf 83' lang='grc' dir='ltr'>πρᾶγμα</span> <span class='ocrx_word' id='word_1_18' title='bbox 3363 440 3542 488; x_wconf 80' lang='grc' dir='ltr'>ποιεῖν</span> 
     </span>
    </p>
   </div>
   <div class='ocr_carea' id='block_1_6' title="bbox 679 496 1472 566">
    <p class='ocr_par' dir='ltr' id='par_1_6' title="bbox 679 496 1472 566">
     <span class='ocr_line' id='line_1_6' title="bbox 679 496 1472 566; baseline 0.011 -21"><span class='ocrx_word' id='word_1_19' title='bbox 679 496 972 549; x_wconf 79' lang='lat' dir='ltr'><strong><em>naslerium</em></strong></span> <span class='ocrx_word' id='word_1_20' title='bbox 999 497 1166 551; x_wconf 81' lang='lat' dir='ltr'>David</span> <span class='ocrx_word' id='word_1_21' title='bbox 1199 501 1472 566; x_wconf 71' lang='lat' dir='ltr'>inspicefe.</span> 
     </span>
    </p>
   </div>
   <div class='ocr_carea' id='block_1_7' title="bbox 365 605 1860 687">
    <p class='ocr_par' dir='ltr' id='par_1_7' title="bbox 365 605 1860 687">
     <span class='ocr_line' id='line_1_7' title="bbox 365 605 1860 687; baseline 0.008 -31"><span class='ocrx_word' id='word_1_22' title='bbox 365 605 405 676; x_wconf 67' lang='grc' dir='ltr'>-ι-</span> <span class='ocrx_word' id='word_1_23' title='bbox 447 605 734 670; x_wconf 86' lang='grc' dir='ltr'>Ίερὼτατε</span> <span class='ocrx_word' id='word_1_24' title='bbox 763 609 1136 678; x_wconf 87' lang='grc' dir='ltr'>μητροπολῖτα</span> <span class='ocrx_word' id='word_1_25' title='bbox 1161 611 1565 681; x_wconf 79' lang='grc' dir='ltr'>Φιλαδελφείας,</span> <span class='ocrx_word' id='word_1_26' title='bbox 1593 616 1860 687; x_wconf 75' lang='grc' dir='ltr'>ὑπέρτιμε</span> 
     </span>
    </p>
   </div>
   <div class='ocr_carea' id='block_1_8' title="bbox 298 696 1862 775">
    <p class='ocr_par' dir='ltr' id='par_1_8' title="bbox 298 696 1862 775">
     <span class='ocr_line' id='line_1_8' title="bbox 298 696 1862 775; baseline 0.006 -25"><span class='ocrx_word' id='word_1_27' title='bbox 298 697 394 750; x_wconf 73' lang='grc' dir='ltr'>καὶ</span> <span class='ocrx_word' id='word_1_28' title='bbox 427 696 623 766; x_wconf 78' lang='grc' dir='ltr'>ἐξαρχε</span> <span class='ocrx_word' id='word_1_29' title='bbox 649 698 833 766; x_wconf 84' lang='grc' dir='ltr'>πάσης</span> <span class='ocrx_word' id='word_1_30' title='bbox 862 699 1084 763; x_wconf 79' lang='grc' dir='ltr'>Λυδίας,</span> <span class='ocrx_word' id='word_1_31' title='bbox 1126 701 1183 753; x_wconf 92' lang='grc' dir='ltr'>ἐν</span> <span class='ocrx_word' id='word_1_32' title='bbox 1219 702 1359 771; x_wconf 82' lang='grc' dir='ltr'>ἁγίῳ</span> <span class='ocrx_word' id='word_1_33' title='bbox 1404 704 1683 774; x_wconf 82' lang='grc' dir='ltr'>Πνεύματι</span> <span class='ocrx_word' id='word_1_34' title='bbox 1712 708 1862 775; x_wconf 79' lang='grc' dir='ltr'>ἀγα-</span> 
     </span>
    </p>
   </div>
   <div class='ocr_carea' id='block_1_9' title="bbox 297 787 1865 868">
    <p class='ocr_par' dir='ltr' id='par_1_9' title="bbox 297 787 1865 868">
     <span class='ocr_line' id='line_1_9' title="bbox 297 787 1865 868; baseline 0.007 -28"><span class='ocrx_word' id='word_1_35' title='bbox 297 789 436 856; x_wconf 86' lang='grc' dir='ltr'>πητέ</span> <span class='ocrx_word' id='word_1_36' title='bbox 466 787 662 856; x_wconf 87' lang='grc' dir='ltr'>ἀδελφέ</span> <span class='ocrx_word' id='word_1_37' title='bbox 692 789 791 857; x_wconf 80' lang='grc' dir='ltr'>τῆς</span> <span class='ocrx_word' id='word_1_38' title='bbox 823 790 982 859; x_wconf 80' lang='grc' dir='ltr'>ἡμῶν</span> <span class='ocrx_word' id='word_1_39' title='bbox 1011 793 1365 862; x_wconf 75' lang='grc' dir='ltr'>μετριότητος</span> <span class='ocrx_word' id='word_1_40' title='bbox 1389 796 1483 846; x_wconf 79' lang='grc' dir='ltr'>καὶ</span> <span class='ocrx_word' id='word_1_41' title='bbox 1516 797 1865 868; x_wconf 85' lang='grc' dir='ltr'>συλλειτουρ-</span> 
     </span>
    </p>
   </div>
   <div class='ocr_carea' id='block_1_10' title="bbox 295 878 1862 958">
    <p class='ocr_par' dir='ltr' id='par_1_10' title="bbox 295 878 1862 958">
     <span class='ocr_line' id='line_1_10' title="bbox 295 878 1862 958; baseline 0.007 -27"><span class='ocrx_word' id='word_1_42' title='bbox 295 879 380 946; x_wconf 80' lang='grc' dir='ltr'>γὲ,</span> <span class='ocrx_word' id='word_1_43' title='bbox 417 878 580 947; x_wconf 89' lang='grc' dir='ltr'>χάρις</span> <span class='ocrx_word' id='word_1_44' title='bbox 620 878 706 948; x_wconf 66' lang='grc' dir='ltr'>εἴη</span> <span class='ocrx_word' id='word_1_45' title='bbox 752 879 846 932; x_wconf 83' lang='grc' dir='ltr'>καὶ</span> <span class='ocrx_word' id='word_1_46' title='bbox 875 881 1066 952; x_wconf 79' lang='grc' dir='ltr'>εἰρήνη</span> <span class='ocrx_word' id='word_1_47' title='bbox 1087 885 1240 952; x_wconf 88' lang='grc' dir='ltr'>παρά</span> <span class='ocrx_word' id='word_1_48' title='bbox 1257 883 1392 936; x_wconf 84' lang='grc' dir='ltr'>Θεοῦ</span> <span class='ocrx_word' id='word_1_49' title='bbox 1414 887 1477 954; x_wconf 87' lang='grc' dir='ltr'>τῇ</span> <span class='ocrx_word' id='word_1_50' title='bbox 1520 890 1582 955; x_wconf 81' lang='grc' dir='ltr'>σῇ</span> <span class='ocrx_word' id='word_1_51' title='bbox 1607 888 1862 958; x_wconf 85' lang='grc' dir='ltr'>ίερότητι.</span> 
     </span>
    </p>
   </div>
   <div class='ocr_carea' id='block_1_11' title="bbox 296 968 1864 1046">
    <p class='ocr_par' dir='ltr' id='par_1_11' title="bbox 296 968 1864 1046">
     <span class='ocr_line' id='line_1_11' title="bbox 296 968 1864 1046; baseline 0.007 -26"><span class='ocrx_word' id='word_1_52' title='bbox 296 968 450 1023; x_wconf 74' lang='grc' dir='ltr'>Ἐπεὶ</span> <span class='ocrx_word' id='word_1_53' title='bbox 487 968 776 1038; x_wconf 79' lang='grc' dir='ltr'>ἔφθασενὴ</span> <span class='ocrx_word' id='word_1_54' title='bbox 810 971 1018 1040; x_wconf 82' lang='grc' dir='ltr'>μοναχὴ</span> <span class='ocrx_word' id='word_1_55' title='bbox 1041 973 1072 1040; x_wconf 86' lang='grc' dir='ltr'>ή</span> <span class='ocrx_word' id='word_1_56' title='bbox 1093 974 1546 1046; x_wconf 78' lang='grc' dir='ltr'>ἐπονομαζομένη</span> <span class='ocrx_word' id='word_1_57' title='bbox 1580 977 1864 1045; x_wconf 85' lang='grc' dir='ltr'>Ἀγγελίνα</span> 
     </span>
    </p>
   </div>
   <div class='ocr_carea' id='block_1_12' title="bbox 269 1045 1865 1139">
    <p class='ocr_par' dir='ltr' id='par_1_12' title="bbox 269 1045 1865 1139">
     <span class='ocr_line' id='line_1_12' title="bbox 269 1045 1865 1139; baseline 0.008 -30"><span class='ocrx_word' id='word_1_58' title='bbox 269 1045 325 1128; x_wconf 68' lang='grc' dir='ltr'>’ὴ</span> <span class='ocrx_word' id='word_1_59' title='bbox 352 1059 690 1138; x_wconf 12' lang='grc' dir='ltr'>Σεναχηρνίνα</span> <span class='ocrx_word' id='word_1_60' title='bbox 723 1060 818 1112; x_wconf 73' lang='grc' dir='ltr'>καὶ</span> <span class='ocrx_word' id='word_1_61' title='bbox 847 1061 1179 1130; x_wconf 79' lang='grc' dir='ltr'>διεπράξατο</span> <span class='ocrx_word' id='word_1_62' title='bbox 1211 1066 1304 1118; x_wconf 78' lang='grc' dir='ltr'>καὶ</span> <span class='ocrx_word' id='word_1_63' title='bbox 1332 1045 1634 1134; x_wconf 83' lang='grc' dir='ltr'>εἰργάσατο</span> <span class='ocrx_word' id='word_1_64' title='bbox 1661 1072 1740 1132; x_wconf 91' lang='grc' dir='ltr'>εἰς</span> <span class='ocrx_word' id='word_1_65' title='bbox 1767 1072 1865 1139; x_wconf 81' lang='grc' dir='ltr'>τὴν</span> 
     </span>
    </p>
   </div>
   <div class='ocr_carea' id='block_1_13' title="bbox 298 1149 1863 1228">
    <p class='ocr_par' dir='ltr' id='par_1_13' title="bbox 298 1149 1863 1228">
     <span class='ocr_line' id='line_1_13' title="bbox 298 1149 1863 1228; baseline 0.006 -27"><span class='ocrx_word' id='word_1_66' title='bbox 298 1150 479 1202; x_wconf 80' lang='grc' dir='ltr'>αὐτόθι</span> <span class='ocrx_word' id='word_1_67' title='bbox 521 1149 824 1218; x_wconf 80' lang='grc' dir='ltr'>σεϐασμίαν</span> <span class='ocrx_word' id='word_1_68' title='bbox 862 1154 1181 1220; x_wconf 75' lang='grc' dir='ltr'>γυναικείαν</span> <span class='ocrx_word' id='word_1_69' title='bbox 1230 1160 1636 1226; x_wconf 75' lang='grc' dir='ltr'>πατριαρχικὴν</span> <span class='ocrx_word' id='word_1_70' title='bbox 1674 1161 1863 1228; x_wconf 80' lang='grc' dir='ltr'>μονὴν,</span> 
     </span>
    </p>
   </div>
   <div class='ocr_carea' id='block_1_14' title="bbox 263 1241 1867 1317">
    <p class='ocr_par' dir='ltr' id='par_1_14' title="bbox 263 1241 1867 1317">
     <span class='ocr_line' id='line_1_14' title="bbox 263 1241 1867 1317; baseline 0.005 -25"><span class='ocrx_word' id='word_1_71' title='bbox 263 1265 272 1310; x_wconf 64' lang='grc' dir='ltr'><em>ς</em></span> <span class='ocrx_word' id='word_1_72' title='bbox 300 1242 388 1293; x_wconf 85' lang='grc' dir='ltr'>ἐπ’</span> <span class='ocrx_word' id='word_1_73' title='bbox 419 1241 642 1310; x_wconf 84' lang='grc' dir='ltr'>ὀνόματι</span> <span class='ocrx_word' id='word_1_74' title='bbox 672 1242 1043 1312; x_wconf 84' lang='grc' dir='ltr'>τετιμημένην</span> <span class='ocrx_word' id='word_1_75' title='bbox 1081 1245 1180 1312; x_wconf 80' lang='grc' dir='ltr'>τῆς</span> <span class='ocrx_word' id='word_1_76' title='bbox 1218 1245 1524 1315; x_wconf 83' lang='grc' dir='ltr'>ὑπεράγνου</span> <span class='ocrx_word' id='word_1_77' title='bbox 1567 1251 1867 1317; x_wconf 85' lang='grc' dir='ltr'>Δεσποίνης</span> 
     </span>
    </p>
   </div>
   <div class='ocr_carea' id='block_1_15' title="bbox 268 1331 1864 1408">
    <p class='ocr_par' dir='ltr' id='par_1_15' title="bbox 268 1331 1864 1408">
     <span class='ocr_line' id='line_1_15' title="bbox 268 1331 1864 1408; baseline 0.008 -26"><span class='ocrx_word' id='word_1_78' title='bbox 268 1339 270 1365; x_wconf 82' lang='grc' dir='ltr'>ί</span> <span class='ocrx_word' id='word_1_79' title='bbox 301 1331 394 1383; x_wconf 80' lang='grc' dir='ltr'>καὶ</span> <span class='ocrx_word' id='word_1_80' title='bbox 425 1331 772 1402; x_wconf 76' lang='grc' dir='ltr'>Θεομήτορος</span> <span class='ocrx_word' id='word_1_81' title='bbox 804 1335 897 1385; x_wconf 77' lang='grc' dir='ltr'>καὶ</span> <span class='ocrx_word' id='word_1_82' title='bbox 933 1334 1369 1406; x_wconf 81' lang='grc' dir='ltr'>ἐπικεκλημένην</span> <span class='ocrx_word' id='word_1_83' title='bbox 1403 1337 1496 1390; x_wconf 90' lang='grc' dir='ltr'>τοῦ</span> <span class='ocrx_word' id='word_1_84' title='bbox 1545 1340 1650 1408; x_wconf 87' lang='grc' dir='ltr'>κῦρ</span> <span class='ocrx_word' id='word_1_85' title='bbox 1681 1340 1864 1407; x_wconf 81' lang='grc' dir='ltr'>Δαυῒδ,</span> 
     </span>
    </p>
   </div>
   <div class='ocr_carea' id='block_1_16' title="bbox 271 1423 1868 1502">
    <p class='ocr_par' dir='ltr' id='par_1_16' title="bbox 271 1423 1868 1502">
     <span class='ocr_line' id='line_1_16' title="bbox 271 1423 1868 1502; baseline 0.007 -28"><span class='ocrx_word' id='word_1_86' title='bbox 271 1423 398 1502; x_wconf 58' lang='grc' dir='ltr'>ξὸσα</span> <span class='ocrx_word' id='word_1_87' title='bbox 419 1423 484 1490; x_wconf 80' lang='grc' dir='ltr'>δὴ</span> <span class='ocrx_word' id='word_1_88' title='bbox 513 1425 604 1476; x_wconf 73' lang='grc' dir='ltr'>καὶ</span> <span class='ocrx_word' id='word_1_89' title='bbox 635 1423 894 1494; x_wconf 86' lang='grc' dir='ltr'>ἐποίησεν</span> <span class='ocrx_word' id='word_1_90' title='bbox 926 1426 1240 1490; x_wconf 88' lang='grc' dir='ltr'>ἀνένδεκτα,</span> <span class='ocrx_word' id='word_1_91' title='bbox 1269 1428 1367 1496; x_wconf 88' lang='grc' dir='ltr'>οὐχ</span> <span class='ocrx_word' id='word_1_92' title='bbox 1393 1428 1465 1490; x_wconf 88' lang='grc' dir='ltr'>ὼς</span> <span class='ocrx_word' id='word_1_93' title='bbox 1497 1433 1665 1500; x_wconf 82' lang='grc' dir='ltr'>ἐχρῆν</span> <span class='ocrx_word' id='word_1_94' title='bbox 1690 1433 1868 1484; x_wconf 85' lang='grc' dir='ltr'>διατε-</span> 
     </span>
    </p>
   </div>
   <div class='ocr_carea' id='block_1_17' title="bbox 271 1505 1870 1593">
    <p class='ocr_par' dir='ltr' id='par_1_17' title="bbox 271 1505 1870 1593">
     <span class='ocr_line' id='line_1_17' title="bbox 271 1505 1870 1593; baseline 0.007 -28"><span class='ocrx_word' id='word_1_95' title='bbox 271 1505 490 1577; x_wconf 57' lang='grc' dir='ltr'>θεῖσα,</span> <span class='ocrx_word' id='word_1_96' title='bbox 545 1515 683 1568; x_wconf 87' lang='grc' dir='ltr'>ἀλλά</span> <span class='ocrx_word' id='word_1_97' title='bbox 739 1516 941 1584; x_wconf 82' lang='grc' dir='ltr'>μᾶλλον</span> <span class='ocrx_word' id='word_1_98' title='bbox 990 1521 1084 1571; x_wconf 75' lang='grc' dir='ltr'>καὶ</span> <span class='ocrx_word' id='word_1_99' title='bbox 1140 1520 1235 1571; x_wconf 73' lang='grc' dir='ltr'>ἐπὶ</span> <span class='ocrx_word' id='word_1_100' title='bbox 1284 1520 1454 1591; x_wconf 79' lang='grc' dir='ltr'>βλάϐῃ</span> <span class='ocrx_word' id='word_1_101' title='bbox 1503 1522 1709 1593; x_wconf 78' lang='grc' dir='ltr'>ψυχικῇ</span> <span class='ocrx_word' id='word_1_102' title='bbox 1762 1525 1870 1576; x_wconf 86' lang='grc' dir='ltr'>τῶν</span> 
     </span>
    </p>
   </div>
   <div class='ocr_carea' id='block_1_18' title="bbox 303 1605 1870 1682">
    <p class='ocr_par' dir='ltr' id='par_1_18' title="bbox 303 1605 1870 1682">
     <span class='ocr_line' id='line_1_18' title="bbox 303 1605 1870 1682; baseline 0.005 -25"><span class='ocrx_word' id='word_1_103' title='bbox 303 1605 717 1675; x_wconf 86' lang='grc' dir='ltr'>ἐνασκουμένων</span> <span class='ocrx_word' id='word_1_104' title='bbox 749 1607 920 1678; x_wconf 83' lang='grc' dir='ltr'>ταύτῃ</span> <span class='ocrx_word' id='word_1_105' title='bbox 976 1610 1251 1679; x_wconf 90' lang='grc' dir='ltr'>μοναχῶν,</span> <span class='ocrx_word' id='word_1_106' title='bbox 1288 1612 1321 1681; x_wconf 78' lang='grc' dir='ltr'>ἡ</span> <span class='ocrx_word' id='word_1_107' title='bbox 1376 1615 1666 1682; x_wconf 78' lang='grc' dir='ltr'>μετριότης</span> <span class='ocrx_word' id='word_1_108' title='bbox 1713 1613 1870 1682; x_wconf 80' lang='grc' dir='ltr'>ἡμῶν</span> 
     </span>
    </p>
   </div>
   <div class='ocr_carea' id='block_1_19' title="bbox 303 1697 1869 1775">
    <p class='ocr_par' dir='ltr' id='par_1_19' title="bbox 303 1697 1869 1775">
     <span class='ocr_line' id='line_1_19' title="bbox 303 1697 1869 1775; baseline 0.004 -25"><span class='ocrx_word' id='word_1_109' title='bbox 303 1697 398 1750; x_wconf 79' lang='grc' dir='ltr'>καὶ</span> <span class='ocrx_word' id='word_1_110' title='bbox 443 1697 542 1765; x_wconf 82' lang='grc' dir='ltr'>τῆς</span> <span class='ocrx_word' id='word_1_111' title='bbox 593 1699 867 1767; x_wconf 83' lang='grc' dir='ltr'>σωτηρίας</span> <span class='ocrx_word' id='word_1_112' title='bbox 907 1700 1005 1768; x_wconf 71' lang='grc' dir='ltr'>μὲν</span> <span class='ocrx_word' id='word_1_113' title='bbox 1064 1702 1320 1754; x_wconf 85' lang='grc' dir='ltr'>ἁπάντων</span> <span class='ocrx_word' id='word_1_114' title='bbox 1367 1704 1474 1756; x_wconf 87' lang='grc' dir='ltr'>τῶν</span> <span class='ocrx_word' id='word_1_115' title='bbox 1521 1705 1869 1775; x_wconf 75' lang='grc' dir='ltr'>Χριστιανῶν</span> 
     </span>
    </p>
   </div>
   <div class='ocr_carea' id='block_1_20' title="bbox 1973 524 3538 599">
    <p class='ocr_par' dir='ltr' id='par_1_20' title="bbox 1973 524 3538 599">
     <span class='ocr_line' id='line_1_20' title="bbox 1973 524 3538 599; baseline -0.004 -17"><span class='ocrx_word' id='word_1_116' title='bbox 1973 531 2239 599; x_wconf 86' lang='grc' dir='ltr'>μέλλουσα</span> <span class='ocrx_word' id='word_1_117' title='bbox 2291 533 2384 584; x_wconf 75' lang='grc' dir='ltr'>καὶ</span> <span class='ocrx_word' id='word_1_118' title='bbox 2441 531 2632 584; x_wconf 91' lang='grc' dir='ltr'>τούτου</span> <span class='ocrx_word' id='word_1_119' title='bbox 2673 533 2837 584; x_wconf 83' lang='grc' dir='ltr'>ἐνεκα</span> <span class='ocrx_word' id='word_1_120' title='bbox 2898 531 2977 590; x_wconf 85' lang='grc' dir='ltr'>είς</span> <span class='ocrx_word' id='word_1_121' title='bbox 3026 545 3082 579; x_wconf 89' lang='grc' dir='ltr'>τε</span> <span class='ocrx_word' id='word_1_122' title='bbox 3117 526 3410 594; x_wconf 81' lang='grc' dir='ltr'>ἀρέσκειαν</span> <span class='ocrx_word' id='word_1_123' title='bbox 3443 524 3538 576; x_wconf 82' lang='grc' dir='ltr'>τοῦ</span> 
     </span>
    </p>
   </div>
   <div class='ocr_carea' id='block_1_21' title="bbox 1967 613 3536 689">
    <p class='ocr_par' dir='ltr' id='par_1_21' title="bbox 1967 613 3536 689">
     <span class='ocr_line' id='line_1_21' title="bbox 1967 613 3536 689; baseline -0.007 -19"><span class='ocrx_word' id='word_1_124' title='bbox 1967 619 2101 672; x_wconf 86' lang='grc' dir='ltr'>Θεοῦ</span> <span class='ocrx_word' id='word_1_125' title='bbox 2135 624 2229 673; x_wconf 80' lang='grc' dir='ltr'>καὶ</span> <span class='ocrx_word' id='word_1_126' title='bbox 2271 620 2476 689; x_wconf 81' lang='grc' dir='ltr'>πολλὴν</span> <span class='ocrx_word' id='word_1_127' title='bbox 2518 619 2790 688; x_wconf 81' lang='grc' dir='ltr'>ἀποδοχὴν</span> <span class='ocrx_word' id='word_1_128' title='bbox 2819 617 2918 686; x_wconf 82' lang='grc' dir='ltr'>τῆς</span> <span class='ocrx_word' id='word_1_129' title='bbox 2967 613 3125 685; x_wconf 76' lang='grc' dir='ltr'>ἡμῶν</span> <span class='ocrx_word' id='word_1_130' title='bbox 3159 613 3536 681; x_wconf 83' lang='grc' dir='ltr'>μετριότητος.</span> 
     </span>
    </p>
   </div>
   <div class='ocr_carea' id='block_1_22' title="bbox 1971 708 2921 780">
    <p class='ocr_par' dir='ltr' id='par_1_22' title="bbox 1971 708 2921 780">
     <span class='ocr_line' id='line_1_22' title="bbox 1971 708 2921 780; baseline -0.002 -18"><span class='ocrx_word' id='word_1_131' title='bbox 1971 711 2222 779; x_wconf 78' lang='grc' dir='ltr'>Ἐρρωσο</span> <span class='ocrx_word' id='word_1_132' title='bbox 2254 714 2392 764; x_wconf 88' lang='grc' dir='ltr'>κατά</span> <span class='ocrx_word' id='word_1_133' title='bbox 2423 711 2648 780; x_wconf 78' lang='grc' dir='ltr'>Κύριον,</span> <span class='ocrx_word' id='word_1_134' title='bbox 2694 726 2749 761; x_wconf 89' lang='grc' dir='ltr'>κ.</span> <span class='ocrx_word' id='word_1_135' title='bbox 2784 726 2834 761; x_wconf 87' lang='grc' dir='ltr'>τ.</span> <span class='ocrx_word' id='word_1_136' title='bbox 2871 708 2921 760; x_wconf 89' lang='grc' dir='ltr'>λ.</span> 
     </span>
    </p>
   </div>
   <div class='ocr_carea' id='block_1_23' title="bbox 2035 798 3054 872">
    <p class='ocr_par' dir='ltr' id='par_1_23' title="bbox 2035 798 3054 872">
     <span class='ocr_line' id='line_1_23' title="bbox 2035 798 3054 872; baseline -0.005 -14"><span class='ocrx_word' id='word_1_137' title='bbox 2035 803 2075 872; x_wconf 75' lang='grc' dir='ltr'>ἰ-</span> <span class='ocrx_word' id='word_1_138' title='bbox 2104 799 2247 871; x_wconf 79' lang='grc' dir='ltr'>Εἷχε</span> <span class='ocrx_word' id='word_1_139' title='bbox 2271 804 2361 856; x_wconf 84' lang='grc' dir='ltr'>τό·</span> <span class='ocrx_word' id='word_1_140' title='bbox 2393 804 2548 870; x_wconf 80' lang='grc' dir='ltr'>Μηνὶ</span> <span class='ocrx_word' id='word_1_141' title='bbox 2573 801 2810 870; x_wconf 77' lang='grc' dir='ltr'>Μαρτίῳ</span> <span class='ocrx_word' id='word_1_142' title='bbox 2835 802 2950 854; x_wconf 80' lang='grc' dir='ltr'>ινδ.</span> <span class='ocrx_word' id='word_1_143' title='bbox 2987 798 3054 859; x_wconf 72' lang='grc' dir='ltr'>ζ’.</span> 
     </span>
    </p>
   </div>
   <div class='ocr_carea' id='block_1_24' title="bbox 1968 955 3541 1032">
    <p class='ocr_par' dir='ltr' id='par_1_24' title="bbox 1968 955 3541 1032">
     <span class='ocr_line' id='line_1_24' title="bbox 1968 955 3541 1032; baseline -0.008 -15"><span class='ocrx_word' id='word_1_144' title='bbox 1968 962 2156 1017; x_wconf 81' lang='lat' dir='ltr'>XVIII.</span> <span class='ocrx_word' id='word_1_145' title='bbox 2193 962 2444 1017; x_wconf 73' lang='lat' dir='ltr'>Callistus</span> <span class='ocrx_word' id='word_1_146' title='bbox 2475 963 2823 1032; x_wconf 66' lang='lat' dir='ltr'>metropolitaa</span> <span class='ocrx_word' id='word_1_147' title='bbox 2853 955 3541 1032; x_wconf 67' lang='lat' dir='ltr'>Philade_lphim_qommiuil</span> 
     </span>
    </p>
   </div>
   <div class='ocr_carea' id='block_1_25' title="bbox 2039 1026 3466 1102">
    <p class='ocr_par' dir='ltr' id='par_1_25' title="bbox 2039 1026 3466 1102">
     <span class='ocr_line' id='line_1_25' title="bbox 2039 1026 3466 1102; baseline -0.007 -16"><span class='ocrx_word' id='word_1_148' title='bbox 2039 1037 2165 1102; x_wconf 76' lang='lat' dir='ltr'><strong><em>jura</em></strong></span> <span class='ocrx_word' id='word_1_149' title='bbox 2191 1033 2544 1086; x_wconf 76' lang='lat' dir='ltr'>ecclesiastica</span> <span class='ocrx_word' id='word_1_150' title='bbox 2588 1026 2826 1086; x_wconf 64' lang='lat' dir='ltr'>miranda</span> <span class='ocrx_word' id='word_1_151' title='bbox 2869 1032 2925 1084; x_wconf 75' lang='lat' dir='ltr'>in</span> <span class='ocrx_word' id='word_1_152' title='bbox 2961 1030 3189 1098; x_wconf 66' lang='lat' dir='ltr'>Antiqua</span> <span class='ocrx_word' id='word_1_153' title='bbox 3227 1026 3466 1080; x_wconf 68' lang='lat' dir='ltr'>Phocwa.</span> 
     </span>
    </p>
   </div>
   <div class='ocr_carea' id='block_1_26' title="bbox 2039 1162 3544 1239">
    <p class='ocr_par' dir='ltr' id='par_1_26' title="bbox 2039 1162 3544 1239">
     <span class='ocr_line' id='line_1_26' title="bbox 2039 1162 3544 1239; baseline -0.007 -16"><span class='ocrx_word' id='word_1_154' title='bbox 2039 1168 2081 1239; x_wconf 69' lang='grc' dir='ltr'>’ξ’</span> <span class='ocrx_word' id='word_1_155' title='bbox 2109 1169 2174 1222; x_wconf 84' lang='grc' dir='ltr'><strong><em>Ἥ</em></strong></span> <span class='ocrx_word' id='word_1_156' title='bbox 2198 1168 2492 1237; x_wconf 81' lang='grc' dir='ltr'>μετριότης</span> <span class='ocrx_word' id='word_1_157' title='bbox 2514 1167 2674 1238; x_wconf 84' lang='grc' dir='ltr'>ἡμῶν</span> <span class='ocrx_word' id='word_1_158' title='bbox 2696 1165 2758 1219; x_wconf 85' lang='grc' dir='ltr'>τδ</span> <span class='ocrx_word' id='word_1_159' title='bbox 2779 1165 2955 1235; x_wconf 83' lang='grc' dir='ltr'>παρδν</span> <span class='ocrx_word' id='word_1_160' title='bbox 2981 1164 3292 1228; x_wconf 80' lang='grc' dir='ltr'>ἀπολύουσα</span> <span class='ocrx_word' id='word_1_161' title='bbox 3307 1162 3544 1231; x_wconf 88' lang='grc' dir='ltr'>γράμμα</span> 
     </span>
    </p>
   </div>
   <div class='ocr_carea' id='block_1_27' title="bbox 1972 1251 3545 1327">
    <p class='ocr_par' dir='ltr' id='par_1_27' title="bbox 1972 1251 3545 1327">
     <span class='ocr_line' id='line_1_27' title="bbox 1972 1251 3545 1327; baseline -0.005 -15"><span class='ocrx_word' id='word_1_162' title='bbox 1972 1257 2412 1327; x_wconf 84' lang='grc' dir='ltr'>παρακελεύεται</span> <span class='ocrx_word' id='word_1_163' title='bbox 2439 1258 2505 1311; x_wconf 83' lang='grc' dir='ltr'>δι’</span> <span class='ocrx_word' id='word_1_164' title='bbox 2536 1257 2726 1322; x_wconf 86' lang='grc' dir='ltr'>αὑτοῦ,</span> <span class='ocrx_word' id='word_1_165' title='bbox 2764 1256 2904 1310; x_wconf 86' lang='grc' dir='ltr'>ὥστε</span> <span class='ocrx_word' id='word_1_166' title='bbox 2935 1257 3159 1308; x_wconf 82' lang='grc' dir='ltr'>διοικεῖν</span> <span class='ocrx_word' id='word_1_167' title='bbox 3205 1255 3272 1306; x_wconf 85' lang='grc' dir='ltr'>τὰ</span> <span class='ocrx_word' id='word_1_168' title='bbox 3309 1251 3408 1322; x_wconf 83' lang='grc' dir='ltr'>τῆς</span> <span class='ocrx_word' id='word_1_169' title='bbox 3436 1254 3545 1305; x_wconf 82' lang='grc' dir='ltr'>Πα-</span> 
     </span>
    </p>
   </div>
   <div class='ocr_carea' id='block_1_28' title="bbox 1970 1342 3547 1418">
    <p class='ocr_par' dir='ltr' id='par_1_28' title="bbox 1970 1342 3547 1418">
     <span class='ocr_line' id='line_1_28' title="bbox 1970 1342 3547 1418; baseline -0.005 -16"><span class='ocrx_word' id='word_1_170' title='bbox 1970 1350 2127 1411; x_wconf 86' lang='grc' dir='ltr'>λαιᾶς</span> <span class='ocrx_word' id='word_1_171' title='bbox 2161 1350 2415 1412; x_wconf 80' lang='grc' dir='ltr'>Φωκαίας</span> <span class='ocrx_word' id='word_1_172' title='bbox 2443 1348 2880 1418; x_wconf 83' lang='grc' dir='ltr'>ἐκκλησιαστικά</span> <span class='ocrx_word' id='word_1_173' title='bbox 2908 1347 3094 1400; x_wconf 89' lang='grc' dir='ltr'>δίκαια</span> <span class='ocrx_word' id='word_1_174' title='bbox 3128 1346 3218 1398; x_wconf 85' lang='grc' dir='ltr'>τὸν</span> <span class='ocrx_word' id='word_1_175' title='bbox 3252 1342 3547 1413; x_wconf 77' lang='grc' dir='ltr'>ἱερώτατον</span> 
     </span>
    </p>
   </div>
   <div class='ocr_carea' id='block_1_29' title="bbox 1977 1424 3628 1508">
    <p class='ocr_par' dir='ltr' id='par_1_29' title="bbox 1977 1424 3628 1508">
     <span class='ocr_line' id='line_1_29' title="bbox 1977 1424 3628 1508; baseline -0.005 -17"><span class='ocrx_word' id='word_1_176' title='bbox 1977 1439 2386 1508; x_wconf 88' lang='grc' dir='ltr'>μητροπολίτην</span> <span class='ocrx_word' id='word_1_177' title='bbox 2424 1438 2839 1506; x_wconf 80' lang='grc' dir='ltr'>Φιλαδελφείας,</span> <span class='ocrx_word' id='word_1_178' title='bbox 2871 1439 3175 1506; x_wconf 79' lang='grc' dir='ltr'>ὑπέρτιμον</span> <span class='ocrx_word' id='word_1_179' title='bbox 3202 1436 3299 1489; x_wconf 76' lang='grc' dir='ltr'>καὶ</span> <span class='ocrx_word' id='word_1_180' title='bbox 3320 1433 3547 1502; x_wconf 72' lang='grc' dir='ltr'>ἔξαρχον</span> 
     </span>
    </p>
   </div>
   <div class='ocr_carea' id='block_1_30' title="bbox 1946 1523 3627 1598">
    <p class='ocr_par' dir='ltr' id='par_1_30' title="bbox 1946 1523 3627 1598">
     <span class='ocr_line' id='line_1_30' title="bbox 1946 1523 3627 1598; baseline -0.004 -18"><span class='ocrx_word' id='word_1_181' title='bbox 1946 1529 2155 1598; x_wconf 48' lang='grc' dir='ltr'>,πάσης</span> <span class='ocrx_word' id='word_1_182' title='bbox 2184 1531 2408 1593; x_wconf 78' lang='grc' dir='ltr'>Λυδίας,</span> <span class='ocrx_word' id='word_1_183' title='bbox 2457 1531 2514 1581; x_wconf 80' lang='grc' dir='ltr'>ἐν</span> <span class='ocrx_word' id='word_1_184' title='bbox 2551 1529 2692 1598; x_wconf 87' lang='grc' dir='ltr'>ἀγίῳ</span> <span class='ocrx_word' id='word_1_185' title='bbox 2745 1528 3027 1598; x_wconf 86' lang='grc' dir='ltr'>Πνεύματι</span> <span class='ocrx_word' id='word_1_186' title='bbox 3081 1525 3365 1597; x_wconf 84' lang='grc' dir='ltr'>ἀγαπητὸν</span> <span class='ocrx_word' id='word_1_187' title='bbox 3395 1523 3548 1577; x_wconf 82' lang='grc' dir='ltr'>ἀδελ·</span> <span class='ocrx_word' id='word_1_188' title='bbox 3623 1524 3627 1528; x_wconf 81' lang='grc'><em>’</em></span> 
     </span>
    </p>
   </div>
   <div class='ocr_carea' id='block_1_31' title="bbox 1975 1616 3550 1692">
    <p class='ocr_par' dir='ltr' id='par_1_31' title="bbox 1975 1616 3550 1692">
     <span class='ocr_line' id='line_1_31' title="bbox 1975 1616 3550 1692; baseline -0.003 -20"><span class='ocrx_word' id='word_1_189' title='bbox 1975 1621 2074 1689; x_wconf 75' lang='grc' dir='ltr'>φδν</span> <span class='ocrx_word' id='word_1_190' title='bbox 2099 1623 2197 1690; x_wconf 85' lang='grc' dir='ltr'>τῆς</span> <span class='ocrx_word' id='word_1_191' title='bbox 2223 1623 2380 1691; x_wconf 76' lang='grc' dir='ltr'>ἡμῶν</span> <span class='ocrx_word' id='word_1_192' title='bbox 2419 1622 2776 1692; x_wconf 83' lang='grc' dir='ltr'>μετριότητος</span> <span class='ocrx_word' id='word_1_193' title='bbox 2807 1624 2899 1673; x_wconf 74' lang='grc' dir='ltr'>καὶ</span> <span class='ocrx_word' id='word_1_194' title='bbox 2940 1619 3376 1688; x_wconf 82' lang='grc' dir='ltr'>συλλειτουργδν,</span> <span class='ocrx_word' id='word_1_195' title='bbox 3409 1616 3550 1670; x_wconf 80' lang='grc' dir='ltr'>κατὰ</span> 
     </span>
    </p>
   </div>
   <div class='ocr_carea' id='block_1_32' title="bbox 1975 1711 3550 1784">
    <p class='ocr_par' dir='ltr' id='par_1_32' title="bbox 1975 1711 3550 1784">
     <span class='ocr_line' id='line_1_32' title="bbox 1975 1711 3550 1784; baseline 0 -22"><span class='ocrx_word' id='word_1_196' title='bbox 1975 1712 2076 1778; x_wconf 79' lang='grc' dir='ltr'>τὴν</span> <span class='ocrx_word' id='word_1_197' title='bbox 2102 1713 2331 1766; x_wconf 89' lang='grc' dir='ltr'>ἐνοῦσαν</span> <span class='ocrx_word' id='word_1_198' title='bbox 2361 1713 2509 1783; x_wconf 89' lang='grc' dir='ltr'>αὑτῷ</span> <span class='ocrx_word' id='word_1_199' title='bbox 2538 1713 2774 1783; x_wconf 82' lang='grc' dir='ltr'>Χριστοῦ</span> <span class='ocrx_word' id='word_1_200' title='bbox 2799 1715 2983 1784; x_wconf 86' lang='grc' dir='ltr'>χάριτι</span> <span class='ocrx_word' id='word_1_201' title='bbox 3011 1713 3205 1778; x_wconf 79' lang='grc' dir='ltr'>σοφίαν</span> <span class='ocrx_word' id='word_1_202' title='bbox 3231 1713 3322 1764; x_wconf 74' lang='grc' dir='ltr'>καὶ</span> <span class='ocrx_word' id='word_1_203' title='bbox 3349 1711 3550 1780; x_wconf 80' lang='grc' dir='ltr'>ἀρετὴν</span> 
     </span>
    </p>
   </div>
   <div class='ocr_carea' id='block_1_33' title="bbox 307 1787 3551 1877">
    <p class='ocr_par' dir='ltr' id='par_1_33' title="bbox 307 1787 3551 1877">
     <span class='ocr_line' id='line_1_33' title="bbox 307 1787 3551 1877; baseline -0.001 -20"><span class='ocrx_word' id='word_1_204' title='bbox 307 1789 690 1860; x_wconf 74' lang='grc' dir='ltr'>φροντίζουσαν</span> <span class='ocrx_word' id='word_1_205' title='bbox 725 1791 963 1858; x_wconf 68' lang='grc' dir='ltr'>Χριστοὗ</span> <span class='ocrx_word' id='word_1_206' title='bbox 998 1793 1204 1862; x_wconf 72' lang='grc' dir='ltr'>κάριτιν</span> <span class='ocrx_word' id='word_1_207' title='bbox 1239 1795 1475 1862; x_wconf 68' lang='grc' dir='ltr'>μάλιστα</span> <span class='ocrx_word' id='word_1_208' title='bbox 1498 1796 1553 1847; x_wconf 81' lang='grc' dir='ltr'>δὲ</span> <span class='ocrx_word' id='word_1_209' title='bbox 1578 1796 1684 1848; x_wconf 79' lang='grc' dir='ltr'>τῶν</span> <span class='ocrx_word' id='word_1_210' title='bbox 1713 1814 1880 1865; x_wconf 83' lang='grc' dir='ltr'>μονα·</span> <span class='ocrx_word' id='word_1_211' title='bbox 1911 1787 1950 1841; x_wconf 73' lang='grc' dir='ltr'><strong>Β</strong></span> <span class='ocrx_word' id='word_1_212' title='bbox 1979 1807 2072 1856; x_wconf 76' lang='grc' dir='ltr'>καὶ</span> <span class='ocrx_word' id='word_1_213' title='bbox 2104 1807 2488 1874; x_wconf 75' lang='grc' dir='ltr'>πνευματικὴν</span> <span class='ocrx_word' id='word_1_214' title='bbox 2520 1808 2860 1877; x_wconf 82' lang='grc' dir='ltr'>ἐπιστήμην,</span> <span class='ocrx_word' id='word_1_215' title='bbox 2902 1809 2996 1860; x_wconf 74' lang='grc' dir='ltr'>καὶ</span> <span class='ocrx_word' id='word_1_216' title='bbox 3026 1806 3116 1860; x_wconf 88' lang='grc' dir='ltr'>διά</span> <span class='ocrx_word' id='word_1_217' title='bbox 3154 1805 3430 1876; x_wconf 74' lang='grc' dir='ltr'>φροντίδος</span> <span class='ocrx_word' id='word_1_218' title='bbox 3470 1804 3551 1857; x_wconf 83' lang='grc' dir='ltr'>τί·</span> 
     </span>
    </p>
   </div>
   <div class='ocr_carea' id='block_1_34' title="bbox 305 1884 1872 1957">
    <p class='ocr_par' dir='ltr' id='par_1_34' title="bbox 305 1884 1872 1957">
     <span class='ocr_line' id='line_1_34' title="bbox 305 1884 1872 1957; baseline 0.003 -22"><span class='ocrx_word' id='word_1_219' title='bbox 305 1885 436 1954; x_wconf 82' lang='grc' dir='ltr'>χῶν,</span> <span class='ocrx_word' id='word_1_220' title='bbox 475 1885 618 1936; x_wconf 88' lang='grc' dir='ltr'>κατά</span> <span class='ocrx_word' id='word_1_221' title='bbox 668 1884 801 1935; x_wconf 81' lang='grc' dir='ltr'>Θεὸν</span> <span class='ocrx_word' id='word_1_222' title='bbox 836 1886 1191 1953; x_wconf 81' lang='grc' dir='ltr'>προθεμένων</span> <span class='ocrx_word' id='word_1_223' title='bbox 1243 1887 1336 1939; x_wconf 79' lang='grc' dir='ltr'>καὶ</span> <span class='ocrx_word' id='word_1_224' title='bbox 1391 1887 1872 1957; x_wconf 78' lang='grc' dir='ltr'>ἐπαγγελλομένων</span> 
     </span>
    </p>
   </div>
   <div class='ocr_carea' id='block_1_35' title="bbox 307 1973 1874 2046">
    <p class='ocr_par' dir='ltr' id='par_1_35' title="bbox 307 1973 1874 2046">
     <span class='ocr_line' id='line_1_35' title="bbox 307 1973 1874 2046; baseline 0.001 -20"><span class='ocrx_word' id='word_1_225' title='bbox 307 1974 474 2042; x_wconf 80' lang='grc' dir='ltr'>βιοῦν,</span> <span class='ocrx_word' id='word_1_226' title='bbox 509 1973 811 2042; x_wconf 71' lang='grc' dir='ltr'>παραδηλοῖ</span> <span class='ocrx_word' id='word_1_227' title='bbox 835 1975 925 2026; x_wconf 79' lang='grc' dir='ltr'>καὶ</span> <span class='ocrx_word' id='word_1_228' title='bbox 960 1974 1242 2042; x_wconf 78' lang='grc' dir='ltr'>ἀνατίθησι</span> <span class='ocrx_word' id='word_1_229' title='bbox 1274 1977 1338 2043; x_wconf 80' lang='grc' dir='ltr'>τῇ</span> <span class='ocrx_word' id='word_1_230' title='bbox 1376 1976 1616 2046; x_wconf 86' lang='grc' dir='ltr'>ίερότητί</span> <span class='ocrx_word' id='word_1_231' title='bbox 1657 1994 1749 2030; x_wconf 82' lang='grc' dir='ltr'>σου</span> <span class='ocrx_word' id='word_1_232' title='bbox 1787 1977 1874 2030; x_wconf 75' lang='grc' dir='ltr'>διὰ</span> 
     </span>
    </p>
   </div>
   <div class='ocr_carea' id='block_1_36' title="bbox 305 2063 1866 2134">
    <p class='ocr_par' dir='ltr' id='par_1_36' title="bbox 305 2063 1866 2134">
     <span class='ocr_line' id='line_1_36' title="bbox 305 2063 1866 2134; baseline 0.003 -18"><span class='ocrx_word' id='word_1_233' title='bbox 305 2063 398 2117; x_wconf 84' lang='grc' dir='ltr'>τοῦ</span> <span class='ocrx_word' id='word_1_234' title='bbox 434 2064 695 2134; x_wconf 86' lang='grc' dir='ltr'>παρόντος</span> <span class='ocrx_word' id='word_1_235' title='bbox 745 2067 1113 2134; x_wconf 83' lang='grc' dir='ltr'>γράμματος,</span> <span class='ocrx_word' id='word_1_236' title='bbox 1163 2065 1514 2119; x_wconf 79' lang='grc' dir='ltr'>ἐπιλαῦέσθαι</span> <span class='ocrx_word' id='word_1_237' title='bbox 1561 2066 1714 2120; x_wconf 82' lang='grc' dir='ltr'>τοῦδε</span> <span class='ocrx_word' id='word_1_238' title='bbox 1770 2066 1866 2120; x_wconf 88' lang='grc' dir='ltr'>τοῦ</span> 
     </span>
    </p>
   </div>
   <div class='ocr_carea' id='block_1_37' title="bbox 307 2156 1874 2226">
    <p class='ocr_par' dir='ltr' id='par_1_37' title="bbox 307 2156 1874 2226">
     <span class='ocr_line' id='line_1_37' title="bbox 307 2156 1874 2226; baseline -0.001 -17"><span class='ocrx_word' id='word_1_239' title='bbox 307 2157 709 2226; x_wconf 88' lang='grc' dir='ltr'>πατριαρχικοῦ</span> <span class='ocrx_word' id='word_1_240' title='bbox 743 2157 1107 2226; x_wconf 88' lang='grc' dir='ltr'>μοναστηρίου</span> <span class='ocrx_word' id='word_1_241' title='bbox 1140 2157 1233 2208; x_wconf 85' lang='grc' dir='ltr'>τοῦ</span> <span class='ocrx_word' id='word_1_242' title='bbox 1272 2157 1375 2226; x_wconf 84' lang='grc' dir='ltr'>κῦρ</span> <span class='ocrx_word' id='word_1_243' title='bbox 1403 2156 1567 2208; x_wconf 79' lang='grc' dir='ltr'>Δαυῖδ</span> <span class='ocrx_word' id='word_1_244' title='bbox 1602 2158 1697 2208; x_wconf 75' lang='grc' dir='ltr'>καὶ</span> <span class='ocrx_word' id='word_1_245' title='bbox 1730 2156 1874 2225; x_wconf 80' lang='grc' dir='ltr'>ἐχειν</span> 
     </span>
    </p>
   </div>
   <div class='ocr_carea' id='block_1_38' title="bbox 308 2248 1875 2318">
    <p class='ocr_par' dir='ltr' id='par_1_38' title="bbox 308 2248 1875 2318">
     <span class='ocr_line' id='line_1_38' title="bbox 308 2248 1875 2318; baseline 0 -18"><span class='ocrx_word' id='word_1_246' title='bbox 308 2249 410 2316; x_wconf 84' lang='grc' dir='ltr'>τὴν</span> <span class='ocrx_word' id='word_1_247' title='bbox 437 2249 694 2318; x_wconf 88' lang='grc' dir='ltr'>ἐφορείαν</span> <span class='ocrx_word' id='word_1_248' title='bbox 715 2249 905 2301; x_wconf 86' lang='grc' dir='ltr'>τούτου</span> <span class='ocrx_word' id='word_1_249' title='bbox 931 2250 1024 2302; x_wconf 82' lang='grc' dir='ltr'>καὶ</span> <span class='ocrx_word' id='word_1_250' title='bbox 1054 2249 1436 2318; x_wconf 82' lang='grc' dir='ltr'>πνευματικὴν</span> <span class='ocrx_word' id='word_1_251' title='bbox 1461 2248 1752 2316; x_wconf 76' lang='grc' dir='ltr'>ἐπίσκεψιν</span> <span class='ocrx_word' id='word_1_252' title='bbox 1778 2250 1875 2302; x_wconf 74' lang='grc' dir='ltr'>καὶ</span> 
     </span>
    </p>
   </div>
   <div class='ocr_carea' id='block_1_39' title="bbox 307 2340 1874 2410">
    <p class='ocr_par' dir='ltr' id='par_1_39' title="bbox 307 2340 1874 2410">
     <span class='ocr_line' id='line_1_39' title="bbox 307 2340 1874 2410; baseline -0.003 -14"><span class='ocrx_word' id='word_1_253' title='bbox 307 2341 604 2410; x_wconf 80' lang='grc' dir='ltr'>ἀνάκρισιν</span> <span class='ocrx_word' id='word_1_254' title='bbox 635 2341 729 2393; x_wconf 75' lang='grc' dir='ltr'>καὶ</span> <span class='ocrx_word' id='word_1_255' title='bbox 757 2341 1019 2393; x_wconf 85' lang='grc' dir='ltr'>παντοίαν</span> <span class='ocrx_word' id='word_1_256' title='bbox 1051 2342 1373 2408; x_wconf 78' lang='grc' dir='ltr'>ἐπιμέλειαν</span> <span class='ocrx_word' id='word_1_257' title='bbox 1402 2340 1593 2394; x_wconf 86' lang='grc' dir='ltr'>τούτου</span> <span class='ocrx_word' id='word_1_258' title='bbox 1626 2342 1718 2393; x_wconf 79' lang='grc' dir='ltr'>καὶ</span> <span class='ocrx_word' id='word_1_259' title='bbox 1741 2357 1874 2409; x_wconf 72' lang='grc' dir='ltr'>προι</span> 
     </span>
    </p>
   </div>
   <div class='ocr_carea' id='block_1_40' title="bbox 309 2431 1879 2500">
    <p class='ocr_par' dir='ltr' id='par_1_40' title="bbox 309 2431 1879 2500">
     <span class='ocr_line' id='line_1_40' title="bbox 309 2431 1879 2500; baseline 0 -17"><span class='ocrx_word' id='word_1_260' title='bbox 309 2432 545 2500; x_wconf 77' lang='grc' dir='ltr'>μήβειαν</span> <span class='ocrx_word' id='word_1_261' title='bbox 574 2433 668 2484; x_wconf 70' lang='grc' dir='ltr'>καὶ</span> <span class='ocrx_word' id='word_1_262' title='bbox 700 2431 788 2483; x_wconf 82' lang='grc' dir='ltr'>διὰ</span> <span class='ocrx_word' id='word_1_263' title='bbox 820 2433 1103 2500; x_wconf 75' lang='grc' dir='ltr'>φροντίδος</span> <span class='ocrx_word' id='word_1_264' title='bbox 1147 2432 1423 2484; x_wconf 85' lang='grc' dir='ltr'>ποιεῖσθαι</span> <span class='ocrx_word' id='word_1_265' title='bbox 1463 2431 1572 2484; x_wconf 83' lang='grc' dir='ltr'>ἀπὸ</span> <span class='ocrx_word' id='word_1_266' title='bbox 1602 2433 1699 2499; x_wconf 80' lang='grc' dir='ltr'>τῆς</span> <span class='ocrx_word' id='word_1_267' title='bbox 1727 2431 1879 2484; x_wconf 80' lang='grc' dir='ltr'>ἐνού-</span> 
     </span>
    </p>
   </div>
   <div class='ocr_carea' id='block_1_41' title="bbox 309 2522 1878 2593">
    <p class='ocr_par' dir='ltr' id='par_1_41' title="bbox 309 2522 1878 2593">
     <span class='ocr_line' id='line_1_41' title="bbox 309 2522 1878 2593; baseline 0.002 -21"><span class='ocrx_word' id='word_1_268' title='bbox 309 2538 410 2591; x_wconf 84' lang='grc' dir='ltr'>σης</span> <span class='ocrx_word' id='word_1_269' title='bbox 440 2525 507 2590; x_wconf 82' lang='grc' dir='ltr'>τῇ</span> <span class='ocrx_word' id='word_1_270' title='bbox 557 2523 800 2593; x_wconf 88' lang='grc' dir='ltr'>ίερότητί</span> <span class='ocrx_word' id='word_1_271' title='bbox 849 2540 943 2576; x_wconf 84' lang='grc' dir='ltr'>σου</span> <span class='ocrx_word' id='word_1_272' title='bbox 978 2522 1172 2593; x_wconf 86' lang='grc' dir='ltr'>σοφίας</span> <span class='ocrx_word' id='word_1_273' title='bbox 1205 2524 1300 2576; x_wconf 74' lang='grc' dir='ltr'>καὶ</span> <span class='ocrx_word' id='word_1_274' title='bbox 1331 2526 1708 2592; x_wconf 79' lang='grc' dir='ltr'>πνευματικῆς</span> <span class='ocrx_word' id='word_1_275' title='bbox 1734 2523 1878 2576; x_wconf 84' lang='grc' dir='ltr'>διδα-</span> 
     </span>
    </p>
   </div>
   <div class='ocr_carea' id='block_1_42' title="bbox 310 2610 1880 2684">
    <p class='ocr_par' dir='ltr' id='par_1_42' title="bbox 310 2610 1880 2684">
     <span class='ocr_line' id='line_1_42' title="bbox 310 2610 1880 2684; baseline -0.001 -18"><span class='ocrx_word' id='word_1_276' title='bbox 310 2612 539 2674; x_wconf 84' lang='grc' dir='ltr'>σκαλίας</span> <span class='ocrx_word' id='word_1_277' title='bbox 585 2613 679 2667; x_wconf 87' lang='grc' dir='ltr'>καὶ</span> <span class='ocrx_word' id='word_1_278' title='bbox 729 2614 1061 2684; x_wconf 83' lang='grc' dir='ltr'>ἐπιστήμης,</span> <span class='ocrx_word' id='word_1_279' title='bbox 1113 2615 1262 2676; x_wconf 84' lang='grc' dir='ltr'>ὅπως</span> <span class='ocrx_word' id='word_1_280' title='bbox 1315 2613 1382 2666; x_wconf 84' lang='grc' dir='ltr'>ἂν</span> <span class='ocrx_word' id='word_1_281' title='bbox 1435 2615 1492 2665; x_wconf 86' lang='grc' dir='ltr'>αί</span> <span class='ocrx_word' id='word_1_282' title='bbox 1527 2615 1584 2665; x_wconf 86' lang='grc' dir='ltr'>ἐν</span> <span class='ocrx_word' id='word_1_283' title='bbox 1637 2611 1772 2680; x_wconf 82' lang='grc' dir='ltr'>τῷδε</span> <span class='ocrx_word' id='word_1_284' title='bbox 1801 2610 1880 2680; x_wconf 84' lang='grc' dir='ltr'>τῷ</span> 
     </span>
    </p>
   </div>
   <div class='ocr_carea' id='block_1_43' title="bbox 309 2696 1880 2774">
    <p class='ocr_par' dir='ltr' id='par_1_43' title="bbox 309 2696 1880 2774">
     <span class='ocr_line' id='line_1_43' title="bbox 309 2696 1880 2774; baseline 0 -19"><span class='ocrx_word' id='word_1_285' title='bbox 309 2696 695 2774; x_wconf 85' lang='grc' dir='ltr'>πατριαρχικῷ</span> <span class='ocrx_word' id='word_1_286' title='bbox 745 2706 1100 2774; x_wconf 86' lang='grc' dir='ltr'>μοναστηρίῳ</span> <span class='ocrx_word' id='word_1_287' title='bbox 1145 2703 1410 2770; x_wconf 83' lang='grc' dir='ltr'>θεοφιλῶς</span> <span class='ocrx_word' id='word_1_288' title='bbox 1455 2703 1880 2774; x_wconf 85' lang='grc' dir='ltr'>ἀναστρέφοιντο</span> 
     </span>
    </p>
   </div>
   <div class='ocr_carea' id='block_1_44' title="bbox 309 2793 1883 2866">
    <p class='ocr_par' dir='ltr' id='par_1_44' title="bbox 309 2793 1883 2866">
     <span class='ocr_line' id='line_1_44' title="bbox 309 2793 1883 2866; baseline 0 -18"><span class='ocrx_word' id='word_1_289' title='bbox 309 2797 406 2848; x_wconf 79' lang='grc' dir='ltr'>καὶ</span> <span class='ocrx_word' id='word_1_290' title='bbox 437 2796 577 2848; x_wconf 88' lang='grc' dir='ltr'>κατά</span> <span class='ocrx_word' id='word_1_291' title='bbox 612 2796 674 2849; x_wconf 78' lang='grc' dir='ltr'>τὸ</span> <span class='ocrx_word' id='word_1_292' title='bbox 711 2796 1096 2866; x_wconf 79' lang='grc' dir='ltr'>προσαρμόζον</span> <span class='ocrx_word' id='word_1_293' title='bbox 1127 2793 1396 2866; x_wconf 51' lang='grc' dir='ltr'>γυναιξὶν,</span> <span class='ocrx_word' id='word_1_294' title='bbox 1429 2795 1883 2866; x_wconf 78' lang='grc' dir='ltr'>ἐπανῃρημέναις</span> 
     </span>
    </p>
   </div>
   <div class='ocr_carea' id='block_1_45' title="bbox 312 2887 1880 2960">
    <p class='ocr_par' dir='ltr' id='par_1_45' title="bbox 312 2887 1880 2960">
     <span class='ocr_line' id='line_1_45' title="bbox 312 2887 1880 2960; baseline 0.001 -21"><span class='ocrx_word' id='word_1_295' title='bbox 312 2892 407 2940; x_wconf 69' lang='grc' dir='ltr'>τὸν</span> <span class='ocrx_word' id='word_1_296' title='bbox 440 2887 729 2960; x_wconf 81' lang='grc' dir='ltr'>μοναχικὸν</span> <span class='ocrx_word' id='word_1_297' title='bbox 783 2888 898 2958; x_wconf 86' lang='grc' dir='ltr'>βίον</span> <span class='ocrx_word' id='word_1_298' title='bbox 953 2891 1047 2943; x_wconf 74' lang='grc' dir='ltr'>καὶ</span> <span class='ocrx_word' id='word_1_299' title='bbox 1082 2891 1231 2959; x_wconf 87' lang='grc' dir='ltr'>μόνῳ</span> <span class='ocrx_word' id='word_1_300' title='bbox 1275 2889 1395 2959; x_wconf 84' lang='grc' dir='ltr'>Θεῷ</span> <span class='ocrx_word' id='word_1_301' title='bbox 1451 2889 1880 2958; x_wconf 83' lang='grc' dir='ltr'>ἀφιερωμέναις,</span> 
     </span>
    </p>
   </div>
   <div class='ocr_carea' id='block_1_46' title="bbox 312 2979 1881 3050">
    <p class='ocr_par' dir='ltr' id='par_1_46' title="bbox 312 2979 1881 3050">
     <span class='ocr_line' id='line_1_46' title="bbox 312 2979 1881 3050; baseline -0.001 -16"><span class='ocrx_word' id='word_1_302' title='bbox 312 2981 462 3034; x_wconf 87' lang='grc' dir='ltr'>κατά</span> <span class='ocrx_word' id='word_1_303' title='bbox 490 2981 590 3042; x_wconf 78' lang='grc' dir='ltr'>τὰς</span> <span class='ocrx_word' id='word_1_304' title='bbox 613 2981 749 3050; x_wconf 74' lang='grc' dir='ltr'>πρὸς</span> <span class='ocrx_word' id='word_1_305' title='bbox 778 2980 944 3034; x_wconf 81' lang='grc' dir='ltr'>αὑτὸν</span> <span class='ocrx_word' id='word_1_306' title='bbox 978 2981 1251 3048; x_wconf 79' lang='grc' dir='ltr'>συνθήκας</span> <span class='ocrx_word' id='word_1_307' title='bbox 1277 2979 1488 3032; x_wconf 88' lang='grc' dir='ltr'>τούτων</span> <span class='ocrx_word' id='word_1_308' title='bbox 1520 2980 1616 3034; x_wconf 77' lang='grc' dir='ltr'>καὶ</span> <span class='ocrx_word' id='word_1_309' title='bbox 1647 2980 1881 3048; x_wconf 84' lang='grc' dir='ltr'>ἐπαγγε-</span> 
     </span>
    </p>
   </div>
   <div class='ocr_carea' id='block_1_47' title="bbox 312 3072 1884 3143">
    <p class='ocr_par' dir='ltr' id='par_1_47' title="bbox 312 3072 1884 3143">
     <span class='ocr_line' id='line_1_47' title="bbox 312 3072 1884 3143; baseline 0 -18"><span class='ocrx_word' id='word_1_310' title='bbox 312 3074 456 3138; x_wconf 88' lang='grc' dir='ltr'>λίας,</span> <span class='ocrx_word' id='word_1_311' title='bbox 495 3073 701 3140; x_wconf 89' lang='grc' dir='ltr'>ταύτην</span> <span class='ocrx_word' id='word_1_312' title='bbox 721 3073 780 3126; x_wconf 82' lang='grc' dir='ltr'>δέ</span> <span class='ocrx_word' id='word_1_313' title='bbox 805 3073 904 3143; x_wconf 86' lang='grc' dir='ltr'>τὴν</span> <span class='ocrx_word' id='word_1_314' title='bbox 943 3073 1338 3142; x_wconf 83' lang='grc' dir='ltr'>Σεναχηρίναν,</span> <span class='ocrx_word' id='word_1_315' title='bbox 1371 3072 1764 3142; x_wconf 88' lang='grc' dir='ltr'>λυμηναμένην</span> <span class='ocrx_word' id='word_1_316' title='bbox 1785 3072 1884 3135; x_wconf 81' lang='grc' dir='ltr'>τὰς</span> 
     </span>
    </p>
   </div>
   <div class='ocr_carea' id='block_1_48' title="bbox 311 3160 1883 3235">
    <p class='ocr_par' dir='ltr' id='par_1_48' title="bbox 311 3160 1883 3235">
     <span class='ocr_line' id='line_1_48' title="bbox 311 3160 1883 3235; baseline -0.004 -15"><span class='ocrx_word' id='word_1_317' title='bbox 311 3168 426 3220; x_wconf 77' lang='grc' dir='ltr'>τῶν</span> <span class='ocrx_word' id='word_1_318' title='bbox 454 3165 706 3235; x_wconf 86' lang='grc' dir='ltr'>μοναχῶν</span> <span class='ocrx_word' id='word_1_319' title='bbox 750 3164 931 3233; x_wconf 83' lang='grc' dir='ltr'>ψυχὰς</span> <span class='ocrx_word' id='word_1_320' title='bbox 975 3165 1070 3216; x_wconf 77' lang='grc' dir='ltr'>καὶ</span> <span class='ocrx_word' id='word_1_321' title='bbox 1096 3162 1393 3216; x_wconf 84' lang='grc' dir='ltr'>ἀνένδεκτα</span> <span class='ocrx_word' id='word_1_322' title='bbox 1417 3160 1883 3232; x_wconf 79' lang='grc' dir='ltr'>διαπραξαμένην,</span> 
     </span>
    </p>
   </div>
   <div class='ocr_carea' id='block_1_49' title="bbox 315 3253 1888 3326">
    <p class='ocr_par' dir='ltr' id='par_1_49' title="bbox 315 3253 1888 3326">
     <span class='ocr_line' id='line_1_49' title="bbox 315 3253 1888 3326; baseline -0.003 -16"><span class='ocrx_word' id='word_1_323' title='bbox 315 3261 383 3310; x_wconf 88' lang='grc' dir='ltr'>ἐκ</span> <span class='ocrx_word' id='word_1_324' title='bbox 413 3257 508 3310; x_wconf 91' lang='grc' dir='ltr'>τοῦ</span> <span class='ocrx_word' id='word_1_325' title='bbox 536 3257 630 3308; x_wconf 81' lang='grc' dir='ltr'>ἀπ’</span> <span class='ocrx_word' id='word_1_326' title='bbox 661 3255 913 3308; x_wconf 85' lang='grc' dir='ltr'>ἐντεῦθεν</span> <span class='ocrx_word' id='word_1_327' title='bbox 935 3253 1242 3326; x_wconf 83' lang='grc' dir='ltr'>ἀποδιώξῃς</span> <span class='ocrx_word' id='word_1_328' title='bbox 1286 3254 1520 3319; x_wconf 86' lang='grc' dir='ltr'>ἐκεῖθεν,</span> <span class='ocrx_word' id='word_1_329' title='bbox 1548 3253 1635 3309; x_wconf 73' lang='grc' dir='ltr'>ἵνα</span> <span class='ocrx_word' id='word_1_330' title='bbox 1684 3255 1758 3323; x_wconf 80' lang='grc' dir='ltr'>μὴ</span> <span class='ocrx_word' id='word_1_331' title='bbox 1787 3253 1888 3322; x_wconf 80' lang='grc' dir='ltr'>τῆς</span> 
     </span>
    </p>
   </div>
   <div class='ocr_carea' id='block_1_50' title="bbox 315 3340 1890 3414">
    <p class='ocr_par' dir='ltr' id='par_1_50' title="bbox 315 3340 1890 3414">
     <span class='ocr_line' id='line_1_50' title="bbox 315 3340 1890 3414; baseline -0.001 -18"><span class='ocrx_word' id='word_1_332' title='bbox 315 3343 499 3414; x_wconf 81' lang='grc' dir='ltr'>λύμης</span> <span class='ocrx_word' id='word_1_333' title='bbox 529 3342 716 3404; x_wconf 87' lang='grc' dir='ltr'>κακῶς</span> <span class='ocrx_word' id='word_1_334' title='bbox 743 3340 956 3412; x_wconf 85' lang='grc' dir='ltr'>μεταδῷ</span> <span class='ocrx_word' id='word_1_335' title='bbox 981 3343 1077 3396; x_wconf 77' lang='grc' dir='ltr'>καὶ</span> <span class='ocrx_word' id='word_1_336' title='bbox 1101 3343 1222 3405; x_wconf 85' lang='grc' dir='ltr'>ταῖς</span> <span class='ocrx_word' id='word_1_337' title='bbox 1253 3342 1626 3411; x_wconf 85' lang='grc' dir='ltr'>ὑγιαινούσαις</span> <span class='ocrx_word' id='word_1_338' title='bbox 1644 3359 1658 3374; x_wconf 79' lang='grc'><em>’</em></span> <span class='ocrx_word' id='word_1_339' title='bbox 1691 3344 1752 3396; x_wconf 81' lang='grc' dir='ltr'>τὸ</span> <span class='ocrx_word' id='word_1_340' title='bbox 1780 3343 1890 3412; x_wconf 78' lang='grc' dir='ltr'>γάρ</span> 
     </span>
    </p>
   </div>
   <div class='ocr_carea' id='block_1_51' title="bbox 319 3429 1888 3503">
    <p class='ocr_par' dir='ltr' id='par_1_51' title="bbox 319 3429 1888 3503">
     <span class='ocr_line' id='line_1_51' title="bbox 319 3429 1888 3503; baseline 0 -19"><span class='ocrx_word' id='word_1_341' title='bbox 319 3434 760 3503; x_wconf 77' lang='grc' dir='ltr'>σπουδαζόμενον</span> <span class='ocrx_word' id='word_1_342' title='bbox 791 3435 886 3487; x_wconf 80' lang='grc' dir='ltr'>καὶ</span> <span class='ocrx_word' id='word_1_343' title='bbox 914 3433 1446 3502; x_wconf 83' lang='grc' dir='ltr'>πραγματευόμενον</span> <span class='ocrx_word' id='word_1_344' title='bbox 1483 3435 1636 3502; x_wconf 77' lang='grc' dir='ltr'>ἡμῖν,</span> <span class='ocrx_word' id='word_1_345' title='bbox 1675 3433 1748 3494; x_wconf 81' lang='grc' dir='ltr'>ὡς</span> <span class='ocrx_word' id='word_1_346' title='bbox 1782 3429 1888 3485; x_wconf 81' lang='grc' dir='ltr'>οἶδε</span> 
     </span>
    </p>
   </div>
   <div class='ocr_carea' id='block_1_52' title="bbox 319 3523 1890 3596">
    <p class='ocr_par' dir='ltr' id='par_1_52' title="bbox 319 3523 1890 3596">
     <span class='ocr_line' id='line_1_52' title="bbox 319 3523 1890 3596; baseline -0.002 -19"><span class='ocrx_word' id='word_1_347' title='bbox 319 3527 418 3577; x_wconf 73' lang='grc' dir='ltr'>καὶ</span> <span class='ocrx_word' id='word_1_348' title='bbox 448 3527 481 3594; x_wconf 78' lang='grc' dir='ltr'>ἡ</span> <span class='ocrx_word' id='word_1_349' title='bbox 509 3526 719 3595; x_wconf 88' lang='grc' dir='ltr'>ίερότης</span> <span class='ocrx_word' id='word_1_350' title='bbox 745 3543 864 3588; x_wconf 86' lang='grc' dir='ltr'>σου,</span> <span class='ocrx_word' id='word_1_351' title='bbox 897 3525 1142 3596; x_wconf 86' lang='grc' dir='ltr'>σωτηρία</span> <span class='ocrx_word' id='word_1_352' title='bbox 1165 3526 1279 3577; x_wconf 78' lang='grc' dir='ltr'>ἐστὶ</span> <span class='ocrx_word' id='word_1_353' title='bbox 1307 3525 1515 3593; x_wconf 80' lang='grc' dir='ltr'>ψυχῶν,</span> <span class='ocrx_word' id='word_1_354' title='bbox 1547 3523 1675 3576; x_wconf 72' lang='grc' dir='ltr'>ἔνθα</span> <span class='ocrx_word' id='word_1_355' title='bbox 1696 3524 1760 3589; x_wconf 84' lang='grc' dir='ltr'>δὴ</span> <span class='ocrx_word' id='word_1_356' title='bbox 1795 3524 1890 3577; x_wconf 78' lang='grc' dir='ltr'>καὶ</span> 
     </span>
    </p>
   </div>
   <div class='ocr_carea' id='block_1_53' title="bbox 323 3615 1888 3686">
    <p class='ocr_par' dir='ltr' id='par_1_53' title="bbox 323 3615 1888 3686">
     <span class='ocr_line' id='line_1_53' title="bbox 323 3615 1888 3686; baseline -0.001 -16"><span class='ocrx_word' id='word_1_357' title='bbox 323 3617 529 3686; x_wconf 83' lang='grc' dir='ltr'>μᾶλλον</span> <span class='ocrx_word' id='word_1_358' title='bbox 568 3617 674 3686; x_wconf 82' lang='grc' dir='ltr'>πρὸ</span> <span class='ocrx_word' id='word_1_359' title='bbox 715 3617 823 3670; x_wconf 85' lang='grc' dir='ltr'>τῶν</span> <span class='ocrx_word' id='word_1_360' title='bbox 855 3616 1031 3670; x_wconf 76' lang='grc' dir='ltr'>ἄλλων</span> <span class='ocrx_word' id='word_1_361' title='bbox 1080 3616 1390 3684; x_wconf 84' lang='grc' dir='ltr'>ὀφείλομεν.</span> <span class='ocrx_word' id='word_1_362' title='bbox 1455 3615 1725 3677; x_wconf 79' lang='grc' dir='ltr'>Ὡσαύτως</span> <span class='ocrx_word' id='word_1_363' title='bbox 1773 3617 1888 3668; x_wconf 87' lang='grc' dir='ltr'>ἐπι-</span> 
     </span>
    </p>
   </div>
   <div class='ocr_carea' id='block_1_54' title="bbox 323 3707 1894 3783">
    <p class='ocr_par' dir='ltr' id='par_1_54' title="bbox 323 3707 1894 3783">
     <span class='ocr_line' id='line_1_54' title="bbox 323 3707 1894 3783; baseline -0.001 -19"><span class='ocrx_word' id='word_1_364' title='bbox 323 3707 912 3783; x_wconf 48' lang='grc' dir='ltr'>μελείσθωήλερότης</span> <span class='ocrx_word' id='word_1_365' title='bbox 951 3725 1047 3761; x_wconf 90' lang='grc' dir='ltr'>σου</span> <span class='ocrx_word' id='word_1_366' title='bbox 1082 3710 1180 3761; x_wconf 74' lang='grc' dir='ltr'>καὶ</span> <span class='ocrx_word' id='word_1_367' title='bbox 1221 3710 1369 3771; x_wconf 85' lang='grc' dir='ltr'>ὅπως</span> <span class='ocrx_word' id='word_1_368' title='bbox 1399 3710 1465 3762; x_wconf 77' lang='grc' dir='ltr'>ἂν</span> <span class='ocrx_word' id='word_1_369' title='bbox 1499 3712 1559 3762; x_wconf 84' lang='grc' dir='ltr'>τὸ</span> <span class='ocrx_word' id='word_1_370' title='bbox 1596 3709 1758 3779; x_wconf 76' lang='grc' dir='ltr'>ῥηθὲν</span> <span class='ocrx_word' id='word_1_371' title='bbox 1798 3727 1894 3780; x_wconf 68' lang='grc' dir='ltr'>μοη</span> 
     </span>
    </p>
   </div>
   <div class='ocr_carea' id='block_1_55' title="bbox 317 3800 1891 3878">
    <p class='ocr_par' dir='ltr' id='par_1_55' title="bbox 317 3800 1891 3878">
     <span class='ocr_line' id='line_1_55' title="bbox 317 3800 1891 3878; baseline 0.002 -23"><span class='ocrx_word' id='word_1_372' title='bbox 317 3805 612 3872; x_wconf 85' lang='grc' dir='ltr'>ναστήριον</span> <span class='ocrx_word' id='word_1_373' title='bbox 646 3804 724 3867; x_wconf 85' lang='grc' dir='ltr'>είς</span> <span class='ocrx_word' id='word_1_374' title='bbox 761 3803 861 3874; x_wconf 84' lang='grc' dir='ltr'>τὴν</span> <span class='ocrx_word' id='word_1_375' title='bbox 889 3800 1303 3878; x_wconf 72' lang='grc' dir='ltr'>προτέραν-σὺν.</span> <span class='ocrx_word' id='word_1_376' title='bbox 1472 3802 1760 3859; x_wconf 67' lang='grc' dir='ltr'>ἔπεινέῖτθοι</span> <span class='ocrx_word' id='word_1_377' title='bbox 1788 3807 1891 3858; x_wconf 84' lang='grc' dir='ltr'>εὑ·-</span> 
     </span>
    </p>
   </div>
   <div class='ocr_carea' id='block_1_56' title="bbox 315 3896 1892 3967">
    <p class='ocr_par' dir='ltr' id='par_1_56' title="bbox 315 3896 1892 3967">
     <span class='ocr_line' id='line_1_56' title="bbox 315 3896 1892 3967; baseline 0.001 -18"><span class='ocrx_word' id='word_1_378' title='bbox 315 3896 516 3959; x_wconf 82' lang='grc' dir='ltr'>ταξίαν</span> <span class='ocrx_word' id='word_1_379' title='bbox 549 3896 643 3949; x_wconf 77' lang='grc' dir='ltr'>καὶ</span> <span class='ocrx_word' id='word_1_380' title='bbox 673 3901 1034 3962; x_wconf 83' lang='grc' dir='ltr'>κατάστασιν,</span> <span class='ocrx_word' id='word_1_381' title='bbox 1092 3902 1186 3953; x_wconf 79' lang='grc' dir='ltr'>καὶ</span> <span class='ocrx_word' id='word_1_382' title='bbox 1231 3901 1300 3952; x_wconf 88' lang='grc' dir='ltr'>τά</span> <span class='ocrx_word' id='word_1_383' title='bbox 1335 3898 1427 3952; x_wconf 88' lang='grc' dir='ltr'>ὑπ’</span> <span class='ocrx_word' id='word_1_384' title='bbox 1468 3901 1599 3951; x_wconf 85' lang='grc' dir='ltr'>αὐτὸ</span> <span class='ocrx_word' id='word_1_385' title='bbox 1637 3899 1892 3967; x_wconf 85' lang='grc' dir='ltr'>κτήματα</span> 
     </span>
    </p>
   </div>
   <div class='ocr_carea' id='block_1_57' title="bbox 317 3985 1894 4056">
    <p class='ocr_par' dir='ltr' id='par_1_57' title="bbox 317 3985 1894 4056">
     <span class='ocr_line' id='line_1_57' title="bbox 317 3985 1894 4056; baseline 0.003 -20"><span class='ocrx_word' id='word_1_386' title='bbox 317 3985 619 4056; x_wconf 27' lang='grc' dir='ltr'>βελτνιοῖντο</span> <span class='ocrx_word' id='word_1_387' title='bbox 659 3989 751 4040; x_wconf 75' lang='grc' dir='ltr'>καὶ</span> <span class='ocrx_word' id='word_1_388' title='bbox 779 3989 1122 4055; x_wconf 80' lang='grc' dir='ltr'>ἐπαύξοιντο,</span> <span class='ocrx_word' id='word_1_389' title='bbox 1149 3990 1558 4044; x_wconf 84' lang='grc' dir='ltr'>ἐπανασωθεῖεν</span> <span class='ocrx_word' id='word_1_390' title='bbox 1592 3990 1647 4041; x_wconf 71' lang='grc' dir='ltr'>δὲ</span> <span class='ocrx_word' id='word_1_391' title='bbox 1680 3990 1773 4041; x_wconf 74' lang='grc' dir='ltr'>καὶ</span> <span class='ocrx_word' id='word_1_392' title='bbox 1795 3990 1894 4040; x_wconf 83' lang='grc' dir='ltr'>ὅσα</span> 
     </span>
    </p>
   </div>
   <div class='ocr_carea' id='block_1_58' title="bbox 314 4081 1896 4151">
    <p class='ocr_par' dir='ltr' id='par_1_58' title="bbox 314 4081 1896 4151">
     <span class='ocr_line' id='line_1_58' title="bbox 314 4081 1896 4151; baseline -0.001 -19"><span class='ocrx_word' id='word_1_393' title='bbox 314 4081 570 4148; x_wconf 76' lang='grc' dir='ltr'>ἔφθασαν</span> <span class='ocrx_word' id='word_1_394' title='bbox 596 4097 744 4143; x_wconf 86' lang='grc' dir='ltr'>τινες</span> <span class='ocrx_word' id='word_1_395' title='bbox 790 4081 1064 4150; x_wconf 84' lang='grc' dir='ltr'>οίῳδήτινι</span> <span class='ocrx_word' id='word_1_396' title='bbox 1109 4084 1296 4151; x_wconf 84' lang='grc' dir='ltr'>τρόπῳ</span> <span class='ocrx_word' id='word_1_397' title='bbox 1325 4083 1419 4132; x_wconf 75' lang='grc' dir='ltr'>καὶ</span> <span class='ocrx_word' id='word_1_398' title='bbox 1465 4081 1734 4147; x_wconf 68' lang='grc' dir='ltr'>κατέσχον</span> <span class='ocrx_word' id='word_1_399' title='bbox 1761 4081 1896 4149; x_wconf 81' lang='grc' dir='ltr'>ἀμε-</span> 
     </span>
    </p>
   </div>
   <div class='ocr_carea' id='block_1_59' title="bbox 312 4169 1897 4242">
    <p class='ocr_par' dir='ltr' id='par_1_59' title="bbox 312 4169 1897 4242">
     <span class='ocr_line' id='line_1_59' title="bbox 312 4169 1897 4242; baseline -0.003 -16"><span class='ocrx_word' id='word_1_400' title='bbox 312 4173 499 4242; x_wconf 85' lang='grc' dir='ltr'>τόχως</span> <span class='ocrx_word' id='word_1_401' title='bbox 532 4175 624 4227; x_wconf 77' lang='grc' dir='ltr'>καὶ</span> <span class='ocrx_word' id='word_1_402' title='bbox 663 4172 956 4242; x_wconf 76' lang='grc' dir='ltr'>δυναστείᾳ</span> <span class='ocrx_word' id='word_1_403' title='bbox 989 4174 1366 4242; x_wconf 63' lang='grc' dir='ltr'>χρησάμενον</span> <span class='ocrx_word' id='word_1_404' title='bbox 1399 4173 1600 4242; x_wconf 73' lang='grc' dir='ltr'>θάρρος</span> <span class='ocrx_word' id='word_1_405' title='bbox 1627 4171 1735 4241; x_wconf 82' lang='grc' dir='ltr'>γὰρ</span> <span class='ocrx_word' id='word_1_406' title='bbox 1783 4169 1897 4240; x_wconf 84' lang='grc' dir='ltr'>ἐχει</span> 
     </span>
    </p>
   </div>
   <div class='ocr_carea' id='block_1_60' title="bbox 313 4263 1894 4334">
    <p class='ocr_par' dir='ltr' id='par_1_60' title="bbox 313 4263 1894 4334">
     <span class='ocr_line' id='line_1_60' title="bbox 313 4263 1894 4334; baseline -0.003 -16"><span class='ocrx_word' id='word_1_407' title='bbox 313 4268 418 4318; x_wconf 70' lang='grc' dir='ltr'>καὶ</span> <span class='ocrx_word' id='word_1_408' title='bbox 449 4266 651 4334; x_wconf 75' lang='grc' dir='ltr'>ἀκριϐῆ</span> <span class='ocrx_word' id='word_1_409' title='bbox 684 4265 1064 4334; x_wconf 84' lang='grc' dir='ltr'>πληροφορίαν</span> <span class='ocrx_word' id='word_1_410' title='bbox 1087 4266 1119 4333; x_wconf 78' lang='grc' dir='ltr'><strong>ἡ</strong></span> <span class='ocrx_word' id='word_1_411' title='bbox 1149 4265 1439 4333; x_wconf 85' lang='grc' dir='ltr'>μετριότης</span> <span class='ocrx_word' id='word_1_412' title='bbox 1466 4263 1646 4333; x_wconf 76' lang='grc' dir='ltr'>ἡμῶν,</span> <span class='ocrx_word' id='word_1_413' title='bbox 1673 4264 1749 4325; x_wconf 83' lang='grc' dir='ltr'>ὡς</span> <span class='ocrx_word' id='word_1_414' title='bbox 1776 4264 1894 4322; x_wconf 86' lang='grc' dir='ltr'>ταῖς</span> 
     </span>
    </p>
   </div>
   <div class='ocr_carea' id='block_1_61' title="bbox 309 4347 1897 4428">
    <p class='ocr_par' dir='ltr' id='par_1_61' title="bbox 309 4347 1897 4428">
     <span class='ocr_line' id='line_1_61' title="bbox 309 4347 1897 4428; baseline -0.005 -15"><span class='ocrx_word' id='word_1_415' title='bbox 309 4347 640 4428; x_wconf 80' lang='grc' dir='ltr'>θεαρέστοις</span> <span class='ocrx_word' id='word_1_416' title='bbox 690 4358 785 4411; x_wconf 76' lang='grc' dir='ltr'>καὶ</span> <span class='ocrx_word' id='word_1_417' title='bbox 837 4356 1181 4424; x_wconf 79' lang='grc' dir='ltr'>ἐπιμελείαις</span> <span class='ocrx_word' id='word_1_418' title='bbox 1213 4358 1312 4420; x_wconf 80' lang='grc' dir='ltr'>τῆς</span> <span class='ocrx_word' id='word_1_419' title='bbox 1365 4355 1640 4423; x_wconf 83' lang='grc' dir='ltr'>ἱερότητός</span> <span class='ocrx_word' id='word_1_420' title='bbox 1673 4371 1769 4406; x_wconf 91' lang='grc' dir='ltr'>σου</span> <span class='ocrx_word' id='word_1_421' title='bbox 1800 4354 1897 4407; x_wconf 82' lang='grc' dir='ltr'>καὶ</span> 
     </span>
    </p>
   </div>
   <div class='ocr_carea' id='block_1_62' title="bbox 1983 1893 3551 1966">
    <p class='ocr_par' dir='ltr' id='par_1_62' title="bbox 1983 1893 3551 1966">
     <span class='ocr_line' id='line_1_62' title="bbox 1983 1893 3551 1966; baseline 0.001 -20"><span class='ocrx_word' id='word_1_422' title='bbox 1983 1893 2175 1948; x_wconf 83' lang='grc' dir='ltr'>θεσθαι</span> <span class='ocrx_word' id='word_1_423' title='bbox 2215 1895 2315 1965; x_wconf 79' lang='grc' dir='ltr'>τὴν</span> <span class='ocrx_word' id='word_1_424' title='bbox 2346 1897 2622 1965; x_wconf 87' lang='grc' dir='ltr'>σωτηρίαν</span> <span class='ocrx_word' id='word_1_425' title='bbox 2653 1896 2762 1949; x_wconf 86' lang='grc' dir='ltr'>τῶν</span> <span class='ocrx_word' id='word_1_426' title='bbox 2797 1899 2915 1950; x_wconf 86' lang='grc' dir='ltr'>ἐκεῖ</span> <span class='ocrx_word' id='word_1_427' title='bbox 2963 1894 3374 1966; x_wconf 81' lang='grc' dir='ltr'>εὑρισκομένων</span> <span class='ocrx_word' id='word_1_428' title='bbox 3418 1894 3551 1962; x_wconf 83' lang='grc' dir='ltr'>Χρι-</span> 
     </span>
    </p>
   </div>
   <div class='ocr_carea' id='block_1_63' title="bbox 1984 1985 3552 2059">
    <p class='ocr_par' dir='ltr' id='par_1_63' title="bbox 1984 1985 3552 2059">
     <span class='ocr_line' id='line_1_63' title="bbox 1984 1985 3552 2059; baseline -0.001 -21"><span class='ocrx_word' id='word_1_429' title='bbox 1984 1985 2236 2049; x_wconf 82' lang='grc' dir='ltr'>στιανῶν,</span> <span class='ocrx_word' id='word_1_430' title='bbox 2267 1986 2354 2056; x_wconf 82' lang='grc' dir='ltr'>ἔχε</span> <span class='ocrx_word' id='word_1_431' title='bbox 2367 2005 2413 2040; x_wconf 91' lang='grc' dir='ltr'>ιν</span> <span class='ocrx_word' id='word_1_432' title='bbox 2444 1987 2501 2040; x_wconf 77' lang='grc' dir='ltr'>δὲ</span> <span class='ocrx_word' id='word_1_433' title='bbox 2539 1988 2701 2040; x_wconf 85' lang='grc' dir='ltr'>αὑτὸν</span> <span class='ocrx_word' id='word_1_434' title='bbox 2731 1988 2794 2057; x_wconf 81' lang='grc' dir='ltr'>δὴ</span> <span class='ocrx_word' id='word_1_435' title='bbox 2827 1987 2917 2041; x_wconf 73' lang='grc' dir='ltr'>τὸν</span> <span class='ocrx_word' id='word_1_436' title='bbox 2948 1987 3246 2059; x_wconf 79' lang='grc' dir='ltr'>ἱερώτατον</span> <span class='ocrx_word' id='word_1_437' title='bbox 3285 1986 3552 2055; x_wconf 83' lang='grc' dir='ltr'>ἀρχιερέα</span> 
     </span>
    </p>
   </div>
   <div class='ocr_carea' id='block_1_64' title="bbox 1982 2078 3549 2148">
    <p class='ocr_par' dir='ltr' id='par_1_64' title="bbox 1982 2078 3549 2148">
     <span class='ocr_line' id='line_1_64' title="bbox 1982 2078 3549 2148; baseline 0.001 -20"><span class='ocrx_word' id='word_1_438' title='bbox 1982 2080 2080 2130; x_wconf 77' lang='grc' dir='ltr'>καὶ</span> <span class='ocrx_word' id='word_1_439' title='bbox 2124 2079 2431 2148; x_wconf 87' lang='grc' dir='ltr'>ὑπέρτιμον</span> <span class='ocrx_word' id='word_1_440' title='bbox 2481 2081 2574 2132; x_wconf 76' lang='grc' dir='ltr'>καὶ</span> <span class='ocrx_word' id='word_1_441' title='bbox 2603 2078 2694 2132; x_wconf 84' lang='grc' dir='ltr'>ἐπ’</span> <span class='ocrx_word' id='word_1_442' title='bbox 2738 2081 2921 2143; x_wconf 86' lang='grc' dir='ltr'>ἀδείας</span> <span class='ocrx_word' id='word_1_443' title='bbox 2971 2080 3301 2133; x_wconf 81' lang='grc' dir='ltr'>άποτάττειν</span> <span class='ocrx_word' id='word_1_444' title='bbox 3346 2080 3437 2132; x_wconf 77' lang='grc' dir='ltr'>ἐπὶ</span> <span class='ocrx_word' id='word_1_445' title='bbox 3484 2080 3549 2146; x_wconf 79' lang='grc' dir='ltr'>τῇ</span> 
     </span>
    </p>
   </div>
   <div class='ocr_carea' id='block_1_65' title="bbox 1979 2169 3554 2242">
    <p class='ocr_par' dir='ltr' id='par_1_65' title="bbox 1979 2169 3554 2242">
     <span class='ocr_line' id='line_1_65' title="bbox 1979 2169 3554 2242; baseline 0 -22"><span class='ocrx_word' id='word_1_446' title='bbox 1979 2169 2285 2240; x_wconf 78' lang='grc' dir='ltr'>διεξαγωγῇ</span> <span class='ocrx_word' id='word_1_447' title='bbox 2337 2170 2447 2223; x_wconf 89' lang='grc' dir='ltr'>τῶν</span> <span class='ocrx_word' id='word_1_448' title='bbox 2494 2173 2757 2225; x_wconf 85' lang='grc' dir='ltr'>τοιούτων</span> <span class='ocrx_word' id='word_1_449' title='bbox 2805 2172 3278 2242; x_wconf 86' lang='grc' dir='ltr'>ἐκκλησιαστικῶν</span> <span class='ocrx_word' id='word_1_450' title='bbox 3325 2169 3554 2222; x_wconf 87' lang='grc' dir='ltr'>δικαίων</span> 
     </span>
    </p>
   </div>
   <div class='ocr_carea' id='block_1_66' title="bbox 1985 2261 3555 2334">
    <p class='ocr_par' dir='ltr' id='par_1_66' title="bbox 1985 2261 3555 2334">
     <span class='ocr_line' id='line_1_66' title="bbox 1985 2261 3555 2334; baseline -0.001 -21"><span class='ocrx_word' id='word_1_451' title='bbox 1985 2263 2079 2313; x_wconf 76' lang='grc' dir='ltr'>καὶ</span> <span class='ocrx_word' id='word_1_452' title='bbox 2105 2262 2326 2332; x_wconf 87' lang='grc' dir='ltr'>ἐνοχῶν,</span> <span class='ocrx_word' id='word_1_453' title='bbox 2363 2263 2422 2318; x_wconf 87' lang='grc' dir='ltr'>δν</span> <span class='ocrx_word' id='word_1_454' title='bbox 2474 2262 2540 2316; x_wconf 79' lang='grc' dir='ltr'>ἀν</span> <span class='ocrx_word' id='word_1_455' title='bbox 2594 2264 2769 2316; x_wconf 85' lang='grc' dir='ltr'>ἐθέλοι</span> <span class='ocrx_word' id='word_1_456' title='bbox 2800 2265 2894 2317; x_wconf 72' lang='grc' dir='ltr'>καὶ</span> <span class='ocrx_word' id='word_1_457' title='bbox 2925 2264 3195 2334; x_wconf 82' lang='grc' dir='ltr'>διακρίνοι</span> <span class='ocrx_word' id='word_1_458' title='bbox 3233 2261 3418 2315; x_wconf 78' lang='grc' dir='ltr'>ίκανδν</span> <span class='ocrx_word' id='word_1_459' title='bbox 3462 2261 3555 2312; x_wconf 78' lang='grc' dir='ltr'>καὶ</span> 
     </span>
    </p>
   </div>
   <div class='ocr_carea' id='block_1_67' title="bbox 1984 2350 3556 2422">
    <p class='ocr_par' dir='ltr' id='par_1_67' title="bbox 1984 2350 3556 2422">
     <span class='ocr_line' id='line_1_67' title="bbox 1984 2350 3556 2422; baseline -0.001 -19"><span class='ocrx_word' id='word_1_460' title='bbox 1984 2351 2244 2421; x_wconf 85' lang='grc' dir='ltr'>ἁρμόδιον</span> <span class='ocrx_word' id='word_1_461' title='bbox 2267 2352 2362 2404; x_wconf 83' lang='grc' dir='ltr'>ἐπὶ</span> <span class='ocrx_word' id='word_1_462' title='bbox 2389 2351 2598 2422; x_wconf 81' lang='grc' dir='ltr'>τούτῳ·</span> <span class='ocrx_word' id='word_1_463' title='bbox 2643 2351 2902 2414; x_wconf 75' lang='grc' dir='ltr'>ὡσαύτως</span> <span class='ocrx_word' id='word_1_464' title='bbox 2940 2353 3310 2422; x_wconf 79' lang='grc' dir='ltr'>ἐπιτρέπομεν</span> <span class='ocrx_word' id='word_1_465' title='bbox 3342 2350 3435 2405; x_wconf 77' lang='grc' dir='ltr'>καὶ</span> <span class='ocrx_word' id='word_1_466' title='bbox 3464 2351 3556 2401; x_wconf 89' lang='grc' dir='ltr'>ἐκ-</span> 
     </span>
    </p>
   </div>
   <div class='ocr_carea' id='block_1_68' title="bbox 1981 2441 3552 2514">
    <p class='ocr_par' dir='ltr' id='par_1_68' title="bbox 1981 2441 3552 2514">
     <span class='ocr_line' id='line_1_68' title="bbox 1981 2441 3552 2514; baseline -0.001 -21"><span class='ocrx_word' id='word_1_467' title='bbox 1981 2442 2270 2512; x_wconf 84' lang='grc' dir='ltr'>χωροῦμεν</span> <span class='ocrx_word' id='word_1_468' title='bbox 2295 2443 2429 2511; x_wconf 81' lang='grc' dir='ltr'>τῷδε</span> <span class='ocrx_word' id='word_1_469' title='bbox 2453 2443 2534 2513; x_wconf 85' lang='grc' dir='ltr'>τῷ</span> <span class='ocrx_word' id='word_1_470' title='bbox 2565 2445 2845 2514; x_wconf 85' lang='grc' dir='ltr'>ίερωτάτῳ</span> <span class='ocrx_word' id='word_1_471' title='bbox 2877 2443 3250 2514; x_wconf 81' lang='grc' dir='ltr'>μητροπολίτῃ</span> <span class='ocrx_word' id='word_1_472' title='bbox 3296 2441 3552 2494; x_wconf 78' lang='grc' dir='ltr'>Φιλαδελο</span> 
     </span>
    </p>
   </div>
   <div class='ocr_carea' id='block_1_69' title="bbox 1984 2532 3557 2605">
    <p class='ocr_par' dir='ltr' id='par_1_69' title="bbox 1984 2532 3557 2605">
     <span class='ocr_line' id='line_1_69' title="bbox 1984 2532 3557 2605; baseline -0.001 -21"><span class='ocrx_word' id='word_1_473' title='bbox 1984 2533 2146 2600; x_wconf 84' lang='grc' dir='ltr'>φείας</span> <span class='ocrx_word' id='word_1_474' title='bbox 2175 2534 2271 2585; x_wconf 78' lang='grc' dir='ltr'>καὶ</span> <span class='ocrx_word' id='word_1_475' title='bbox 2320 2534 2630 2605; x_wconf 83' lang='grc' dir='ltr'>ὑπερτίμῳ,</span> <span class='ocrx_word' id='word_1_476' title='bbox 2659 2535 2747 2589; x_wconf 78' lang='grc' dir='ltr'>ἵνα</span> <span class='ocrx_word' id='word_1_477' title='bbox 2789 2537 2883 2589; x_wconf 78' lang='grc' dir='ltr'>καὶ</span> <span class='ocrx_word' id='word_1_478' title='bbox 2933 2539 2990 2588; x_wconf 86' lang='grc' dir='ltr'>ἐν</span> <span class='ocrx_word' id='word_1_479' title='bbox 3035 2537 3154 2598; x_wconf 84' lang='grc' dir='ltr'>ταῖς</span> <span class='ocrx_word' id='word_1_480' title='bbox 3202 2535 3438 2604; x_wconf 90' lang='grc' dir='ltr'>ἐνορίαις</span> <span class='ocrx_word' id='word_1_481' title='bbox 3463 2532 3557 2584; x_wconf 76' lang='grc' dir='ltr'>καὶ</span> 
     </span>
    </p>
   </div>
   <div class='ocr_carea' id='block_1_70' title="bbox 1988 2622 3557 2696">
    <p class='ocr_par' dir='ltr' id='par_1_70' title="bbox 1988 2622 3557 2696">
     <span class='ocr_line' id='line_1_70' title="bbox 1988 2622 3557 2696; baseline -0.001 -22"><span class='ocrx_word' id='word_1_482' title='bbox 1988 2623 2370 2692; x_wconf 80' lang='grc' dir='ltr'>ἐπικρατείαις</span> <span class='ocrx_word' id='word_1_483' title='bbox 2399 2625 2508 2677; x_wconf 88' lang='grc' dir='ltr'>τῶν</span> <span class='ocrx_word' id='word_1_484' title='bbox 2529 2627 2882 2696; x_wconf 85' lang='grc' dir='ltr'>χηρευουσῶν</span> <span class='ocrx_word' id='word_1_485' title='bbox 2907 2625 3224 2693; x_wconf 83' lang='grc' dir='ltr'>ἁγιωτάτων</span> <span class='ocrx_word' id='word_1_486' title='bbox 3253 2622 3557 2692; x_wconf 76' lang='grc' dir='ltr'>ἐκκλησιῶν</span> 
     </span>
    </p>
   </div>
   <div class='ocr_carea' id='block_1_71' title="bbox 1989 2712 3558 2785">
    <p class='ocr_par' dir='ltr' id='par_1_71' title="bbox 1989 2712 3558 2785">
     <span class='ocr_line' id='line_1_71' title="bbox 1989 2712 3558 2785; baseline -0.003 -18"><span class='ocrx_word' id='word_1_487' title='bbox 1989 2715 2084 2768; x_wconf 76' lang='grc' dir='ltr'>καὶ</span> <span class='ocrx_word' id='word_1_488' title='bbox 2117 2715 2190 2784; x_wconf 81' lang='grc' dir='ltr'>μὴ</span> <span class='ocrx_word' id='word_1_489' title='bbox 2213 2714 2508 2779; x_wconf 80' lang='grc' dir='ltr'>ἐπιδόσεως</span> <span class='ocrx_word' id='word_1_490' title='bbox 2535 2717 2679 2785; x_wconf 85' lang='grc' dir='ltr'>λόγῳ</span> <span class='ocrx_word' id='word_1_491' title='bbox 2709 2717 2846 2784; x_wconf 90' lang='grc' dir='ltr'>πρός</span> <span class='ocrx_word' id='word_1_492' title='bbox 2875 2712 3027 2778; x_wconf 86' lang='grc' dir='ltr'>τινας</span> <span class='ocrx_word' id='word_1_493' title='bbox 3057 2714 3312 2768; x_wconf 85' lang='grc' dir='ltr'>δοθεισῶν</span> <span class='ocrx_word' id='word_1_494' title='bbox 3345 2715 3558 2782; x_wconf 77' lang='grc' dir='ltr'>ἱερουρ-</span> 
     </span>
    </p>
   </div>
   <div class='ocr_carea' id='block_1_72' title="bbox 1990 2803 3558 2876">
    <p class='ocr_par' dir='ltr' id='par_1_72' title="bbox 1990 2803 3558 2876">
     <span class='ocr_line' id='line_1_72' title="bbox 1990 2803 3558 2876; baseline -0.011 -4"><span class='ocrx_word' id='word_1_495' title='bbox 1990 2808 2061 2876; x_wconf 72' lang='grc' dir='ltr'>γῇ</span> <span class='ocrx_word' id='word_1_496' title='bbox 2104 2807 2160 2858; x_wconf 73' lang='grc' dir='ltr'>έν</span> <span class='ocrx_word' id='word_1_497' title='bbox 2193 2806 2389 2869; x_wconf 76' lang='grc' dir='ltr'>αὑταῖς</span> <span class='ocrx_word' id='word_1_498' title='bbox 2435 2807 2533 2860; x_wconf 69' lang='grc' dir='ltr'>καὶ</span> <span class='ocrx_word' id='word_1_499' title='bbox 2584 2807 2862 2876; x_wconf 76' lang='grc' dir='ltr'>σφραγίζῃ</span> <span class='ocrx_word' id='word_1_500' title='bbox 2905 2807 3406 2874; x_wconf 68' lang='grc' dir='ltr'>ἀναγνώστας-ἀπ’)</span> <span class='ocrx_word' id='word_1_501' title='bbox 3451 2803 3558 2855; x_wconf 83' lang='grc' dir='ltr'>τῶν</span> 
     </span>
    </p>
   </div>
   <div class='ocr_carea' id='block_1_73' title="bbox 1989 2899 3558 2967">
    <p class='ocr_par' dir='ltr' id='par_1_73' title="bbox 1989 2899 3558 2967">
     <span class='ocr_line' id='line_1_73' title="bbox 1989 2899 3558 2967; baseline -0.002 -17"><span class='ocrx_word' id='word_1_502' title='bbox 1989 2899 2192 2963; x_wconf 85' lang='grc' dir='ltr'>ἐκεῖσε,</span> <span class='ocrx_word' id='word_1_503' title='bbox 2225 2900 2320 2952; x_wconf 75' lang='grc' dir='ltr'>καὶ</span> <span class='ocrx_word' id='word_1_504' title='bbox 2371 2899 2761 2964; x_wconf 79' lang='grc' dir='ltr'>ὑποδιακόνους</span> <span class='ocrx_word' id='word_1_505' title='bbox 2814 2900 2908 2954; x_wconf 82' lang='grc' dir='ltr'>καὶ</span> <span class='ocrx_word' id='word_1_506' title='bbox 2940 2900 3219 2961; x_wconf 83' lang='grc' dir='ltr'>διακόνους</span> <span class='ocrx_word' id='word_1_507' title='bbox 3259 2901 3355 2952; x_wconf 74' lang='grc' dir='ltr'>καὶ</span> <span class='ocrx_word' id='word_1_508' title='bbox 3395 2899 3558 2967; x_wconf 77' lang='grc' dir='ltr'>ἱερεῖς</span> 
     </span>
    </p>
   </div>
   <div class='ocr_carea' id='block_1_74' title="bbox 1991 2989 3562 3059">
    <p class='ocr_par' dir='ltr' id='par_1_74' title="bbox 1991 2989 3562 3059">
     <span class='ocr_line' id='line_1_74' title="bbox 1991 2989 3562 3059; baseline 0.001 -20"><span class='ocrx_word' id='word_1_509' title='bbox 1991 2992 2272 3059; x_wconf 83' lang='grc' dir='ltr'>χειροτονῇ</span> <span class='ocrx_word' id='word_1_510' title='bbox 2292 3005 2310 3021; x_wconf 76' lang='grc' dir='ltr'><strong><em>ο</em></strong></span> <span class='ocrx_word' id='word_1_511' title='bbox 2343 2990 2468 3044; x_wconf 80' lang='grc' dir='ltr'>ὅθεν</span> <span class='ocrx_word' id='word_1_512' title='bbox 2496 2992 2812 3058; x_wconf 75' lang='grc' dir='ltr'>ὀφείλουσιν</span> <span class='ocrx_word' id='word_1_513' title='bbox 2847 2992 2901 3044; x_wconf 80' lang='grc' dir='ltr'>οῖ</span> <span class='ocrx_word' id='word_1_514' title='bbox 2931 3007 2988 3044; x_wconf 81' lang='grc' dir='ltr'>τε</span> <span class='ocrx_word' id='word_1_515' title='bbox 3031 2991 3284 3058; x_wconf 69' lang='grc' dir='ltr'>κληρικοὶ</span> <span class='ocrx_word' id='word_1_516' title='bbox 3309 2990 3412 3058; x_wconf 84' lang='grc' dir='ltr'>τῆς</span> <span class='ocrx_word' id='word_1_517' title='bbox 3451 2989 3562 3041; x_wconf 83' lang='grc' dir='ltr'>Πα-</span> 
     </span>
    </p>
   </div>
   <div class='ocr_carea' id='block_1_75' title="bbox 1992 3077 3557 3154">
    <p class='ocr_par' dir='ltr' id='par_1_75' title="bbox 1992 3077 3557 3154">
     <span class='ocr_line' id='line_1_75' title="bbox 1992 3077 3557 3154; baseline 0.001 -24"><span class='ocrx_word' id='word_1_518' title='bbox 1992 3077 2151 3143; x_wconf 78' lang='grc' dir='ltr'>λαιᾶς</span> <span class='ocrx_word' id='word_1_519' title='bbox 2203 3081 2477 3146; x_wconf 77' lang='grc' dir='ltr'>Φωκαίας,</span> <span class='ocrx_word' id='word_1_520' title='bbox 2528 3082 2916 3154; x_wconf 75' lang='grc' dir='ltr'>πρεσϐύτεροι,</span> <span class='ocrx_word' id='word_1_521' title='bbox 2972 3083 3199 3152; x_wconf 76' lang='grc' dir='ltr'>μοναχοὶ</span> <span class='ocrx_word' id='word_1_522' title='bbox 3233 3083 3326 3134; x_wconf 79' lang='grc' dir='ltr'>καὶ</span> <span class='ocrx_word' id='word_1_523' title='bbox 3356 3080 3557 3142; x_wconf 63' lang='grc' dir='ltr'>λαῖκοῖ,</span> 
     </span>
    </p>
   </div>
   <div class='ocr_carea' id='block_1_76' title="bbox 1993 3170 3562 3245">
    <p class='ocr_par' dir='ltr' id='par_1_76' title="bbox 1993 3170 3562 3245">
     <span class='ocr_line' id='line_1_76' title="bbox 1993 3170 3562 3245; baseline 0 -23"><span class='ocrx_word' id='word_1_524' title='bbox 1993 3170 2258 3224; x_wconf 84' lang='grc' dir='ltr'>παντοίαν</span> <span class='ocrx_word' id='word_1_525' title='bbox 2296 3172 2429 3226; x_wconf 81' lang='grc' dir='ltr'>αίδὼ</span> <span class='ocrx_word' id='word_1_526' title='bbox 2464 3175 2558 3228; x_wconf 75' lang='grc' dir='ltr'>καὶ</span> <span class='ocrx_word' id='word_1_527' title='bbox 2589 3173 2754 3245; x_wconf 79' lang='grc' dir='ltr'>τιμὴν</span> <span class='ocrx_word' id='word_1_528' title='bbox 2779 3174 3077 3242; x_wconf 75' lang='grc' dir='ltr'>ἀπονέμειν</span> <span class='ocrx_word' id='word_1_529' title='bbox 3108 3172 3375 3243; x_wconf 72' lang='grc' dir='ltr'>αὐτῷκαὶ</span> <span class='ocrx_word' id='word_1_530' title='bbox 3405 3171 3562 3224; x_wconf 81' lang='grc' dir='ltr'>ὑπεί-</span> 
     </span>
    </p>
   </div>
   <div class='ocr_carea' id='block_1_77' title="bbox 1991 3259 3564 3334">
    <p class='ocr_par' dir='ltr' id='par_1_77' title="bbox 1991 3259 3564 3334">
     <span class='ocr_line' id='line_1_77' title="bbox 1991 3259 3564 3334; baseline 0.001 -20"><span class='ocrx_word' id='word_1_531' title='bbox 1991 3279 2109 3314; x_wconf 90' lang='grc' dir='ltr'>κειν</span> <span class='ocrx_word' id='word_1_532' title='bbox 2138 3264 2230 3316; x_wconf 75' lang='grc' dir='ltr'>καὶ</span> <span class='ocrx_word' id='word_1_533' title='bbox 2263 3263 2598 3334; x_wconf 86' lang='grc' dir='ltr'>πειθαρχεῖν,</span> <span class='ocrx_word' id='word_1_534' title='bbox 2642 3262 2733 3332; x_wconf 84' lang='grc' dir='ltr'>ἐφ’</span> <span class='ocrx_word' id='word_1_535' title='bbox 2761 3259 2843 3326; x_wconf 77' lang='grc' dir='ltr'>οἷς</span> <span class='ocrx_word' id='word_1_536' title='bbox 2897 3264 3080 3334; x_wconf 81' lang='grc' dir='ltr'>μέλλει</span> <span class='ocrx_word' id='word_1_537' title='bbox 3110 3263 3289 3331; x_wconf 87' lang='grc' dir='ltr'>λέγειν</span> <span class='ocrx_word' id='word_1_538' title='bbox 3327 3266 3421 3316; x_wconf 79' lang='grc' dir='ltr'>καὶ</span> <span class='ocrx_word' id='word_1_539' title='bbox 3448 3265 3564 3316; x_wconf 79' lang='grc' dir='ltr'>εισ-</span> 
     </span>
    </p>
   </div>
   <div class='ocr_carea' id='block_1_78' title="bbox 1988 3354 3565 3424">
    <p class='ocr_par' dir='ltr' id='par_1_78' title="bbox 1988 3354 3565 3424">
     <span class='ocr_line' id='line_1_78' title="bbox 1988 3354 3565 3424; baseline -0.001 -17"><span class='ocrx_word' id='word_1_540' title='bbox 1988 3356 2242 3424; x_wconf 86' lang='grc' dir='ltr'>ηγεῖσθαι</span> <span class='ocrx_word' id='word_1_541' title='bbox 2302 3355 2486 3416; x_wconf 75' lang='grc' dir='ltr'>αὐτοῖς</span> <span class='ocrx_word' id='word_1_542' title='bbox 2531 3354 2893 3420; x_wconf 82' lang='grc' dir='ltr'>λυσιτελέσιν,</span> <span class='ocrx_word' id='word_1_543' title='bbox 2927 3356 3240 3408; x_wconf 80' lang='grc' dir='ltr'>ἀποδιδόναι</span> <span class='ocrx_word' id='word_1_544' title='bbox 3271 3372 3330 3407; x_wconf 90' lang='grc' dir='ltr'>τε</span> <span class='ocrx_word' id='word_1_545' title='bbox 3369 3357 3460 3406; x_wconf 80' lang='grc' dir='ltr'>καὶ</span> <span class='ocrx_word' id='word_1_546' title='bbox 3504 3356 3565 3406; x_wconf 72' lang='grc' dir='ltr'>τὸ</span> 
     </span>
    </p>
   </div>
   <div class='ocr_carea' id='block_1_79' title="bbox 1992 3442 3565 3512">
    <p class='ocr_par' dir='ltr' id='par_1_79' title="bbox 1992 3442 3565 3512">
     <span class='ocr_line' id='line_1_79' title="bbox 1992 3442 3565 3512; baseline 0 -18"><span class='ocrx_word' id='word_1_547' title='bbox 1992 3443 2194 3511; x_wconf 82' lang='grc' dir='ltr'>ἀνῆκον</span> <span class='ocrx_word' id='word_1_548' title='bbox 2227 3444 2515 3499; x_wconf 72' lang='grc' dir='ltr'>κανονικὸν</span> <span class='ocrx_word' id='word_1_549' title='bbox 2565 3445 2658 3496; x_wconf 70' lang='grc' dir='ltr'>καὶ</span> <span class='ocrx_word' id='word_1_550' title='bbox 2689 3443 2743 3496; x_wconf 81' lang='grc' dir='ltr'>εί</span> <span class='ocrx_word' id='word_1_551' title='bbox 2770 3461 2823 3496; x_wconf 89' lang='grc' dir='ltr'>τι</span> <span class='ocrx_word' id='word_1_552' title='bbox 2856 3442 2984 3495; x_wconf 85' lang='grc' dir='ltr'>ἀλλο</span> <span class='ocrx_word' id='word_1_553' title='bbox 3035 3443 3263 3512; x_wconf 84' lang='grc' dir='ltr'>σύνηθές</span> <span class='ocrx_word' id='word_1_554' title='bbox 3307 3446 3424 3496; x_wconf 90' lang='grc' dir='ltr'>ἐστι</span> <span class='ocrx_word' id='word_1_555' title='bbox 3471 3446 3565 3495; x_wconf 76' lang='grc' dir='ltr'>καὶ</span> 
     </span>
    </p>
   </div>
   <div class='ocr_carea' id='block_1_80' title="bbox 1989 3533 3565 3604">
    <p class='ocr_par' dir='ltr' id='par_1_80' title="bbox 1989 3533 3565 3604">
     <span class='ocr_line' id='line_1_80' title="bbox 1989 3533 3565 3604; baseline 0.003 -21"><span class='ocrx_word' id='word_1_556' title='bbox 1989 3533 2323 3602; x_wconf 82' lang='grc' dir='ltr'>τεταγμένον</span> <span class='ocrx_word' id='word_1_557' title='bbox 2357 3534 2704 3586; x_wconf 85' lang='grc' dir='ltr'>ἀποδίδοσθαι</span> <span class='ocrx_word' id='word_1_558' title='bbox 2753 3535 2883 3604; x_wconf 83' lang='grc' dir='ltr'>παρ’</span> <span class='ocrx_word' id='word_1_559' title='bbox 2927 3535 3110 3588; x_wconf 86' lang='grc' dir='ltr'>αὑτῶν</span> <span class='ocrx_word' id='word_1_560' title='bbox 3143 3535 3219 3603; x_wconf 85' lang='grc' dir='ltr'>τῷ</span> <span class='ocrx_word' id='word_1_561' title='bbox 3268 3535 3426 3603; x_wconf 84' lang='grc' dir='ltr'>μέρει</span> <span class='ocrx_word' id='word_1_562' title='bbox 3468 3534 3565 3602; x_wconf 80' lang='grc' dir='ltr'>τῆς</span> 
     </span>
    </p>
   </div>
   <div class='ocr_carea' id='block_1_81' title="bbox 2005 3620 3108 3692">
    <p class='ocr_par' dir='ltr' id='par_1_81' title="bbox 2005 3620 3108 3692">
     <span class='ocr_line' id='line_1_81' title="bbox 2005 3620 3108 3692; baseline 0.005 -20"><span class='ocrx_word' id='word_1_563' title='bbox 2005 3620 2490 3688; x_wconf 74' lang='grc' dir='ltr'>Ἐκκλησίας.Ἐπὶ</span> <span class='ocrx_word' id='word_1_564' title='bbox 2518 3623 2674 3676; x_wconf 89' lang='grc' dir='ltr'>τοῦτο</span> <span class='ocrx_word' id='word_1_565' title='bbox 2712 3624 2842 3692; x_wconf 75' lang='grc' dir='ltr'>γὰρ,</span> <span class='ocrx_word' id='word_1_566' title='bbox 2881 3643 2934 3676; x_wconf 92' lang='grc' dir='ltr'>κ.</span> <span class='ocrx_word' id='word_1_567' title='bbox 2969 3642 3018 3678; x_wconf 86' lang='grc' dir='ltr'>τ.</span> <span class='ocrx_word' id='word_1_568' title='bbox 3053 3625 3108 3678; x_wconf 88' lang='grc' dir='ltr'>λ.</span> 
     </span>
    </p>
   </div>
   <div class='ocr_carea' id='block_1_82' title="bbox 2063 3713 3105 3784">
    <p class='ocr_par' dir='ltr' id='par_1_82' title="bbox 2063 3713 3105 3784">
     <span class='ocr_line' id='line_1_82' title="bbox 2063 3713 3105 3784; baseline 0.001 -15"><span class='ocrx_word' id='word_1_569' title='bbox 2063 3716 2102 3783; x_wconf 69' lang='grc' dir='ltr'>ἰ’</span> <span class='ocrx_word' id='word_1_570' title='bbox 2139 3713 2378 3784; x_wconf 68' lang='grc' dir='ltr'>Εἷχε’ῑ“ό</span> <span class='ocrx_word' id='word_1_571' title='bbox 2401 3730 2414 3745; x_wconf 82' lang='grc'><strong><em>⁸</em></strong></span> <span class='ocrx_word' id='word_1_572' title='bbox 2439 3715 2596 3781; x_wconf 75' lang='grc' dir='ltr'>Μηνὶ</span> <span class='ocrx_word' id='word_1_573' title='bbox 2627 3716 2863 3782; x_wconf 83' lang='grc' dir='ltr'>Μαρτίῳ</span> <span class='ocrx_word' id='word_1_574' title='bbox 2893 3717 3010 3769; x_wconf 82' lang='grc' dir='ltr'>ινδ.</span> <span class='ocrx_word' id='word_1_575' title='bbox 3045 3713 3105 3776; x_wconf 70' lang='grc' dir='ltr'>ζ’.</span> 
     </span>
    </p>
   </div>
   <div class='ocr_carea' id='block_1_83' title="bbox 1997 3873 3570 3943">
    <p class='ocr_par' dir='ltr' id='par_1_83' title="bbox 1997 3873 3570 3943">
     <span class='ocr_line' id='line_1_83' title="bbox 1997 3873 3570 3943; baseline -0.003 -15"><span class='ocrx_word' id='word_1_576' title='bbox 1997 3873 2138 3930; x_wconf 76' lang='lat' dir='ltr'>XIX.</span> <span class='ocrx_word' id='word_1_577' title='bbox 2169 3875 2486 3930; x_wconf 73' lang='lat' dir='ltr'>Patriurcha</span> <span class='ocrx_word' id='word_1_578' title='bbox 2537 3877 2913 3936; x_wconf 73' lang='lat' dir='ltr'>inspectionem</span> <span class='ocrx_word' id='word_1_579' title='bbox 2965 3875 3273 3929; x_wconf 66' lang='lat' dir='ltr'>monasterii</span> <span class='ocrx_word' id='word_1_580' title='bbox 3319 3878 3570 3943; x_wconf 75' lang='lat' dir='ltr'>Hodegon</span> 
     </span>
    </p>
   </div>
   <div class='ocr_carea' id='block_1_84' title="bbox 2311 3947 3236 4014">
    <p class='ocr_par' dir='ltr' id='par_1_84' title="bbox 2311 3947 3236 4014">
     <span class='ocr_line' id='line_1_84' title="bbox 2311 3947 3236 4014; baseline 0.002 -17"><span class='ocrx_word' id='word_1_581' title='bbox 2311 3947 2588 3999; x_wconf 74' lang='lat' dir='ltr'>conmittit</span> <span class='ocrx_word' id='word_1_582' title='bbox 2631 3948 2972 4014; x_wconf 70' lang='lat' dir='ltr'>metropolita:</span> <span class='ocrx_word' id='word_1_583' title='bbox 3017 3948 3236 4000; x_wconf 68' lang='grc' dir='ltr'>Μυονία.</span> 
     </span>
    </p>
   </div>
   <div class='ocr_carea' id='block_1_85' title="bbox 2068 4081 3571 4154">
    <p class='ocr_par' dir='ltr' id='par_1_85' title="bbox 2068 4081 3571 4154">
     <span class='ocr_line' id='line_1_85' title="bbox 2068 4081 3571 4154; baseline 0.015 -50"><span class='ocrx_word' id='word_1_584' title='bbox 2068 4082 2107 4151; x_wconf 39' lang='grc' dir='ltr'>ἦ,</span> <span class='ocrx_word' id='word_1_585' title='bbox 2143 4081 2203 4134; x_wconf 75' lang='grc' dir='ltr'>σο</span> <span class='ocrx_word' id='word_1_586' title='bbox 2240 4081 2531 4149; x_wconf 81' lang='grc' dir='ltr'>ἱερώτατος</span> <span class='ocrx_word' id='word_1_587' title='bbox 2587 4082 2996 4151; x_wconf 79' lang='grc' dir='ltr'>μητροπολίτης</span> <span class='ocrx_word' id='word_1_588' title='bbox 3048 4083 3305 4151; x_wconf 82' lang='grc' dir='ltr'>Μάκρης.</span> <span class='ocrx_word' id='word_1_589' title='bbox 3341 4085 3571 4154; x_wconf 71' lang='grc' dir='ltr'>ὺπέρῖι.</span> 
     </span>
    </p>
   </div>
   <div class='ocr_carea' id='block_1_86' title="bbox 2000 4173 3575 4244">
    <p class='ocr_par' dir='ltr' id='par_1_86' title="bbox 2000 4173 3575 4244">
     <span class='ocr_line' id='line_1_86' title="bbox 2000 4173 3575 4244; baseline 0.001 -19"><span class='ocrx_word' id='word_1_590' title='bbox 2000 4191 2121 4242; x_wconf 88' lang='grc' dir='ltr'>μος,</span> <span class='ocrx_word' id='word_1_591' title='bbox 2173 4175 2456 4241; x_wconf 83' lang='grc' dir='ltr'>ἀγαπητὸς</span> <span class='ocrx_word' id='word_1_592' title='bbox 2481 4174 2624 4225; x_wconf 81' lang='grc' dir='ltr'>κατὰ</span> <span class='ocrx_word' id='word_1_593' title='bbox 2661 4173 2862 4244; x_wconf 89' lang='grc' dir='ltr'>Κύριον</span> <span class='ocrx_word' id='word_1_594' title='bbox 2895 4174 3122 4242; x_wconf 83' lang='grc' dir='ltr'>ἀδελφὸς</span> <span class='ocrx_word' id='word_1_595' title='bbox 3166 4174 3266 4244; x_wconf 85' lang='grc' dir='ltr'>τῆς</span> <span class='ocrx_word' id='word_1_596' title='bbox 3293 4175 3452 4244; x_wconf 83' lang='grc' dir='ltr'>ήμῶν</span> <span class='ocrx_word' id='word_1_597' title='bbox 3481 4193 3575 4244; x_wconf 87' lang='grc' dir='ltr'>με-</span> 
     </span>
    </p>
   </div>
   <div class='ocr_carea' id='block_1_87' title="bbox 1997 4260 3574 4332">
    <p class='ocr_par' dir='ltr' id='par_1_87' title="bbox 1997 4260 3574 4332">
     <span class='ocr_line' id='line_1_87' title="bbox 1997 4260 3574 4332; baseline 0.001 -20"><span class='ocrx_word' id='word_1_598' title='bbox 1997 4260 2282 4329; x_wconf 87' lang='grc' dir='ltr'>τριότητος</span> <span class='ocrx_word' id='word_1_599' title='bbox 2309 4263 2400 4312; x_wconf 82' lang='grc' dir='ltr'>καὶ</span> <span class='ocrx_word' id='word_1_600' title='bbox 2460 4260 2902 4331; x_wconf 75' lang='grc' dir='ltr'>συλλειτουργδς,</span> <span class='ocrx_word' id='word_1_601' title='bbox 2966 4264 3334 4332; x_wconf 80' lang='grc' dir='ltr'>πορισάμενος</span> <span class='ocrx_word' id='word_1_602' title='bbox 3379 4265 3574 4315; x_wconf 71' lang='grc' dir='ltr'>σεπτὸν</span> 
     </span>
    </p>
   </div>
   <div class='ocr_carea' id='block_1_88' title="bbox 2000 4351 3574 4424">
    <p class='ocr_par' dir='ltr' id='par_1_88' title="bbox 2000 4351 3574 4424">
     <span class='ocr_line' id='line_1_88' title="bbox 2000 4351 3574 4424; baseline 0.001 -20"><span class='ocrx_word' id='word_1_603' title='bbox 2000 4351 2330 4421; x_wconf 81' lang='grc' dir='ltr'>πρόσταγμα</span> <span class='ocrx_word' id='word_1_604' title='bbox 2361 4351 2456 4404; x_wconf 90' lang='grc' dir='ltr'>τοῦ</span> <span class='ocrx_word' id='word_1_605' title='bbox 2485 4353 2780 4422; x_wconf 77' lang='grc' dir='ltr'>κρατίστου</span> <span class='ocrx_word' id='word_1_606' title='bbox 2836 4354 2932 4406; x_wconf 80' lang='grc' dir='ltr'>καὶ</span> <span class='ocrx_word' id='word_1_607' title='bbox 2969 4354 3125 4422; x_wconf 79' lang='grc' dir='ltr'>ἁγίου</span> <span class='ocrx_word' id='word_1_608' title='bbox 3166 4371 3270 4421; x_wconf 90' lang='grc' dir='ltr'>μου</span> <span class='ocrx_word' id='word_1_609' title='bbox 3302 4354 3574 4424; x_wconf 84' lang='grc' dir='ltr'>αὐτοκρά-</span> 
     </span>
    </p>
   </div>
   <div class='ocr_carea' id='block_1_89' title="bbox 310 4445 3578 4520">
    <p class='ocr_par' dir='ltr' id='par_1_89' title="bbox 310 4445 3578 4520">
     <span class='ocr_line' id='line_1_89' title="bbox 310 4445 3578 4520; baseline 0 -19"><span class='ocrx_word' id='word_1_610' title='bbox 310 4454 381 4501; x_wconf 83' lang='grc' dir='ltr'>ἐν</span> <span class='ocrx_word' id='word_1_611' title='bbox 416 4449 589 4518; x_wconf 88' lang='grc' dir='ltr'>τούτῳ</span> <span class='ocrx_word' id='word_1_612' title='bbox 615 4449 707 4500; x_wconf 80' lang='grc' dir='ltr'>καὶ</span> <span class='ocrx_word' id='word_1_613' title='bbox 742 4450 861 4500; x_wconf 80' lang='grc' dir='ltr'>κατ’</span> <span class='ocrx_word' id='word_1_614' title='bbox 891 4450 1058 4519; x_wconf 80' lang='grc' dir='ltr'>ἄμφω</span> <span class='ocrx_word' id='word_1_615' title='bbox 1087 4449 1188 4517; x_wconf 80' lang='grc' dir='ltr'>τὴν</span> <span class='ocrx_word' id='word_1_616' title='bbox 1229 4448 1310 4508; x_wconf 84' lang='grc' dir='ltr'>είς</span> <span class='ocrx_word' id='word_1_617' title='bbox 1342 4447 1402 4499; x_wconf 86' lang='grc' dir='ltr'>τὸ</span> <span class='ocrx_word' id='word_1_618' title='bbox 1435 4449 1687 4516; x_wconf 83' lang='grc' dir='ltr'>κρεῖττον</span> <span class='ocrx_word' id='word_1_619' title='bbox 1713 4448 1894 4499; x_wconf 81' lang='grc' dir='ltr'>ἐπίδο-</span> <span class='ocrx_word' id='word_1_620' title='bbox 1921 4459 1974 4520; x_wconf 81' lang='lat' dir='ltr'><strong>D</strong></span> <span class='ocrx_word' id='word_1_621' title='bbox 1997 4459 2151 4512; x_wconf 80' lang='grc' dir='ltr'>τορος</span> <span class='ocrx_word' id='word_1_622' title='bbox 2199 4445 2292 4496; x_wconf 74' lang='grc' dir='ltr'>ἐπὶ</span> <span class='ocrx_word' id='word_1_623' title='bbox 2321 4446 2388 4515; x_wconf 80' lang='grc' dir='ltr'>τῇ</span> <span class='ocrx_word' id='word_1_624' title='bbox 2444 4447 2587 4498; x_wconf 86' lang='grc' dir='ltr'>κατά</span> <span class='ocrx_word' id='word_1_625' title='bbox 2623 4445 2720 4516; x_wconf 78' lang='grc' dir='ltr'>τὴν</span> <span class='ocrx_word' id='word_1_626' title='bbox 2756 4445 3126 4514; x_wconf 83' lang='grc' dir='ltr'>θεοφύλακτον</span> <span class='ocrx_word' id='word_1_627' title='bbox 3160 4449 3251 4500; x_wconf 75' lang='grc' dir='ltr'>καὶ</span> <span class='ocrx_word' id='word_1_628' title='bbox 3308 4447 3578 4516; x_wconf 82' lang='grc' dir='ltr'>θεομεγά-</span> 
     </span>
    </p>
   </div>
   <div class='ocr_carea' id='block_1_90' title="bbox 311 4539 1898 4608">
    <p class='ocr_par' dir='ltr' id='par_1_90' title="bbox 311 4539 1898 4608">
     <span class='ocr_line' id='line_1_90' title="bbox 311 4539 1898 4608; baseline -0.004 -14"><span class='ocrx_word' id='word_1_629' title='bbox 311 4558 416 4594; x_wconf 84' lang='grc' dir='ltr'>σιν</span> <span class='ocrx_word' id='word_1_630' title='bbox 450 4541 545 4590; x_wconf 72' lang='grc' dir='ltr'>καὶ</span> <span class='ocrx_word' id='word_1_631' title='bbox 568 4539 839 4606; x_wconf 86' lang='grc' dir='ltr'>ὠφέλειαν</span> <span class='ocrx_word' id='word_1_632' title='bbox 870 4539 1101 4608; x_wconf 80' lang='grc' dir='ltr'>λήψεται</span> <span class='ocrx_word' id='word_1_633' title='bbox 1131 4541 1191 4591; x_wconf 86' lang='grc' dir='ltr'>τὸ</span> <span class='ocrx_word' id='word_1_634' title='bbox 1211 4539 1450 4607; x_wconf 84' lang='grc' dir='ltr'>δηλωθέν</span> <span class='ocrx_word' id='word_1_635' title='bbox 1500 4539 1898 4608; x_wconf 74' lang='grc' dir='ltr'>πατριαρχικὸν</span> 
     </span>
    </p>
   </div>
   <div class='ocr_carea' id='block_1_91' title="bbox 315 4629 1898 4702">
    <p class='ocr_par' dir='ltr' id='par_1_91' title="bbox 315 4629 1898 4702">
     <span class='ocr_line' id='line_1_91' title="bbox 315 4629 1898 4702; baseline -0.003 -19"><span class='ocrx_word' id='word_1_636' title='bbox 315 4633 722 4702; x_wconf 78' lang='grc' dir='ltr'>μοναστήριον,</span> <span class='ocrx_word' id='word_1_637' title='bbox 750 4629 1080 4697; x_wconf 85' lang='grc' dir='ltr'>ὀφειλουσῶν</span> <span class='ocrx_word' id='word_1_638' title='bbox 1111 4631 1206 4683; x_wconf 82' lang='grc' dir='ltr'>καὶ</span> <span class='ocrx_word' id='word_1_639' title='bbox 1229 4631 1337 4680; x_wconf 87' lang='grc' dir='ltr'>τῶν</span> <span class='ocrx_word' id='word_1_640' title='bbox 1375 4629 1625 4698; x_wconf 87' lang='grc' dir='ltr'>μοναχῶν</span> <span class='ocrx_word' id='word_1_641' title='bbox 1653 4631 1794 4683; x_wconf 74' lang='grc' dir='ltr'>κατὰ</span> <span class='ocrx_word' id='word_1_642' title='bbox 1817 4633 1898 4693; x_wconf 73' lang='grc' dir='ltr'>τὸ,</span> 
     </span>
    </p>
   </div>
   <div class='ocr_carea' id='block_1_92' title="bbox 312 4719 1903 4788">
    <p class='ocr_par' dir='ltr' id='par_1_92' title="bbox 312 4719 1903 4788">
     <span class='ocr_line' id='line_1_92' title="bbox 312 4719 1903 4788; baseline 0 -16"><span class='ocrx_word' id='word_1_643' title='bbox 312 4724 472 4788; x_wconf 84' lang='grc' dir='ltr'>ὅπερ</span> <span class='ocrx_word' id='word_1_644' title='bbox 517 4720 716 4788; x_wconf 78' lang='grc' dir='ltr'>έχουσι,</span> <span class='ocrx_word' id='word_1_645' title='bbox 753 4720 911 4788; x_wconf 90' lang='grc' dir='ltr'>χρέος</span> <span class='ocrx_word' id='word_1_646' title='bbox 959 4719 1205 4772; x_wconf 84' lang='grc' dir='ltr'>ὑπείκειν</span> <span class='ocrx_word' id='word_1_647' title='bbox 1234 4720 1330 4770; x_wconf 74' lang='grc' dir='ltr'>καὶ</span> <span class='ocrx_word' id='word_1_648' title='bbox 1377 4720 1693 4788; x_wconf 86' lang='grc' dir='ltr'>πειθαρχεῖν</span> <span class='ocrx_word' id='word_1_649' title='bbox 1729 4723 1792 4788; x_wconf 84' lang='grc' dir='ltr'>τῇ</span> <span class='ocrx_word' id='word_1_650' title='bbox 1830 4721 1903 4772; x_wconf 85' lang='grc' dir='ltr'>ίε-</span> 
     </span>
    </p>
   </div>
   <div class='ocr_carea' id='block_1_93' title="bbox 313 4808 1903 4883">
    <p class='ocr_par' dir='ltr' id='par_1_93' title="bbox 313 4808 1903 4883">
     <span class='ocr_line' id='line_1_93' title="bbox 313 4808 1903 4883; baseline -0.001 -20"><span class='ocrx_word' id='word_1_651' title='bbox 313 4813 518 4882; x_wconf 80' lang='grc' dir='ltr'>ρότητί</span> <span class='ocrx_word' id='word_1_652' title='bbox 549 4827 641 4863; x_wconf 91' lang='grc' dir='ltr'>σου</span> <span class='ocrx_word' id='word_1_653' title='bbox 676 4812 732 4883; x_wconf 85' lang='grc' dir='ltr'>ἐν</span> <span class='ocrx_word' id='word_1_654' title='bbox 777 4810 980 4864; x_wconf 82' lang='grc' dir='ltr'>ἆπασιν</span> <span class='ocrx_word' id='word_1_655' title='bbox 1011 4825 1023 4840; x_wconf 82' lang='grc'><strong><em>⁸</em></strong></span> <span class='ocrx_word' id='word_1_656' title='bbox 1073 4808 1459 4870; x_wconf 84' lang='grc' dir='ltr'>ἀποστολικαῖς</span> <span class='ocrx_word' id='word_1_657' title='bbox 1501 4811 1610 4878; x_wconf 83' lang='grc' dir='ltr'>γὰρ</span> <span class='ocrx_word' id='word_1_658' title='bbox 1643 4811 1903 4879; x_wconf 76' lang='grc' dir='ltr'>παραινέ-</span> 
     </span>
    </p>
   </div>
   <div class='ocr_carea' id='block_1_94' title="bbox 312 4898 1905 4970">
    <p class='ocr_par' dir='ltr' id='par_1_94' title="bbox 312 4898 1905 4970">
     <span class='ocr_line' id='line_1_94' title="bbox 312 4898 1905 4970; baseline -0.002 -13"><span class='ocrx_word' id='word_1_659' title='bbox 312 4920 388 4958; x_wconf 84' lang='grc' dir='ltr'>σε</span> <span class='ocrx_word' id='word_1_660' title='bbox 399 4919 485 4955; x_wconf 88' lang='grc' dir='ltr'>σιν</span> <span class='ocrx_word' id='word_1_661' title='bbox 517 4900 890 4967; x_wconf 82' lang='grc' dir='ltr'>ἐξακολουθεῖν</span> <span class='ocrx_word' id='word_1_662' title='bbox 914 4898 1220 4970; x_wconf 88' lang='grc' dir='ltr'>μέλλουσιν,</span> <span class='ocrx_word' id='word_1_663' title='bbox 1245 4901 1320 4961; x_wconf 85' lang='grc' dir='ltr'>ὼς</span> <span class='ocrx_word' id='word_1_664' title='bbox 1345 4899 1792 4970; x_wconf 84' lang='grc' dir='ltr'>παρεγγυώμεθα</span> <span class='ocrx_word' id='word_1_665' title='bbox 1811 4904 1905 4955; x_wconf 70' lang='grc' dir='ltr'>καὶ</span> 
     </span>
    </p>
   </div>
   <div class='ocr_carea' id='block_1_95' title="bbox 310 4991 1907 5066">
    <p class='ocr_par' dir='ltr' id='par_1_95' title="bbox 310 4991 1907 5066">
     <span class='ocr_line' id='line_1_95' title="bbox 310 4991 1907 5066; baseline -0.001 -20"><span class='ocrx_word' id='word_1_666' title='bbox 310 4999 454 5066; x_wconf 78' lang='grc' dir='ltr'>ἃμα</span> <span class='ocrx_word' id='word_1_667' title='bbox 491 4992 567 5054; x_wconf 83' lang='grc' dir='ltr'>ὡς</span> <span class='ocrx_word' id='word_1_668' title='bbox 611 4991 710 5060; x_wconf 80' lang='grc' dir='ltr'>τῆς</span> <span class='ocrx_word' id='word_1_669' title='bbox 744 4992 879 5063; x_wconf 78' lang='grc' dir='ltr'>πρὸς</span> <span class='ocrx_word' id='word_1_670' title='bbox 906 4992 1006 5062; x_wconf 76' lang='grc' dir='ltr'>τὴν</span> <span class='ocrx_word' id='word_1_671' title='bbox 1041 4991 1296 5062; x_wconf 84' lang='grc' dir='ltr'>ίερότητά</span> <span class='ocrx_word' id='word_1_672' title='bbox 1335 5009 1428 5045; x_wconf 93' lang='grc' dir='ltr'>σου</span> <span class='ocrx_word' id='word_1_673' title='bbox 1469 4993 1649 5055; x_wconf 89' lang='grc' dir='ltr'>αἰδοῦς</span> <span class='ocrx_word' id='word_1_674' title='bbox 1687 4993 1783 5046; x_wconf 81' lang='grc' dir='ltr'>καὶ</span> <span class='ocrx_word' id='word_1_675' title='bbox 1819 4993 1907 5045; x_wconf 80' lang='grc' dir='ltr'>εὑ-</span> 
     </span>
    </p>
   </div>
   <div class='ocr_carea' id='block_1_96' title="bbox 309 5085 1906 5157">
    <p class='ocr_par' dir='ltr' id='par_1_96' title="bbox 309 5085 1906 5157">
     <span class='ocr_line' id='line_1_96' title="bbox 309 5085 1906 5157; baseline -0.003 -14"><span class='ocrx_word' id='word_1_676' title='bbox 309 5085 582 5149; x_wconf 82' lang='grc' dir='ltr'>πειθείας</span> <span class='ocrx_word' id='word_1_677' title='bbox 611 5085 792 5138; x_wconf 89' lang='grc' dir='ltr'>αὑτῶν</span> <span class='ocrx_word' id='word_1_678' title='bbox 816 5086 912 5139; x_wconf 79' lang='grc' dir='ltr'>καὶ</span> <span class='ocrx_word' id='word_1_679' title='bbox 944 5085 1112 5155; x_wconf 72' lang='grc' dir='ltr'>τιμῆς</span> <span class='ocrx_word' id='word_1_680' title='bbox 1140 5086 1223 5148; x_wconf 85' lang='grc' dir='ltr'>είς</span> <span class='ocrx_word' id='word_1_681' title='bbox 1252 5085 1352 5157; x_wconf 78' lang='grc' dir='ltr'>τὴν</span> <span class='ocrx_word' id='word_1_682' title='bbox 1379 5086 1539 5155; x_wconf 64' lang='grc' dir='ltr'>⁴ἡμῶν</span> <span class='ocrx_word' id='word_1_683' title='bbox 1574 5086 1906 5156; x_wconf 84' lang='grc' dir='ltr'>μετριότητα</span> 
     </span>
    </p>
   </div>
   <div class='ocr_carea' id='block_1_97' title="bbox 304 5173 1908 5245">
    <p class='ocr_par' dir='ltr' id='par_1_97' title="bbox 304 5173 1908 5245">
     <span class='ocr_line' id='line_1_97' title="bbox 304 5173 1908 5245; baseline -0.003 -12"><span class='ocrx_word' id='word_1_684' title='bbox 304 5173 724 5245; x_wconf 76' lang='grc' dir='ltr'>διαϐαινούσης</span> <span class='ocrx_word' id='word_1_685' title='bbox 775 5176 872 5228; x_wconf 75' lang='grc' dir='ltr'>καὶ</span> <span class='ocrx_word' id='word_1_686' title='bbox 925 5175 1378 5245; x_wconf 72' lang='grc' dir='ltr'>ἀναφερομένης*</span> <span class='ocrx_word' id='word_1_687' title='bbox 1425 5174 1548 5228; x_wconf 85' lang='grc' dir='ltr'>ὅθεν</span> <span class='ocrx_word' id='word_1_688' title='bbox 1591 5175 1686 5229; x_wconf 75' lang='grc' dir='ltr'>καὶ</span> <span class='ocrx_word' id='word_1_689' title='bbox 1735 5177 1908 5238; x_wconf 72' lang='grc' dir='ltr'>οὐδεὶς</span> 
     </span>
    </p>
   </div>
   <div class='ocr_carea' id='block_1_98' title="bbox 307 5265 1906 5339">
    <p class='ocr_par' dir='ltr' id='par_1_98' title="bbox 307 5265 1906 5339">
     <span class='ocr_line' id='line_1_98' title="bbox 307 5265 1906 5339; baseline -0.003 -15"><span class='ocrx_word' id='word_1_690' title='bbox 307 5267 542 5339; x_wconf 74' lang='grc' dir='ltr'>ὀφείλει</span> <span class='ocrx_word' id='word_1_691' title='bbox 606 5267 905 5334; x_wconf 82' lang='grc' dir='ltr'>ἐπαγαγεῖν</span> <span class='ocrx_word' id='word_1_692' title='bbox 965 5267 1046 5328; x_wconf 79' lang='grc' dir='ltr'>είς</span> <span class='ocrx_word' id='word_1_693' title='bbox 1100 5265 1261 5318; x_wconf 88' lang='grc' dir='ltr'>τοῦτο</span> <span class='ocrx_word' id='word_1_694' title='bbox 1311 5267 1651 5336; x_wconf 79' lang='grc' dir='ltr'>ἐμποδισμόν</span> <span class='ocrx_word' id='word_1_695' title='bbox 1697 5284 1822 5320; x_wconf 91' lang='grc' dir='ltr'>τινα</span> <span class='ocrx_word' id='word_1_696' title='bbox 1873 5268 1906 5337; x_wconf 84' lang='grc' dir='ltr'>ἢ</span> 
     </span>
    </p>
   </div>
   <div class='ocr_carea' id='block_1_99' title="bbox 309 5358 1910 5429">
    <p class='ocr_par' dir='ltr' id='par_1_99' title="bbox 309 5358 1910 5429">
     <span class='ocr_line' id='line_1_99' title="bbox 309 5358 1910 5429; baseline 0.001 -16"><span class='ocrx_word' id='word_1_697' title='bbox 309 5361 658 5414; x_wconf 71' lang='grc' dir='ltr'>ἐναντίωσιν</span> <span class='ocrx_word' id='word_1_698' title='bbox 715 5360 782 5429; x_wconf 82' lang='grc' dir='ltr'>τῇ</span> <span class='ocrx_word' id='word_1_699' title='bbox 844 5358 1084 5428; x_wconf 81' lang='grc' dir='ltr'>ίερότητί</span> <span class='ocrx_word' id='word_1_700' title='bbox 1136 5375 1251 5424; x_wconf 90' lang='grc' dir='ltr'>σου,</span> <span class='ocrx_word' id='word_1_701' title='bbox 1282 5359 1331 5411; x_wconf 89' lang='grc' dir='ltr'>εί</span> <span class='ocrx_word' id='word_1_702' title='bbox 1375 5359 1450 5429; x_wconf 78' lang='grc' dir='ltr'>μὴ</span> <span class='ocrx_word' id='word_1_703' title='bbox 1499 5360 1762 5429; x_wconf 87' lang='grc' dir='ltr'>βούλοιτο,</span> <span class='ocrx_word' id='word_1_704' title='bbox 1805 5362 1910 5414; x_wconf 75' lang='grc' dir='ltr'>κᾶν</span> 
     </span>
    </p>
   </div>
   <div class='ocr_carea' id='block_1_100' title="bbox 241 5437 1912 5524">
    <p class='ocr_par' dir='ltr' id='par_1_100' title="bbox 241 5437 1912 5524">
     <span class='ocr_line' id='line_1_100' title="bbox 241 5437 1912 5524; baseline 0.001 -17"><span class='ocrx_word' id='word_1_705' title='bbox 241 5437 277 5450; x_wconf 45' lang='grc' dir='ltr'>θ</span> <span class='ocrx_word' id='word_1_706' title='bbox 311 5455 520 5512; x_wconf 73' lang='grc' dir='ltr'>ὁποῖος</span> <span class='ocrx_word' id='word_1_707' title='bbox 569 5453 678 5522; x_wconf 83' lang='grc' dir='ltr'>ἄρα</span> <span class='ocrx_word' id='word_1_708' title='bbox 731 5452 823 5504; x_wconf 72' lang='grc' dir='ltr'>καὶ</span> <span class='ocrx_word' id='word_1_709' title='bbox 869 5446 941 5524; x_wconf 83' lang='grc' dir='ltr'>ᾖ,</span> <span class='ocrx_word' id='word_1_710' title='bbox 999 5451 1465 5520; x_wconf 86' lang='grc' dir='ltr'>ἐκκλησιαστικῆς</span> <span class='ocrx_word' id='word_1_711' title='bbox 1511 5454 1912 5519; x_wconf 80' lang='grc' dir='ltr'>ἐπεξελεύσεως</span> 
     </span>
    </p>
   </div>
   <div class='ocr_carea' id='block_1_101' title="bbox 313 5541 1912 5613">
    <p class='ocr_par' dir='ltr' id='par_1_101' title="bbox 313 5541 1912 5613">
     <span class='ocr_line' id='line_1_101' title="bbox 313 5541 1912 5613; baseline 0.003 -19"><span class='ocrx_word' id='word_1_712' title='bbox 313 5541 694 5611; x_wconf 78' lang='grc' dir='ltr'>πειραθῆναι.</span> <span class='ocrx_word' id='word_1_713' title='bbox 722 5542 951 5595; x_wconf 87' lang='grc' dir='ltr'>Ποιείτω</span> <span class='ocrx_word' id='word_1_714' title='bbox 983 5542 1164 5594; x_wconf 89' lang='grc' dir='ltr'>τοίνυν</span> <span class='ocrx_word' id='word_1_715' title='bbox 1195 5543 1476 5612; x_wconf 84' lang='grc' dir='ltr'>ἐπιμελῶς</span> <span class='ocrx_word' id='word_1_716' title='bbox 1511 5547 1606 5599; x_wconf 74' lang='grc' dir='ltr'>καὶ</span> <span class='ocrx_word' id='word_1_717' title='bbox 1635 5545 1912 5613; x_wconf 86' lang='grc' dir='ltr'>ἀμεταθέ-</span> 
     </span>
    </p>
   </div>
   <div class='ocr_carea' id='block_1_102' title="bbox 313 5633 1912 5708">
    <p class='ocr_par' dir='ltr' id='par_1_102' title="bbox 313 5633 1912 5708">
     <span class='ocr_line' id='line_1_102' title="bbox 313 5633 1912 5708; baseline 0.004 -25"><span class='ocrx_word' id='word_1_718' title='bbox 313 5649 448 5689; x_wconf 76' lang='grc' dir='ltr'>τως</span> <span class='ocrx_word' id='word_1_719' title='bbox 479 5634 512 5698; x_wconf 84' lang='grc' dir='ltr'><strong>ὴ</strong></span> <span class='ocrx_word' id='word_1_720' title='bbox 547 5633 760 5700; x_wconf 78' lang='grc' dir='ltr'>ἱερότης</span> <span class='ocrx_word' id='word_1_721' title='bbox 810 5650 904 5686; x_wconf 93' lang='grc' dir='ltr'>σου</span> <span class='ocrx_word' id='word_1_722' title='bbox 939 5635 1084 5686; x_wconf 85' lang='grc' dir='ltr'>κατά</span> <span class='ocrx_word' id='word_1_723' title='bbox 1113 5633 1211 5700; x_wconf 80' lang='grc' dir='ltr'>τὴν</span> <span class='ocrx_word' id='word_1_724' title='bbox 1247 5635 1385 5702; x_wconf 81' lang='grc' dir='ltr'>πρὸς</span> <span class='ocrx_word' id='word_1_725' title='bbox 1416 5635 1590 5705; x_wconf 85' lang='grc' dir='ltr'>αὑτὴν</span> <span class='ocrx_word' id='word_1_726' title='bbox 1635 5637 1912 5708; x_wconf 81' lang='grc' dir='ltr'>ἡμετέραν</span> 
     </span>
    </p>
   </div>
   <div class='ocr_carea' id='block_1_103' title="bbox 317 5724 1915 5798">
    <p class='ocr_par' dir='ltr' id='par_1_103' title="bbox 317 5724 1915 5798">
     <span class='ocr_line' id='line_1_103' title="bbox 317 5724 1915 5798; baseline 0.003 -19"><span class='ocrx_word' id='word_1_727' title='bbox 317 5724 604 5779; x_wconf 60' lang='grc' dir='ltr'>ἀνάθεσιν</span> <span class='ocrx_word' id='word_1_728' title='bbox 634 5728 720 5777; x_wconf 73' lang='grc' dir='ltr'>ἐπὶ</span> <span class='ocrx_word' id='word_1_729' title='bbox 767 5727 1100 5798; x_wconf 65' lang='grc' dir='ltr'>λυσιτελείᾳ,</span> <span class='ocrx_word' id='word_1_730' title='bbox 1146 5725 1222 5790; x_wconf 82' lang='grc' dir='ltr'>ὡς</span> <span class='ocrx_word' id='word_1_731' title='bbox 1255 5726 1575 5797; x_wconf 79' lang='grc' dir='ltr'>δεδήλωται,</span> <span class='ocrx_word' id='word_1_732' title='bbox 1607 5727 1704 5782; x_wconf 89' lang='grc' dir='ltr'>τοῦ</span> <span class='ocrx_word' id='word_1_733' title='bbox 1741 5731 1915 5784; x_wconf 87' lang='grc' dir='ltr'>τοιού-</span> 
     </span>
    </p>
   </div>
   <div class='ocr_carea' id='block_1_104' title="bbox 2001 4533 3578 4609">
    <p class='ocr_par' dir='ltr' id='par_1_104' title="bbox 2001 4533 3578 4609">
     <span class='ocr_line' id='line_1_104' title="bbox 2001 4533 3578 4609; baseline 0.003 -23"><span class='ocrx_word' id='word_1_734' title='bbox 2001 4535 2190 4587; x_wconf 87' lang='grc' dir='ltr'>λυντον</span> <span class='ocrx_word' id='word_1_735' title='bbox 2213 4533 2796 4590; x_wconf 80' lang='grc' dir='ltr'>’Κωνσταντινούπολιν</span> <span class='ocrx_word' id='word_1_736' title='bbox 2823 4538 3140 4609; x_wconf 76' lang='grc' dir='ltr'>διακειμένη</span> <span class='ocrx_word' id='word_1_737' title='bbox 3173 4538 3448 4608; x_wconf 74' lang='grc' dir='ltr'>σεύασμίᾳ</span> <span class='ocrx_word' id='word_1_738' title='bbox 3483 4557 3578 4607; x_wconf 86' lang='grc' dir='ltr'>μο-</span> 
     </span>
    </p>
   </div>
   <div class='ocr_carea' id='block_1_105' title="bbox 2001 4627 3579 4698">
    <p class='ocr_par' dir='ltr' id='par_1_105' title="bbox 2001 4627 3579 4698">
     <span class='ocr_line' id='line_1_105' title="bbox 2001 4627 3579 4698; baseline 0 -20"><span class='ocrx_word' id='word_1_739' title='bbox 2001 4629 2099 4696; x_wconf 85' lang='grc' dir='ltr'>νῇ,</span> <span class='ocrx_word' id='word_1_740' title='bbox 2131 4629 2197 4696; x_wconf 84' lang='grc' dir='ltr'>τῇ</span> <span class='ocrx_word' id='word_1_741' title='bbox 2229 4629 2308 4688; x_wconf 83' lang='grc' dir='ltr'>είς</span> <span class='ocrx_word' id='word_1_742' title='bbox 2356 4627 2528 4695; x_wconf 76' lang='grc' dir='ltr'>ὄνομα</span> <span class='ocrx_word' id='word_1_743' title='bbox 2573 4627 2862 4698; x_wconf 79' lang='grc' dir='ltr'>τιμωμένῃ</span> <span class='ocrx_word' id='word_1_744' title='bbox 2897 4628 2994 4695; x_wconf 83' lang='grc' dir='ltr'>τῆς</span> <span class='ocrx_word' id='word_1_745' title='bbox 3026 4627 3185 4696; x_wconf 82' lang='grc' dir='ltr'>ἁγίας</span> <span class='ocrx_word' id='word_1_746' title='bbox 3215 4629 3309 4680; x_wconf 74' lang='grc' dir='ltr'>καὶ</span> <span class='ocrx_word' id='word_1_747' title='bbox 3341 4629 3579 4697; x_wconf 83' lang='grc' dir='ltr'>ζωαρχι-</span> 
     </span>
    </p>
   </div>
   <div class='ocr_carea' id='block_1_106' title="bbox 2002 4716 3582 4788">
    <p class='ocr_par' dir='ltr' id='par_1_106' title="bbox 2002 4716 3582 4788">
     <span class='ocr_line' id='line_1_106' title="bbox 2002 4716 3582 4788; baseline 0.001 -18"><span class='ocrx_word' id='word_1_748' title='bbox 2002 4719 2105 4785; x_wconf 81' lang='grc' dir='ltr'>κῆς</span> <span class='ocrx_word' id='word_1_749' title='bbox 2139 4716 2386 4787; x_wconf 80' lang='grc' dir='ltr'>Τριάδος,</span> <span class='ocrx_word' id='word_1_750' title='bbox 2420 4719 2678 4788; x_wconf 70' lang='grc' dir='ltr'>ᾐτήσατο,</span> <span class='ocrx_word' id='word_1_751' title='bbox 2714 4719 2786 4779; x_wconf 77' lang='grc' dir='ltr'>ὡς</span> <span class='ocrx_word' id='word_1_752' title='bbox 2815 4718 2880 4770; x_wconf 82' lang='grc' dir='ltr'>ἂν</span> <span class='ocrx_word' id='word_1_753' title='bbox 2912 4718 3051 4788; x_wconf 75' lang='grc' dir='ltr'>λάϐῃ</span> <span class='ocrx_word' id='word_1_754' title='bbox 3081 4717 3283 4788; x_wconf 85' lang='grc' dir='ltr'>ταύτην</span> <span class='ocrx_word' id='word_1_755' title='bbox 3301 4721 3395 4771; x_wconf 80' lang='grc' dir='ltr'>καὶ</span> <span class='ocrx_word' id='word_1_756' title='bbox 3428 4720 3582 4788; x_wconf 80' lang='grc' dir='ltr'>παρά</span> 
     </span>
    </p>
   </div>
   <div class='ocr_carea' id='block_1_107' title="bbox 2004 4809 3582 4879">
    <p class='ocr_par' dir='ltr' id='par_1_107' title="bbox 2004 4809 3582 4879">
     <span class='ocr_line' id='line_1_107' title="bbox 2004 4809 3582 4879; baseline 0.001 -18"><span class='ocrx_word' id='word_1_757' title='bbox 2004 4809 2100 4876; x_wconf 77' lang='grc' dir='ltr'>τῆς</span> <span class='ocrx_word' id='word_1_758' title='bbox 2150 4811 2306 4878; x_wconf 77' lang='grc' dir='ltr'>ἡμῶν</span> <span class='ocrx_word' id='word_1_759' title='bbox 2367 4809 2720 4878; x_wconf 81' lang='grc' dir='ltr'>μετριότητος</span> <span class='ocrx_word' id='word_1_760' title='bbox 2775 4809 2864 4861; x_wconf 68' lang='grc' dir='ltr'>διὰ</span> <span class='ocrx_word' id='word_1_761' title='bbox 2913 4810 3242 4879; x_wconf 83' lang='grc' dir='ltr'>γράμματος</span> <span class='ocrx_word' id='word_1_762' title='bbox 3285 4810 3474 4877; x_wconf 76' lang='grc' dir='ltr'>αὐτῆς.</span> <span class='ocrx_word' id='word_1_763' title='bbox 3516 4810 3582 4862; x_wconf 79' lang='grc' dir='ltr'><strong>Ἡ</strong></span> 
     </span>
    </p>
   </div>
   <div class='ocr_carea' id='block_1_108' title="bbox 2006 4901 3580 4971">
    <p class='ocr_par' dir='ltr' id='par_1_108' title="bbox 2006 4901 3580 4971">
     <span class='ocr_line' id='line_1_108' title="bbox 2006 4901 3580 4971; baseline -0.001 -17"><span class='ocrx_word' id='word_1_764' title='bbox 2006 4901 2136 4969; x_wconf 89' lang='grc' dir='ltr'>γοῦν</span> <span class='ocrx_word' id='word_1_765' title='bbox 2169 4901 2460 4970; x_wconf 85' lang='grc' dir='ltr'>μετριότης</span> <span class='ocrx_word' id='word_1_766' title='bbox 2481 4902 2660 4970; x_wconf 82' lang='grc' dir='ltr'>ἡμῶν,</span> <span class='ocrx_word' id='word_1_767' title='bbox 2692 4902 2752 4953; x_wconf 80' lang='grc' dir='ltr'>τὸ</span> <span class='ocrx_word' id='word_1_768' title='bbox 2786 4902 2961 4970; x_wconf 83' lang='grc' dir='ltr'>παρὸν</span> <span class='ocrx_word' id='word_1_769' title='bbox 2991 4901 3302 4953; x_wconf 84' lang='grc' dir='ltr'>ἀπολύουσα</span> <span class='ocrx_word' id='word_1_770' title='bbox 3324 4901 3580 4971; x_wconf 85' lang='grc' dir='ltr'>γράμμα,</span> 
     </span>
    </p>
   </div>
   <div class='ocr_carea' id='block_1_109' title="bbox 2008 4990 3584 5063">
    <p class='ocr_par' dir='ltr' id='par_1_109' title="bbox 2008 4990 3584 5063">
     <span class='ocr_line' id='line_1_109' title="bbox 2008 4990 3584 5063; baseline 0.001 -19"><span class='ocrx_word' id='word_1_771' title='bbox 2008 4992 2440 5061; x_wconf 74' lang='grc' dir='ltr'>παρακελεύεται</span> <span class='ocrx_word' id='word_1_772' title='bbox 2469 4991 2537 5044; x_wconf 88' lang='grc' dir='ltr'>δι’</span> <span class='ocrx_word' id='word_1_773' title='bbox 2573 4991 2760 5056; x_wconf 79' lang='grc' dir='ltr'>αὑτοῦ,</span> <span class='ocrx_word' id='word_1_774' title='bbox 2803 4990 2879 5054; x_wconf 85' lang='grc' dir='ltr'>ὡς</span> <span class='ocrx_word' id='word_1_775' title='bbox 2928 4991 3018 5054; x_wconf 84' lang='grc' dir='ltr'>ἂν,</span> <span class='ocrx_word' id='word_1_776' title='bbox 3050 4992 3383 5061; x_wconf 85' lang='grc' dir='ltr'>ταττομένου</span> <span class='ocrx_word' id='word_1_777' title='bbox 3433 4996 3584 5063; x_wconf 80' lang='grc' dir='ltr'>παρᾶ</span> 
     </span>
    </p>
   </div>
   <div class='ocr_carea' id='block_1_110' title="bbox 2007 5083 3587 5156">
    <p class='ocr_par' dir='ltr' id='par_1_110' title="bbox 2007 5083 3587 5156">
     <span class='ocr_line' id='line_1_110' title="bbox 2007 5083 3587 5156; baseline 0 -20"><span class='ocrx_word' id='word_1_778' title='bbox 2007 5088 2106 5155; x_wconf 74' lang='grc' dir='ltr'>τῆς</span> <span class='ocrx_word' id='word_1_779' title='bbox 2136 5083 2293 5154; x_wconf 77' lang='grc' dir='ltr'>ἡμῶν</span> <span class='ocrx_word' id='word_1_780' title='bbox 2324 5084 2673 5154; x_wconf 80' lang='grc' dir='ltr'>μετριότητος</span> <span class='ocrx_word' id='word_1_781' title='bbox 2723 5086 2802 5147; x_wconf 82' lang='grc' dir='ltr'>είς</span> <span class='ocrx_word' id='word_1_782' title='bbox 2831 5085 2930 5154; x_wconf 80' lang='grc' dir='ltr'>τὴν</span> <span class='ocrx_word' id='word_1_783' title='bbox 2962 5086 3330 5156; x_wconf 77' lang='grc' dir='ltr'>ἡγουμενείαν</span> <span class='ocrx_word' id='word_1_784' title='bbox 3376 5087 3473 5155; x_wconf 87' lang='grc' dir='ltr'>τῆς</span> <span class='ocrx_word' id='word_1_785' title='bbox 3506 5087 3587 5136; x_wconf 76' lang='lat' dir='ltr'>el-</span> 
     </span>
    </p>
   </div>
   <div class='ocr_carea' id='block_1_111' title="bbox 2015 5174 3581 5248">
    <p class='ocr_par' dir='ltr' id='par_1_111' title="bbox 2015 5174 3581 5248">
     <span class='ocr_line' id='line_1_111' title="bbox 2015 5174 3581 5248; baseline 0 -22"><span class='ocrx_word' id='word_1_786' title='bbox 2015 5177 2252 5246; x_wconf 83' lang='grc' dir='ltr'>ρημένης</span> <span class='ocrx_word' id='word_1_787' title='bbox 2289 5176 2478 5245; x_wconf 78' lang='grc' dir='ltr'>μονῆς,</span> <span class='ocrx_word' id='word_1_788' title='bbox 2503 5175 2561 5227; x_wconf 78' lang='grc' dir='ltr'>δν</span> <span class='ocrx_word' id='word_1_789' title='bbox 2591 5175 2656 5228; x_wconf 82' lang='grc' dir='ltr'>ἂν</span> <span class='ocrx_word' id='word_1_790' title='bbox 2681 5175 2966 5246; x_wconf 81' lang='grc' dir='ltr'>ἐκλέγηται</span> <span class='ocrx_word' id='word_1_791' title='bbox 2993 5179 3083 5229; x_wconf 74' lang='grc' dir='ltr'>καὶ</span> <span class='ocrx_word' id='word_1_792' title='bbox 3114 5176 3389 5248; x_wconf 73' lang='grc' dir='ltr'>σφραγίζῃ</span> <span class='ocrx_word' id='word_1_793' title='bbox 3419 5174 3581 5242; x_wconf 75' lang='grc' dir='ltr'>αὕτη,</span> 
     </span>
    </p>
   </div>
   <div class='ocr_carea' id='block_1_112' title="bbox 2011 5265 3582 5335">
    <p class='ocr_par' dir='ltr' id='par_1_112' title="bbox 2011 5265 3582 5335">
     <span class='ocr_line' id='line_1_112' title="bbox 2011 5265 3582 5335; baseline -0.003 -17"><span class='ocrx_word' id='word_1_794' title='bbox 2011 5268 2098 5318; x_wconf 80' lang='grc' dir='ltr'>ὅτε</span> <span class='ocrx_word' id='word_1_795' title='bbox 2139 5267 2235 5334; x_wconf 82' lang='grc' dir='ltr'>μὲν</span> <span class='ocrx_word' id='word_1_796' title='bbox 2261 5265 2578 5334; x_wconf 88' lang='grc' dir='ltr'>εὑρίσκεται</span> <span class='ocrx_word' id='word_1_797' title='bbox 2619 5267 2647 5317; x_wconf 86' lang='grc' dir='ltr'>ὁ</span> <span class='ocrx_word' id='word_1_798' title='bbox 2691 5265 3008 5335; x_wconf 69' lang='grc' dir='ltr'>διαληφθεὶς</span> <span class='ocrx_word' id='word_1_799' title='bbox 3053 5266 3348 5334; x_wconf 74' lang='grc' dir='ltr'>ἱερώτατος</span> <span class='ocrx_word' id='word_1_800' title='bbox 3385 5279 3582 5332; x_wconf 82' lang='grc' dir='ltr'>μητρο-</span> 
     </span>
    </p>
   </div>
   <div class='ocr_carea' id='block_1_113' title="bbox 2015 5356 3587 5432">
    <p class='ocr_par' dir='ltr' id='par_1_113' title="bbox 2015 5356 3587 5432">
     <span class='ocr_line' id='line_1_113' title="bbox 2015 5356 3587 5432; baseline -0.004 -20"><span class='ocrx_word' id='word_1_801' title='bbox 2015 5359 2237 5429; x_wconf 88' lang='grc' dir='ltr'>πολίτης</span> <span class='ocrx_word' id='word_1_802' title='bbox 2285 5360 2518 5430; x_wconf 85' lang='grc' dir='ltr'>Μάκρης</span> <span class='ocrx_word' id='word_1_803' title='bbox 2551 5359 2833 5432; x_wconf 83' lang='grc' dir='ltr'>ἐπιδημῶν</span> <span class='ocrx_word' id='word_1_804' title='bbox 2858 5363 2922 5430; x_wconf 83' lang='grc' dir='ltr'>τῇ</span> <span class='ocrx_word' id='word_1_805' title='bbox 2959 5359 3190 5429; x_wconf 83' lang='grc' dir='ltr'>βασιλίδι</span> <span class='ocrx_word' id='word_1_806' title='bbox 3218 5356 3326 5408; x_wconf 87' lang='grc' dir='ltr'>τῶν</span> <span class='ocrx_word' id='word_1_807' title='bbox 3355 5357 3587 5416; x_wconf 73' lang='grc' dir='ltr'>πόλεων,</span> 
     </span>
    </p>
   </div>
   <div class='ocr_carea' id='block_1_114' title="bbox 2016 5449 3590 5528">
    <p class='ocr_par' dir='ltr' id='par_1_114' title="bbox 2016 5449 3590 5528">
     <span class='ocr_line' id='line_1_114' title="bbox 2016 5449 3590 5528; baseline -0.003 -23"><span class='ocrx_word' id='word_1_808' title='bbox 2016 5457 2191 5523; x_wconf 83' lang='grc' dir='ltr'>κρατῇ</span> <span class='ocrx_word' id='word_1_809' title='bbox 2222 5452 2315 5505; x_wconf 73' lang='grc' dir='ltr'>καὶ</span> <span class='ocrx_word' id='word_1_810' title='bbox 2371 5454 2606 5528; x_wconf 82' lang='grc' dir='ltr'>ἐφορεύῃ</span> <span class='ocrx_word' id='word_1_811' title='bbox 2641 5453 2795 5516; x_wconf 76' lang='grc' dir='ltr'>οὗτος</span> <span class='ocrx_word' id='word_1_812' title='bbox 2827 5455 2924 5523; x_wconf 84' lang='grc' dir='ltr'>τὴν</span> <span class='ocrx_word' id='word_1_813' title='bbox 2959 5452 3130 5520; x_wconf 77' lang='grc' dir='ltr'>αὐτὴν</span> <span class='ocrx_word' id='word_1_814' title='bbox 3159 5449 3458 5516; x_wconf 81' lang='grc' dir='ltr'>σεϐασμίαν</span> <span class='ocrx_word' id='word_1_815' title='bbox 3495 5465 3590 5516; x_wconf 83' lang='grc' dir='ltr'>μο-</span> 
     </span>
    </p>
   </div>
   <div class='ocr_carea' id='block_1_115' title="bbox 2016 5540 3589 5613">
    <p class='ocr_par' dir='ltr' id='par_1_115' title="bbox 2016 5540 3589 5613">
     <span class='ocr_line' id='line_1_115' title="bbox 2016 5540 3589 5613; baseline -0.003 -16"><span class='ocrx_word' id='word_1_816' title='bbox 2016 5547 2136 5613; x_wconf 82' lang='grc' dir='ltr'>νὴν,</span> <span class='ocrx_word' id='word_1_817' title='bbox 2168 5545 2594 5613; x_wconf 79' lang='grc' dir='ltr'>ἐπιμελούμενος</span> <span class='ocrx_word' id='word_1_818' title='bbox 2645 5545 2740 5599; x_wconf 63' lang='grc' dir='ltr'>καλ⁸</span> <span class='ocrx_word' id='word_1_819' title='bbox 2772 5543 3075 5613; x_wconf 79' lang='grc' dir='ltr'>φροντίζων</span> <span class='ocrx_word' id='word_1_820' title='bbox 3136 5540 3303 5607; x_wconf 81' lang='grc' dir='ltr'>αὐτῆς</span> <span class='ocrx_word' id='word_1_821' title='bbox 3335 5542 3476 5592; x_wconf 84' lang='grc' dir='ltr'>κατά</span> <span class='ocrx_word' id='word_1_822' title='bbox 3529 5544 3589 5593; x_wconf 87' lang='grc' dir='ltr'>τὸ</span> 
     </span>
    </p>
   </div>
   <div class='ocr_carea' id='block_1_116' title="bbox 2017 5633 3590 5706">
    <p class='ocr_par' dir='ltr' id='par_1_116' title="bbox 2017 5633 3590 5706">
     <span class='ocr_line' id='line_1_116' title="bbox 2017 5633 3590 5706; baseline -0.001 -16"><span class='ocrx_word' id='word_1_823' title='bbox 2017 5637 2262 5698; x_wconf 79' lang='grc' dir='ltr'>δυνατὸν,</span> <span class='ocrx_word' id='word_1_824' title='bbox 2319 5637 2710 5706; x_wconf 81' lang='grc' dir='ltr'>εὑρισκομένου</span> <span class='ocrx_word' id='word_1_825' title='bbox 2763 5636 2860 5690; x_wconf 74' lang='grc' dir='ltr'>καὶ</span> <span class='ocrx_word' id='word_1_826' title='bbox 2887 5634 2982 5686; x_wconf 91' lang='grc' dir='ltr'>τοῦ</span> <span class='ocrx_word' id='word_1_827' title='bbox 3012 5633 3406 5702; x_wconf 78' lang='grc' dir='ltr'>ἀποταχθέντος</span> <span class='ocrx_word' id='word_1_828' title='bbox 3439 5651 3511 5686; x_wconf 87' lang='grc' dir='ltr'>πα</span> <span class='ocrx_word' id='word_1_829' title='bbox 3524 5636 3590 5704; x_wconf 64' lang='lat' dir='ltr'>pi</span> 
     </span>
    </p>
   </div>
   <div class='ocr_carea' id='block_1_117' title="bbox 2019 5725 3590 5802">
    <p class='ocr_par' dir='ltr' id='par_1_117' title="bbox 2019 5725 3590 5802">
     <span class='ocr_line' id='line_1_117' title="bbox 2019 5725 3590 5802; baseline -0.001 -18"><span class='ocrx_word' id='word_1_830' title='bbox 2019 5730 2119 5801; x_wconf 84' lang='grc' dir='ltr'>τῆς</span> <span class='ocrx_word' id='word_1_831' title='bbox 2150 5729 2306 5802; x_wconf 78' lang='grc' dir='ltr'>ἡμῶν</span> <span class='ocrx_word' id='word_1_832' title='bbox 2345 5730 2697 5800; x_wconf 88' lang='grc' dir='ltr'>μετριότητος</span> <span class='ocrx_word' id='word_1_833' title='bbox 2748 5729 2826 5791; x_wconf 83' lang='grc' dir='ltr'>είς</span> <span class='ocrx_word' id='word_1_834' title='bbox 2860 5727 2959 5796; x_wconf 77' lang='grc' dir='ltr'>τὴν</span> <span class='ocrx_word' id='word_1_835' title='bbox 2993 5725 3356 5796; x_wconf 83' lang='grc' dir='ltr'>ἡγουμενείαν</span> <span class='ocrx_word' id='word_1_836' title='bbox 3388 5728 3590 5796; x_wconf 76' lang='grc' dir='ltr'>αὐτῆς·</span> 
     </span>
    </p>
   </div>
  </div>
