4094 6272
339 329 476 398 1337

1181 340 1520 403 CALLISTI
1577 343 1672 402 ET
1695 344 2111 409 PIIILOTHEI
2152 351 2260 412 CP.
2301 348 2765 414 PATRIARCH.

3435 348 3568 413 1328

339 447 568 501 ἐνοῦσαν
609 448 755 518 αὐτῷ
804 449 1004 520 ἀρετὴν
1067 453 1161 506 καὶ
1210 454 1278 508 τά
1337 455 1498 510 λοιπά
1557 463 1900 530 πνευματικά
1930 472 1972 528 Α
2006 466 2250 534 χρόνους,
2283 465 2542 518 εὐθυντοῦ
2583 466 2736 528 δντος
2777 465 2870 519 τοῦ
2902 465 3245 536 πράγματος,
3288 465 3568 535 καταλαμ-

340 540 732 609 προτερὴματα
759 545 899 595 κατὰ
921 543 1012 596 τὸν
1037 544 1528 616 ἀναγεγραμμένον
1565 551 1784 619 τρόπον,
1817 556 1902 606 εὐ-

2007 559 2145 628 ϐάνῃ
2177 558 2433 621 ἐνταῦθα,
2466 559 2533 610 δι’
2565 559 2698 610 αὐτό
2723 562 2780 610 τε
2823 557 2883 610 τδ
2919 559 3098 627 χρέος,
3142 557 3280 626 ὅπερ
3311 555 3445 627 ἔχει,
3475 557 3569 609 καὶ

341 629 491 699 δοκίᾳ
540 632 634 682 καὶ
663 632 933 701 ἐπικρίσει
981 635 1072 687 τοῦ
1125 639 1420 704 κρατίστου
1468 644 1561 694 καὶ
1601 643 1757 708 άγίου
1799 661 1902 711 μου
2003 652 2104 713 τὰς
2125 651 2619 721 παρεμπιπτούσας
2639 649 3570 717 ἐκκλησιαστικάςάναγκαίαςχρή-

346 721 746 793 αὐτοκράτορος
769 762 785 786 ,
819 723 912 777 τοῦ
941 724 1203 796 διαπύρου
1241 731 1524 799 προμάχου
1556 731 1648 785 καὶ
1676 735 1905 787 σπουδα-

346 812 472 866 στοῦ
498 815 595 882 τῆς
635 816 1098 888 ἐκκλησιαστικῆς
1123 821 1507 884 καταστάσεως
1529 826 1623 878 καὶ
1650 825 1904 889 εὐταξίας

347 905 440 956 καὶ
466 903 576 956 τῶν
603 905 762 958 θείων
813 908 906 960 καὶ
956 909 1191 963 εὐσεϐῶν
1223 911 1506 980 δογμάτων
1534 915 1722 982 αὐτῆς.
1752 915 1906 969 Ἀνα-

348 992 493 1060 χθεὶς
533 994 711 1046 τοίνυν
755 995 864 1049 ίδοὺ
897 997 991 1050 καὶ
1030 1001 1303 1062 καταστὰς
1336 1003 1415 1063 είς
1464 1002 1666 1056 τέλειον
1703 1021 1905 1074 μητρο-

350 1083 573 1150 πολίτην
625 1085 831 1138 Κυὲϐου
867 1089 958 1140 καὶ
983 1090 1164 1158 πάσης
1206 1091 1435 1154 Ῥωσίας
1461 1097 1599 1148 κατὰ
1629 1095 1726 1163 τὴν
1751 1113 1907 1148 κανο-

345 1175 504 1244 νικὴν
539 1174 632 1228 καὶ
670 1177 1134 1249 ἐκκλησιαστικὴν
1168 1181 1526 1250 θεσμοθεσίαν
1557 1199 1616 1234 τε
1655 1187 1749 1237 καὶ
1799 1203 1907 1238 πα-

347 1265 564 1330 ράδοσιν
591 1269 689 1336 τὴν
711 1269 918 1322 ἄνωθεν
948 1273 1411 1340 ἐπικρατήσασαν,
1444 1275 1717 1341 πέμπεται
1751 1272 1905 1341 οὗτος

342 1359 405 1428 δὴ
451 1363 480 1413 ό
525 1362 816 1431 ἱερώτατος
875 1367 1276 1435 μητροπολίτης
1328 1368 1542 1424 Κυέϐου
1591 1371 1684 1422 καὶ
1725 1373 1908 1442 πάσης

352 1450 608 1517 Ῥωσίας,
643 1453 748 1520 κῦρ
782 1455 1040 1520 Ἀλέειος,
1075 1458 1130 1508 ἐν
1159 1460 1296 1528 ἁγίῳ
1324 1460 1599 1529 Ηνεύματι
1627 1464 1906 1532 ἀγαπητὸς

342 1541 569 1610 ἀδελφὸς
600 1542 701 1610 τῆς
751 1545 908 1614 ἡμῶν
943 1548 1292 1616 μετριότητος
1344 1552 1434 1604 καὶ
1479 1553 1907 1623 συλλειτουργὸς,

343 1637 438 1689 καὶ
487 1639 899 1706 καταλαμϐάνει
957 1643 1158 1706 ἐκεῖσε,
1211 1645 1452 1714 ὡσπερεὶ
1502 1648 1610 1700 ἀπὸ
1661 1648 1768 1700 τῶν
1826 1651 1910 1701 ἐν-

2009 759 2142 806 σεις,
2176 741 2256 796 ἐτι
2302 742 2358 795 δέ
2401 743 2497 795 καὶ
2527 742 2595 794 τὰ
2631 742 3014 794 ἀνακύπτοντα
3064 742 3158 793 καὶ
3191 742 3332 794 κατά
3387 741 3571 793 πᾶσαν

2006 833 2104 901 τὴν
2137 835 2351 902 ἐνορίαν
2397 833 2562 887 αὐτοῦ
2609 834 2880 900 ἀναγκαῖα
2915 832 3225 900 ζητήματα.
3260 834 3319 885 El
3351 832 3396 885 δ’
3440 833 3571 892 ἴσως

2007 922 2115 977 εἴτε
2154 926 2259 977 ἀπό
2291 942 2436 987 τινος
2475 925 2778 988 ἀσθενείας,
2814 926 2922 978 εἴτε
2956 925 3063 978 ἀπὸ
3091 925 3292 992 ἐτέρων
3337 908 3568 991 ἐμποδι-

2008 1018 2231 1085 σμάτων
2254 1017 2528 1079 ἀδυνάτως
2549 1017 2659 1084 ἔχει
2683 1018 2843 1077 αὐτὸς
2867 1016 2936 1068 δι’
2966 1015 3160 1068 ἑαυτοῦ
3185 1016 3250 1084 τῇ
3280 1013 3402 1067 καθ’
3424 1015 3568 1082 ἡμᾶς

2009 1110 2130 1176 ἱερᾷ
2162 1108 2254 1160 καὶ
2290 1109 2410 1176 θεία
2465 1109 2666 1176 συνόδῳ
2707 1107 3052 1176 ἐφίστασθαι,
3086 1105 3291 1174 ὀφείλει
3349 1105 3569 1168 ἐκλέγε-

2009 1200 2133 1252 σθαι
2167 1201 2263 1252 καὶ
2290 1201 2598 1273 ἐκπέμπειν
2629 1199 2882 1261 ἐνταῦθα,
2911 1198 3002 1260 οὓς
3038 1199 3102 1250 ἂν
3132 1197 3422 1264 ἀρμοδίους
3457 1196 3572 1248 δια-

2006 1293 2182 1362 κρίνοι
2230 1292 2338 1343 τῶν
2391 1291 2482 1343 τοῦ
2518 1292 2720 1362 κλήρου
2765 1291 2951 1351 αὐτοῦ,
3001 1289 3094 1341 καὶ
3151 1288 3444 1356 ἀναφέρειν
3501 1286 3569 1338 δι’

2008 1382 2228 1437 οἰκείων
2263 1384 2558 1454 ἐγγράφων
2587 1385 2680 1435 καὶ
2725 1381 3249 1449 κατησφαλισμένων
3279 1380 3569 1450 ἀναφορῶν

2007 1475 2075 1528 τὰ
2103 1475 2244 1542 ἅπερ
2267 1474 2381 1544 ἔχει
2413 1473 2804 1540 κατεπείγοντα
2832 1471 3144 1541 ζητήματα,
3185 1471 3259 1533 ὡς
3301 1473 3367 1524 ἀν
3390 1470 3572 1523 ἐντεῦ-

2009 1563 2099 1618 θεν
2122 1565 2446 1632 λαμϐάνωσι
2477 1563 2650 1617 ταῦτα
2677 1563 2764 1615 διὰ
2794 1564 2892 1630 τῆς
2932 1563 3149 1632 χάριτος
3175 1559 3268 1614 τοῦ
3301 1559 3440 1614 Θεοῦ
3474 1562 3572 1631 τὴν

2008 1658 2326 1726 πρέπουσαν
2350 1658 2794 1712 ἀποκατάστασιν
2815 1657 2910 1709 καὶ
2935 1655 3222 1725 διόρθωσιν
3249 1657 3329 1716 είς
3351 1653 3572 1708 πλείονα

347 1726 523 1778 ταῧθα
552 1723 621 1797 ἦν
655 1731 747 1781 καὶ
793 1729 1010 1799 ἐξελέγη
1045 1735 1220 1785 ὲδιεῖπε
1255 1736 1565 1805 ἀρχιερεύς.
1611 1738 1704 1790 Διά
1735 1739 1909 1792 ταῦτα
1937 1811 1976 1816 _
2012 1747 2270 1802 σύστασιν
2325 1749 2514 1801 τούτου
2566 1763 2660 1800 και
2709 1746 3064 1816 εὐδοκίμησιν
3086 1761 3100 1776 ·
3153 1743 3342 1813 ἐπειδὴ
3380 1744 3572 1798 τούτου

349 1816 444 1909 καὶ
475 1817 608 1886 δῆλα
644 1820 902 1890 ποιοῦμεν
934 1823 1003 1874 τὰ
1031 1824 1161 1891 περὶ
1192 1826 1383 1877 τούτου
1425 1827 1558 1894 πρός
1590 1845 1646 1879 τε
1681 1829 1778 1896 τὴν
1812 1830 1903 1883 ὑπ’
1937 1811 1981 1869 Β
2008 1837 2170 1892 ἕνεκα
2205 1840 2357 1909 γαὶή
2395 1838 2646 1908 παροῦσα
2691 1811 2936 1908 ἡμετέρα
2959 1811 3221 1906 ’συνοδικὴ
3254 1811 3453 1906 πρᾶξις
3477 1851 3572 1904 γε·

345 1907 510 1961 αὐτὸν
540 1909 758 1963 σύνοδον
787 1915 880 1964 καὶ
926 1916 1052 1975 τοὺς
1081 1914 1526 1981 θεοφιλεστάτους
1570 1919 1901 1983 ἐπισκόπους

343 1996 440 2048 καὶ
468 1997 631 2050 αὐτὸν
667 1999 730 2067 δὴ
765 2000 856 2052 τὸν
908 2001 1292 2068 εὐγενέστατον
1342 2007 1516 2073 μέγαν
1570 2008 1712 2077 ρῆγα
1769 2009 1904 2062 Ῥω-

347 2087 490 2152 σίας,
532 2089 624 2140 τὸν
651 2089 757 2159 κῦρ
802 2091 1078 2162 Ἰωάννην.
1113 2095 1209 2148 καὶ
1247 2098 1372 2159 τοὺς
1415 2095 1632 2160 λοιποὺς
1661 2101 1904 2168 εὐγενεῖς

345 2180 542 2248 ῥῆγας.
575 2183 630 2232 ἐν
655 2183 843 2250 Κυρίῳ
871 2184 1188 2254 ἀγαπητούς
1214 2186 1360 2249 υίοὺς
1382 2187 1482 2257 τῆς
1506 2187 1662 2259 ἡμῶν
1689 2194 1902 2258 μετριό-

343 2284 523 2337 τητος,
553 2270 690 2322 ἀλλὰ
715 2271 777 2342 δὴ
805 2271 900 2325 καὶ
927 2271 1020 2326 τὸν
1051 2273 1142 2326 ὑπ’
1170 2276 1329 2328 αὐτὸν
1354 2275 1574 2347 κλῆρον,
1610 2278 1690 2331 ἔτι
1714 2295 1773 2331 τε
1810 2282 1904 2333 καὶ

347 2361 486 2427 πρὸς
523 2361 646 2423 τοὺς
674 2361 940 2431 ἄρχοντας
979 2364 1074 2416 καὶ
1102 2365 1277 2418 πάντα
1309 2366 1401 2419 τὸν
1435 2369 1553 2422 ἐκεῖ
1591 2369 1903 2438 Χριστώνυ-

347 2467 448 2521 μον
479 2451 572 2503 τοῦ
597 2451 797 2517 Κυρίου
827 2451 977 2518 λαὸν,
1004 2453 1414 2525 καὶιγράφομεν
1445 2459 1537 2512 καὶ
1573 2460 1901 2528 παρεγγυὼ-

345 2539 487 2610 μεθα
535 2546 840 2612 πατρικῶς,
872 2545 946 2607 ὡς
999 2544 1067 2598 ἀρν
1115 2547 1474 2612 ὑποδέξωνται
1522 2549 1709 2603 τοῦτον
1764 2551 1901 2617 μετά

344 2635 719 2702 περιχαρείας,
752 2637 844 2688 καὶ
881 2636 1256 2706 εὐφρανθῶσιν
1296 2640 1533 2701 ἅπαντες
1563 2641 1654 2694 ἐπὶ
1693 2644 1758 2711 τῇ
1797 2657 1902 2694 πα-

347 2728 538 2794 ρουσίᾳ
581 2725 766 2790 αὐτοῦ,
804 2726 896 2780 καὶ
939 2727 1249 2796 ἀπονέμωσι
1295 2729 1470 2801 τούτῳ
1514 2733 1775 2784 παντοίαν
1804 2736 1898 2786 εὐ⁴

347 2815 593 2868 πείθειαν
619 2815 714 2868 καὶ
741 2818 926 2886 τιμὴν,
960 2815 1038 2880 είς
1076 2817 1176 2872 ὅσα
1207 2821 1389 2888 μέλλει
1433 2822 1607 2889 λέγειν
1633 2822 1721 2875 καὶ
1747 2827 1899 2894 εἰση-

342 2907 556 2974 γεῖσθαι
586 2909 787 2969 αὐτοῖς,
835 2907 1122 2977 ἀφορῶντα
1169 2912 1248 2972 εἰς
1275 2911 1544 2979 ὠφέλειαν
1582 2914 1688 2966 τῶν
1712 2913 1900 2984 ψυχῶν

341 2998 522 3053 αὐτῶν
547 2999 638 3050 καὶ
664 2997 922 3051 σύστασιν
947 3000 1053 3053 τῶν
1075 3002 1310 3054 εὐσεϐῶν
1336 3006 1428 3055 καὶ
1487 3004 1784 3073 ὀρθοδόξων
1814 3007 1899 3058 δο-

341 3085 570 3150 γμάτων
595 3087 693 3155 τῆς
730 3087 1057 3156 Ἐκκλησίας
1087 3089 1220 3142 Θεοῦ
1242 3107 1257 3123 ο
1283 3094 1315 3162 ἡ
1355 3095 1465 3162 γὰρ
1509 3096 1588 3155 είς
1614 3097 1778 3148 αὐτὸν
1814 3099 1896 3149 αἰ·

340 3175 446 3237 δὼς
482 3177 576 3229 καὶ
598 3178 730 3246 τιμὴ
763 3181 858 3232 καὶ
886 3177 1142 3234 εὐλάϐεια
1163 3183 1242 3245 είς
1271 3183 1362 3236 τὸν
1384 3183 1516 3238 Θεὸν
1548 3186 1896 3254 ἀναφέρεται,

341 3266 438 3316 καὶ
472 3266 548 3328 είς
579 3265 676 3335 τὴν
712 3266 870 3336 ήμῶν
902 3271 1229 3340 μετριότητα
1261 3274 1542 3340 διαϐαίνει,
1590 3276 1668 3329 ἐτι
1704 3294 1762 3330 τε
1806 3279 1899 3330 καὶ

340 3359 422 3418 εἰς
448 3357 546 3428 τὴν
581 3361 702 3412 καθ’
725 3362 870 3432 ἡμᾶς
901 3364 1050 3416 θείαν
1081 3367 1175 3418 καὶ
1206 3366 1354 3434 ίεράν
1386 3369 1621 3423 σύνοδον.
1660 3371 1898 3438 Ὀφείλει

341 3447 526 3514 μέντοι
553 3444 703 3514 οὗτος
747 3455 992 3522 μετέχειν
1025 3457 1120 3509 καὶ
1155 3457 1256 3526 τῆς
1307 3458 1400 3511 τοῦ
1427 3460 1575 3530 ἱεροῦ
1607 3465 1897 3532 συνθρόνου

338 3538 800 3607 ἐγκαθιδρύσεως,
849 3541 925 3606 ὡς
980 3543 1184 3607 τέλειος
1239 3551 1644 3620 μητροπολίτης
1685 3553 1895 3606 Κυέϐου

341 3628 438 3680 καὶ
468 3629 646 3697 πάσης
686 3630 915 3697 Ῥωσίας
935 3675 950 3701 ,
976 3636 1325 3690 ἐπιλαϐέσθαι
1346 3656 1402 3690 τε
1427 3642 1518 3692 καὶ
1552 3645 1767 3696 πάντων
1792 3645 1896 3697 τῶν

339 3716 675 3786 ὁπουδήποτε
710 3720 1117 3793 εὑρισκομένων
1152 3728 1242 3778 καὶ
1273 3727 1638 3797 διαφερόντων
1669 3733 1795 3801 τῇδε
1830 3731 1894 3804 τῇ

342 3807 619 3886 ἁγιωτάτῃ
668 3815 996 3883 μητροπόλει
1022 3817 1241 3870 δικαίων
1263 3822 1354 3872 καὶ
1386 3823 1713 3891 προνομίων.
1741 3823 1897 3879 Κατὰ

338 3900 449 3971 γὰρ
487 3903 613 3964 τοὺς
649 3903 820 3967 θείους
855 3909 952 3960 καὶ
993 3909 1171 3979 ἱεροὺς
1202 3913 1430 3978 κανόνας
1459 3917 1488 3968 ό
1538 3917 1698 3978 αὐτὸς
1738 3917 1897 3988 ἱερώ-

335 4005 496 4054 τατος
524 3997 925 4068 μητροπολίτης
951 3999 1155 4068 ὀφείλει
1185 4002 1330 4073 ἔχειν
1353 4008 1450 4075 τὴν
1483 4008 1734 4072 ἐξουσίαν
1763 4011 1896 4063 πάν-

335 4095 448 4131 των
501 4083 606 4135 τῶν
675 4087 982 4156 ἀνηκόντων
1042 4093 1107 4161 τῇ
1169 4093 1488 4166 Ἐκκλησία,
1543 4097 1896 4166 ἀναγνώστας

338 4175 658 4243 σφραγίζων
688 4180 747 4232 ἐν
775 4183 911 4250 αὐτῇ
945 4186 1038 4236 καὶ
1076 4187 1464 4252 ὑποδιακόνους
1494 4191 1588 4244 καὶ
1612 4192 1894 4257 διακόνους

338 4265 690 4332 προϐιϐάζων
728 4274 820 4324 καὶ
867 4274 1028 4341 ίερεῖς
1073 4281 1393 4347 χειροτονῶν
1443 4286 1746 4338 καὶ-πάντα
1776 4287 1893 4339 δια-

269 4394 277 4401 .
335 4359 714 4448 πραττόμενος
745 4363 932 4428 ἁπλῶς
965 4367 1229 4437 ἐφειμένα
1254 4370 1331 4441 τῷ
1357 4373 1632 4446 ίερωτάτῳ
1652 4378 1896 4448 ἀρχιερεῖ

2006 1927 2197 1998 γονυΐα
2227 1929 2304 2000 τῷ
2332 1930 2679 1999 διαληφθέντι
2713 1931 2989 1999 ίερωτάτῳ
3027 1929 3397 1999 μητροπολίτῃ
3431 1925 3574 1983 Κυέ-

2004 2017 2100 2072 ϐου
2135 2021 2233 2072 καὶ
2282 2019 2464 2089 πάσης
2508 2017 2761 2086 Ῥωσίας,
2811 2017 2918 2088 κῦρ
2960 2017 3204 2088 Ἀλεξίῳ,
3257 2015 3570 2087 ὐπερτίμῳ,

2003 2111 2273 2180 ἀγαπητῷ
2311 2112 2454 2163 κατά
2511 2109 2711 2178 Κύριον
2747 2109 2959 2179 ἀδελφῷ
3002 2111 3098 2163 καὶ
3147 2109 3570 2178 συλλειτουργῷ,

2004 2203 2231 2270 ἐπεδόθη
2263 2205 2342 2264 εἰς
2387 2203 2708 2268 ἀσφάλειαν.
2745 2201 3014 2272 Ἀπελύοη
3051 2203 3114 2272 τῇ
3153 2199 3195 2254 λ’
3222 2200 3316 2254 τοῦ
3345 2200 3568 2254 Ἰουνίου

2007 2295 2102 2347 ίνδ.
2131 2293 2176 2357 ζ’
2205 2294 2319 2357 τοῦ,
2349 2287 2530 2363 λςωξβ⁹
2569 2293 2742 2356 ἔτους.

2072 2389 2113 2454 -ξ-
2144 2382 2286 2454 Εἶχε
2312 2386 2413 2438 καὶ
2445 2385 2543 2439 διὰ
2572 2385 2682 2451 τῆς
2729 2385 2893 2449 θείας
2922 2383 3017 2437 καὶ
3055 2383 3253 2452 τιμίας
3290 2399 3568 2451 πατριάρ-

2001 2473 2181 2543 χικῆς
2211 2475 2410 2543 χειρὸς
2443 2477 2540 2527 τό·
2577 2477 2880 2539 Φικῖιόθεος,
2935 2473 3082 2540 ἐλέῳ
3119 2473 3266 2527 Θεοῦ
3306 2472 3570 2540 ἀρχιεπι-

2000 2581 2231 2632 σκοπος
2257 2559 2945 2632 Κωνσταντινούπόλεως
2967 2607 2981 2630 ,
3009 2568 3165 2632 Νέας
3192 2565 3437 2634 Ῥώμης,
3470 2561 3570 2619 καὶ

2000 2657 2414 2726 οίκουμενικὸς
2453 2659 2841 2725 πατριάρχης.

2104 2788 2245 2843 XXI.
2274 2788 2517 2858 Synodus
2532 2789 2794 2859 judicium
2819 2788 2918 2858 fert
2947 2789 3010 2843 de
3047 2788 3243 2842 duobus
3271 2789 3459 2858 magis.

2067 2923 2109 2994 -1-
2154 2923 2212 2976 '0
2258 2924 2322 2975 ἐκ
2365 2923 2773 2991 Θεσσαλονίκης
2829 2920 3150 2992 ὁρμώμενος
3186 2923 3565 2993 Καππαδόκης

2003 3052 2018 3067 .
2053 3053 2068 3068 .
2109 3051 2124 3066 .
2162 3050 2177 3067 .
2215 3011 2318 3081 πρό
2345 3029 2487 3074 τινος
2514 3013 2613 3082 ἤδη
2646 3011 2839 3082 καιροῦ
2871 3015 2963 3064 ἐπὶ
2990 3014 3148 3083 κακῷ
3179 3013 3414 3067 ἐνταῦθα
3439 3015 3563 3066 ἐπι-

2003 3103 2154 3165 στάς,
2191 3103 2267 3165 ὡς
2307 3104 2379 3172 μὴ
2407 3102 2636 3171 ὤφελεν,
2667 3102 2925 3171 ἄντικρυς
2957 3104 3212 3168 ἀσεϐείας
3259 3105 3395 3174 ἔργα
3440 3105 3560 3159 δια-

2003 3193 2352 3263 πραξάμενος
2404 3195 2703 3275 ἐφωράθηο
2763 3195 2859 3263 τὴν
2885 3195 2993 3264 γὰρ
3047 3199 3284 3266 μαγικὴν
3332 3211 3565 3250 κακοτε-

2001 3284 2154 3354 χνίαν
2185 3287 2342 3354 εἴπερ
2392 3301 2476 3347 τις
2513 3283 2908 3354 ἐξησκημένος,
2961 3284 3061 3356 τὴν
3108 3284 3360 3339 ἐντεῦθεν
3385 3287 3565 3356 λύμην

2000 3375 2312 3446 διαδόσιμον
2340 3378 2602 3442 ἐποιεῖτο,
2634 3378 2727 3429 καὶ
2750 3376 2978 3439 πολλοὺς
3012 3376 3159 3447 αὐτῷ
3180 3376 3562 3449 παρεσκεύαζε

2001 3467 2284 3533 προσιέναι
2321 3467 2412 3518 καὶ
2446 3465 2665 3534 ὄλεθρον
2709 3467 2941 3534 ψυχικὸν
2997 3467 3312 3534 ὑπομένειν.
3350 3467 3565 3521 ’Λνενε-

1999 3554 2218 3623 χθέντος
2267 3557 2449 3608 τοίνυν
2494 3556 2624 3624 περὶ
2665 3555 2758 3608 τοῦ
2805 3555 3131 3623 θεοστυγοῦς
3179 3556 3370 3609 τούτου
3408 3561 3473 3627 τῇ
3501 3575 3562 3612 τε

1999 3647 2154 3716 ἡμῶν
2189 3650 2500 3718 μετριότητι
2540 3653 2632 3703 καὶ
2671 3651 2735 3719 τῇ
2777 3650 2906 3719 περὶ
2962 3648 3133 3720 αὐτὴν
3165 3650 3290 3718 θείᾳ
3317 3651 3411 3703 καὶ
3439 3649 3563 3720 ἱερᾷ

1998 3739 2320 3808 ἀδελφότητι
2350 3741 2458 3793 τῶν
2493 3741 2800 3806 ίερωτάτων
2846 3742 3168 3811 ἀρχιερέων,
3216 3742 3554 3814 ὑπερτίμων,

1997 3829 2298 3895 ἀγαπητῶν
2331 3830 2472 3882 κατὰ
2501 3828 2706 3899 Κύριον
2737 3830 2981 3899 ἀδελφῶν
3018 3831 3189 3902 αὐτῆς
3222 3832 3319 3885 καὶ
3349 3831 3560 3885 συλλειη

1997 3921 2264 3990 τουργῶν,
2295 3921 2612 3991 περιαλγεῖς
2636 3923 2871 3984 ἅπαντες
2919 3923 3217 3992 ἐγενόμεθα
3243 3925 3322 3984 είς
3358 3923 3562 3994 πολλὴν

1998 4013 2143 4066 κατά
2177 4014 2237 4065 τὸ
2277 4015 2422 4076 είκδς
2452 4015 2546 4067 καὶ
2573 4013 2819 4084 μεγάλην
2863 4014 3285 4084 κατενεχθέντες
3317 4015 3416 4086 τὴν
3451 4016 3560 4072 λύ,-ι

1999 4117 2128 4175 πην,
2156 4105 2455 4160 καὶταῦτα
2516 4107 2657 4176 μετά
2710 4107 2769 4160 τὸ
2812 4105 3072 4179 συνεργίᾳ
3098 4106 3190 4160 τοῦ
3243 4107 3560 4177 Πνεύματος

2000 4197 2179 4267 πολλῷ
2213 4196 2396 4267 μόχθῳ
2418 4197 2514 4250 καὶ
2540 4198 2742 4268 σπουδῇ
2781 4199 2876 4261 τὰς
2903 4198 3002 4266 τῆς
3034 4196 3436 4268 Ἀμαραντίνης
3457 4215 3562 4266 μα-

1997 4290 2150 4356 γείας
2179 4289 2273 4342 καὶ
2300 4289 2557 4359 γοητείας
2587 4290 2652 4342 ἐκ
2680 4291 2772 4342 τοῦ
2801 4288 2968 4358 μέσου
3019 4290 3455 4361 περιαιρεθῆναι,
3483 4290 3560 4353 ώς

2000 4379 2241 4442 ἅπαντες
2289 4381 2509 4434 ἴσασιν·
2555 4377 2679 4433 ὅθεν
2726 4381 2822 4433 καλ⁵
2873 4381 2966 4434 τὸν
3012 4381 3359 4450 προσήκοντα
3397 4379 3562 4450 ζῆλον

336 4447 550 4542 Κρέϐου
585 4452 678 4503 καὶ
708 4455 888 4525 πάσης
928 4456 1174 4527 Ῥωσίας,
1209 4461 1529 4532 ὀφειλόντων
1556 4471 1650 4523 καὶ
1676 4447 1892 4524 πάντων
1925 4479 1967 4532 D
1994 4473 2376 4537 ἀναλαϐόντες,
2439 4473 2627 4542 ἐπειδὴ
2690 4471 2822 4534 Θεὸς
2853 4466 2920 4542 ἦν
2977 4472 3036 4525 τὸ
3061 4447 3560 4541 -κινδυνευόμενον,

281 4584 288 4601 ,
331 4539 446 4588 τῶν
477 4542 532 4592 ἐν
563 4543 699 4612 αὐτῇ
735 4545 1010 4615 κληρικῶν
1041 4554 1134 4629 καὶ
1165 4554 1272 4606 τῶν
1316 4556 1510 4621 ἄλλων,
1554 4560 1887 4629 ἱερωμένων,

254 4647 258 4652 ν
337 4632 592 4697 μοναχῶν
622 4653 681 4688 τε
712 4643 802 4691 καὶ
836 4641 1058 4705 λαῖκῶν,
1095 4646 1414 4701 ὑποκεῖσθαι
1449 4651 1543 4703 καὶ
1573 4653 1891 4723 πειθαρχεῖν

331 4721 531 4790 τούτῳ,
561 4725 659 4785 ὅσα
685 4731 777 4782 καὶ
807 4733 990 4803 Οἰκείῳ
1027 4738 1245 4804 ποιμένι
1279 4739 1370 4790 καὶ
1411 4742 1578 4809 πατρὶ
1622 4744 1715 4795 καὶ
1741 4721 1892 4796 διδα-

335 4813 524 4884 σκάλῳ
549 4821 640 4870 καὶ
672 4826 867 4897 μεσίτῃ
891 4827 986 4879 καὶ
1012 4829 1304 4902 διαλλακτῇ
1333 4832 1397 4884 τὰ
1442 4834 1578 4901 πρὸς
1613 4837 1702 4887 τὸν
1733 4836 1888 4902 Θεὸν,

333 4905 432 4997 καὶ
463 4906 714 4975 δέχεσθαι
758 4917 1012 4983 ἀσμένως
1037 4921 1133 4972 καὶ
1174 4921 1470 4991 προθύμως
1516 4926 1890 4997 ἀποπληροῦν,

329 4995 434 5086 ὅσα
475 4999 656 5062 μέλλει
684 5010 966 5074 παραινεῖν
999 5010 1090 5060 καὶ
1129 5011 1471 5082 εἰσηγεῖσθαι
1501 5016 1682 5079 αὐτοῖς
1709 4995 1894 5086 ψῖυχω-

328 5085 470 5155 φελῆ
509 5091 602 5182 καὶ
635 5097 900 5166 σωτήρια.
947 5100 1100 5153 Ἐπεὶ
1125 5103 1179 5155 δὲ
1223 5105 1534 5172 ἀναγκαίως
1567 5109 1678 5179 ἔχει
1707 5113 1891 5182 ἐπιδη-

335 5182 464 5245 μεῖν
501 5181 756 5251 ἐνταῦθα,
797 5189 872 5252 ώς
910 5193 959 5244 οἱ
992 5192 1123 5246 θεῖοι
1160 5195 1252 5246 καὶ
1292 5196 1429 5264 ἱεροὶ
1456 5202 1677 5264 κανόνες
1709 5219 1894 5271 παρα-

333 5267 670 5341 κελεύονται,
727 5282 868 5332 κατά
929 5282 988 5335 τὸ
1027 5285 1182 5352 χρέος
1244 5288 1336 5353 τῆς
1395 5287 1672 5358 ὑποταγῆς
1727 5267 1892 5346 αὐτοῦ

330 5362 434 5428 τῆς
491 5366 567 5428 είς
611 5369 710 5438 τὴν
742 5371 902 5436 ἁγίαν
949 5375 1043 5427 τοῦ
1079 5376 1214 5429 Θεοῦ
1271 5379 1564 5449 καθολικὴν
1612 5379 1704 5433 ad!
1763 5385 1897 5434 ἀπο-

334 5454 590 5526 στολικὴν
655 5462 980 5532 Ἐκκλησίαν
1027 5468 1119 5519 καὶ
1181 5471 1322 5522 κατὰ
1368 5472 1464 5540 τὴν
1516 5475 1720 5525 τούτων
1780 5474 1897 5527 διά-ο
1943 5473 1948 5477 ’

330 5546 508 5616 ταξιν,
543 5554 640 5604 οὐκ
695 5555 809 5625 ἔχει
846 5559 900 5609 δὲ
947 5560 1182 5624 εὐκολως
1215 5563 1444 5614 ἑκάστου
1496 5563 1643 5627 ἔτους
1710 5566 1894 5636 ἐπιδη-

331 5645 458 5722 μεῖν
507 5647 596 5699 διά
624 5665 681 5701 τε
739 5651 798 5702 τὸ
825 5652 959 5705 πολύ
1001 5656 1099 5721 τῆς
1157 5653 1278 5706 ὁδοῦ
1338 5657 1508 5725 μῆκος
1537 5657 1629 5708 καὶ
1683 5659 1782 5727 τὴν
1833 5661 1890 5711 ἐν

328 5741 410 5811 ’ζῷ
444 5743 591 5812 μέσῳ
619 5743 955 5814 δυσχέρειαν,
996 5745 1458 5815 παρεγγυώμεθα,
1501 5748 1585 5800 ἵνα
1622 5751 1760 5803 κατά
1800 5750 1892 5803 δύο

1999 4563 2098 4615 οὐκ
2129 4565 2187 4614 ἐν
2221 4562 2458 4633 δευτέρῳ
2504 4563 2571 4614 τά
2603 4565 2731 4630 περὶ
2765 4559 2955 4615 τούτου
3007 4563 3387 4631 ἐποιησάμεθα
3409 4581 3422 4596 ·
3457 4561 3561 4615 ποῦ

2002 4647 2110 4724 γάρ
2175 4655 2410 4724 φορητὸν
2462 4654 2598 4715 ὅλως
2657 4653 2732 4722 μὴ
2763 4654 2883 4722 οὐχὶ
2935 4654 3026 4705 τὸν
3075 4653 3453 4723 Καππαδόκην
3483 4657 3561 4718 είς

2005 4746 2168 4813 μέσον
2198 4745 2455 4814 ἀχθῆναι,
2489 4743 2781 4796 κάντεῦθεν
2812 4743 2908 4812 τὴν
2933 4743 3248 4812 πρέπουσαν
3275 4745 3563 4814 διόρθωσιν

2001 4838 2094 4889 καὶ
2127 4837 2194 4889 τὰ
2244 4837 2346 4904 τῆς
2394 4836 2592 4898 κακίας
2643 4833 2848 4905 ταύτης
2893 4834 3112 4900 λαϐεῖν;
3158 4832 3563 4906 Ἀλλ’ἦνοῦτος

2000 4926 2176 4995 λάθρα
2209 4925 2604 4994 μετερχόμενος
2623 4925 2722 4993 τὴν
2742 4925 3006 4993 βδελυρὰν
3031 4927 3127 4977 καὶ
3150 4926 3397 4996 ὀλεθρίαν
3421 4930 3564 4999 πρά·

2001 5019 2082 5082 ξιν
2111 5019 2208 5070 καὶ
2238 5015 2542 5085 φενακίζων
2592 5015 2685 5067 καὶ
2726 5015 3036 5081 ἐξαπατῶν,
3073 5016 3148 5077 ὡς
3181 5017 3420 5089 εἴρηται,
3459 5021 3558 5074 καὶ

2002 5112 2228 5173 πολλοὺς
2253 5110 2332 5168 είς
2363 5109 2634 5180 βάραθρον
2677 5107 2906 5178 ψυχικὸν
2947 5111 3041 5162 καὶ
3066 5109 3348 5165 ἀπώλειαν
3386 5130 3559 5166 κατα-

1999 5204 2318 5273 κρημνίζων
2337 5221 2352 5234 °
2385 5203 2500 5257 ἀλλ’
2530 5205 2557 5255 ὁ
2585 5205 2693 5259 τῶν
2721 5203 2856 5257 ὅλων
2880 5203 3154 5274 Δεσπότης
3173 5207 3270 5260 καὶ
3299 5207 3560 5278 δημιουρ-

2002 5295 2095 5363 γὺς
2124 5296 2348 5365 Κύριος,
2372 5295 2463 5348 τοῦ
2494 5293 2696 5349 οίκείου
2725 5298 2833 5351 τῶν
2864 5297 3210 5366 Χριστιανῶν
3239 5299 3557 5367 πλάσματος

2001 5387 2312 5457 κηδόμενος,
2378 5383 2477 5439 οὐκ
2531 5389 2812 5458 ἠνέσχετο,
2856 5389 2975 5441 οὐδέ
3025 5390 3420 5458 παρεχώρησεν
3462 5389 3559 5441 ἐπὶ⁸

2000 5479 2160 5531 πλέον
2192 5479 2284 5530 τὸν
2320 5475 2697 5549 Καππαδόκην
2752 5479 3205 5550 συγκρύπτεσθαι
3241 5481 3336 5532 καὶ
3357 5478 3560 5532 λανθά-

1999 5587 2134 5631 νειν,
2166 5569 2299 5623 ἀλλά
2330 5572 2427 5632 τὰς
2455 5569 2548 5623 τοῦ
2599 5570 2838 5642 πονηροῦ
2873 5571 3096 5623 καὶτῶν
3131 5570 3391 5635 ζιζανίων
3420 5587 3557 5624 σπου

2001 5663 2138 5726 ρέως
2168 5659 2444 5728 ἐκτέμνων
2467 5661 2829 5730 παραφυάδας
2880 5663 2975 5713 καὶ
3005 5659 3152 5712 τόνδε
3183 5660 3274 5713 τὸν
3327 5661 3562 5716 Καππαο

1998 5749 2159 5818 δόκην
2190 5749 2328 5821 μετὰ
2361 5749 2469 5804 τῶν
2500 5749 2752 5826 μαγικῶν
2806 5747 2970 5802 αὐτοῦ
2996 5749 3193 5832 βίϐλων
3218 5750 3558 5842 διῳκονομη-
