4094 6272
661 300 800 365 1339

1725 302 2128 363 SY'NODICJE
2172 304 2848 367 CONSTITUTIONES.

3713 305 3821 369 13ίο

659 430 790 466 σατο
824 413 889 482 τῇ
929 409 1050 463 καθ’
1077 410 1226 480 ἡμᾶς
1257 413 1379 482 ἱερᾷ
1408 411 1612 482 συνόδῳ
1651 416 2001 482 παραστῆναι
2035 417 2127 467 καὶ
2147 417 2223 478 είς
2257 423 2299 476 Α
2330 410 2498 486 οὗπερ
2531 416 2894 488 προσεῤῥάφη
2938 414 3150 484 ἱματίου
3195 411 3340 482 παρὰ
3388 414 3479 466 τοῦ
3522 418 3726 486 μοναχοῦ
3745 424 3818 474 καὶ

657 501 932 574 προῦπτον
979 503 1377 573 ἀπελεγχθῆναί
1405 521 1463 556 τε
1508 507 1600 556 καὶ
1649 505 2110 576 θριαμϐευθῆναι.
2140 509 2220 561 Τὰ

657 597 758 664 μέν
804 597 896 648 οὐν
934 598 1051 648 κατ’
1092 596 1256 650 αὐτὸν
1307 597 1453 656 ὅπως
1514 612 1572 646 τε
1617 597 2072 664 παρηκολούθησε
2119 599 2218 660 τὴν

653 688 830 758 ἀρχὴν
868 687 962 741 καὶ
986 687 1130 749 ὅπως
1156 688 1250 740 ἆτε
1277 687 1340 756 δὴ
1367 687 1614 755 μιάστωρ
1635 691 1728 740 καὶ
1763 689 1948 757 λοιμὸς
1996 691 2221 760 διαρῤἠ-

655 781 752 848 δην
782 781 877 846 τῆς
919 781 1173 840 ἀσεϐείας
1199 779 1294 832 καὶ
1346 781 1456 840 τοῖς
1515 780 1724 842 λοιποῖς
1761 779 2060 850 μετεδίδου,
2115 798 2220 848 μα-

656 873 786 942 κρὸν
813 871 876 923 ἂν
901 871 984 940 εἴη
1012 871 1266 934 διεξιέναι
1290 873 1382 924 καὶ
1411 871 1519 924 οὐδ’
1551 874 1744 933 ἀκοαῖς
1773 874 1894 935 ταῖς
1926 872 2032 924 τῶν
2060 873 2210 940 φιλο·

657 966 894 1032 χρίστων
927 966 1172 1027 ἀνεκτόν,
1203 965 1317 1016 ἀλλ’
1349 966 1380 1030 ἡ
1421 964 1576 1026 νόσος
1623 963 1765 1033 αὐτη
1797 964 2012 1016 καὶτοῦ
2049 980 2221 1026 μονα.-

654 1057 750 1125 χοῦ
780 1097 794 1112 .
825 1104 841 1120 ,
873 1096 886 1110 .
915 1057 1220 1126 καθήψατο,
1251 1056 1307 1118 ὃς
1334 1056 1397 1123 δὴ
1421 1055 1478 1120 ἐξ
1499 1055 1757 1116 ἀπονοίας
1787 1057 1881 1108 καὶ
1913 1055 2218 1124 φιλοδοξίας

655 1147 816 1200 πάθει
840 1148 1095 1209 ἑαλωκὼς
1124 1148 1300 1199 πάντα
1331 1148 1522 1208 ἐποίει,
1558 1149 1705 1208 ὅπως
1731 1147 1796 1200 ἂν
1823 1146 2214 1217 ἀρχιερατικοῦ

655 1242 960 1310 ἀξιώματος
1012 1243 1277 1310 ἐπιτυχὴς
1339 1242 1572 1307 γένοιτο.
1640 1241 1792 1292 Ἐπεὶ
1817 1241 1898 1303 δέ,
1935 1240 2058 1293 καθ’
2089 1243 2214 1294 ὅσον

655 1333 952 1395 ἐσπούδαζε
990 1333 1252 1398 μάλιστα,
1283 1332 1426 1384 κατὰ
1454 1332 1712 1384 τοσοῦτον
1745 1331 2093 1399 ἀπετύγχανε
2121 1329 2214 1382 τοῦ

657 1424 882 1489 σκοποῦ,
929 1424 1036 1475 οὐδ’
1089 1425 1264 1485 οὕτως
1317 1423 1480 1490 ἔληγε
1548 1422 1901 1491 συναίσθησιν
1955 1421 2214 1491 εἰληφὼς,

653 1515 767 1569 ἀλλ’
790 1511 856 1584 ἦν
886 1515 977 1566 ἐπὶ
1007 1514 1180 1584 τούτῳ
1210 1515 1448 1583 συνεχῶς
1480 1516 1548 1584 τῇ
1589 1514 1790 1581 συνόδῳ
1815 1512 2017 1582 φοιτῶν
2041 1528 2057 1544 ·
2094 1513 2216 1564 ἐπεὶ

652 1605 749 1659 οὖν
777 1605 972 1658 ἔϐλεπε
1004 1605 1094 1657 τὸν
1119 1604 1353 1675 ρηθέντα
1383 1605 1760 1673 Καππαδόκην
1785 1603 2076 1665 συνοδικῶς
2108 1603 2214 1656 ἀπ-

655 1698 1016 1767 ελεγχόμενον
1036 1697 1124 1749 διά
1151 1713 1211 1748 τε
1236 1697 1334 1758 τὰς
1361 1695 1764 1767 ἀρῤητουργίας
1797 1695 1962 1748 αὐτοῦ
2001 1693 2212 1752 καὶτὰς

2330 509 2437 561 τῶν
2478 510 3020 580 προσγεγραμμένων
3046 510 3102 560 ἐν
3132 508 3208 576 τῷ
3253 509 3428 580 χάρτῃ
3461 511 3592 562 κατά
3616 511 3693 564 τὸν
3720 515 3814 566 ἀνα·

2323 602 2718 669 γεγραμμένον
2761 601 2964 670 τρόπον
2995 603 3357 670 χαρακτήρων
3407 602 3500 653 καὶ
3528 605 3816 672 γραμμάτων

2323 694 2598 764 άριδήλως
2646 695 3033 763 άναφανέντων
3092 693 3172 755 είς
3207 693 3370 761 μέσον
3430 694 3715 758 συνοδικῶς,
3743 699 3814 748 καὶ

2320 782 2474 836 τοῦδε
2500 783 2595 836 τοῦ
2627 784 2861 852 μοναχοῦ
2894 781 2968 850 μὴ
3001 781 3305 849 ἀντιλέγειν
3327 783 3610 854 ἐχοντος,ή
3643 787 3816 856 μετριό-

2319 890 2416 940 της
2450 875 2482 942 ἡ
2494 873 2610 940 μῶν
2647 871 3164 944 συνδιασκεψαμένη
3193 873 3484 936 συνοδικῶς
3509 910 3526 928 .
3557 911 3572 928 .
3603 913 3618 930 .
3645 913 3662 932 .
3689 912 3703 928 .
3724 911 3738 929 .
3765 916 3777 930 .
3801 916 3812 930 .

2321 962 2470 1017 Finis
2503 965 2662 1025 deest.

2315 1119 2484 1174 XXII.
2520 1119 2830 1194 Palriarcha
2883 1132 3057 1177 monet
3099 1126 3392 1194 episcopum
3439 1128 3732 1182 Novoaradii
3778 1139 3819 1182 ut

2617 1193 2931 1260 obtemperet
2966 1193 3306 1264 metropoliue
3338 1195 3554 1251 Kioviaz.

2382 1324 2423 1393 ’ξ’
2450 1324 2842 1394 Θεοφιλέστατε
2877 1326 3143 1378 ἐπίσκοπε
3171 1327 3556 1396 Νοϐογραδίου,
3587 1330 3726 1400 χάρις
3747 1329 3816 1397 είη

2313 1419 2406 1468 καὶ
2453 1417 2642 1486 είρήνη
2679 1419 2744 1486 τῇ
2781 1415 3060 1485 θεοφιλείᾳ
3097 1435 3192 1470 σου
3233 1419 3342 1470 ἀπὸ
3380 1418 3514 1472 Θεοῦ
3559 1421 3813 1487 παντοκράι

2313 1523 2490 1570 τορος.
2529 1503 2712 1571 Οἶδας,
2762 1507 2837 1570 ὡς
2871 1508 2965 1560 τοῦ
2998 1508 3293 1577 ίερωτάτου
3346 1509 3636 1581 ἀρχιερέως
3680 1510 3819 1578 πάσης

2324 1595 2560 1659 Ῥωσίας
2607 1597 2835 1662 ἐκείνου,
2879 1597 2983 1669 κῦρ
3028 1597 3400 1664 Θεογνώστου,
3455 1600 3815 1668 τελευτήσαντος

2311 1681 2381 1757 ἦν
2411 1675 2724 1754 ἀναγκαῖον,
2757 1688 2845 1741 ἵνα
2877 1689 3098 1756 γένηται
3131 1689 3420 1758 ἀρχιερεὺς
3462 1691 3537 1751 είς
3567 1690 3653 1758 τὴν
3678 1689 3816 1740 τοιαύ-

660 1762 902 1858 μαγίκάς
922 1787 1198 1850 ἀσεϐείας,
1232 1787 1352 1839 δέον
1375 1762 1535 1839 αὐτδν
1558 1762 1622 1853 δή
1649 1762 1741 1837 τὸν
1769 1785 2000 1854 μοναχὸν
2031 1785 2209 1838 συνιέ-
2241 1762 2284 1818 Β
2315 1795 2416 1848 την
2462 1778 2771 1846 ἁγιωτάτην
2803 1779 3160 1848 μητρόπολιν.
3199 1779 3360 1834 Ἐπεὶ
3391 1776 3480 1833 οὖν
3509 1782 3535 1832 ό
3577 1779 3714 1840 αὐτὸς
3739 1781 3816 1847 κῦρ

657 1897 746 1932 ναι
778 1880 871 1932 καὶ
902 1880 1270 1949 ἀποτρόπαιον
1318 1878 1572 1943 καθάπαξ
1603 1877 1855 1948 ἡγεῖσθαι
1882 1877 2075 1932 τοῦτον
2119 1881 2214 1933 καὶ

657 1971 968 2040 βδελυκτδν,
992 1973 1020 2023 ό
1049 1971 1224 2039 δὲτὴν
1253 1970 1347 2024 τοῦ
1373 1969 1622 2023 διαϐόλου
1662 1970 2002 2040 συμμαχίαν,
2037 1970 2112 2034 ὡς
2140 1972 2214 2042 μὴ

654 2061 888 2130 ὤφελεν,
941 2062 1376 2130 ἐπικεκλημένος
1423 2061 1515 2114 τὸν
1561 2060 1936 2130 Καππαδόκην
1963 2062 2215 2129 ἀσμένως

655 2151 941 2218 προσίεται
976 2152 1072 2203 καὶ
1095 2150 1277 2216 φιλίαν
1302 2149 1556 2219 ὁμολογεῖ
1589 2150 1707 2216 μετ’
1737 2149 1924 2215 αὐτοῦ,
1966 2153 2059 2202 καὶ
2094 2150 2213 2203 κατ’

651 2233 806 2292 οἶκον
829 2240 1012 2308 φέρων
1039 2238 1256 2302 ξενίζει,
1285 2238 1384 2289 καὶ
1437 2238 1735 2306 όμόστεγον
1765 2239 1927 2292 αὐτὸν
1961 2243 2053 2291 καὶ
2084 2243 2215 2304 ὁμο-

653 2331 862 2383 δίαιτον
915 2329 1056 2398 ἔχειν
1091 2329 1363 2398 βούλεται,
1406 2329 1502 2382 καὶ
1549 2329 1718 2398 δῶρα,
1775 2330 1842 2382 τὰ.
1869 2330 1968 2395 μὲν
1997 2330 2214 2399 ἕτοιμος

653 2415 722 2489 ἦν
755 2419 904 2487 αὐτῷ
962 2421 1289 2487 παρασχεῖν,
1324 2417 1394 2469 τὰ
1430 2418 1490 2469 δέ
1539 2418 1933 2486 ἐπηγγέλλετο,
1979 2419 2027 2472 εί
2057 2420 2216 2485 μόνον

648 2511 757 2565 αὖοι
812 2509 1169 2579 δεδυνημένον
1217 2507 1669 2561 συσκευάσασθαι
1723 2509 1810 2561 διά
1862 2507 2216 2576 μαγγανειῶν

654 2599 984 2670 πραγμάτιά
1013 2615 1134 2652 τινα
1163 2599 1258 2650 καὶ
1290 2597 1544 2668 μηχανὰς
1597 2597 1934 2661 διαϐολικάς,
1961 2597 2100 2651 ὥστε
2124 2598 2217 2651 καὶ

651 2691 754 2758 τὴν
787 2690 1006 2744 σύνοδον
1032 2692 1128 2742 καὶ
1153 2690 1278 2749 τούς
1303 2689 1432 2757 περὶ
1454 2689 1605 2757 ἡμᾶς
1632 2691 1819 2742 πεῖσαι
1855 2691 1945 2742 ἐπὶ
1971 2687 2051 2759 τῷ
2084 2706 2217 2758 προ-

657 2780 992 2850 ϐιϐασθῆναι
1013 2781 1201 2832 τοῦτον
1229 2781 1310 2840 είς
1357 2779 1771 2850 ἀρχιερωσύνης
1801 2778 2030 2848 βαθμόν.
2076 2779 2138 2833 ’0
2157 2780 2216 2832 δέ

653 2889 720 2940 γε
754 2871 1000 2931 τοιοῦτος
1035 2869 1409 2935 Καππαδόκης
1467 2869 1642 2938 ῥᾷστα
1669 2870 1767 2938 τῆς
1803 2869 2044 2936 ἐφέσεως
2082 2870 2216 2921 ταύ-

651 2980 752 3030 της
810 2961 1043 3026 ἀξιῶσαι
1099 2961 1262 3014 αὐτὸν
1313 2960 1730 3030 καθυπέσχετο·
1797 2961 1951 3014 ἐνθεν
1992 2977 2076 3013 τοι
2120 2961 2218 3015 καὶ

651 3056 904 3125 ἀσμένως
935 3055 1028 3107 καὶ
1060 3054 1196 3122 μετά
1233 3052 1433 3122 πολλῆς
1462 3053 1788 3122 προσδοκίας
1833 3053 2215 3123 προσλαϐόμε-

2318 1869 2678 1936 Θεόγνωστος,
2708 1870 2856 1931 ὅστις
2897 1873 2994 1923 καὶ
3021 1870 3200 1933 καλῶς
3244 1871 3536 1940 διέπρεψεν
3565 1871 3636 1934 είς
3660 1869 3816 1937 ταύτην

2317 1959 2382 2029 δὴ
2406 1959 2502 2030 τὴν
2518 1961 2912 2030 ἀρχιερατικὴν
2933 1961 3129 2032 ἀρχὴν,
3149 1963 3416 2032 πρότερον
3439 1963 3518 2016 ἐτι
3536 1962 3634 2026 ζῶν
3653 1962 3816 2028 έπεμψε

2318 2053 2410 2102 καὶ
2439 2050 2645 2120 ἔγραψε
2670 2053 2765 2106 καὶ
2798 2054 3172 2123 παρεκάλεσεν
3203 2054 3282 2117 είς
3308 2055 3408 2124 τὴν
3441 2054 3594 2120 ἁγίαν
3616 2051 3695 2104 τοῦ
3717 2051 3815 2102 Θεοῦ

2317 2143 2610 2211 καθολικὴν
2641 2144 2740 2197 καὶ
2789 2145 3153 2216 ἀποστολικὴν
3195 2146 3546 2216 Ἐκκλησίαν,
3597 2143 3708 2217 περὶ
3747 2141 3814 2192 τοῦ

2317 2233 2449 2302 παρ’
2489 2233 2695 2286 ἐκείνου
2737 2235 3190 2303 προϐιϐασθέντος
3237 2241 3322 2297 εις
3365 2234 3644 2288 ἐπίσκοπον
3689 2231 3814 2283 Biu-

2315 2322 2569 2394 διμήρου,
2587 2327 2681 2377 τοῦ
2731 2324 2898 2395 κυροῦ
2935 2325 3168 2390 Ἀλεξίου
3192 2365 3206 2389 ,
3231 2326 3314 2379 ὅτι
3343 2327 3456 2396 ἔχει
3481 2324 3629 2391 ἀξίως
3655 2323 3730 2374 καὶ
3752 2321 3816 2372 δύ-

2318 2429 2444 2466 αται
2483 2415 2882 2484 ἀρχιερατικῶς
2939 2416 3213 2484 διεξάγειν
3244 2417 3349 2486 τὴν
3377 2417 3542 2487 αὐτὴν
3568 2417 3814 2483 ἁγιωτάτιν

2323 2505 2676 2573 μητρόπολιν,
2729 2507 2861 2559 διότι
2909 2506 2990 2560 ένι
3045 2508 3278 2578 εὐλαϐὴς
3313 2510 3412 2561 καλ⁵
3472 2509 3714 2578 ἐνάρετος,
3749 2502 3815 2555 καὶ

2317 2597 2479 2666 ἡμεῖς
2513 2596 2579 2665 δὴ
2610 2597 2953 2668 ἐξητάσαμεν
2983 2599 3169 2662 αὐτὸν,
3203 2599 3394 2662 καθὼς
3418 2599 3633 2668 ἔπρεπε,
3656 2595 3733 2648 καὶ
3755 2591 3815 2645 εὐ-

2323 2701 2488 2755 ρομεν
2537 2689 2658 2741 κατ’
2707 2687 2964 2758 ἀλήθειαν
3011 2688 3253 2742 τοιοῦτον
3283 2688 3523 2761 Χριστοῦ
3567 2681 3814 2758 χάριτικαὶ

2321 2775 2610 2845 σύμφωνον
2647 2779 2725 2840 είς
2770 2780 2865 2840 τὰς
2908 2779 3048 2850 ὑπὲρ
3105 2773 3272 2833 αὐτοῦ
3321 2783 3624 2851 μαρτυρίας
3667 2777 3814 2832 ἁπότι

2318 2867 2430 2919 τῶν
2455 2869 2678 2922 αὐτόθεν
2735 2870 2994 2932 πολλάκις
3025 2871 3343 2940 ἐρχομένων
3384 2872 3670 2940 Ῥωμαίων,
3713 2866 3814 2922 ἀλλὰ

2319 2957 2384 3027 δὴ
2408 2959 2503 3011 καὶ
2534 2960 2712 3012 αὐτῶν
2744 2961 2850 3014 τῶν
2901 2960 3134 3028 Ῥώσων,
3161 2963 3365 3027 οἵτινες
3398 2965 3616 3034 ἧρχοντο
3635 2958 3812 3014 ἐνταῦθα

2320 3052 2419 3104 καὶ
2454 3050 2721 3121 πρότερον
2769 3056 2910 3104 κατά
2955 3057 3183 3122 καιροὺς
3232 3055 3545 3126 διαφόρους
3575 3055 3654 3109 διὰ
3690 3051 3813 3106 ταῦτα

654 3111 742 3206 νος
772 3147 860 3196 τὸν
885 3111 1290 3210 ⁷Καππαδόκην
1326 3143 1355 3193 ό
1390 3111 1668 3210 ’μοναχὺθ
1710 3111 1784 3203 ὡς
1805 3111 2212 3212 ὑπελάμϐανεν,
2243 3111 2286 3170 c
2319 3111 2680 3209 ἡμετρίοτης
2711 3139 2892 3208 ἡμῶν,
2920 3111 3436 3214 συνδίασκεψαμένη
3464 3111 3594 3212 μετά
3616 3143 3701 3209 τῆς
3721 3139 3813 3205 περὶ

647 3229 766 3303 εἶχε
797 3231 986 3285 τοῦτον
1048 3231 1169 3302 μεθ’
1205 3229 1426 3292 ἐαυτοῦ,
1478 3230 1572 3281 καὶ
1601 3229 1946 3298 ἐφιλοφρόνει
1969 3245 1984 3260 ο
2015 3230 2157 3299 πλὴν
2188 3232 2216 3283 ό

653 3323 1054 3393 Καππαδόκης,
1083 3321 1272 3392 ὥσπερ
1317 3323 1482 3375 αὐτὸν
1527 3321 1910 3392 ἀμειϐόμενος,
1940 3324 2125 3376 ἐκεῖνα
2153 3324 2218 3394 δὴ

653 3416 792 3482 ἀωρὶ
827 3412 933 3465 τῶν
981 3412 1191 3466 νυκτῶν
1219 3411 1454 3480 ἔγραφε,
1501 3413 1596 3466 καὶ
1633 3413 1797 3465 αὐτοῦ
1825 3414 1920 3465 τοῦ
1977 3413 2216 3483 μοναχοῦ

653 3506 1050 3574 ἐπισταμένου,
1073 3503 1168 3557 καὶ
1185 3503 1292 3555 ὑπὸ
1318 3503 1378 3556 τὸ
1399 3503 1606 3571 αἴθριον
1626 3503 1854 3573 ἀντικρύ
1875 3503 1985 3557 τῶν
2000 3504 2218 3575 ἄστρων

653 3596 856 3648 ἐτίθει·
885 3592 1133 3646 ἐντεῦθεν
1160 3593 1268 3664 γάρ
1309 3591 1464 3659 ἔλεγε
1494 3594 1586 3645 καὶ
1623 3593 1719 3662 τὴν
1748 3593 1900 3663 ἰσχὺν
1932 3596 2218 3662 προσεῖναι

654 3687 791 3755 πρὸς
815 3686 876 3738 τὺ
907 3684 1266 3756 ζητούμενον,
1297 3685 1397 3738 ὅσα
1428 3685 1562 3753 μήτε
1589 3683 1772 3752 λέγειν
1827 3684 1953 3754 μήτ’
1997 3685 2219 3739 ἀκούειν

655 3777 820 3830 καλόν
842 3792 856 3809 ⁸
883 3777 984 3845 τήν
1019 3793 1078 3828 τε
1135 3776 1234 3845 γάρ
1287 3760 1476 3844 Ξιοινὴν
1506 3775 1610 3828 τῶν
1639 3761 2007 3846 ’Χριστῖανῶν
2057 3777 2218 3846 ἡμῶν

655 3867 964 3938 προσευχὴν
993 3867 1092 3935 τὴν
1114 3868 1192 3929 είς
1213 3865 1304 3918 τὸν
1327 3865 1530 3935 Κύριον
1570 3866 1729 3937 ἡμῶν
1765 3867 1856 3919 καὶ
1879 3866 2020 3919 κατά
2047 3868 2208 3936 χάριν

655 3961 880 4030 Πατέρα
930 3959 1398 4028 ἀναπεμπομένην
1454 3959 1776 4028 γράμμασιν
1844 3959 2219 4026 ἀντιστρόφως

658 4053 750 4102 καὶ
783 4048 1010 4112 ἐναλλὰξ
1061 4048 1299 4116 ἔγραψεν
1322 4051 1377 4100 ἐν
1407 4049 1578 4118 χάρτῃ
1623 4049 1729 4100 τινὶ
1775 4047 2219 4118 παραγεγραφὼς

658 4135 832 4210 τούτῳ
867 4142 958 4192 καὶ
998 4140 1066 4191 τά
1100 4140 1241 4209 άπερ
1273 4139 1571 4205 ἐξελέξατο,
1628 4141 1883 4207 καθάπερ
1929 4141 2217 4210 ἐϐουλήθη,

655 4233 919 4302 ὀνόματα,
952 4232 1092 4284 ὥστε
1119 4230 1263 4285 εἶναι
1290 4232 1487 4294 αὐτοὺς
1509 4232 1758 4298 εὐηνίους
1790 4235 1884 4286 καὶ
1908 4234 2221 4296 εὐενδότους

656 4328 745 4380 καὶ
786 4322 1275 4391 καθυπαγομένους
1313 4323 1480 4375 ἕνεκα
1512 4323 1619 4375 τῶν
1649 4323 1985 4392 ζητημάτων
2028 4323 2216 4388 αὐτοῦ,

656 4417 791 4484 πρὸς
828 4415 887 4466 δέ
937 4415 1031 4466 καὶ
1081 4413 1437 4482 χαρακτῆράς
1485 4429 1657 4475 τινας,
1687 4413 1714 4463 ὃ
1761 4413 1827 4482 δὴ
1885 4413 2078 4476 ἀσεϐὲς
2125 4414 2216 4466 καὶ
2251 4437 2293 4492 D

654 4504 1002 4577 ψυχώλεθρον
1053 4503 1308 4574 γράμμα,
1344 4506 1485 4574 χειρὶ
1516 4505 1727 4574 γραφὲν
1766 4503 2048 4574 ξτολμηρᾷ,
2081 4506 2220 4557 πάν·

655 4617 812 4667 νυχον
860 4600 1111 4665 κείμενον
1162 4595 1466 4648 διεϐίϐασεν
1521 4597 1752 4664 ἀντικρὺ
1809 4596 1918 4649 τῶν
1977 4600 2219 4667 ἄστρων,

657 4687 774 4743 εἶτα
806 4689 882 4750 ὡς
906 4687 1067 4756 δῆθεν
1121 4687 1456 4755 φυλακτικὸν
1487 4690 1626 4739 κατά
1655 4688 1755 4750 τὰς
1801 4688 2088 4750 ὑποθέσεις
2119 4685 2216 4740 τοῦ

656 4781 1026 4837 Καππαδόκου
1062 4781 1090 4832 ό
1123 4779 1356 4849 μοναχδς
1381 4778 1458 4847 τῷ
1485 4780 1685 4849 ίματίῳ
1726 4779 2049 4850 προσράψας
2101 4783 2228 4858 τοῖς)

654 4875 899 4942 στέρνοις
937 4869 1085 4941 εἶχεν
1136 4870 1479 4939 ἐγκείμενον.
1525 4871 1878 4942 Ἀμφοτέρων
1921 4859 2222 4944 τοιγαροῦέξ

652 4964 854 5016 τούτων
885 4963 1300 5032 παρισταμένων
1333 4963 1624 5025 συνοδικῶς
1657 4963 1880 5030 καὶιτοῦ
1911 4965 2182 5016 Καππαδό

653 5071 750 5106 κου
784 5053 857 5115 ὡς
889 5053 952 5122 δὴ
1001 5052 1367 5121 μεταμέλειαν
1395 5052 1556 5121 δῆθεν
1597 5051 1852 5116 λαϐόντος
1878 5052 2085 5106 καὶτὸν
2118 5051 2230 5122 μσς,

651 5148 814 5216 ναχὸν
862 5143 1240 5212 ἐξελέγχοντος
1292 5142 1386 5194 ἐπὶ
1437 5145 1550 5204 τοῖς
1579 5143 1867 5206 τοιούτοις,
1915 5145 1942 5195 ὁ
1977 5146 2212 5214 μοναχὸς

653 5236 877 5306 ἔξαρνος
931 5229 1019 5302 ἦν,
1081 5233 1256 5303 μάτην
1315 5235 1410 5285 καὶ
1443 5234 1798 5301 συκοφαντῶς
1831 5234 2214 5302 διαϐεϐλῆσθαι

651 5325 1050 5393 διατεινόμενος
1095 5323 1226 5392 πρὸς
1250 5322 1346 5376 τοῦ
1390 5324 1788 5378 Καππαδόκου.
1831 5323 1974 5376 Ἀλλ’
2003 5326 2030 5378 ὁ
2061 5327 2210 5379 Καπ·

653 5418 896 5483 παδόκης
939 5415 1176 5484 ίσχυρῶς
1209 5416 1570 5482 άντεπείγων,
1626 5414 1814 5483 ἔλεγεν
1851 5416 2049 5468 αὐτίκα
2081 5434 2215 5486 προ-

655 5507 798 5574 φανῆ
829 5508 927 5576 τὴν
950 5508 1134 5558 πίστιν
1166 5504 1303 5558 εἶναι
1330 5509 1445 5567 τοῖς
1483 5506 1664 5576 ἔργοις
1689 5523 1704 5538 ο
1759 5507 1989 5576 ἐπείπερ
2019 5508 2211 5574 ἐγκόλ-

652 5615 776 5648 πιιθν
804 5599 830 5648 ό
865 5597 1098 5667 μοναχὸς
1152 5596 1308 5664 φέρει
1345 5596 1402 5648 τὺ
1432 5597 1727 5666 λεγόμενον
1761 5597 2114 5665 φυλακτικὸν,
2149 5599 2209 5651 οὗ

655 5685 720 5758 δὴ
753 5690 846 5741 καὶ
882 5687 1045 5748 εὐθὺς
1088 5685 1493 5747 ἐκσπασθέντος
1526 5689 1620 5739 καὶ
1667 5687 2078 5752 ἐξελκυσθέντος
2115 5688 2205 5758 ἀφ’

2317 3224 2488 3294 αὐτὴν
2524 3224 2672 3288 θείας
2707 3229 2800 3280 καὶ
2837 3229 2986 3298 ίερᾶς
3033 3230 3252 3284 συνόδου
3289 3233 3405 3285 τῶν
3448 3231 3812 3301 καθευρεθέντων

2319 3321 2634 3390 ίερωτάτων
2681 3322 2986 3392 ἀρχιερέων
3036 3323 3131 3377 καὶ⁵
3179 3325 3520 3396 ὕπερτίμων,
3551 3325 3647 3380 ἀπὸ
3675 3319 3810 3383 κοινῆς

2318 3411 2548 3480 γνώμης
2596 3411 2919 3466 ἀνεϐίϐασεν
2949 3415 3112 3468 αὐτὸν
3159 3415 3248 3470 διά
3276 3417 3379 3488 τὴν
3417 3421 3651 3489 ἐνάρετον
3689 3411 3810 3467 αὐτού

2319 3499 2596 3555 πολιτείαν
2623 3503 2716 3554 καὶ
2763 3505 2830 3555 τά
2857 3505 3021 3557 λοιπὰ
3066 3510 3418 3576 πνευματικά
3467 3508 3812 3579 προτερήματα.

2317 3594 2414 3646 καὶ
2439 3591 2885 3662 ἀποκατέστησεν
2919 3596 3010 3647 ἐπ)⁸
3034 3596 3127 3648 τὸν
3159 3597 3542 3668 μεγαλώτερον
3565 3600 3647 3648 καὶ
3667 3590 3813 3662 τιμιώ-

2316 3698 2474 3752 τερον
2528 3686 2920 3755 ἀρχιερατικδν
2970 3686 3182 3755 θρόνον,
3216 3691 3423 3745 τέλειον
3476 3686 3808 3758 μητροπολίτην

2319 3775 2532 3827 Κυέϐου
2573 3779 2667 3828 καὶ
2702 3778 2883 3846 πάσης
2921 3777 3172 3843 Ῥωσίας,
3206 3783 3352 3848 μετά
3383 3782 3626 3850 είδήσεως
3651 3776 3727 3830 καὶ
3747 3775 3812 3824 θε-

2319 3864 2529 3934 λήσεως
2561 3867 2656 3918 τοῦ
2686 3869 2982 3936 κρατίστου
3013 3871 3106 3922 καὶ
3142 3872 3296 3938 ἀγίου
3335 3890 3437 3938 μου
3465 3869 3815 3938 αὐτοκράτορος.

2319 3955 2415 4008 τοῦ
2452 3956 2720 4028 διαπύρου
2757 3961 3043 4030 προμάχου
3089 3962 3186 4030 τῆς
3234 3961 3676 4032 ἐκκλησιαπικῆς
3699 3957 3814 4008 εὐτα-

2324 4047 2440 4112 ξίας
2467 4050 2560 4102 καὶ
2626 4050 2804 4102 πάντα
2842 4052 2907 4103 τὰ
2947 4052 3084 4104 καλὰ
3127 4055 3290 4122 τιμᾷν
3324 4056 3416 4106 καὶ
3464 4052 3677 4120 ἀνυψοῦν
3706 4046 3813 4099 εὐδο-

2324 4137 2547 4200 κοῦντος
2596 4141 2689 4190 καὶ
2726 4139 3075 4208 βουλομένου,
3109 4142 3293 4204 καθὼς
3351 4144 3563 4212 μέλλεις
3589 4137 3815 4207 γνωρίσειν

2321 4230 2416 4282 καὶ
2445 4231 2552 4282 ἀπὸ
2584 4231 2690 4282 τῶν
2729 4233 2820 4284 ἐπὶ
2851 4233 3024 4302 τούτῳ
3065 4235 3450 4289 ἀπολυθέντων
3476 4235 3659 4302 ἐτέρων
3680 4242 3814 4296 γραμ·

2322 4320 2507 4388 μάτων
2533 4321 2632 4390 τῆς
2676 4323 2836 4390 ἡμῶν
2894 4326 3272 4395 μετριότητος.
3318 4326 3534 4394 Ἐπειδὴ
3577 4316 3812 4386 ἐδεξάμεθα

2323 4419 2415 4464 καὶ
2444 4412 2528 4464 διὰ
2556 4411 2652 4465 τοῦ
2704 4413 3125 4481 ¹θεοφιλεστάτου
3179 4419 3484 4471 ἐπισκόπου
3525 4415 3725 4485 Σαραῖου
3751 4407 3812 4460 au"

2322 4505 2427 4565 τὰς
2459 4505 2792 4566 συστατικὰς
2827 4506 2966 4575 ὐπέρ
3001 4507 3166 4560 αὐτοῦ
3198 4509 3506 4578 ἐγγράφους
3529 4506 3721 4574 γνώμας
3741 4496 3811 4549 τῶν

2330 4597 2517 4649 αὐτόθι
2558 4596 2758 4649 λοιπῶν
2797 4597 3232 4665 θεοφιλεστάτων
3283 4601 3610 4655 ἐπισκόπων.
3646 4590 3810 4660 ’Δρτίως

2325 4687 2419 4740 οὐν
2443 4690 2657 4759 ἔρχεται
2682 4689 2777 4740 σύν
2810 4689 2928 4758 Θεῴ
2957 4693 2984 4742 ό
3018 4693 3305 4761 ἱερώτατος
3331 4691 3702 4764 μητροπολίτης
3717 4685 3808 4736 Κινέ-

2325 4779 2422 4831 ϐου
2475 4783 2567 4834 καὶ
2614 4782 2793 4851 πάσης
2837 4783 3089 4848 Ἰδωσίας,
3144 4786 3250 4856 κῦρ
3296 4787 3548 4852 Ἀλέξιος,
3596 4774 3809 4849 ἀγαπητὸς

2324 4871 2468 4925 κατά
2509 4872 2711 4943 Κύριον
2745 4874 2974 4942 ἀδελφὸς
3005 4875 3101 4928 καὶ
3141 4876 3548 4948 συλλειτουργδς
3589 4877 3670 4940 τῆς
3700 4863 3807 4936 ἡμῶν

2328 4964 2698 5032 μετριότητος,
2722 4966 2802 5027 είς
2827 4967 2926 5034 τὴν
2955 4966 3222 5037 λαχοῦσαν
3248 4969 3411 5024 αὐτὸν
3431 4968 3663 5032 τοιαύτην
3689 4961 3806 5026 ἁγιω-

2322 5053 2493 5122 τάτην
2530 5055 2865 5124 μητρόπολιν
2891 5072 2902 5086 ·
2957 5057 3049 5110 διὰ
3079 5059 3238 5110 τοῦτο
3287 5063 3376 5111 καὶ
3430 5061 3682 5127 γράφομεν
3711 5049 3805 5116 1‘95c

2321 5144 2422 5213 τὴν
2459 5145 2763 5215 θεοφιλείαν
2817 5163 2932 5212 σου,
2967 5149 3053 5201 ἵνα
3100 5149 3408 5219 εὐφρανθῇς
3442 5150 3529 5202 καὶ
3561 5148 3618 5200 σὺ
3663 5143 3737 5195 ἐπὶ
3761 5137 3806 5202 τῇ

2321 5238 2599 5307 παρουσίᾳ
2631 5238 2819 5304 αὐτοῦ,
2848 5240 2942 5293 καὶ
2972 5242 3248 5312 άπονέμῃς
3284 5243 3383 5308 τὴν
3411 5238 3726 5308 ὀφειλομένην
3750 5246 3806 5278 τι·

2325 5327 2432 5396 μὴν
2459 5326 2558 5388 καὶΙ
2587 5327 2896 5380 εὐπείθειαν
2925 5329 3061 5397 πρὸς
3087 5329 3266 5390 αὐτὸν,
3299 5332 3379 5392 εἰς
3422 5329 3457 5383 ἀ
3483 5325 3642 5396 μέλλει
3671 5319 3806 5380 λέγειν

2321 5417 2396 5478 ὡς
2428 5418 2628 5487 ποιμὴν
2683 5421 2776 5472 καὶ
2823 5420 3141 5483 διδάσκαλος
3175 5421 3464 5490 ψυχωφελῆ
3495 5417 3578 5470 καὶ
3617 5410 3804 5474 σωτήρω

2326 5510 2421 5562 καὶ
2452 5511 2751 5563 συστατικὰ
2784 5511 2891 5564 τῶν
2922 5511 3080 5564 θείων
3126 5513 3220 5566 καὶ
3263 5512 3415 5578 ἱερῶν
3460 5505 3709 5575 δογμάτων
3734 5493 3803 5556 τῆς

2333 5601 2659 5669 Ἐκκλησίας
2689 5602 2825 5655 Θεοῦ
2849 5620 2862 5634 ·
2894 5601 3049 5657 τοῦτο
3078 5605 3184 5672 γάρ
3219 5607 3331 5656 ἐστι
3373 5603 3463 5655 καὶ
3490 5601 3564 5660 εἰς
3593 5595 3670 5646 τὸν
3707 5583 3802 5672 Θεὸν

2324 5693 2686 5746 εὐαπ-ύδεκτον
2719 5694 2813 5748 καὶ
2862 5697 2940 5756 εἰς
2974 5694 3068 5761 τὴν
3108 5695 3259 5762 ἡμῶν
3297 5691 3606 5759 μετριότητα
3631 5679 3705 5733 καὶ
3727 5669 3798 5735 τὴν
