4026 6264
274 311 406 380 1341

1108 324 1452 386 CALLISTI
1487 326 1582 385 ΕΤ
1621 324 2047 386 PHILOTHEI
2090 327 2200 388 ΟΡ.
2241 327 2705 397 PATRIARCH.

3408 321 3544 386 1342

274 430 426 484 θείαν
455 429 550 483 καὶ
614 430 771 501 ἱεράν
827 433 1046 488 σύνοδον
1100 437 1385 490 ἐπαινετόν
1409 453 1425 468 ο
1459 436 1616 490 τοῦτο
1669 438 1762 490 καὶ
1797 437 1847 490 οἱ
1875 452 1925 510 Α
1951 438 2013 492 τὸ
2035 441 2472 511 τοιουτοτρόπως
2497 443 2783 512 γινόμενον
2814 438 2948 510 παρ’
2969 437 3136 494 αὑτοῦ
3161 438 3379 499 πάντως
3412 437 3544 507 μέλ·

275 521 408 574 θεῖοι
434 522 526 574 καὶ
553 524 688 592 ἱεροὶ
721 528 947 588 κανόνες
979 527 1470 595 παρακελεύονται,
1508 529 1685 600 ῥητῶς
1713 528 1856 581 οὕτω

273 609 527 680 λέγοντες
549 631 562 646 ·
607 633 626 664 ι
663 616 804 680 Τοὺς
828 619 1168 680 ἐπισκόπους
1202 621 1404 685 παντὸς
1433 622 1620 684 ἔθνους
1658 624 1856 676 είδέναι

275 705 384 776 χρὴ
427 707 517 759 τὸν
552 709 763 760 ἐαυτῶν
812 711 1029 778 πρῶτον
1081 713 1175 765 καὶ
1230 715 1412 768 πᾶσαν
1443 716 1735 769 εὐλάϐειαν
1765 717 1858 769 καὶ

279 798 562 870 ὑποταγὴν
589 801 740 866 αὑτῷ
774 802 1091 872 ἀπονέμειν.
1123 823 1142 856 ι
1191 806 1344 859 Ἐπεὶ
1365 807 1422 860 δὲ
1451 807 1541 860 διὰ
1572 810 1672 879 τήν
1697 826 1860 861 πνευ-

281 893 518 962 ματικὴν
556 893 777 963 ἀγάπην
824 895 922 946 καλ⁸
959 880 1218 966 στοργήν,
1252 898 1318 967 ἢν
1357 896 1503 969 εἶχεν
1528 901 1556 952 ὁ
1594 899 1858 968 δηλωθεὶς

282 982 578 1051 ἱερώτατος
615 986 932 1055 ἀρχιερεὺς,
959 987 1066 1058 κῦρ
1099 989 1468 1057 Θεόγνωστος,
1502 991 1581 1053 είς
1615 991 1707 1044 τὸν
1731 991 1855 1043 ἐπί-

281 1089 486 1124 σκοπον
521 1074 734 1128 ἐκεῖνον
769 1115 785 1130 .
823 1117 839 1132 .
873 1117 889 1132 .
926 1117 940 1133 .
983 1119 997 1132 .
1034 1080 1236 1134 ἔδωκεν
1264 1082 1473 1134 ἐκεῖνον
1504 1082 1584 1142 είς
1616 1082 1674 1134 τὸ
1701 1081 1859 1149 φελό-

277 1182 390 1217 νιον
416 1166 604 1236 φέρειν
634 1171 903 1240 σταυροὺς
953 1173 1250 1242 τέσσαρας,
1298 1175 1392 1226 καὶ
1439 1174 1548 1228 ἀπὸ
1575 1174 1858 1244 ζητήσεως

283 1258 380 1311 καὶ
410 1261 815 1331 παρακλήσεως
844 1265 1021 1332 ίδικῆς
1050 1282 1146 1318 σου
1174 1267 1520 1336 ἐποιήσαμεν
1547 1269 1641 1320 καὶ
1671 1271 1702 1336 ή
1713 1270 1856 1336 μείς,

279 1349 406 1402 ὅσον
435 1353 776 1423 ἐποιήσαμεν
810 1356 892 1418 είς
945 1357 1026 1421 σὲ,
1063 1357 1320 1425 ὀφείλεις,
1361 1357 1450 1411 ἵνα
1473 1358 1856 1428 τεὺχαριστῇς,

282 1439 380 1491 καὶ
408 1439 560 1493 οὐδὲν
595 1442 932 1515 παρεξέλθῃς
973 1447 1081 1499 ἀπὸ
1110 1446 1325 1510 τούτου,
1356 1447 1494 1500 ἀλλὰ
1526 1448 1624 1500 καὶ
1655 1447 1852 1500 ἀποδι-

281 1529 387 1599 δῷς
420 1532 560 1600 πρὸς
623 1533 813 1588 τοῦτον
848 1537 913 1605 δὴ
960 1537 1052 1590 τὸν
1103 1538 1398 1608 ἱερώτατον
1452 1540 1860 1610 μητροπολίτην

284 1637 380 1676 σου
409 1626 508 1692 τήν
539 1623 606 1694 ἢν
649 1623 796 1693 έχεις
837 1630 981 1680 κατά
1012 1628 1174 1698 χρέος
1221 1629 1505 1700 ὑποταγήν
1529 1646 1544 1660 ⁸
1582 1631 1677 1686 ἐὰν
1728 1632 1858 1699 γοῦν

285 1709 458 1783 βλέπῃ
495 1716 588 1766 καὶ
636 1716 798 1778 αὐτὸς
829 1719 929 1787 τὴν
977 1720 1078 1790 σὴν
1124 1722 1554 1796 εὐγνωμοσύνην
1597 1742 1862 1794 χρεωστι-

1959 531 2044 583 λει
2075 531 2329 599 στέργειν
2365 533 2820 602 ὁμολογουμένως
2847 535 2940 587 καὶ
2965 533 2998 602 ἡ
3030 530 3324 600 μετριότης
3354 531 3536 599 ήμῶν,

1959 622 2053 672 καὶ
2081 621 2238 674 οὐδὲν
2268 623 2504 680 οὑδόλως
2544 623 2766 693 μέλλεις
2809 623 3066 692 εὑρήσειν
3104 622 3213 676 ἀπὸ
3240 621 3341 689 τῆς
3377 621 3536 690 ήμῶν

1963 715 2322 784 μετριότητος
2353 715 2453 784 τὴν
2495 717 2769 787 τυχοῦσαν
2803 715 3081 785 βοήθειαν,
3129 716 3227 768 ἐάν
3276 717 3403 776 ίσως
3435 731 3539 782 φα-

1959 808 2057 876 νῇς
2089 807 2326 875 ἀπειθὴς
2357 809 2454 860 καλ⁸
2502 808 2880 870 άνυπότακτος
2923 809 3004 871 είς
3030 809 3121 861 τὸν
3169 807 3536 878 διαληφθέντα

1963 899 2371 969 μητροπολίτην
2395 916 2511 953 σου.
2541 901 2816 970 Συντηροῦ
2841 900 3022 954 τοίνυν
3052 898 3354 971 είρηνεύων
3395 901 3537 953 κατὰ

1957 991 2019 1041 τὶ»
2055 990 2224 1054 εἰκὸς,
2263 993 2358 1044 καὶ
2410 993 2554 1045 ποίει
2585 991 2939 1061 ἀμεταθέτως
2973 991 3068 1045 καὶ
3120 993 3532 1060 ἀπαραιτήτως,

1960 1081 2144 1145 καθὼς
2173 1085 2465 1154 γράφομεν
2515 1084 2612 1137 καὶ
2671 1083 3118 1154 παρεγγυῶμεθα
3161 1087 3227 1155 τῇ
3261 1084 3538 1153 θεοφιλείᾳ

1963 1191 2058 1227 σου
2091 1175 2181 1227 διὰ
2233 1176 2331 1228 τοῦ
2359 1176 2631 1244 παρόντος
2670 1176 3022 1245 γράμματος,
3077 1177 3538 1243 ἀντιστραφὲντος

1960 1265 2030 1318 δι’
2060 1267 2383 1336 ἀσφαλείας.
2425 1269 2488 1320 'H
2523 1267 2683 1338 χάρις
2713 1266 2809 1319 τοῦ
2845 1267 2980 1320 Θεοῦ
3011 1267 3096 1336 εἴη
3131 1268 3269 1338 μετὰ
3288 1267 3387 1336 τῆς
3421 1267 3538 1321 θεο-

1962 1360 2144 1428 φιλίας
2181 1376 2298 1414 σου.

2047 1450 2316 1521 ’Δπελύθη
2348 1453 2413 1521 τῇ
2465 1451 2511 1522 β’
2538 1452 2634 1506 τοῦ
2687 1451 2822 1519 ςωξ¹
2860 1452 3120 1522 δευτέρου
3168 1450 3340 1513 έτους.
3385 1449 3541 1503 Ἐπεὶ

1960 1541 2020 1595 δέ
2046 1543 2273 1611 ἀνετέθη
2317 1545 2469 1614 παρά
2503 1546 2601 1615 τῆς
2647 1547 2804 1616 ήμῶν
2836 1545 3192 1614 μετριότητος
3221 1546 3249 1596 ὁ
3290 1542 3586 1616 θεοφιλέ“,.

1966 1651 2159 1697 στατος
2207 1637 2554 1706 κανστρίσιος
2603 1638 2706 1708 τῆς
2734 1637 2858 1691 καθ’
2905 1638 3054 1707 ἡμᾶς
3101 1637 3410 1702 ἁγιωτάτης
3443 1634 3542 1686 τοῦ

1965 1725 2101 1780 Θεοῦ
2134 1728 2398 1799 Μεγάλης
2436 1729 2769 1799 Ἐκκλησίας
2804 1729 2900 1783 καὶ
2935 1727 3276 1796 σκευοφύλαξ
3316 1726 3410 1779 τοῦ
3449 1727 3541 1778 εύ-

283 1802 397 1864 κῶς
423 1805 504 1866 εἰς
537 1806 702 1858 αὒτδν
739 1808 832 1860 καὶ
859 1809 1032 1880 καλὴν
1059 1811 1157 1881 καὶ
1187 1813 1358 1884 ὀρθὴν
1396 1813 1632 1881 εὔνοιαν,
1671 1817 1858 1887 μέλλει
1894 1819 1934 1874 Β
1963 1820 2133 1886 αγοῦς
2192 1819 2478 1889 βασιλικοῦ
2512 1822 2742 1890 κλήρου,
2796 1819 3086 1889 ἀγαπητὸς
3137 1818 3282 1872 κατά
3317 1817 3544 1887 Πνεῦμα
3561 1850 3580 1862 .-
3619 1807 3634 1814 ’

283 1894 554 1951 δεικνύειν
589 1901 864 1970 πατρικὴν
909 1903 1004 1958 καὶ
1050 1907 1404 1979 άγαπητικὴν
1453 1911 1746 1980 εὐμένειαν
1785 1913 1867 1976 είς

285 1987 382 2055 τὴν
421 1988 695 2056 θεοφιλίαν
726 2008 819 2074 σου
845 2008 860 2024 ο
887 1991 1036 2058 οἶδας
1063 1996 1140 2062 δὲ,
1172 1999 1257 2050 ὅτι
1288 1999 1381 2052 καὶ
1436 2002 1494 2054 αἱ
1527 2003 1742 2073 γραφαὶ
1765 2006 1866 2074 τῆς

286 2078 448 2146 ⁴ήμῶν
474 2073 851 2153 μετριότητος,
875 2086 1082 2150 αἵτινες
1104 2091 1565 2162 προαπελύθησαν
1585 2096 1666 2156 είς
1685 2073 1864 2159 τοῦτο,

287 2168 376 2222 διά
408 2169 591 2238 φιλίαν
638 2175 736 2243 τὴν
769 2177 909 2246 πρὸς
945 2179 1004 2230 σὲ
1058 2181 1328 2248 ἐγένοντο,
1387 2184 1527 2254 πλὴν
1570 2185 1743 2248 οὕτως
1778 2187 1866 2240 ἵνα

287 2259 443 2312 οὐδὲν
475 2260 762 2334 θαῤῥήσῃς
787 2269 869 2329 είς
895 2267 1053 2322 τοῦτο
1078 2270 1174 2323 καὶ
1197 2271 1446 2344 εἰσέλθῃς
1481 2276 1560 2336 είς
1592 2277 1866 2344 πρόφασίν

283 2366 407 2404 τινα
448 2355 725 2422 ἐντεῦθεν,
759 2361 850 2411 καὶ
882 2362 1116 2431 ποιήσῃς
1162 2364 1352 2417 τίποτε
1395 2368 1865 2437 περιφρονητικὺν

282 2445 366 2504 είς
402 2445 494 2495 τὸν
547 2449 956 2519 μητροπολίτην
1007 2469 1126 2518 σου,
1165 2455 1302 2508 άλλά
1338 2455 1424 2509 ἵνα
1470 2460 1710 2531 στέργῃς
1765 2459 1865 2529 μὶν

281 2535 380 2586 καὶ
414 2537 495 2599 είς
545 2539 721 2592 ἐκεῖνο
753 2541 1128 2610 ἀμεταθέτως,
1180 2546 1444 2617 άπιδιδῷς
1491 2548 1550 2602 δέ
1594 2551 1863 2620 καὶπρὸς

278 2628 377 2680 τὸν
427 2629 672 2684 τοιοῦτον
723 2633 1017 2701 ἱερώτατον
1060 2639 1462 2710 μετροπολίτην
1518 2640 1733 2694 Κυέόου
1769 2643 1866 2694 καὶ⁹

279 2719 470 2787 πάσης
514 2721 748 2786 Ῥωσίας
776 2724 874 2794 τὴν
903 2730 1379 2800 χρεωστουμένην,
1402 2732 1478 2793 ὡς
1503 2732 1746 2802 εἴρηται,
1779 2733 1867 2784 εὑ-

282 2811 540 2866 πείθειαν
564 2813 660 2867 καὶ
691 2815 974 2888 ὑποταγὴν
1009 2820 1104 2871 καὶ⁵
1130 2819 1319 2888 τιμὴν,
1346 2822 1529 2883 καθώς
1559 2839 1618 2874 τε
1648 2823 1700 2875 οί
1728 2823 1864 2877 θεῖοι

282 2905 380 2959 καὶ
415 2904 553 2976 ἱεροὶ
585 2911 809 2972 κανόνες
837 2902 1337 2980 παρακελεύονται,
1368 2914 1466 2967 καὶ
1512 2913 1694 2978 καθὼς
1725 2916 1864 2968 ἀπε-

288 2995 468 3052 δίδουν
500 2999 672 3069 αὑτὴν
716 3003 811 3053 καὶ
859 3004 906 3055 οί
959 3004 1230 3074 πρότερον
1275 3006 1572 3060 ἐπίσκοποι
1622 3009 1704 3071 είς
1735 3010 1862 3074 τοὺς

283 3095 482 3163 πρώην
539 3093 944 3163 μητροπολίτας
1000 3096 1201 3151 αὐτῶν.
1225 3098 1351 3150 Ἐὰν
1384 3099 1441 3152 δέ
1493 3101 1625 3164 ἴσως
1666 3102 1746 3154 ενι
1777 3118 1860 3166 τις

283 3183 445 3253 λόγος
479 3187 640 3257 χάριν
673 3185 955 3256 τοῦηὸπερ
985 3189 1323 3258 ἐποιήσαμεν
1365 3194 1445 3254 είς
1492 3192 1549 3244 σέ
1593 3193 1682 3247 διὰ
1733 3193 1860 3256 τοὺς

286 3279 582 3342 σταυροὺς,
614 3278 690 3340 ὡς
718 3278 1036 3346 δεδήλωται,
1063 3281 1194 3349 περὶ
1221 3280 1422 3350 ταύτης
1452 3283 1549 3335 καὶ
1573 3283 1737 3351 μόνης
1759 3284 1860 3353 τῆς

288 3368 604 3430 ὑποθέσεως
649 3371 928 3444 ἀναφέρῃς
956 3375 1039 3436 είς
1063 3376 1163 3443 τήν
1195 3373 1354 3444 ήμῶν
1403 3376 1755 3445 μετριότητα,
1784 3378 1861 3438 ὡς

288 3458 356 3512 ἂν
394 3458 770 3532 διαπράξηται
789 3463 953 3531 αὕτη,
983 3465 1107 3517 ὅσον
1147 3465 1219 3519 ἃν
1263 3467 1534 3537 διακρίνοι
1577 3470 1706 3539 περὶ
1732 3469 1862 3521 τού-

286 3569 383 3607 του
406 3569 422 3585 '
452 3555 594 3623 πλὴν
620 3557 698 3618 εἰς
729 3557 888 3610 τοῦτο
919 3559 1014 3610 καὶ
1046 3559 1208 3628 μόνον
1233 3560 1294 3612 τὸ
1320 3561 1620 3630 κεφάλαιον
1647 3562 1864 3630 δίδομεν

285 3645 468 3709 τοῦτο,
500 3650 582 3710 είς
612 3647 668 3700 δέ
693 3651 876 3702 πᾶσαν
904 3649 1072 3721 ἄλλην
1098 3650 1378 3716 ὑπόθεσιν,
1409 3652 1520 3704 εῐτε
1545 3652 1678 3721 δῆτα
1697 3668 1864 3722 προσ-

288 3737 538 3791 καλεῖται
565 3739 624 3790 σὲ
654 3741 735 3802 είς
767 3741 958 3793 ἐαυτὸν
986 3743 1015 3794 ό
1049 3740 1452 3810 μητροπολίτης
1475 3759 1593 3808 σου,
1621 3744 1730 3794 είτε
1783 3745 1864 3804 είς

290 3828 422 3881 ἄλλο
451 3846 527 3892 τι,
581 3829 666 3882 ἴνα
711 3831 1003 3884 ὑπόκεισαι
1043 3835 1127 3893 είς
1165 3833 1266 3901 τὴν
1297 3823 1576 3903 ὑποταγὴν
1611 3833 1707 3886 καὶ
1751 3832 1866 3885 διά-

289 3940 477 3992 κρισιν
507 3924 696 3986 αὐτοῦ,
733 3926 828 3978 καὶ
857 3927 911 3978 ετ
937 3943 988 3978 τι
1016 3927 1072 3978 δὲ
1096 3928 1280 3997 συμὸῇ
1317 3927 1540 3995 μεταξὺ,
1570 3927 1868 3992 ἐξετάσεως

289 4017 389 4067 καὶ
415 4015 652 4086 κρίσεως
680 4015 958 4084 δεόμενον,
989 4017 1076 4069 ἵνα
1122 4017 1254 4086 παρ’
1285 4017 1452 4069 αὑτοῦ
1491 4017 1555 4086 δὴ
1587 4017 1679 4069 τοῦ
1708 4019 1868 4086 ίερω-

289 4108 454 4159 τάτου
515 4109 914 4177 μητροπολίτου
972 4110 1184 4163 Κυέὸου
1244 4111 1338 4162 καὶ
1391 4111 1576 4179 πάσης
1634 4109 1868 4171 Ῥωσίας

289 4199 521 4269 δέχησαι
548 4199 647 4270 τὴν
674 4201 858 4270 κρίσιν
885 4203 979 4254 καὶ
1011 4201 1111 4272 τὴν
1141 4201 1412 4267 ἐξέτασιν,
1449 4205 1506 4255 ἐν
1557 4205 1748 4273 μηδενὶ
1774 4207 1869 4256 ἀν·

289 4293 522 4358 τιλέγων
573 4294 710 4362 μηδέ
795 4294 1061 4358 ἀπειθῶν,
1115 4296 1257 4348 κατά
1309 4295 1411 4365 τὴν
1463 4295 1871 4365 ἐπικρατοῦσαν

290 4383 501 4438 ἀνωθεν
553 4388 610 4438 ἐν
644 4389 758 4448 τοῖς
802 4386 1070 4450 τοιούτοις
1102 4388 1569 4458 ἐκκλησιαστικὴν
1618 4387 1871 4452 εὐταξίαν

1969 1911 2086 1974 υίὸς
2135 1911 2238 1980 τῆς
2270 1913 2431 1982 ἡμῶν
2462 1913 2840 1984 μετριότητος,
2878 1911 2986 1982 κῦρ
3035 1912 3312 1981 Γεώργιος
3339 1912 3366 1963 ὁ
3401 1910 3545 1979 Περο

1965 2002 2144 2071 δίκης,
2173 2003 2270 2057 καὶ
2303 2004 2531 2074 ἔξαρχος
2578 2004 2674 2059 καὶ
2705 2004 2900 2071 δικαίῳ
2933 2003 3034 2073 τῆς
3062 2003 3221 2074 ήμῶν
3252 2002 3544 2071 μετριότη-

1966 2110 2081 2158 τος,
2117 2095 2205 2148 ἵνα
2237 2099 2378 2149 κατά
2400 2098 2529 2159 τοὺς
2552 2097 3046 2166 ἐκκλησιαστικοὺς
3067 2095 3300 2162 θεσμοὺς
3334 2095 3541 2164 ποιήσῃ

1967 2179 2069 2248 τὴν
2100 2181 2487 2251 ἐγκαθίδρυσιν
2514 2183 2612 2236 τοῦ
2659 2185 2957 2254 ίερωτάτου
2988 2185 3293 2254 ἀρχιερέως
3331 2183 3544 2236 Κυέϐου

1967 2271 2064 2323 καὶ¹
2092 2272 2278 2341 πάσης
2331 2274 2590 2337 Ῥωσίας,
2650 2275 2757 2346 κῦρ
2800 2274 3062 2339 Ἀλεξίου,
3120 2274 3302 2327 ὅντινα
3336 2277 3428 2341 καὶ
3467 2274 3545 2336 ὡς

1967 2365 2162 2435 κριτήν
2199 2365 2506 2434 στέργουσα
2550 2367 2759 2434 πέμπει
2793 2368 2826 2437 ή
2878 2367 3170 2436 μετριότης
3207 2364 3386 2432 ἡμῶν,
3432 2383 3541 2418 πα·

1969 2455 2312 2525 ραδηλοῦμεν
2365 2457 2477 2511 ἰδοὺ
2515 2461 2581 2530 τῇ
2618 2457 2900 2528 θεοφιλείᾳ
2926 2475 3043 2520 σου,
3096 2458 3182 2511 ἵνα
3216 2457 3544 2526 ὑποδέξηται

1967 2543 2160 2598 τοῦτον
2190 2547 2330 2614 μετά
2380 2545 2481 2615 τῆς
2520 2547 2907 2617 προσηκούσης
2944 2549 3110 2616 τιμῆς
3149 2551 3242 2602 καὶ
3279 2549 3500 2617 ἀγάπης
3528 2564 3543 2579 '

1969 2637 2003 2704 ή
2044 2636 2152 2704 γὰρ
2179 2635 2315 2705 πρὸς
2373 2637 2539 2690 αὑτὸν
2579 2638 2711 2709 τιμὴ
2745 2639 2826 2700 εἰς
2875 2637 2975 2706 τὴν
3020 2638 3176 2707 ήμῶν
3213 2640 3545 2708 μετριότητα

1968 2725 2257 2792 διαϐαίνει,
2287 2729 2382 2780 καὶ
2409 2725 2523 2796 ἔχει
2553 2727 2652 2797 τὴν
2679 2729 2980 2798 ἀναφορὰν,
3014 2731 3108 2781 καὶ
3143 2728 3359 2797 μέλλεις
3388 2731 3547 2798 ποιή-

1972 2835 2090 2870 σειν
2127 2817 2226 2870 καὶ
2281 2821 2364 2882 είς
2417 2817 2578 2872 τοῦτο
2608 2820 2846 2890 πρᾶγμα
2893 2819 2976 2884 είς
3015 2818 3219 2889 πολλὴν
3274 2819 3546 2888 ἀποδοχὴν

1967 2909 2066 2977 τῆς
2105 2909 2138 2978 ή
2146 2909 2265 2977 μῶν
2296 2911 2673 2980 μετριότητος.

2040 3000 2080 3071 -ι-
2114 2998 2257 3069 Εἶχε
2308 3003 2379 3056 τό
2403 3017 2418 3033 ⁸
2455 3003 2614 3069 Μηνὶ
2654 3003 2889 3070 Ἰουλίῳ
2923 3002 3038 3057 ινδ.
3073 3001 3142 3066 ζ’,
3180 3001 3279 3057 διὰ
3307 3000 3418 3071 τῆς
3448 3000 3545 3055 δε-

1968 3093 2266 3161 σποτικῆς
2301 3095 2401 3148 καὶ
2437 3096 2634 3164 τιμίας
2663 3094 3102 3163 πατριαρχικῆς
3127 3093 3348 3163 χειρός.

1963 3227 2154 3284 XXIII.
2195 3229 2518 3286 Patriarcha
2559 3239 2734 3285 monet
2776 3231 3075 3300 episcOpum
3111 3229 3460 3295 Novogradii,
3484 3235 3544 3283 ut

2035 3302 2318 3371 quemdam
2337 3301 2704 3355 Theodoritum
2727 3302 3241 3356 excommunicalum
3256 3301 3469 3355 habeat.

2313 3434 2406 3494 Είς
2454 3432 2548 3485 τδν
2589 3433 2756 3488 αὑτὸν
2791 3433 3185 3503 Νοϐογραδίου.

2039 3546 2080 3617 -ξ-
2114 3547 2250 3601 Ἀπὸ
2276 3548 2377 3616 τῆς
2413 3546 2762 3617 περιλήψεως
2796 3548 2894 3601 τοῦ
2947 3547 3317 3610 ἀπολυθέντος
3354 3547 3544 3615 ἐτέρου

1967 3641 2294 3710 γράμματος
2327 3642 2426 3708 τῆς
2481 3639 2639 3710 ήμῶν
2693 3640 3047 3708 μετριότητος
3092 3641 3176 3702 εις
3215 3640 3276 3692 σὲ
3329 3641 3546 3708 μέλλεις

1966 3732 2279 3800 γνωρίσειν,
2312 3732 2412 3785 ὅσα
2463 3730 2669 3802 ἔγραψε
2703 3732 2800 3785 καὶ
2855 3731 3208 3801 παρεδήλωσέ
3261 3747 3343 3784 σοι
3381 3734 3414 3801 ή
3450 3749 3548 3800 με-

1967 3825 2191 3892 τριότης
2241 3824 2398 3894 ήμῶν
2455 3823 2584 3893 περὶ
2641 3821 2736 3875 τοῦ
2791 3823 3086 3892 ίερωτάτου
3131 3821 3546 3892 ,μητροπολίτου

1969 3918 2184 3970 Κυέῦου
2218 3918 2311 3969 καὶ
2341 3917 2525 3985 πάσης
2565 3914 2820 3978 Ῥωσίας,
2861 3915 3032 3980 κυροῦ
3080 3914 3342 3980 Ἀλεξίου,
3381 3918 3551 3984 ὑπερ-

1969 4012 2131 4078 τίμου
2162 4011 2254 4062 καὶ
2286 4006 2574 4078 ἀγαπητοῦ
2616 4007 2754 4060 κατά
2799 4006 3004 4076 Κύριον
3029 4006 3262 4074 ἀδελφοῦ
3294 4007 3388 4059 καὶ
3420 4007 3549 4058 συλ-

1971 4103 2292 4172 λειτουργοῦ
2322 4104 2420 4169 τῆς
2443 4101 2603 4171 ήμῶν
2631 4102 3009 4170 μετριότητος,
3035 4100 3121 4152 ἵνα
3149 4100 3393 4167 δηλονότι
3421 4099 3549 4170 ἔχῃς

1974 4198 2054 4257 εἰς
2086 4195 2249 4248 αὑτὸν
2274 4193 2374 4262 τὴν
2393 4192 2756 4261 ὀφειλομένην
2779 4190 3060 4259 ὑποταγὴν
3088 4192 3185 4243 καὶ
3211 4189 3551 4253 εὐπείθειαν,

1973 4289 2048 4349 ὡς
2089 4285 2498 4355 μητροπολίτην
2523 4301 2638 4347 σου,
2676 4284 2858 4344 καθὼς
2887 4285 2937 4335 οί
2974 4282 3106 4334 θεῖοι
3141 4282 3235 4334 καὶ
3291 4283 3427 4351 ἱεροὶ
3459 4299 3554 4335 κα-

1974 4379 2128 4441 νόνες
2166 4373 2642 4446 παρακελεύονται
2668 4390 2684 4406 ο
2715 4372 2855 4427 ἀλλά
2905 4373 3004 4426 καὶ
3031 4371 3125 4424 νῦν
3165 4372 3234 4423 τά
3272 4372 3414 4424 αὑτά
3449 4389 3556 4424 πα-

292 4477 388 4528 καὶ
422 4478 564 4530 κατὰ
590 4479 692 4548 τὴν
723 4480 831 4531 τῶν
859 4481 1040 4532 αὑτῶν
1070 4481 1232 4534 θείων
1267 4481 1507 4534 κανόνων
1538 4481 1864 4548 παράδοσιν,
1895 4477 1950 4537 D
1977 4470 2277 4541 ρεγγυᾶται
2305 4471 2371 4537 τῇ
2406 4466 2658 4537 θεοφιλίᾳ
2720 4481 2818 4517 σου
2847 4466 2880 4532 ὴ
2916 4464 3213 4534 μετριότης
3245 4463 3426 4532 ﬁmi»).
3463 4463 3555 4514 καὶ

294 4569 417 4620 ἐπεὶ
449 4567 505 4626 δὲ
531 4569 625 4621 καὶ
669 4568 829 4622 τοῦτο
855 4571 1323 4640 παρακελεύονται
1351 4573 1401 4624 οί
1443 4573 1580 4640 ἱεροὶ
1624 4573 1870 4635 κανόνες,

297 4660 462 4725 ὥστε,
497 4661 698 4714 ὁπόταν
736 4677 818 4713 σοι
846 4661 1072 4732 γένηται
1123 4663 1398 4730 ἀναγκαία
1440 4661 1599 4733 χρεία
1640 4664 1873 4731 γράφειν

298 4758 393 4808 καὶ
425 4753 720 4822 ἀναφέρειν
773 4755 852 4815 είς
897 4754 998 4822 τὴν
1032 4755 1190 4822 ήμῶν
1243 4755 1597 4826 μετριότητα,
1653 4754 1874 4824 πρῶτον

300 4843 390 4896 ἵνα
435 4843 593 4912 διδῷς
646 4845 853 4914 εῐδησιν
903 4847 985 4908 είς
1019 4846 1110 4897 τὸν
1164 4845 1575 4914 μητροπολίτην
1610 4861 1730 4908 σου,
1782 4847 1879 4898 καὶ⁵

303 4937 730 5006 μετὰοείδήσεως
756 4938 949 4990 τούτου
972 4938 1070 4990 καὶ
1103 4937 1299 5007 βουλῆς
1329 4937 1550 5007 γράφῃς
1582 4935 1744 4989 τοῦτο
1766 4939 1863 4989 καὶ

303 5027 622 5098 ἀναφέρῃς·
674 5027 984 5090 ἀκολούθως
1032 5029 1337 5099 στέργουσα
1392 5029 1462 5080 τὰ
1511 5028 1650 5096 ’περὶ
1684 5025 1879 5080 τούτου

305 5120 400 5171 καὶ
433 5120 466 5186 ή
501 5119 792 5188 μετριότης
823 5119 979 5188 ήμῶν
1002 5119 1147 5173 κατά
1174 5119 1272 5188 τὴν
1304 5117 1546 5182 διάταξιν
1577 5118 1688 5170 τῶν
1720 5118 1884 5169 κανό-

307 5227 412 5263 νων
441 5210 902 5280 παρακελεύεται,
930 5211 1019 5264 ῐνα
1049 5212 1217 5280 μηδὲν
1243 5213 1471 5281 γένηται
1495 5209 1687 5263 τούτου
1719 5209 1884 5262 ἕνεκα

309 5303 462 5370 παρά
503 5304 604 5371 τὴν
651 5304 825 5370 αὑτὴν
865 5302 1114 5372 γνώμην,
1158 5303 1297 5356 άλλά
1344 5303 1638 5373 ἐνεργῆται
1688 5302 1883 5364 οὑτως,

312 5393 446 5448 διότι
487 5395 583 5446 ἐάν
629 5392 782 5446 οὑδέν
813 5395 1155 5465 ἀποπληροῖς
1199 5395 1280 5456 είς
1335 5394 1426 5446 τὸν
1479 5392 1888 5462 μητροπολίτην

226 5491 234 5498 “
317 5498 410 5535 σου
442 5485 586 5537 κατὰ
616 5486 742 5548 τοὺς
785 5486 986 5549 αὐτοὺς
1017 5487 1195 5551 θείους
1244 5489 1478 5546 κανόνας
1518 5485 1617 5555 τήν
1653 5486 1890 5555 ἀνήκου-

323 5589 420 5626 σαν
449 5577 730 5645 ὑποταγὴν
781 5577 1152 5648 χρεωστικῶς,
1185 5579 1442 5646 γίνωσκε,
1474 5579 1560 5630 ὅτι
1608 5577 1891 5629 ἀνατεθει-

1975 4559 2249 4630 ἀγωνίζου
2275 4559 2371 4613 καὶ
2399 4557 2685 4626 ἐπιμελοῦ,
2719 4557 2810 4608 ἵνα
2843 4556 3185 4624 ἀποπληροίς
3214 4553 3386 4616 οὕτως
3421 4555 3558 4622 ἀμε-

1975 4652 2238 4714 ταθέτως.
2289 4649 2534 4703 Γνωστὸν
2562 4649 2620 4701 δὲ
2666 4647 2808 4700 ἔστω
2839 4649 2904 4714 τῇ
2939 4646 3190 4714 θεοτριλίᾳ
3223 4662 3343 4709 σου,
3417 4645 3500 4698 ὅτι
3532 4646 3562 4697 ό

1977 4745 2326 4813 Θεοδῶρητος
2351 4741 2456 4810 πρὸ
2481 4741 2576 4793 δύο
2605 4738 2814 4809 χρόνων
2836 4733 3000 4809 ἦλθεν
3024 4735 3284 4798 ἐνταῦθα,
3310 4735 3394 4787 ἔτι
3425 4734 3564 4797 ζῶν-

1979 4851 2071 4896 τος
2097 4833 2191 4886 τοῦ
2227 4835 2531 4902 ἰερωτάτου
2562 4831 2870 4900 ἀρχιερέως
2901 4827 3004 4898 κῦρ
3034 4828 3386 4891 Θεογνώστου
3422 4825 3566 4877 ἐκεί-

1981 4944 2094 4992 νου,
2137 4927 2232 4980 καὶ
2256 4925 2524 4995 ἐζήτησεν
2592 4925 2680 4977 ἵνα
2712 4925 2938 4993 γένηται
2979 4919 3391 4989 μητροπολίτης
3431 4917 3564 4970 Ῥω-

1985 5019 2130 5079 σίαςο
2168 5016 2329 5085 ἡμεῖς
2357 5015 2435 5079 δὲ,
2471 5011 2718 5082 ἀκριϐῶς
2745 5012 3110 5075 ἐξετάσαντες
3147 5009 3244 5062 καὶ
3286 5008 3565 5077 εὑρόντες,

1983 5112 2066 5163 ὅτι
2105 5111 2134 5162 ό
2180 5108 2613 5178 μητροπολίτης,
2659 5103 2765 5175 κῦρ
2811 5106 3176 5170 Θεόγνωστος,
3209 5104 3398 5172 ἀκμήν
3439 5100 3561 5168 ἔζη,

1987 5204 2138 5257 οὐδὲν
2200 5200 2622 5272 παρεδεξάμεθα
2648 5198 2859 5266 τοῦτον,
2899 5201 2981 5253 ὅτι
3002 5199 3156 5261 ἐκτὸς
3181 5197 3280 5264 τῆς
3304 5192 3572 5262 θεσμοθε-

1992 5295 2112 5358 σίας
2145 5293 2255 5346 τῶν
2285 5293 2447 5346 θείων
2477 5294 2570 5346 καὶ
2593 5291 2755 5361 ἱερῶν
2783 5292 3023 5345 κανόνων
3058 5286 3376 5360 ἐζήτει,’διὰ
3410 5282 3574 5334 τοῦτο

1993 5389 2090 5442 καὶ
2128 5387 2390 5456 ἐλέγομεν
2417 5387 2554 5456 πρὸς
2585 5387 2818 5448 ἐκεῖνον,
2839 5385 2915 5446 ὡς
2942 5386 3010 5437 ἂν
3036 5379 3452 5450 προσκαρτερῇ,
3478 5375 3574 5427 καὶ

1992 5478 2302 5548 πέμψωμεν
2329 5479 2493 5546 ἡμεῖς
2544 5479 2641 5529 καὶ
2690 5477 2955 5547 μάθωμεν
2988 5473 3088 5544 τὴν
3143 5469 3405 5539 ἀλήθειαν
3441 5464 3574 5532 περὶ

1991 5572 2085 5626 τοῦ
2129 5570 2530 5641 μητροπολίτου
2558 5570 2794 5633 ἐκείνου,
2830 5569 2924 5620 καὶ
2951 5566 3098 5628 τότε,
3135 5563 3188 5615 εῐ
3208 5579 3262 5612 τι
3302 5559 3448 5627 φανῇ
3477 5571 3576 5609 κα-

326 5667 487 5734 μένος
530 5668 608 5721 ἔνι
636 5663 789 5734 οὗτος
820 5672 972 5740 παρὰ
1001 5673 1100 5741 τῆς
1133 5669 1291 5740 ἡμῶν
1327 5669 1682 5740 μετριότητος
1719 5669 1896 5737 πράτ-
1995 5665 2107 5729 λὶν,
2135 5665 2223 5716 ἵνα
2253 5664 2597 5732 ποιήσωμεν.
2643 5661 2884 5720 Ἐκεῖνος
2926 5657 2983 5758 δὲ
3015 5656 3237 5724 ἐγένετο
3268 5650 3456 5758 ὶφυγάς
3494 5650 3575 5709 εἰς

291 5789 294 5791 λ
325 5775 438 5823 τειν
466 5761 545 5829 εἰς
573 5761 633 5821 σὲ
660 5764 766 5817 πᾶν
796 5765 932 5838 ὅπερ
955 5762 1066 5834 ἔχει
1103 5763 1191 5816 ἐπ’
1217 5763 1400 5826 ἀδείας
1455 5760 1778 5826 κανονικῶς,
1800 5760 1896 5815 καὶ
1997 5758 2088 5812 τὸν
2127 5754 2422 5828 Τόρνοὼν,
2450 5754 2544 5806 καὶ
2581 5753 2805 5822 ἐποίησε
2841 5749 3076 5862 πρᾶγμα
3116 5745 3585 5818 παραλογώτατον
