4094 6272
363 346 496 406 1343

1210 358 1547 420 CALLIS'I‘I
1582 361 1673 421 ET
1707 365 2129 427 PHILO'I'HEI
2167 370 2274 431 CP.
2320 372 2779 435 PATRIARCII.

3450 375 3585 441 1316

359 461 498 559 τάτη
536 462 826 559 ἓπισκοπὴλ.
855 463 1255 538 Βλαντιμήρου,
1294 474 1351 524 ὲν
1452 476 1763 540 ἀκωλύτως,
1792 481 1926 546 ὀπηο
1955 483 1995 535 Α
2024 484 2422 553 ἐναντιότητος,
2458 485 2535 547 ὡς
2596 488 2671 555 μὴ
2724 486 2953 556 ὤφελεν,
3006 489 3431 559 ἐπικρατούσης,
3463 496 3583 547 έπιν

357 551 482 603 νίκα
536 551 743 619 δεήσει,
802 556 1086 626 ἐνεργήσει
1136 563 1163 612 6
1221 566 1619 635 μητροπολίτης
1687 570 1915 631 Ῥωσίας

358 645 665 712 σφραγῖδάς
716 663 775 698 τε
826 648 1187 715 ἀναγνωστῶν
1250 657 1344 706 καὶ
1404 656 1771 711 ὑποδιακόνων
1823 661 1918 713 καὶ

354 734 618 789 διακόνιον
652 738 1064 807 προϐεϐασμοὺς
1092 743 1185 794 καὶ
1226 749 1560 815 χειροτονίας
1602 749 1791 817 ἱερέων
1820 753 1917 805 καὶ

356 826 425 876 τά
457 824 615 886 ἀλλα,
648 828 749 880 ὅσα
775 833 1077 894 κανονικῶς
1105 836 1316 900 ἐφεῖται
1347 838 1439 889 καὶ
1470 838 1547 907 τῷ
1582 843 1788 910 γνησίῳ
1816 845 1915 913 ἀρ-

354 918 548 983 χιερεῖ,
588 916 719 969 ἄνευ
774 920 876 988 τῆς
925 923 1018 976 τοῦ
1054 925 1199 990 ἱεροῦ
1250 927 1540 995 συνθρόνου
1591 932 1915 1003 ἐγκαθιδρύ-

356 1018 514 1069 σεως,
566 1008 703 1061 ἀλλά
742 1012 835 1062 καὶ
874 1008 1037 1081 εἴπερ
1086 1014 1310 1086 βοηθείᾳ
1341 1017 1479 1070 Θεοῦ
1531 1022 1817 1076 ἐπανέλθοι
1852 1025 1912 1077 τὸ

361 1097 569 1150 Κύεϐον
614 1101 694 1161 είς
722 1101 819 1169 τὴν
865 1103 1099 1171 ἀρχαίαν
1133 1107 1480 1176 εὐδαιμονίαν
1508 1127 1567 1163 τε
1618 1115 1712 1168 καὶ
1741 1120 1909 1169 κατά⁶

355 1204 567 1252 στασιν,
619 1191 831 1263 ὲξωσθῇ
879 1195 935 1248 δὲ
967 1197 1062 1250 καὶ
1103 1197 1132 1249 6
1165 1199 1511 1268 καθαιρεθεὶς
1544 1204 1909 1275 Θεοδώρητος,

353 1280 492 1332 ὥστε
522 1278 661 1334 εἶναι
689 1283 910 1337 δυνατὸν
938 1285 1085 1355 ἔχειν
1118 1289 1241 1341 τινά
1267 1292 1325 1342 ιν
1356 1292 1504 1361 αὐτῷ
1536 1293 1629 1346 τὸν
1648 1289 1913 1365 ἀρχιερέα

349 1370 682 1433 ἀνάπαυσιν,
709 1374 831 1427 οὐδὲ
856 1376 1028 1439 οὕτως
1054 1378 1495 1451 ὲκσπασθήσεται
1526 1391 1584 1437 τὸ
1610 1386 1912 1457 Βλαντίμη-

352 1477 443 1527 ρον
485 1462 578 1514 τοῦ
618 1465 692 1533 μὴ
724 1458 1010 1537 προσεῖναι
1050 1471 1125 1533 ῶς
1154 1472 1354 1526 οίκεῖον
1394 1476 1635 1544 κάθισμα
1664 1481 1773 1539 τοῖς
1804 1496 1910 1549 μη-

348 1554 696 1620 τροπολίταις
723 1557 822 1626 τῆς
850 1558 1110 1625 Ῥωσίας,
1144 1563 1260 1616 ἀλλ’
1292 1564 1442 1617 ἔσται
1489 1567 1609 1633 μὲν,
1640 1568 1715 1630 ὡς
1752 1570 1907 1639 δεδήε-

348 1645 537 1703 λωται.
593 1647 655 1698 τὸ
722 1647 933 1700 Κύεϐον
988 1648 1177 1718 θρόνος
1238 1655 1333 1705 καὶ
1395 1656 1610 1723 πρῶτον
1664 1658 1909 1727 κάθισμα

346 1732 459 1786 τοῦ.
539 1777 555 1791 .
632 1773 647 1789 .
725 1775 742 1790 .
819 1776 834 1790 .
911 1776 926 1792 .
1008 1779 1021 1794 .
1103 1780 1116 1793 .
1191 1740 1344 1796 Finis
1372 1746 1533 1799 deest.

348 1887 512 1946 XXV.
553 1889 815 1975 Episcopi,
853 1895 969 1975 qui”
983 1896 1343 1975 patriurehayu
1375 1902 1543 1975 sequi_
1576 1917 1681 1956 non
1724 1913 1907 1975 potue-

628 1974 749 2015 rant
774 2001 789 2025 ,
836 1961 1149 2031 Conﬁrmant
1186 1961 1466 2027 decisionek
1493 1970 1625 2038 ejus.

420 2101 461 2169 1-
496 2100 646 2153 Ἐπεὶ
675 2103 1067 2171 παραχωρήσει
1098 2102 1234 2158 Θεοῦ
1263 2104 1353 2157 διὰ
1379 2106 1587 2175 πλῆθος
1614 2110 1903 2180 ἁμαρτιῶν

350 2192 575 2257 συνέϐη,
609 2192 732 2261 ήτις
761 2193 823 2261 δὴ
867 2195 962 2245 καὶ
997 2195 1218 2264 συνέϐη,
1246 2196 1529 2261 διάστασις
1567 2201 1772 2270 μεταξὺ
1798 2202 1906 2256 τῶν

351 2283 630 2351 κραταιῶν
656 2283 751 2334 καὶ
780 2283 950 2351 ἀγίων
988 2286 1145 2353 ήμῶν
1170 2286 1444 2342 αὐθεντῶν
1487 2290 1582 2343 καὶ
1617 2291 1904 2359 βασιλέων,

350 2374 641 2427 κάντεῦθεν
681 2375 780 2444 τῆς
810 2376 1079 2445 τοσαύτης
1110 2378 1437 2447 δυσχερείας
1481 2381 1574 2433 καὶ
1597 2383 1906 2452 ἐναντιότη-

348 2484 437 2529 τος
458 2466 792 2534 ἐπελθούσης
817 2467 1199 2535 ὲπισυμσαίνει
1226 2472 1321 2522 καὶ
1348 2470 1536 2534 κοινὸς
1558 2471 1779 2541 ὄλεθρος
1808 2474 1903 2526 καὶ

348 2559 615 2626 παντελὴς
654 2558 828 2629 φθορά
853 2560 963 2611 τῶν
995 2559 1359 2628 Χριστιανῶν,
1380 2565 1411 2615 6
1438 2563 1494 2615 δέ
1521 2580 1583 2630 γε
1622 2565 1904 2631 παναγιὼ-

346 2650 682 2719 τατοςήμῶν
715 2650 1002 2719 δεσπότης,
1039 2653 1068 2704 6
1110 2653 1490 2722 οίκουμενικύς
1537 2656 1900 2726 πατριάρχης,

344 2742 421 2803 ὡς
469 2742 567 2812 τήν
615 2741 995 2810 πνευματικὴν
1041 2744 1383 2809 προστασίαν
1432 2744 1614 2799 λαϐὼν
1645 2746 1755 2799 ἀπὸ
1806 2748 1901 2800 τοῦ

344 2829 503 2894 Θεοῦ,
557 2831 1085 2899 συνδιασκεψάμενος
1126 2835 1260 2903 ἡμῖν
1314 2837 1450 2887 πᾶσι
1485 2837 1627 2889 κατὰ
1669 2836 1732 2889 τὺ
1756 2837 1903 2899 είκδς

344 2924 438 2975 καὶ
468 2922 815 2992 προμήθειαν
860 2925 1248 2992 ποιησάμενος,
1281 2926 1390 2978 δεῖν
1418 2926 1561 2992 ιγνω
1598 2928 1903 2997 παραγενέο

345 3014 472 3066 σθαι
498 3012 565 3066 δι’
592 3012 787 3066 ἑαυτοῦ
821 3015 912 3066 καὶ
941 3016 1021 3076 είς
1045 3014 1387 3083 ἀμφοτέρους
1406 3016 1628 3079 τούτους
1648 3018 1776 3081 τοὺς
1806 3018 1902 3087 βα-

2018 572 2222 634 ϐούλως
2263 576 2361 642 μὲν
2398 578 2490 628 καὶ
2540 578 2741 640 ἀδίκως
2784 579 3093 649 ἀπεδιὼχθη
3135 583 3456 656 ὁῦκραταιὸς
3488 587 3581 635 κα).

2019 664 2173 730 ἅγιος
2204 666 2361 732 ἡμῶν
2394 668 2659 734 αὐθέντης
2683 670 2778 721 καὶ
2812 670 3089 738 βασιλεὺς,
3121 673 3227 741 κῦρ
3267 675 3521 741 Ἰωάννης
3553 678 3581 727 6

2020 756 2403 822 Παλαιολόγος.
2436 757 2543 809 ἀπὸ
2573 758 2674 826 τῆς
2702 762 3030 829 προγονικῆς
3056 767 3153 814 καὶ
3176 765 3452 833 πατρικῆς
3483 767 3580 817 αὐ-

2016 846 2108 899 τοῦ
2141 847 2337 915 ἀρχῆς,
2372 850 2400 899 ό
2440 848 2662 918 γνήσιος
2690 849 2890 918 δηλαδὴ
2920 852 3013 903 καὶ
3049 854 3278 919 φυσικὸς
3320 854 3579 922 κληρονόο

2019 952 2114 1003 μος
2152 940 2251 1007 τῆς
2280 940 2343 989 ὲκ
2372 936 2509 989 Θεοῦ
2541 938 2816 1002 βασιλείας
2842 940 2947 995 τῶν
2980 940 3290 1010 Ῥωμαίων.
3331 944 3576 1014 ὐπερζη-

2013 1030 2193 1092 λώσας
2216 1030 2271 1083 δὲ
2299 1033 2438 1083 κατὰ
2469 1020 2559 1084 τὸν
2597 1033 2807 1085 δίκαιον
2835 1034 2932 1086 καὶ
2966 1035 3139 1104 άληθῆ
3171 1035 3332 1101 λόγον
3360 1039 3455 1090 καὶ
3479 1039 3575 1099 τάς

2013 1122 2303 1181 κανονικάς
2358 1122 2452 1174 καὶ
2504 1124 2732 1191 νομικὰς
2784 1124 3059 1188 διατάξεις
3103 1129 3131 1177 6
3165 1129 3574 1193 παναγιώτατος

2009 1211 2167 1280 ήμῶν
2183 1211 2469 1280 δεσπότης,
2488 1214 2515 1265 6
2536 1213 2908 1277 οίκουμενικὸς
2925 1216 3288 1286 πατριάρχης,
3310 1215 3415 1287 κῦρ
3436 1219 3579 1269 Κάλ-

2011 1302 2213 1365 λιστος,
2245 1302 2454 1371 ὲξώσθη
2494 1306 2594 1371 μὲν
2622 1305 2709 1357 διὰ
2742 1305 2900 1358 τοῦτο
2923 1306 3017 1359 τοῦ
3047 1309 3447 1378 πατριάρχικοῦ
3472 1310 3573 1361 αὐ-

2008 1390 2103 1442 τοῦ
2132 1390 2347 1459 θρόνου,
2378 1393 2578 1455 ἀδίκως
2617 1394 2907 1464 ὑπερόριος
2953 1396 3211 1463 γεγονὼς,
3241 1398 3569 1468 ἀντεισήχθη

2007 1481 2088 1545 δὲ,
2116 1483 2189 1545 ὡς
2218 1482 2414 1550 ἔδοξεν,
2449 1488 2476 1537 6
2502 1488 2847 1555 χρηματίσας
2879 1486 2985 1555 κῦρ
3037 1488 3308 1555 Φιλόθεος,
3335 1486 3453 1542 εἷτα
3485 1493 3572 1542 εὐ-

2005 1573 2162 1641 δοκία
2203 1576 2295 1626 τοῦ
2350 1577 2667 1642 παναγάθου
2715 1577 2850 1630 Θεοῦ
2894 1580 3207 1642 δικαιωθείς
3241 1583 3269 1633 6
3312 1582 3571 1650 κραταιὸς

2006 1665 2103 1717 καὶ
2128 1664 2284 1731 ἅγιος
2306 1666 2460 1733 ήμῶν
2483 1668 2747 1737 αὐθέντης
2771 1671 2867 1721 καὶ
2896 1668 3150 1737 βασιλεὺς
3178 1670 3268 1723 διὰ
3292 1674 3570 1738 μεσιτείας

2008 1754 2101 1806 καὶ
2133 1755 2469 1824 ἀντιλήψεως
2504 1758 2602 1825 τῆς
2636 1762 3055 1827 πανυπεράγνου
3113 1764 3411 1831 Δεσποίνης
3474 1768 3570 1817 καὶ⁵

2007 1842 2353 1913 Θεομήτορος
2384 1846 2599 1913 εἰσῆλθε
2640 1848 2954 1915 παροδόξως
2981 1850 3061 1910 είς
3090 1850 3189 1919 τὴν
3221 1852 3570 1917 θεοδόξαστον

2009 1932 2162 1984 πόλιν
2192 1933 2387 1985 ἑαυτοῦ
2409 1949 2425 1965 ·
2460 1935 2733 2004 ἐπανῆλθε
2767 1936 2823 1989 δὲ
2858 1938 2974 2006 μετ’
3000 1939 3180 2003 ὀλίγον
3203 1940 3295 1994 καὶ
3317 1943 3346 1993 6
3380 1942 3570 2012 ῥηθεὶς

2008 2021 2415 2086 παναγιώτατος
2441 2023 2603 2090 ήμῶν
2626 2024 2912 2094 δεσπότης,
2944 2027 2994 2077 ot
3034 2029 3417 2094 οίκουμενικὸς
3457 2046 3567 2081 πα-

2005 2112 2295 2179 τριάρχης,
2323 2112 2724 2183 ἐπειλημμένος
2752 2116 3048 2178 κανονικῶς
3072 2118 3164 2170 καὶ
3196 2120 3437 2187 ἐννόμως
3467 2122 3566 2189 τῆς

2017 2199 2345 2268 Ἐκκλησίας
2392 2203 2579 2267 αὐτοῦ,
2618 2204 2694 2265 ὡς
2724 2206 2947 2272 γνήσιος
2994 2208 3162 2276 αὐτῆς
3218 2212 3314 2261 καὶ
3357 2210 3567 2279 ἀληθὴς

2008 2289 2217 2358 ποιμὴν
2242 2292 2335 2343 καὶ
2353 2291 2692 2357 διδάσκαλος,
2729 2296 2966 2362 Χριστοῦ
2995 2300 3201 2366 χάριτι.
3246 2299 3336 2352 Ἐν
3363 2299 3443 2366 τῷ
3468 2317 3568 2367 με·

2003 2380 2137 2443 ταξὺ
2170 2379 2227 2431 δέ
2257 2398 2339 2441 τις
2363 2381 2397 2450 ἢ
2448 2384 2541 2435 καί
2570 2399 2713 2444 τινες
2756 2387 3077 2454 χαιρέκακοι
3109 2390 3267 2455 μετάί
3290 2390 3385 2441 τοῦ
3417 2406 3552 2444 ποτε

2010 2468 2246 2539 μεγάλου
2279 2471 2707 2539 χαρτοφύλακος,
2732 2473 2827 2525 τοῦ
2871 2475 3183 2545 Ἀμπρο...,
3208 2479 3565 2547 ιιιατειλεγμέ-⁹

2004 2578 2087 2613 νοι
2113 2562 2414 2628 τηνικαῦτα
2447 2565 2512 2630 τῇ
2548 2559 2850 2633 Ἐκκλησία⁵
2882 2568 2964 2628 είς
3011 2566 3171 2621 τοῦτο
3223 2569 3429 2638 τόλμης
3469 2569 3564 2623 καὶ

2004 2651 2293 2713 αὐθαδείας
2324 2647 2514 2721 ἦλθον,
2562 2651 2702 2706 ὥστε
2736 2654 2797 2706 οὐ
2843 2656 3004 2722 μόνον
3033 2656 3129 2710 τὸν
3168 2660 3259 2712 ἐπ’
3309 2660 3563 2729 εὐσεϐείᾳ

2001 2742 2109 2793 τῶν
2141 2743 2301 2813 ίερῶν
2324 2742 2608 2812 δογμάτων
2639 2745 3020 2813 ὲκτεθειμένον
3069 2749 3346 2802 συνοδικὸν
3372 2750 3558 2819 τόμον.

2004 2833 2142 2901 ὑπὲρ
2188 2832 2247 2885 οῦ
2284 2836 2311 2886 6
2360 2834 2600 2903 ἀοίδιμος
2649 2836 2744 2888 καὶ
2778 2836 3172 2900 εὐσεϐέστατος
3222 2838 3497 2907 βασιλεὺς,
3531 2841 3561 2891 6

2003 2926 2190 2992 πατήρ
2224 2926 2317 2977 τοῦ
2353 2926 2612 2993 κραταιοῦ
2646 2929 2737 2977 καί
2769 2927 2923 2993 ἁγίου
2975 2928 3134 2995 ήμῶν
3168 2931 3431 2983 καύοέντου
3464 2933 3561 2983 καὶ

2005 3017 2287 3086 βασιλέως,
2321 3018 2420 3086 τῆς
2466 3019 2711 3087 μεγάλης
2741 3020 2962 3088 ἐκείνης
2999 3021 3220 3072 συνόδου
3275 3022 3560 3091 συναθροι-

344 3107 536 3181 σιλεῖς,
582 3106 723 3160 ὥστε
774 3111 870 3164 σὺν
905 3108 1127 3178 βοηθείᾳ
1152 3108 1291 3161 Θεοῦ
1326 3110 1770 3175 ἀποκαταλλάξαι
1804 3113 1899 3165 καὶ
1925 3112 1967 3171 C
2002 3110 2218 3179 σθείσης
2273 3110 2331 3161 ὲν
2360 3108 2438 3178 τῷ
2492 3108 2858 3179 παμμεγίστῳ
2891 3115 2981 3163 καὶ
3030 3110 3300 3181 θειοτάτῳ
3323 3113 3433 3181 ναῷ
3458 3114 3559 3179 τῆς

342 3198 657 3267 είρηνεῦσαι
703 3199 802 3267 τὴν
840 3198 1096 3268 τοιαύτην
1138 3198 1441 3263 διάστασιν,
1495 3202 1895 3269 κοινωσάμενος

340 3291 411 3340 τά
441 3290 570 3357 περὶ
622 3287 810 3341 τούτου
843 3290 993 3359 πάσῃ
1024 3293 1092 3359 τῇ
1137 3289 1408 3358 ὁμηγύρει
1454 3289 1550 3341 καὶ
1578 3290 1898 3358 ἀδελφότητι

342 3379 499 3449 ήμῶν
525 3380 632 3433 τῶν
649 3382 968 3449 ἀρχιερέων,
1000 3382 1099 3450 ήδη
1120 3381 1221 3451 τὴν
1250 3381 1505 3450 τοιαύτην
1532 3382 1893 3452 προμήθειαν,

337 3472 415 3533 ὼς
451 3470 657 3525 ἀνωθεν
706 3474 798 3525 καὶ
851 3474 913 3525 ἐκ
966 3473 1101 3525 Θεοῦ
1132 3473 1641 3543 καταπεμφθεῐσαν,
1694 3475 1900 3541 συμφέ-

342 3580 544 3635 ρουσαν
583 3564 676 3616 καὶ
707 3565 1007 3635 κοινωφελῆ
1029 3568 1164 3634 ὁμοῦ
1191 3566 1515 3634 κρίναντες,
1548 3565 1897 3635 συμψηφιζόο

344 3657 508 3726 μεθα,
535 3656 631 3708 καὶ
651 3655 717 3708 δι’
742 3656 958 3708 οίκείων
982 3656 1216 3723 γνωμῶν
1247 3658 1335 3709 καὶ
1369 3659 1742 3726 οίκειοχείρων
1769 3657 1900 3709 ὑπο-

340 3749 568 3816 γραφῶν
597 3749 874 3818 κυροῦμεν
910 3749 1005 3799 καὶ
1064 3747 1393 3818 βεϐαιοῦμεν
1434 3751 1683 3817 ἀσμένως
1710 3766 1770 3801 τε
1805 3751 1899 3803 καὶ

340 3840 436 3908 ὅλῃ
458 3838 693 3891 διαθέσει
720 3840 814 3891 καὶ
840 3839 1119 3910 προθυμίᾳ
1150 3840 1346 3909 ψυχῆς,
1381 3842 1479 3893 καὶ
1510 3842 1625 3894 ὅσοι
1656 3840 1898 3906 δηλονότι

340 3927 437 3995 ἀφ’
475 3927 628 3995 ἡμῶν
654 3927 763 3979 τῶν
784 3928 881 3997 τῆς
914 3931 1066 3997 ἱερᾶς
1092 3930 1307 3981 συνόδου
1340 3931 1427 3981 διὰ
1446 3931 1545 3997 τὴν
1574 3930 1897 3999 ἐπιγενομέ-

342 4036 442 4087 νην
482 4020 561 4081 είς
590 4019 736 4086 ἡμᾶς
784 4020 890 4071 ἀπὸ
924 4020 1015 4070 τοῦ
1048 4018 1243 4088 καιροῦ
1275 4021 1638 4090 στενοχωρίαν
1673 4023 1764 4072 καὶ
1812 4021 1897 4070 ἔν-

339 4112 488 4164 δειαν
514 4110 614 4161 οὐκ
639 4108 892 4179 ίσχύομεν
910 4110 1267 4177 ἀκολουθῆσαι
1293 4110 1432 4163 κατά
1456 4111 1515 4162 τὸ
1539 4113 1674 4180 ὅπερ
1702 4110 1898 4180 ἔχομεν

343 4202 502 4269 χρέος
525 4200 674 4269 αὐτῷ
705 4201 772 4269 δὴ
802 4200 880 4268 τῷ
912 4201 1311 4269 παναγιωτάτῳ
1347 4201 1505 4269 ἡμῶν
1533 4201 1788 4271 δεσπότῃ,
1820 4202 1898 4270 τῷ

337 4292 705 4363 οίκουμενικῷ
737 4293 1072 4362 πατριάρχῃ,
1106 4293 1198 4344 καὶ
1246 4293 1547 4361 στέργομεν
1576 4296 1748 4362 κοινῇ,
1775 4294 1898 4346 ὅσον

340 4383 409 4438 ἂν
441 4384 529 4435 διὰ
566 4385 663 4453 τὴν
709 4383 1010 4451 κοινωφελῆ
1058 4384 1345 4452 είρηναίαν
1382 4384 1585 4454 ταύτην
1638 4386 1733 4438 σὺν
1776 4385 1897 4453 Θεῷ

1997 3199 2091 3254 τοῦ
2120 3199 2258 3252 Θεοῦ
2286 3200 2462 3265 Λόγου
2499 3201 2722 3265 Σοφίας,
2761 3202 2987 3255 πλεῖστα
3033 3204 3299 3272 ἐμόγησε,
3327 3205 3440 3267 καὶ,
3481 3206 3559 3264 ὼς

1997 3296 2239 3356 ἅπαντας
2262 3294 2459 3358 ἴσασιν,
2485 3294 2545 3347 οὐ
2575 3292 2767 3361 μικρὸν
2792 3293 2949 3346 πόνον
2971 3295 3178 3363 ὑπέστη
3216 3296 3305 3349 διὰ
3333 3296 3430 3357 τὰς
3452 3295 3560 3347 ἀπὸ

1995 3386 2093 3439 τοῦ
2127 3384 2267 3437 Θεοῦ
2303 3383 2726 3451 μισθαποδοσιας
2761 3383 2855 3435 καὶ
2873 3382 3051 3435 ταῦτα
3080 3382 3159 3452 τῷ
3186 3385 3307 3435 τότε
3338 3384 3440 3436 ὑπὸ
3460 3386 3559 3450 τῆς

1996 3474 2347 3545 ὲνσκηψάσης
2377 3472 2571 3541 ἐκείνῳ
2594 3471 2839 3539 χαλεπῆς
2872 3474 2968 3525 καὶ
2998 3472 3370 3540 θανατοφόρου
3397 3475 3556 3527 νόσου

1999 3565 2453 3631 κατατεινόμενος
2474 3564 2569 3614 καὶ
2599 3561 2734 3628 πρὸς
2755 3565 2877 3624 ταῖς
2904 3563 3244 3625 τελευταίας
3263 3565 3556 3625 ἀναπνοαῖς

1995 3654 2091 3717 ὢν,
2126 3651 2317 3705 τοῦτον
2346 3651 2439 3703 τὸν
2471 3650 2613 3719 ἱερὸν
2642 3650 2916 3702 συνοδικὸν
2956 3651 3122 3718 τόμον
3153 3653 3213 3705 ἐν
3240 3651 3320 3719 τῷ
3361 3653 3557 3719 ἐκκλη-

2000 3741 2261 3810 σιαστικῷ
2298 3742 2535 3811 κωδικίῳ
2559 3741 3087 3810 καταγεγραμμένον
3130 3742 3426 3810 διέρρηξαν
3462 3746 3556 3795 καὶ

1998 3835 2314 3896 κατέλυσαν,
2360 3831 2498 3884 ἀλλά
2530 3833 2629 3885 καὶ
2657 3832 2755 3893 τὰς
2786 3833 2844 3883 ὲν
2869 3831 2948 3900 τῷ
2999 3832 3147 3902 αὑτῷ
3170 3834 3415 3902 κωδικίῳ
3443 3850 3558 3887 κει-

2000 3926 2169 3995 μένας
2221 3925 2506 3985 συνοδικάς
2544 3922 2776 3992 πράξεις
2824 3924 3117 3992 ἠφάνισαν,
3152 3924 3400 3992 καθάπερ
3453 3925 3554 3993 ’ήδη

1997 4019 2228 4085 όρᾶταιυ
2258 4016 2360 4083 ήδη
2412 4016 2553 4069 κατά
2598 4015 2697 4083 τήν
2748 4013 3205 4082 ὲκκλησιαστικὴν
3256 4014 3411 4078 τάξιν
3464 4014 3556 4067 καὶ

1998 4107 2343 4159 ὑποτύπωσιν
2371 4104 2524 4167 αὖθις
2551 4103 2946 4173 παρακελεύσει
2976 4103 3141 4157 αὐτοῦ
3175 4104 3238 4172 δὴ
3283 4102 3379 4155 τοῦ
3413 4120 3557 4156 παν-

1998 4196 2304 4262 αγιωτάτου
2370 4192 2526 4260 ἡμῶν
2577 4192 2859 4257 δεσπότου,
2894 4191 2986 4245 τοῦ
3040 4192 3420 4260 οίκουμενικοῦ
3450 4209 3553 4242 πα-

1997 4285 2281 4352 τριάρχου,
2305 4283 2539 4353 ἤρξαντο
2555 4286 3069 4353 καταστρὼνννσθωι
3097 4286 3155 4339 ἑν
3174 4283 3311 4350 τῷδε
3334 4283 3408 4352 τῷ
3429 4284 3469 4335 la
3483 4282 3560 4351 ρῴ

2000 4375 2240 4444 κωδικίῳ
2268 4376 2337 4428 τὰ
2368 4374 2619 4430 συνοδικὰ
2650 4375 2904 4445 ἐγγραφα
2937 4373 3320 4444 σημειώματα.

339 4478 674 4527 κατάστασιν
705 4475 881 4543 ίσχύει
903 4476 995 4527 καὶ
1033 4474 1390 4544 διαπράξεται
1428 4478 1454 4527 6
1479 4475 1894 4543 παναγιὼτατος
1928 4476 1971 4531 D
2000 4530 2003 4531 ,

337 4567 497 4635 ήμῶν
528 4566 817 4635 δεσπότης.
840 4566 868 4618 6
898 4568 1276 4634 οίκουμενικὺς
1301 4566 1642 4637 πατριάρχης
1665 4583 1681 4599 ο
1712 4567 1899 4636 ἐπειδὴ

334 4656 495 4708 τοῦτό
528 4660 642 4709 ἐστι
693 4659 787 4710 καὶ
817 4658 897 4720 είς
938 4658 1232 4726 ἀρέσκειαν
1259 4656 1353 4710 τοῦ
1389 4658 1524 4710 Θεοῦ
1566 4659 1659 4712 καὶ
1691 4660 1771 4721 εἰς
1799 4660 1897 4727 τὴν

333 4748 445 4801 τῶν
461 4749 893 4816 ὑπολειφθέντων
919 4749 1119 4801 ἀθλίων
1146 4748 1491 4819 Χριστιανῶν
1520 4749 1781 4802 σύστασιν
1802 4750 1899 4803 καὶ

336 4840 639 4907 ἀσφάλειαν
656 4841 805 4911 ψυχῇ
840 4840 934 4893 καὶ
961 4840 1192 4909 σώματι.

407 4933 451 5001 1'
480 4934 493 4952 '
512 4932 910 5001 Υπεγρὰφηίδὲ
932 4933 1325 5000 οἱκειοχείρως
1351 4934 1508 4999 παρὰ
1524 4932 1764 4985 πάντων
1784 4931 1901 4983 τῶν

335 5026 621 5079 τοιούτων
642 5027 967 5093 ἀρχιερέων
994 5026 1062 5076 τὸ
1094 5026 1365 5093 πεμφθὲν
1394 5024 1543 5078 κατὰ
1576 5023 1774 5078 πάντα
1800 5022 1898 5090 ἔγ-

338 5135 570 5188 γραφον
596 5118 704 5185 τῆς
758 5116 1064 5186 ἀναφορᾶς
1122 5116 1265 5169 ἶσον
1291 5118 1442 5182 πρὸς
1484 5115 1594 5167 τὸν
1618 5114 1902 5182 κραταιὸν

336 5210 435 5263 καί
466 5209 637 5277 ἅγιον
664 5209 832 5277 ἡμῶν
863 5208 1163 5275 αὐθέντην
1198 5208 1299 5261 καί
1320 5207 1589 5270 ,ϐασιλέα
1611 5208 1719 5259 τὸν
1750 5210 1900 5259 Καν-

338 5302 726 5369 τακουζηνόν.

336 5432 530 5488 XXVI.
574 5434 887 5486 Patriarcha
912 5433 1058 5503 jubet
1083 5441 1200 5487 acta
1224 5433 1415 5489 iterum
1444 5435 1607 5488 codici
1633 5433 1897 5487 mandari.

411 5568 453 5637 σι-
494 5566 711 5635 Ἐπειδή
755 5567 1146 5636 παραχωρήσει
1177 5565 1314 5618 Θεοῦ
1360 5566 1448 5617 διὰ
1480 5566 1683 5634 πλῆθος
1723 5567 1903 5635 ἀμαρ-

342 5658 480 5712 τιῶν
510 5657 733 5725 συνέϐη,
765 5656 891 5724 ἥτις
921 5655 985 5723 δὴ
1021 5655 1113 5707 καὶ
1140 5658 1366 5723 συνέϐη,
1397 5656 1678 5717 διάστασις
1706 5658 1903 5726 πρότε-

346 5767 443 5822 ρον
477 5748 682 5818 μεταξὺ
721 5747 831 5801 τῶν
862 5745 1151 5816 βασιλέων,
1182 5748 1276 5801 καὶ
1318 5749 1417 5818 τῆς
1445 5749 1759 5819 δυσχερείας
1809 5751 1903 5803 καὶ

2002 4538 2216 4594 XXVII.
2252 4538 2566 4593 Patriarcha
2616 4538 2959 4606 metropolitw
3006 4536 3206 4606 Βὶιιμιξ⁸
3239 4552 3331 4601 per
3360 4536 3557 4605 adjun-

2160 4610 2381 4661 ctionem
2415 4609 2607 4678 confert
2639 4604 3140 4677 archiepiscopatqu
3173 4604 3393 4661 Dercus.

2068 4743 2110 4812 -ι-
2146 4744 2300 4794 Ἐπεὶ
2329 4743 2433 4794 ὐπὸ
2456 4741 2559 4808 τῆς
2588 4740 2910 4808 ὲπιφυείσης
2931 4743 3045 4802 τοῖς
3072 4741 3393 4811 πράγμασιν
3421 4742 3561 4795 ἀνω-

2004 4836 2201 4905 μαλίας
2250 4838 2346 4888 καὶ
2407 4834 2759 4903 συγχύσεως,
2820 4834 3216 4902 παραχωρήσει
3274 4832 3409 4885 Θεοῦ
3473 4834 3559 4885 διὰ

2001 4924 2201 4991 πλῆθος
2226 4922 2530 4990 ἁμαρτιῶν,
2559 4920 2915 4990 ὑπεχώρησεν
2956 4922 2984 4972 6
3016 4920 3309 4988 ἱερώτατος
3350 4936 3557 4990 μητρο-

2002 5016 2222 5085 πολίτης
2257 5012 2478 5082 Βιζύης,
2512 5014 2830 5080 ὐπέρτιμος,
2857 5012 3140 5081 ἀγαπητὸς
3175 5011 3316 5065 κατὰ
3347 5012 3554 5080 Κύριον

2002 5106 2226 5173 ἀδελφός
2254 5105 2354 5173 τῆς
2388 5103 2543 5173 ήμῶν
2585 5103 2937 5171 μετριότητος
2985 5106 3081 5155 καὶ
3118 5103 3557 5172 συλλειτουργὸς.

2004 5198 2145 5251 κατὰ
2182 5197 2244 5251 τὸ
2296 5196 2465 5258 είκὸς,
2501 5194 2797 5247 κάντεῦθεν
2830 5196 3193 5262 κατήντησεν,
3226 5195 3305 5254 είς
3328 5194 3457 5261 ὅσην
3490 5192 3557 5259 δὴ

2002 5289 2097 5340 καὶ
2130 5288 2437 5356 κατήντησε
2472 5285 2788 5352 στενότητα,
2816 5283 2878 5335 οὐ
2897 5285 3007 5339 δεῖν
3035 5284 3250 5351 ἔκρινεν
3279 5285 3310 5350 ή
3341 5282 3558 5349 μετριό-

2012 5395 2103 5448 της
2133 5379 2287 5449 ήμῶν
2320 5375 2964 5446 ἀπρομήθευτονλτοῦτον
2998 5375 3257 5443 περιιδεῖν
3281 5388 3294 5403 ⁸
3325 5372 3384 5424 οὐ
3422 5372 3557 5439 πρὸς

2005 5473 2161 5541 ήμῶν
2192 5471 2299 5539 γὰρ
2326 5468 2506 5531 τοῦτο,
2545 5469 2667 5520 οὐδὲ
2710 5460 2802 5520 τοῦ
2830 5467 2959 5536 περὶ
2991 5465 3154 5519 αὐτὸν
3184 5454 3557 5529 πνευματικοῦ

2006 5563 2263 5629 φίλτρουο
2302 5558 2453 5611 ἔνθεν
2479 5574 2562 5609 τοι
2601 5558 2694 5609 καὶ
2746 5555 2931 5627 ἐπειδὴ
2966 5554 3296 5623 λεύρίσκεται
3355 5552 3560 5621 χηρεύ-

2004 5670 2140 5706 ουσα
2182 5652 2283 5720 ήδη
2318 5652 2351 5716 ή
2386 5648 2664 5715 ἀγιωτάτη
2700 5646 3102 5715 ἀρχιεπισκοπὴ
3150 5646 3405 5712 Δέρκους,
3436 5644 3560 5696 ἐπι-

2003 5744 2185 5798 δίδωσι
2216 5742 2418 5811 ταύτην
2444 5739 2587 5793 κατά
2634 5739 2791 5805 λόγον
2841 5735 3133 5797 ἐπιδόσεως
3189 5738 3221 5805 ἡ
3268 5732 3562 5805 μετριότης
