4094 6272
645 385 788 450 1347

645 503 802 572 ἡμῶν
831 498 968 571 πρὸς
992 498 1083 552 τὸν
1126 495 1288 550 αὐτὸν
1327 493 1618 563 ἱερώτατον
1675 489 2079 562 μητροπολίτην
2109 484 2206 572 Βιο
2237 482 2278 538 Δ
2312 490 2398 572 fit

650 570 787 664 ξύης
813 570 908 646 καὶ
937 589 1239 659 ύπέρτιμον
1259 603 1274 617 ·
1304 585 1621 654 ἐπιλήψεται
1646 582 1828 635 τοίνυν
1855 573 2012 637 οὗτος
2043 570 2213 638 αὐτῆς

650 686 746 738 καὶ
776 682 885 735 τῶν
912 679 1004 734 ὑπ’
1048 678 1220 748 αὐτὴν
1247 676 1485 736 πάντων,
1520 674 1614 728 καὶ
1645 671 1732 726 ἐπ’
1778 670 1962 732 ἀδείας
1990 665 2103 731 ἔξει
2136 663 2215 714 ίει

655 775 903 845 ρουργεῖν
952 773 1010 824 ἐν
1061 771 1218 839 αὐτῇ,
1266 767 1614 834 ἀναγνώστας
1640 780 1701 816 τε
1750 758 2075 834 σφραγίζειν
2119 759 2216 810 καὶ

652 865 1038 926 ὑποδιακόνους
1063 864 1155 915 καὶ
1178 863 1480 924 διακόνους,
1501 858 1581 911 ἐτι
1610 875 1669 911 τε
1694 849 1786 910 καὶ
1811 850 2215 924 πρεσϐυτέρους

653 958 761 1012 ἀπὸ
784 957 891 1009 τῶν
916 954 1006 1007 ὑπ’
1033 954 1201 1021 αὐτὴν
1228 951 1572 1020 χειροτονεῖν,
1597 946 1952 1013 καθιερώσεις
1985 958 2043 994 τε
2071 939 2216 993 ναῶν

654 1051 847 1109 ποιεῖν,
880 1045 974 1098 καὶ
1026 1043 1211 1103 ἁπλῶς
1250 1043 1426 1093 πάντα
1475 1036 1930 1107 διαπράττεσθαι,
1965 1035 2069 1086 ὅσα
2121 1032 2218 1083 καὶ

651 1139 682 1190 ὁ
709 1137 926 1203 γνήσιος
967 1131 1274 1200 ἀρχιερεὺς,
1312 1129 1440 1182 ἄνευ
1483 1128 1580 1194 τῆς
1608 1125 1700 1178 τοῦ
1747 1123 1893 1193 ίεροῠ
1928 1121 2218 1190 συνθρόνου

657 1223 1112 1294 ἐγκαθιδρύσεως,
1150 1221 1259 1274 ἐστ’
1291 1223 1356 1272 ἂν
1394 1218 1659 1286 δηλονότι,
1694 1215 1829 1268 Θεοῦ
1881 1214 2114 1272 διδόντος
2143 1211 2220 1262 εἰ-

660 1315 888 1386 ρηνικῆς
924 1313 1304 1372 καταστάσεως
1337 1309 1745 1376 ξέπιγενομένης
1794 1307 1906 1366 τοῖς
1962 1304 2223 1372 πράγμα-

662 1423 766 1464 σιν.
799 1401 1073 1473 ἐπανέλθῃ
1112 1402 1208 1452 καὶ
1235 1403 1263 1453 ὁ
1291 1400 1453 1460 αὐτὸς
1488 1397 1782 1467 ἱερώτατος
1817 1392 2223 1464 μητροπολίτης

659 1495 864 1562 Βιζύης
894 1495 988 1546 καὶ
1023 1493 1321 1560 ὑπέρτιμος
1353 1492 1432 1551 εἰς
1465 1491 1565 1558 τὴν
1611 1486 1881 1556 λαχοῦσαν
1907 1484 2092 1545 αὐτὸν,
2129 1481 2224 1535 καὶ

661 1585 886 1656 διεξάγῃ
915 1585 976 1636 τὺ
1026 1581 1458 1636 καταπιστευθέν
1504 1579 1654 1648 αὐτῷ
1681 1577 1898 1644 λογικὸν
1949 1573 2223 1644 ποίμνιον,

661 1678 736 1737 ὡς
765 1677 793 1728 ὀ
820 1675 912 1729 τοῦ
968 1673 1173 1744 Κυρίου
1216 1671 1465 1740 βούλεται
1514 1670 1676 1738 νόμος
1703 1683 1718 1698 '
1749 1666 1874 1719 ὅθεν
1920 1664 2226 1731 ὀφείλουσιν

664 1768 798 1822 οἵτε
829 1765 1081 1836 κληρικοὶ
1127 1767 1224 1832 τῆς
1269 1763 1524 1833 ῥηθείσης
1571 1759 1884 1828 ἁγιωτάτης
1926 1755 2226 1823 ἐκκλησίας

666 1859 902 1928 Δέρκους
927 1859 1021 1913 καὶ
1053 1858 1082 1909 ὀ
1109 1857 1214 1909 ὑπὸ
1240 1856 1340 1924 τὴν
1369 1857 1582 1924 ἐνορίαν
1609 1853 1704 1910 καὶ⁵
1736 1851 2095 1918 ἐπικράτειαν
2128 1847 2226 1899 αύ-

665 1950 767 2017 τῆς
798 1949 982 2010 λοιπὸς
1028 1948 1174 2010 ἆπας
1205 1946 1332 2009 λαὸς
1359 1946 1504 2015 ἐχειν
1534 1946 1613 2006 είς
1641 1942 1837 1997 ἐαυτὸν
1861 1942 1921 1994 τδ
1948 1940 2228 2010 προσῆκον

670 2041 834 2103 σέϐας
857 2041 953 2092 καὶ
983 2040 1164 2091 πᾶσαν
1189 2037 1357 2107 τιμὴν
1385 2037 1481 2089 καὶ
1509 2033 1850 2096 εὐπείθειαν,
1872 2033 1976 2085 ὅσα
2018 2033 2117 2083 καὶ
2149 2031 2232 2090 εἱς

669 2131 930 2202 ἀρχιερέα
978 2129 1178 2193 αὐτῶν,
1230 2127 1447 2196 πατέρα
1477 2143 1534 2178 τε
1580 2122 1677 2177 καὶ
1741 2123 2084 2184 διδάσκαλον,
2135 2121 2233 2173 καὶ

669 2221 955 2276 πείθεσθαι
985 2221 1183 2290 τούτῳ.
1209 2218 1297 2287 ἐφ’
1324 2212 1405 2280 οἷς
1436 2217 1502 2269 ἂν
1531 2217 1646 2285 ἐχοι
1672 2215 1851 2281 λέγειν
1879 2213 1974 2266 καί⁵
1995 2212 2236 2280 εἰσηγεῖ-

671 2313 798 2367 σθαι
853 2313 1056 2374 αὐτοῖς,
1093 2309 1370 2380 ἀφορῶσιν
1402 2308 1484 2371 είς
1529 2306 1768 2376 ψυχικὴν
1801 2305 1984 2360 αὐτῶν
2023 2302 2236 2356 λυσιτέ-

669 2405 840 2470 λειαν,
873 2402 1086 2464 οὐδενὸς
1130 2401 1237 2454 τῶν
1258 2400 1515 2453 ἁπάντων
1554 2395 1865 2467 ὀφείλοντος
1894 2393 2236 2466 παρεμποδί-

673 2513 768 2549 σαι
794 2493 943 2564 αὐτῷ
966 2491 1060 2546 ἐπὶ
1087 2491 1295 2554 τούτοις
1311 2492 1467 2554 ὅλως,
1494 2489 1597 2543 κάν
1627 2490 1775 2550 ὅστις
1805 2489 1913 2556 ἄρα
1941 2486 2035 2539 καὶ⁵
2139 2485 2236 2549 Είς

672 2586 782 2655 γάρ
816 2583 914 2654 τὴν
941 2584 1071 2653 περὶ
1097 2581 1286 2636 τούτου
1329 2580 1630 2650 ἀσφάλειαν
1665 2579 1995 2633 ἀπολέλυται
2027 2577 2123 2630 καὶ
2171 2575 2236 2630 τὸ

675 2677 850 2746 παρὸν
871 2675 1104 2746 γράμμα
1126 2675 1227 2744 τῆς
1249 2672 1407 2744 ἡμῶν
1435 2671 1809 2742 μετριότητος.

741 2833 986 2890 XXVIII.
1035 2831 1278 2904 Synodus
1301 2829 1724 2953 εῇερηιῃιιιηὶσαι
1772 2825 2167 2898 ιηεινοροίὶιαηι

1413 2915 1573 2953 αηιω.

1413 2915 1573 2954 antae.

816 3016 858 3086 ἰ·
888 3013 1221 3084 Καθαίρεσις
1250 3010 1502 3081 συνοδικὴ
1540 3008 1636 3064 τοῦ
1657 3025 1788 3063 ποτε
1827 3009 2098 3076 ’Λλανίας.

748 3123 789 3192 -ι-
816 3123 1083 3176 (pomum.
1113 3119 1218 3188 πρό
1245 3134 1409 3172 τινων
1434 3190 1436 3192 τ
1460 3118 1560 3190 ἠδη
1619 3118 1828 3187 χρόνων
1875 3121 1925 3171 οί
1976 3119 2240 3175 Ταναῖται

677 3214 1086 3268 θεοσεϐέστατοι
1129 3212 1313 3280 ἱερεῖς,
1337 3211 1368 3264 ὃ
1397 3225 1457 3262 τε
1489 3211 1908 3278 πρωτοπαππᾶς
1939 3211 2175 3282 Μιχαὴλ,
2209 3216 2240 3266 ὁ

683 3303 1053 3374 πρεσϐύτερος
1069 3300 1336 3363 Νικόλαος
1357 3300 1451 3383 καὶ
1471 3301 1501 3354 ὀ
1518 3298 1702 3363 λοιπὸς
1728 3299 1846 3370 μετ’
1865 3301 2047 3355 αὐτῶν
2069 3319 2240 3373 πρεσ.

684 3395 910 3466 ϐύτερος
942 3394 1279 3462 ὀΘεόδωρος,
1308 3393 1387 3455 είς
1415 3392 1511 3454 τὰς
1538 3391 1678 3461 μετά
1702 3392 1798 3445 τοῦ
1827 3409 1956 3446 ποτε
1993 3393 2243 3457 ’Δλανίας

681 3489 1013 3557 ἐμπεσόντες
1040 3487 1142 3539 ούκ
1173 3484 1360 3553 ὀλίγας
1383 3482 1824 3552 ἀμφισϐητήσεις
1853 3484 1948 3538 καὶ
1965 3483 2240 3551 διενέξεις,

683 3581 758 3641 ὡς
789 3576 1256 3649 ἀποστερούμενοι
1297 3573 1428 3646 παρ’
1463 3573 1649 3640 αὑτοῦ,
1680 3573 1936 3646 καθάπερ
1975 3575 2241 3646 διισχυρί-

682 3673 856 3735 ζοντο,
888 3669 996 3723 τῶν
1048 3667 1312 3722 ἀνέκαθεν
1359 3666 1745 3737 προσηκόντων
1788 3665 1884 3718 καὶ
1928 3665 2242 3735 ἀνηκόντων

682 3763 865 3823 αὐτοῖς
891 3757 1360 3829 ἐκκλησιαστικῶν
1381 3754 1602 3810 δικαίων
1621 3770 1635 3786 ⁶
1671 3754 1824 3808 ἐνθεν
1854 3771 1938 3808 τοι
1973 3759 2067 3808 καὶ
2097 3758 2242 3823 ἐπεὶ,

683 3854 862 3922 ἱκεσίᾳ
893 3851 1064 3921 πολλῇ
1095 3849 1363 3920 πρότερον
1390 3847 1732 3919 χρησάμενοι
1761 3847 1898 3916 πρὸς
1925 3847 2088 3900 αὑτὸν
2117 3847 2241 3900 τού-

681 3960 790 3996 των
822 3943 1008 4005 ἐνεκα,
1043 3941 1153 3994 οὐδ’
1179 3939 1316 4002 ὅλως
1346 3939 1576 4008 ἴσχυσαν
1603 3940 1930 4008 μεταπεῖσαι
1958 3940 2060 4008 τῆς
2083 3939 2244 3992 πλεο-

683 4034 937 4104 νεκτικῆς
971 4033 1066 4086 καὶ
1091 4030 1398 4100 φιλονείκου
1431 4027 1683 4099 γνώμης,
1715 4029 1814 4082 καὶ
1845 4030 1921 4099 μὴ
1955 4031 2049 4082 ἐπὶ
2081 4029 2246 4082 πλέον

681 4127 970 4196 δυνάμενοι
994 4124 1180 4193 φέρειν
1195 4123 1295 4192 τὴν
1315 4121 1549 4184 ἀδικίαν,
1571 4121 1930 4190 ἀνατρέχουσι
1945 4120 2247 4192 τηνικαῦτα

683 4220 765 4280 είς
797 4219 889 4270 τὸν
917 4214 1221 4283 ἁγιώτατον
1257 4212 1626 4281 πατριάρχην,
1654 4212 1760 4281 κῦρ
1804 4211 2077 4283 Ἰσίδωρον
2105 4214 2246 4266 ἐκεῖ·

685 4326 797 4372 νον,
823 4309 919 4361 καὶ
947 4307 1017 4359 τά
1053 4305 1181 4373 περὶ
1225 4303 1412 4355 τούτου
1443 4301 1762 4371 περιπαθῶς
1803 4302 2245 4371 ἀναγγέλλουσιν,

684 4401 774 4453 ὅτε
809 4397 874 4465 δὴ
895 4399 990 4449 καὶ
1020 4395 1300 4446 συνοδικοῠ
1327 4392 1684 4461 δικαστηρίου
1711 4392 1974 4456 πολλάκις
2005 4397 2098 4446 καὶ
2128 4395 2248 4447 δια-

689 4489 868 4559 φόρως
905 4485 1395 4556 συγκροτηθέντος,
1426 4484 1808 4556 συμπαρόντος
1839 4486 1932 4536 καὶ
1962 4483 2058 4536 τοῦ
2098 4485 2248 4537 ἀντι-

689 4578 1094 4646 καθισταμένου
1139 4577 1324 4638 αὐτοῖς
1355 4574 1595 4628 τοιούτου
1639 4575 1906 4636 Ἀλανίας,
1942 4575 2062 4627 ἐπεὶ
2099 4576 2251 4645 διαρ-

690 4672 856 4741 ρήδην
913 4669 1264 4738 ἀνεφάνησαν
1321 4669 1368 4720 οἱ
1413 4664 1644 4719 τοιοῦτοι
1697 4664 2064 4736 πρεσϐύτεροι
2113 4666 2251 4734 μετά

687 4762 882 4831 πολλὴν
904 4762 997 4815 καὶ
1016 4761 1222 4831 ἀκριϐῆ
1240 4759 1336 4829 τὴν
1359 4759 1602 4824 ἐξέτασιν
1627 4758 1786 4812 ἄδικα
1803 4757 2102 4828 πάσχοντες
2123 4757 2253 4825 παρ’

686 4854 852 4906 αὑτοῦ
905 4855 999 4906 καὶ
1047 4853 1158 4904 τῶν
1208 4850 1356 4903 ίδίων
1406 4850 1893 4918 ἀποστερούμενοι,
1921 4849 2020 4918 οὐχ
2074 4850 2252 4916 ύγιαι-

685 4948 854 5013 νούσῃ
886 4941 1104 5012 γνώμῃ.
1136 4940 1395 5010 ψήφισμα
1444 4939 1721 4992 συνοδικόν
1765 4940 2056 5009 ἐξηνεγκον
2099 4939 2252 4992 τοῦδε

685 5039 779 5088 τοῦ
802 5037 1105 5104 ἀγιωτάτου
1144 5034 1484 5102 πατριάρχου
1538 5031 1642 5102 κῦρ
1679 5031 1971 5101 Ίσιδώρου,
2007 5032 2251 5085 δικαιοῦν

687 5127 904 5189 αὐτοὺς,
955 5122 1097 5175 ὥστε
1142 5121 1459 5183 ἀπολαύειν,
1500 5120 1575 5182 ὡς
1628 5120 1688 5171 τὸ
1740 5120 2032 5188 πρότερον,
2067 5122 2131 5171 ἐκ
2156 5120 2251 5172 τοῦ

687 5219 784 5268 ἀπ’
819 5214 1070 5269 ἐντεῦθεν
1115 5213 1226 5265 τῶν
1258 5211 1625 5280 διαφερόντων
1657 5211 1840 5271 αὐτοῖς
1885 5209 2092 5263 ἄνωθεν
2139 5228 2254 5263 τοι·

685 5311 858 5360 ούτων
891 5306 1361 5375 ἐκκλησιαστικῶν
1389 5304 1613 5357 δικαίων
1636 5303 1776 5354 κατά
1820 5302 1920 5372 τὴν
1951 5304 2253 5371 ἐπικρατή-

687 5417 861 5452 σασαν
880 5398 1020 5451 κατά
1041 5397 1132 5450 τὸν
1158 5399 1334 5449 ἐκεῖσε
1363 5395 1524 5447 τόπον
1547 5393 1697 5458 τάξιν
1719 5409 1778 5445 τε
1807 5393 1901 5446 καὶ
1941 5395 2249 5460 συνήθειαν.

685 5491 830 5542 Ἀλλ’
861 5489 890 5540 ὀ
936 5487 1194 5557 δηλωθε“ις
1237 5483 1485 5546 Ἀλανίας
1511 5525 1527 5549 ,
1565 5483 1741 5535 καίτοι
1769 5483 1927 5548 δόξας
1960 5484 2252 5534 πείσασθαι

683 5582 844 5649 δῆθεν
873 5582 1056 5642 αὐτοῖς
1079 5620 1095 5643 ,
1125 5577 1499 5647 ἀποσχόμενος
1549 5578 1646 5643 τῆς
1703 5575 1983 5644 ἐριστικῆς
2027 5574 2253 5643 γνώμης

685 5673 850 5724 αὑτοῦ
869 5673 962 5724 καὶ
985 5668 1398 5736 πλεονεκτικῆς,
1426 5667 1520 5720 καὶ
1539 5669 1806 5735 στέργων,
1823 5666 1898 5728 ὼς
1917 5665 2252 5734 καθυπεκρί-

685 5776 805 5812 νετο
825 5761 914 5813 τὸν
932 5761 1142 5830 καιρὸν,
1166 5761 1234 5830 τῇ
1267 5759 1518 5828 σννοδικῇ
1540 5756 1715 5828 ταύτῃ
1738 5756 2000 5825 ἐγγράφῳ
2026 5755 2255 5836 διαγνώ-

1715 369 2109 438 SYNODICIE
2148 349 2835 428 CONSTI'I‘UTIONES.

3707 339 3814 407 1348

2447 472 2541 523 καὶ
2576 468 2872 535 ἀποφάσει,
2907 460 2984 524 ὡς
3034 461 3194 530 μόνον
3235 457 3468 528 ἔφθασεν
3511 458 3810 529 ἀποδημήσας

2318 562 2426 616 ἀπὸ
2457 561 2564 613 τῶν
2590 557 2840 618 ἐνταῦθα,
2867 552 3043 626 μικρά
3089 550 3383 623 φροντίσας
3428 550 3532 603 τῶν
3566 550 3813 620 ἐψηφωμέο

2317 672 2423 706 νων
2466 651 2781 715 συνοδικῶς,
2826 645 3092 716 ἀθετητὴς
3139 645 3344 695 τούτων
3383 643 3617 709 ἐγένετοο
3657 644 3812 696 αὐτίκα

2315 745 2514 805 τοίνυν,
2539 741 2730 810 ὥσπερ
2754 737 3177 807 ἐπιλελησμένος
3205 735 3298 788 τοῦ
3333 733 3452 788 κατ’
3484 734 3632 785 αὑτὸν
3647 737 3817 803 σχήμαι

2314 855 2426 900 τος,
2449 836 2757 895 ἐπαναστὰς
2789 833 2883 884 καὶ
2907 828 3305 898 ἐπαναισχυντή
3316 845 3410 889 σας
3433 828 3559 894 πρὸς
3579 827 3658 879 τὸν
3675 827 3816 890 Χὰνην

2317 929 2506 998 ἀπῄει,
2535 924 2846 996 ἀμυντικῶς
2879 921 3219 990 διακείμενος
3245 920 3385 972 κατά
3425 920 3528 970 τῶν
3555 919 3733 985 ἱερέων,
3761 917 3815 982 ὡς

2318 1023 2376 1074 οὗ
2413 1015 2614 1090 χρεὼν,
2634 1017 2791 1070 ἄδικα
2821 1012 3139 1082 πασχόντων
3165 1011 3258 1064 ἐπὶ
3279 1011 3553 1079 ἀνατροπῇ
3580 1010 3666 1060 καὶ
3689 1025 3815 1061 κατα-

2319 1111 2473 1162 λύσει
2493 1109 2603 1176 τῆς
2635 1105 2921 1174 συνοδικῆς
2949 1103 3151 1169 ταύτης
3186 1099 3521 1167 διαγνώσεώς
3539 1116 3591 1150 τε
3613 1100 3690 1152 καὶ
3713 1100 3816 1152 ἀπο·

2322 1205 2562 1270 φάσεως,
2595 1203 2684 1252 ὅτε
2721 1200 2786 1266 δὴ
2818 1199 2914 1249 καὶ
2946 1197 3006 1247 τὸ
3035 1195 3328 1264 λεγόμενον
3359 1193 3632 1262 διαλείχιον
3657 1193 3816 1244 ἐκεῖθεν

2321 1289 2526 1356 λαϐὼν,
2559 1288 2658 1343 ατε
2687 1287 2752 1357 δὴ
2784 1289 2850 1354 τῇ
2894 1283 3199 1352 Ἐκκλησία
3231 1281 3306 1352 μὴ
3337 1280 3639 1333 ὑποκεῖσθαι
3678 1279 3817 1347 βουλό-

2327 1380 2639 1449 μενος,-οὺκ
2661 1378 2817 1444 ὀλίγα
2839 1376 3162 1428 ἐπικίνδυνα
3212 1373 3311 1424 καὶ
3331 1373 3602 1424 κακωτικά
3631 1371 3709 1422 καὶ
3734 1370 3819 1421 ἐπι-

2325 1473 2497 1540 ζήμια
2520 1472 2634 1532 τοῖς
2655 1465 2915 1528 τοιούτοις
2941 1465 3179 1534 ἱερεῦσιν
3205 1466 3524 1534 ἐπήνεγκεν,
3548 1462 3615 1523 ὥς
3639 1462 3702 1528 μὴ
3720 1458 3822 1528 ὢφε-

2324 1563 2436 1615 λεν.
2478 1562 2714 1630 Ἔφερον
2751 1559 2850 1628 μὲν
2879 1557 2971 1611 οὖν
2997 1549 3164 1619 οὗτοι,
3193 1557 3371 1609 καίτοι
3403 1555 3466 1606 τά
3492 1553 3734 1605 δεινότατα
3757 1548 3822 1602 ὑπ’

2327 1653 2493 1707 αὑτοῦ
2520 1653 2842 1721 πάσχοντες,
2879 1646 3325 1722 παρακαλοῦντες
3348 1684 3364 1707 ,
3385 1646 3630 1712 δεόμενοι,
3654 1644 3731 1698 καὶ
3753 1642 3823 1709 τὴν

2332 1748 2426 1798 ἐπὶ
2462 1746 2523 1798 τὸ
2555 1744 2763 1815 βέλτιον
2787 1741 2952 1794 αὐτοῦ
2981 1739 3389 1811 προσδοκῶντες
3420 1735 3823 1805 μεταϐολήνοὲπεὶ

2257 1817 2304 1878 Β
2330 1837 2386 1890 δὲ
2417 1833 2554 1889 εἶδον
2588 1834 2752 1888 αὑτὸν
2788 1831 3068 1902 προδήλως
3110 1831 3206 1899 μὲν
3235 1829 3333 1882 καὶ
3361 1827 3631 1887 συνοδικάς
3661 1825 3820 1893 ψήφους

2333 1927 2428 1980 καὶ⁹
2479 1928 2789 1993 ἀποφάσεις
2843 1921 3284 1994 περιφρονοῦντα
3328 1923 3423 1974 καὶ
3475 1917 3731 1972 ἀθετοῦντα
3755 1918 3821 1968 καὶ

2335 2019 2467 2090 παρ’
2492 2018 2645 2072 οὐδὲν
2674 2017 2878 2080 ταύτας
2911 2014 3262 2084 ποιούμενον,
3289 2014 3349 2066 ού
3406 2012 3508 2082 μὴν
3543 2010 3599 2082 δὴ
3624 2010 3734 2063 ἀλλά
3758 2009 3821 2060 καὶ

2335 2113 2430 2165 ἐπὶ
2455 2110 2709 2163 τοσοῦτον
2732 2106 2827 2161 τοῦ
2865 2107 3202 2176 καθήκοντος
3231 2104 3644 2174 ἐκτραπόμενον,
3670 2100 3730 2162 ὡς
3755 2098 3818 2151 καὶ

2332 2201 2458 2263 τοὺς
2485 2201 2662 2253 ἐκεῖσε
2678 2200 3025 2258 πανσέπτους
3047 2197 3142 2250 καὶ
3165 2196 3348 2258 θείους
3369 2197 3525 2257 ναοὺς
3551 2190 3821 2247 κατακλείειν

2336 2293 2433 2344 σὺν
2459 2292 2688 2362 οὐδεμιᾷ
2718 2307 2824 2344 τινι
2869 2290 3080 2360 εὐλόγῳ
3126 2289 3403 2360 προφάσει
3445 2287 3538 2340 καὶ
3564 2286 3674 2346 τοὺς
3707 2284 3819 2351 ἱερεῖς

2334 2382 2430 2436 τοῦ
2456 2381 2769 2452 ἱερουργεῖν
2791 2381 2994 2442 ἀδίκως
3025 2380 3269 2447 ἐπέχειν,
3293 2380 3434 2431 κατὰ
3452 2378 3554 2446 γὰρ
3576 2375 3657 2429 τὸν
3679 2375 3820 2440 καιρὸν

2341 2476 2550 2529 ἐκεῖνον
2578 2475 2673 2527 δύο
2705 2473 3067 2544 Χριστιανοὺς
3098 2469 3426 2542 ἀνθρώπους
3457 2468 3741 2538 τεθνηκότας
3760 2463 3821 2519 διὰ

2336 2566 2435 2634 τὴν
2467 2565 2783 2634 παράλογον
2808 2561 2974 2615 αὐτοῦ
3013 2562 3120 2615 τῶν
3151 2562 3346 2631 ἱερέων
3378 2561 3660 2629 ἐπίσχεσιν,
3687 2559 3736 2610 οὐ
3757 2557 3821 2608 σὺν

2337 2659 2462 2729 δίκῃ
2507 2655 2866 2724 ἐπαχθεῖσαν,
2921 2650 3339 2723 παρεσκεύασεν
3386 2651 3640 2719 ἀψάλτους
3678 2649 3820 2701 ἐναπο·

2342 2752 2524 2817 μεῖναι
2556 2746 2652 2800 καὶ
2688 2745 2766 2816 μὴ
2789 2745 2900 2799 τῶν
2933 2745 3349 2812 νενομισμένων
3380 2743 3656 2812 ἐπιτυχεῖν,
3681 2741 3729 2794 οὐ
3752 2741 3822 2808 μὴν

2338 2839 2404 2909 δὴ
2449 2838 2585 2893 ἀλλὰ
2635 2838 2732 2890 καὶ
2759 2837 2852 2890 δύο
2899 2836 3026 2889 τινά
3057 2835 3234 2906 βρέφη
3270 2837 3334 2888 ἐκ
3373 2835 3636 2904 προγόνων
3678 2829 3821 2896 εὐσεϐῆ

2343 2931 2447 3001 τὴν
2482 2928 2577 2984 τοῦ
2610 2929 2804 2996 γένους
2853 2927 3043 2998 σειρὰν
3081 2927 3308 2981 ἕλκοντα
3336 2928 3604 2996 παραίτιος
3647 2926 3820 2990 ἐγένετο,

2340 3022 2416 3084 ὡς
2446 3021 2506 3074 οὐ
2551 3022 2731 3092 θέμις,
2776 3018 3142 3090 βαπτισθῆναι
3185 3021 3272 3084 είς
3327 3019 3424 3088 τὴν
3460 3019 3720 3089 ἐκκλησίαν
3749 3013 3822 3067 τῶν

2273 3139 2316 3200 c
2357 3114 2679 3184 Ἀρμενίων,
2717 3113 2916 3183 μηκέτι
2968 3113 3313 3177 ἐνεγκόντες,
3364 3111 3634 3181 ἐγγράφως
3673 3105 3820 3171 ἀναφέσ

2346 3221 2503 3277 ρουσι
2532 3206 2629 3258 καὶ
2677 3205 2946 3274 πρότερον
2984 3203 3051 3257 τὰ
3090 3204 3217 3273 περὶ
3251 3204 3445 3257 τούτου
3490 3199 3737 3260 συνιδικῶς
3760 3193 3823 3246 ἐπὶ

2343 3293 2436 3348 τοῦ
2465 3293 2906 3364 χρηματίσαντος
2935 3291 3042 3362 κῢρ
3077 3291 3358 3348 Φιλοθέου.
3387 3292 3535 3346 Μετά
3566 3290 3718 3358 μέντοι
3751 3301 3823 3336 πε-

2345 3383 2623 3454 ραδρομην
2651 3384 2752 3436 οὐκ
2771 3382 2955 3450 ὀλίγου
2984 3378 3181 3451 καιροῦ
3208 3381 3491 3453 ἀρχόντων
3519 3379 3678 3443 τινῶν,
3698 3389 3824 3444 πραγ-

2345 3473 2634 3543 ματευτῶν
2659 3475 2754 3527 καὶ
2783 3473 2891 3527 ἀπὸ
2920 3473 3033 3527 τῶν
3061 3473 3301 3527 ἐποίκων
3336 3472 3559 3527 πολιτῶν
3582 3473 3666 3538 τῆς
3689 3466 3819 3520 0:060-

2345 3567 2563 3633 ξάστου,
2593 3565 2960 3629 θεοφυλάκτου
2995 3566 3090 3618 καλ⁸
3137 3563 3566 3634 θεομεγαλύντου
3605 3563 3826 3615 Κωνστανο

2342 3656 2702 3718 τινουπόλεως
2731 3654 2789 3722 ἐξ
2825 3653 2980 3717 ἔθους
3026 3653 3170 3707 κατὰ
3202 3653 3298 3708 τὸν
3327 3656 3500 3708 ἐκεῖσε
3539 3655 3681 3706 τόπον
3731 3650 3824 3713 t9:-

2349 3747 2683 3817 κνουμένων,
2705 3747 2940 3815 ἐχόντων
2963 3747 3027 3800 ἐκ
3055 3745 3152 3799 τοῦ
3184 3745 3392 3815 τρόπου
3424 3746 3512 3801 καὶ
3535 3747 3622 3812 τῆς
3647 3739 3828 3803 συνειδῆ-

2348 3854 2485 3899 σεως
2509 3836 2571 3889 τὸ
2601 3835 2916 3901 ἀξιόπιστον
2946 3837 3042 3890 καὶ
3067 3837 3437 3908 ἐγνωσμένων
3455 3838 3610 3891 ὄντων
3631 3837 3699 3896 είς
3714 3831 3828 3886 τοῦτο

2346 3930 2458 3990 τοῖς
2487 3929 2622 3982 πᾶσι
2656 3927 2866 3998 σχεδὸν,
2891 3927 2986 3980 τοῦ
3015 3944 3075 3980 τε
3113 3927 3218 3996 κῦρ
3269 3929 3656 3984 Κωνσταντίνου
3681 3920 3827 3991 δηλαδὴ

2346 4018 2441 4072 τοῦ
2485 4019 2822 4088 Ἀγαπητοῢ,
2853 4019 2948 4073 τοῦ
3000 4020 3336 4088 αὖταδέλφου
3377 4019 3533 4074 αὑτοῦ
3572 4009 3826 4084 ’Λγαπητοῦο

2347 4111 2443 4165 τοῦ
2480 4112 2588 4166 ἀπὸ
2633 4111 2740 4164 τῶν
2773 4112 3063 4180 Πηγαῖτῶν
3093 4112 3523 4182 Σγουροπούλου,
3553 4109 3636 4162 τοῦ
3673 4108 3828 4168 Μονίμ-

2351 4200 2622 4254 6ασιώτου
2654 4199 2751 4254 καὶ
2781 4200 3008 4268 ἐτέρων,
3044 4201 3102 4252 ἐν
3129 4200 3334 4268 είδήσει
3369 4201 3459 4255 καὶ
3478 4198 3629 4265 πείρᾳ
3656 4187 3823 4260 γενομέ-

2351 4307 2459 4344 νων
2488 4290 2586 4344 καὶ
2645 4291 2875 4360 αύτοψεὶ
2907 4291 3122 4344 ίδόντων
3171 4291 3270 4354 τὰς
3301 4287 3654 4358 ἀπειρημένας
3685 4281 3826 4334 ταύτας

2313 4433 2320 4440 .
2352 4381 2448 4433 καὶ
2478 4382 2828 4450 παρανόμους
2863 4381 3094 4452 πράξεις
3114 4363 3282 4436 αὐτοῦ
3329 4385 3422 4437 καὶ
3447 4383 3530 4434 τὸν
3562 4375 3825 4448 οιτροιῑήκοντει

2281 4466 2325 4521 D
2354 4469 2514 4539 ζῆλον
2552 4469 2804 4522 ἐντεῦθεν
2838 4470 3220 4525 ἀναλαϐόντων
3250 4471 3344 4524 καὶ
3370 4467 3641 4528 συνοδικῶς
3662 4462 3721 4528 τῷ
3745 4459 3824 4509 τότε

2353 4559 2840 4629 παραγενομένων,
2898 4563 3287 4631 συμπαρόντος
3323 4562 3416 4614 καὶ
3473 4550 3823 4624 συνεδριὰζοντθῖ

2354 4653 2448 4705 καὶ
2483 4652 2648 4705 αὑτοῦ
2677 4653 2741 4723 δὴ
2768 4653 2860 4705 τοῦ
2901 4652 3174 4719 Ἀλανίας,
3212 4655 3495 4724 κεκίνηται
3540 4645 3740 4718 ἀκριϐῶς
3762 4633 3824 4689 καὶ

2352 4744 2422 4796 τά
2446 4745 2566 4797 κατ’
2619 4745 2785 4798 αὐτοῦ
2847 4746 3149 4814 αἰτιάματα
3193 4745 3290 4800 καὶ
3331 4746 3628 4814 ἐγκλήματα
3663 4737 3734 4788 ἐπὶ
3760 4728 3824 4791 τῆς

2357 4835 2510 4898 θείας
2555 4837 2650 4890 καὶ
2681 4838 2830 4906 ἱερᾶς
2861 4838 3192 4906 ὀμηγύρεως
3244 4839 3354 4890 τῶν
3389 4835 3669 4906 ίερωτάτων
3692 4827 3820 4892 tipr

2358 4927 2496 4995 ρέων
2527 4930 2620 4979 καὶ
2651 4928 2986 4998 ύπερτίμων,
3016 4929 3113 4981 κιαι)⁸
3135 4930 3282 4991 ὅπως
3315 4923 3716 4996 ἀνερυθριάστως
3732 4914 3823 4962 ἁπεο

2354 5019 2594 5087 τόλμησε
2621 5021 2715 5072 καὶ
2738 4996 3231 5088 ἐπεχειροτόνησεν
3255 5018 3542 5071 ἐπίσκοπον
3563 5015 3632 5071 είς
3652 5008 3727 5073 τὴν
3751 4996 3822 5049 τῶν

2355 5111 2689 5166 Καυκασίων
2719 5113 3075 5181 μητρόπολιν,
3117 5108 3583 5180 συνηριθμημένην
3609 5089 3822 5152 ἄνωθεντῇ

2358 5205 2482 5274 ἱερᾷ
2520 5173 2849 5274 συνόδῳ-κείί
2873 5206 2939 5272 τῇ
2976 5173 3363 5274 πατριαρχίκῗί
3388 5173 3596 5268 ἔθορείίέι
3629 5191 3704 5243 καὶ
3729 5185 3822 5279 5m.

2355 5295 2532 5364 κρίσει
2564 5295 2929 5362 ὑποκειμένην
2955 5295 3050 5345 καὶ
3085 5295 3187 5345 ὑπὸ
3207 5292 3304 5360 τὴν
3331 5287 3450 5343 καθ’
3475 5287 3603 5356 ἡμᾶς
3627 5278 3820 5330 τελοθυν

2357 5388 2665 5456 ἁγιωτάτην
2726 5386 3018 5453 καθολικὴν
3083 5387 3177 5437 καὶ
3228 5382 3574 5445 ἁποστολικὴν
3651 5366 3819 5424 Ἐκκλη-

2358 5495 2501 5542 σίαν,
2555 5479 2604 5530 εἰ
2656 5477 2751 5531 καὶ
2785 5476 3117 5549 σοφιστικῶς
3164 5477 3416 5543 ἐπειρᾶτο
3461 5462 3820 5534 συμπλάττεινῖι

2357 5571 2452 5621 καὶ
2479 5569 2784 5633 λανθάνειν,
2823 5575 3224 5638 σκηπτόμενος,
3263 5568 3448 5636 ἑτέραν
3495 5562 3580 5631 μὲν
3611 5553 3720 5608 dm

2356 5661 2462 5712 τῶν
2498 5662 2827 5714 Καυκασίων
2869 5661 3150 5728 συνοδικὴν
3203 5657 3405 5724 ταύτην
3446 5633 3820 5724 parm-nom.“

2356 5752 2455 5821 λην
2482 5753 2538 5806 δέ
2570 5754 2869 5822 τυγχάνειν
2925 5753 3227 5820 ἐπισκοπὴν
3255 5749 3346 5802 ὑπ’
3391 5747 3562 5809 αὑτὸν,
3591 5739 3673 5804 τὴν
3716 5727 3817 5782 οὕτω
