4094 6272
307 373 445 443 1349

1135 373 1478 436 ﬂALLISﬂ‘l
1519 373 1614 434 ΕΤ
1659 368 2083 434 PHILOTHEI
2118 369 2230 433 [ΣΡ.
2270 369 2740 432 PATRIARCH.

3424 368 3565 434 1350

305 507 423 554 πως
454 489 754 562 λεγομένην
779 484 1136 543 Καυκασίανο
1174 490 1476 556 ἐξετάσεως
1528 489 1664 560 γὰρ,
1708 489 1879 543 καθά·
1908 499 1954 556 Α
1981 502 2152 557 τεροι,
2186 487 2237 540 οἱ
2267 484 2554 548 Ταναῗται,
2592 487 2692 538 οὐκ
2747 480 2901 554 ἦσαν,
2932 481 3330 554 ἐπιδημοῦντες
3372 484 3566 539 ἐνταῦ-

307 595 416 648 περ
444 578 637 648 ἐχρῆν,
673 578 935 649 ἀκριϐοῦς
963 579 1263 650 γενομένης
1297 581 1393 634 καὶ
1428 581 1538 634 τῶν
1568 581 1878 634 κανονικῶν

310 670 509 740 βίϐλων
541 670 984 740 προτεθειμὲνων
1013 672 1095 734 είς
1127 672 1294 740 μέσον
1316 675 1412 725 καὶ
1436 675 1535 742 τῆς
1558 673 1876 743 ἀπαριθμή-

311 777 448 823 σεως
497 759 788 828 γεγονυίας
851 760 1256 830 λελογισμένως
1297 763 1408 816 τῶν
1455 781 1514 816 τε
1566 763 1878 834 ἑκασταχοῦ

317 852 703 921 μητροπόλεων
735 851 831 904 καὶ
860 851 968 904 τῶν
997 853 1376 921 ὑποκειμένων
1411 854 1634 917 ταύταις
1662 857 1882 907 ἐπισκορ

310 944 431 995 πῶν
463 943 605 996 κατὰ
635 942 735 1014 τήν
764 945 830 995 ἐκ
859 943 1094 997 παλαιοῦ
1121 945 1579 1015 ἐπικρατήσασαν
1598 947 1756 1012 τάξιν
1783 948 1882 1000 καὶ

310 1034 664 1088 ὑποτύπωσιν
699 1036 780 1098 εἰς
808 1035 908 1105 τὴν
936 1036 1036 1105 τῆς
1089 1037 1348 1108 ἀληθείας
1379 1039 1692 1110 ἀνεύρεσιν,
1733 1040 1884 1093 οὐδε-

315 1126 413 1194 μία
464 1141 551 1186 τις
598 1125 829 1195 εὕρηται
861 1127 1137 1195 ἐπισκοπὴ
1191 1128 1556 1200 εὑρισκομένη
1622 1131 1728 1183 ὑπδ
1783 1131 1884 1194 τὴν

323 1217 575 1279 Ἀλανίας
611 1219 644 1285 ή
677 1217 970 1272 Καυκασία
1023 1219 1315 1289 λεγομένη,
1347 1220 1423 1284 ὡς
1472 1222 1634 1285 αὐτος
1670 1239 1884 1292 προφα-

312 1307 595 1375 σιζόμενος
632 1308 836 1375 ἔλεγεν,
890 1309 1026 1363 ἀλλά
1088 1313 1249 1378 μόνον
1291 1312 1523 1383 εὓρηται
1571 1315 1691 1376 ταῖς
1749 1315 1882 1386 ἀλη-

315 1399 488 1462 θείαις
540 1401 877 1469 μητρόπολις
934 1403 1093 1472 ἡμῶν
1132 1405 1469 1458 Καυκασίων
1509 1405 1715 1461 ἄνωθεν
1763 1410 1884 1471 ταῖς

316 1489 623 1553 συνοδικαῖς
670 1493 1030 1561 μητροπόλεσι
1064 1495 1542 1568 ζσυνηριθμημένη
1593 1498 1737 1552 κατὰ
1791 1499 1884 1553 τὸν

314 1583 805 1652 ἀναγεγραμμένον
828 1587 1048 1656 τρόπον.
1078 1587 1354 1652 Ὡσαύτως
1376 1590 1602 1662 ἐκινήθη
1626 1593 1716 1644 καὶ
1743 1592 1887 1659 ἀπη-

314 1673 520 1743 λέγχθη
552 1674 828 1744 ἀριδήλως
878 1679 974 1731 καὶ
1003 1679 1152 1742 ὅπως
1212 1680 1302 1733 τὸν
1349 1681 1670 1748 ἐπίσκοπον,
1702 1683 1886 1736 ὅντινα

315 1763 488 1833 δήπου
533 1766 870 1833 παρανόμως
920 1769 1016 1821 καὶ
1054 1770 1423 1834 ἀκανονίστως
1479 1773 1887 1843 ἐχειροτόνησεν

1981 579 2071 632 θα.
2102 577 2344 645 Ἔφθασε
2396 577 2453 629 δὲ
2503 578 2598 629 καὶ
2633 579 2662 629 ὁ
2724 575 2954 644 ἀδελφὸς
3013 576 3202 641 αὐτοῦ,
3262 577 3417 644 παρὰ
3464 576 3564 647 τὴν

1978 672 2171 724 τούτου
2235 670 2416 722 αἰτίαν
2490 670 2618 730 τοὺς
2673 670 2841 738 ἱερεῖς
2905 667 3246 734 ἀδικοῦντος,
3307 667 3564 734 καθάπερ

1981 759 2372 830 ἀνωμολογήθη
2406 760 2560 826 παρά
2579 760 2688 812 τῶν
2709 760 2966 827 ἀνωτέρω
2987 760 3296 828 εἰρημένων
3332 759 3568 812 πολιτῶν

1981 852 2074 904 καὶ
2151 849 2616 919 πραγματευτῶν,
2675 852 3079 920 προσχωρήσας
3140 852 3256 910 τοῖς
3328 851 3566 918 Πέρσαις

1981 943 2070 994 διὰ
2096 943 2158 995 τὸ
2181 943 2256 1012 μή
2285 941 2576 1011 βούλεσθαι
2610 941 2927 1006 ἀποδοῦναι,
2961 943 3093 1012 ὅσην
3125 941 3176 995 οἰ
3211 944 3378 1013 ίερεῑς
3433 959 3566 995 κατ-

1985 1033 2243 1088 εϐάλοντο
2272 1034 2473 1101 ἔξοδον,
2533 1035 2862 1098 ἀπελθόντες
2911 1037 2970 1100 ἐξ
3027 1035 3209 1099 αἰτίας
3270 1034 3437 1088 αὐτοῦ
3487 1036 3567 1095 εἰς

1983 1128 2076 1180 τὸν
2133 1127 2342 1194 Χάνην,
2408 1129 2505 1179 καὶ
2549 1128 2876 1197 συνθέμενος
2932 1131 2998 1198 τῇ
3053 1129 3260 1182 τούτων
3320 1128 3566 1196 ἀσεϐεὲᾳ,

1988 1217 2488 1300 μουσουλμανίσας,
2552 1221 2781 1273 πλεῖστα
2846 1219 3207 1274 καθικέτευσε
3270 1219 3568 1281 συνοδικῶς

1987 1310 2087 1378 τὴν
2112 1309 2272 1377 ήμῶν
2306 1311 2640 1380 μετριότητα
2673 1311 2766 1362 καὶ
2815 1314 2998 1364 πᾶσαν
3049 1312 3149 1380 τὴν
3209 1311 3340 1380 περὶ
3396 1310 3568 1377 αὐτὴν

1990 1401 2140 1464 ἰεράν
2171 1402 2531 1472 ἀδελφότητα,
2553 1402 2631 1465 ὡς
2661 1402 2727 1456 ἀν
2753 1403 2992 1467 μάλιστα
3020 1403 3106 1456 διὰ
3150 1403 3212 1456 τὸ
3243 1400 3566 1470 ἐπιστρέψαι

1987 1492 2095 1543 ἀπὸ
2131 1492 2230 1560 τῆς
2257 1493 2470 1559 πλάνης
2528 1493 2623 1546 καὶ
2684 1494 2938 1556 ἀσεϐείας
2982 1496 3134 1548 τόνδε
3186 1494 3280 1546 τὸν
3341 1493 3568 1560 ἀδελφόν

1988 1582 2151 1635 αὑτοῦ
2181 1583 2324 1655 λάϐῃ
2354 1585 2448 1638 ἐπί
2480 1603 2605 1639 τινα
2639 1585 2898 1656 καιρικὴν
2955 1586 3302 1655 προθεσμίαν
3358 1585 3420 1637 τὸ
3481 1586 3568 1636 ἐν-

1987 1671 2230 1741 δόσιμον,
2266 1674 2363 1727 καὶ
2390 1676 2604 1748 ἀπέλθῃ
2627 1677 2722 1728 ἐπὶ
2758 1677 2931 1743 τούτῳ
2957 1677 3160 1742 ἐκεῖσε,
3223 1675 3568 1741 καθυποσχό-

1993 1780 2154 1831 μενος
2192 1765 2262 1817 δι’
2293 1766 2649 1837 οἰκειοχείρου
2704 1768 3033 1839 γράμματος
3102 1768 3268 1821 αὑτοῦ
3329 1767 3423 1819 καὶ
3462 1766 3570 1836 ἰδίᾳ

318 1855 399 1918 εἰς
421 1857 525 1925 τήν
559 1856 872 1927 ἀγιωτάτην
910 1862 1251 1932 μητρόπολιν
1287 1865 1644 1928 Καυκασίων,
1680 1866 1886 1919 συνοδι-
1917 1867 1957 1922 Β
1987 1855 2277 1926 ὑπογραφῇ
2317 1860 2757 1928 πεπιστωμένουν
2781 1860 3069 1924 ἐπιστῆναι
3107 1860 3568 1929 ἀλογοπραγήτως

319 1948 421 2018 κὴν
451 1949 637 2014 οὖσαν,
690 1957 1149 2026 χειροτονήσαντα
1203 1957 1297 2012 τδν
1347 1959 1593 2013 τοιοῦτον
1633 1965 1726 2014 καὶ
1757 1979 1888 2030 προ-

317 2038 618 2094 ϐιϐάσαντα
682 2044 763 2105 εἰς
823 2045 970 2114 ἱερέα
1021 2049 1141 2101 τινὰ
1199 2049 1476 2120 ἀθέσμως,
1531 2052 1628 2105 άτε
1668 2051 1732 2121 δὴ
1766 2069 1888 2106 συν·

317 2131 558 2199 αφθέντα
614 2135 872 2200 γυναικὶ,
939 2135 1000 2201 ἐξ
1057 2139 1242 2207 ἐτέρου
1298 2139 1434 2212 οῦσῃ
1529 2142 1724 2211 ἀνδρὸς
1793 2145 1888 2195 καὶ

315 2221 648 2293 χηρευούσῃ,
698 2225 793 2278 καὶ
836 2227 918 2288 είς
958 2229 1274 2297 τούμφανὲς
1321 2233 1401 2294 εἰς
1457 2233 1616 2286 τοῦτο
1664 2233 1889 2301 ἐξελεγ-

318 2310 541 2379 χθέντα,
596 2313 686 2366 διὰ
734 2313 912 2367 ταῦτα
959 2316 1176 2369 καθεῖλε
1226 2317 1376 2371 τόνδε
1421 2319 1512 2371 τὸν
1563 2319 1886 2382 ἐπίσκοπον,

319 2400 416 2452 καὶ
444 2401 537 2453 τὸν
567 2402 729 2456 αὐτὸν
755 2405 918 2456 πάλιν
941 2404 1338 2476 δεξιωσάμενον
1385 2407 1603 2473 ἔπειτα,
1666 2410 1890 2463 αὐτονό-

321 2508 409 2559 μῳ
436 2494 630 2564 γνώμῃ
661 2497 756 2550 καὶ
779 2497 930 2566 παρά
959 2497 1056 2566 τὴν
1072 2498 1180 2551 τῶν
1204 2499 1365 2552 θείων
1381 2503 1476 2553 καὶ
1515 2501 1680 2572 ίεριῖν
1729 2501 1890 2554 κανό-

205 2611 208 2614 ~
320 2597 428 2634 νων
457 2585 868 2654 παρατήρησιν,
901 2587 963 2639 οὗ
1001 2589 1163 2657 μόνον
1193 2591 1595 2662 συγχωρήσεως
1631 2593 1890 2662 ἠξίωσεν,

319 2672 459 2726 ἀλλά
497 2672 591 2725 καὶ
649 2676 1168 2749 συνελειτούργησεν
1223 2679 1395 2748 αὐτῷ,
1439 2681 1529 2734 ὅτε
1571 2681 1633 2752 δὴ
1681 2683 1893 2751 φθάσας

321 2763 701 2835 ἐχειροτόνησε
724 2765 818 2820 τὸν
851 2769 1086 2837 Σαραῖου
1122 2773 1445 2836 ἐπίσκοπον,
1466 2774 1716 2838 δεδωκὼς
1751 2775 1891 2831 ἀδει-

320 2871 388 2906 αν
408 2855 701 2920 ἀκωλύτως
725 2859 1048 2929 ἱερουργεῖν,
1092 2861 1281 2933 ῶσπερ
1317 2863 1384 2918 ἂν
1410 2866 1459 2918 εἰ
1490 2864 1658 2936 μηδέν
1695 2883 1750 2920 τι
1791 2885 1892 2938 μη-

322 2945 511 3016 δαμῶς
543 2951 1010 3020 προσκεκρουκὼς
1036 2955 1150 3016 τοῖς
1184 2955 1407 3009 κανόσιν
1463 2957 1661 3028 ἐφάνη,
1695 2957 1833 3027 πρὸς
1864 2957 1893 3010 δ

322 3029 513 3109 δήκαὶ
565 3043 673 3094 ἀπὸ
709 3044 975 3114 στόματος
1039 3049 1330 3115 συνοδικῶς
1379 3050 1744 3123 διωμολόγησε
1799 3053 1895 3107 καὶ

323 3133 611 3204 πρότερον,
641 3134 716 3206 μή
741 3136 1041 3208 δυνάμενος
1071 3141 1209 3212 πρός
1236 3143 1336 3213 τήν
1366 3143 1627 3213 ἀλήθειαν
1674 3145 1894 3214 ἀπομά-

1989 1948 2054 2016 τῇ
2080 1947 2201 1999 καθ’
2226 1949 2376 2016 ἡμᾶς
2407 1951 2527 2020 ἰερᾷ
2553 1952 2643 2004 καὶ
2665 1953 2783 2022 θείᾳ
2811 1954 3012 2022 συνόδῳ
3066 1954 3162 2006 καὶ
3217 1951 3567 2019 ἀπολογήσα-

1993 2037 2118 2090 σθαι
2138 2038 2234 2090 καὶ
2259 2039 2350 2090 ἐπὶ
2388 2041 2497 2102 τοῖς
2527 2041 2740 2110 ἑτέροις
2768 2044 3127 2112 ἐγκλήμασιν,
3158 2043 3242 2109 ἐφ’
3293 2036 3376 2103 οἷς
3398 2059 3568 2109 κατη-

1993 2129 2232 2197 γορεῖτο,
2258 2128 2328 2181 δι’
2354 2130 2476 2184 ὅλου
2513 2132 2608 2184 τοῦ
2641 2135 3007 2205 παρελθόντος
3074 2135 3409 2204 Ὀκτωϐρίου
3465 2151 3568 2204 μη-

1991 2218 2107 2282 νὸς,
2169 2219 2264 2274 ἀτε
2325 2220 2392 2290 δὴ
2455 2224 2554 2275 καὶ
2616 2225 2723 2278 τῶν
2789 2227 3324 2296 ἀντικαθισταμένων
3390 2226 3570 2295 τούτῳ

1993 2311 2444 2379 μετακληθέντων
2474 2314 2568 2366 καὶ
2598 2319 3061 2386 παραγενομένων
3092 2334 3108 2348 ⁸
3141 2320 3266 2370 ἐπεὶ
3295 2318 3355 2372 δδ
3404 2318 3568 2381 αὐτὸς
3640 2374 3652 2385 ,

1995 2403 2095 2468 μὲν
2125 2401 2394 2469 ἐψεύσατο
2445 2405 2545 2473 τήν
2598 2406 2912 2475 ὑπόσχεσιν,
2968 2411 3015 2460 οί
3071 2409 3129 2462 δὲ
3181 2409 3568 2479 διαληφθέντες

1996 2490 2160 2556 ἰερεῐς
2188 2487 2331 2562 ἦσαν
2360 2495 2427 2562 τῇ
2463 2496 2730 2568 ἐκκλησίᾳ
2759 2500 3220 2574 προσεδρεύοντες
3267 2501 3363 2555 καὶ
3398 2517 3568 2570 προσ-

1991 2578 2498 2652 ταλαιπωρούμενοι
2546 2586 2777 2661 πλείστῃ
2824 2591 3173 2660 κακοπαθείᾳ
3207 2591 3304 2644 καὶ
3357 2592 3568 2644 ἑαυτῶν

1991 2685 2057 2737 γε
2076 2671 2185 2722 τῶν
2215 2671 2532 2740 ἀναγκαίων
2553 2679 3050 2748 κατατρυχόμενοι,
3089 2681 3343 2734 συνοδικά
3373 2681 3566 2750 ,ψηφί-

1993 2776 2178 2831 σματα
2237 2763 2503 2827 πολλάκις
2553 2765 2650 2820 καὶ
2701 2766 2975 2838 διαφόρως
3019 2770 3369 2842 ἀπελύθησαν
3428 2772 3565 2842 πρὸς

1993 2855 2157 2905 αὐτὸν
2220 2855 2315 2907 ἐπὶ
2372 2855 2454 2927 τῷ
2517 2857 2813 2925 ἀφικέσθαι
2870 2862 3298 2933 ἀπροφασίστως
3349 2865 3430 2928 είς
3469 2866 3568 2934 τὴν

1997 2941 2212 2995 σύνοδον
2236 2947 2347 3010 καὶ,
2373 2945 2428 2998 εῖ
2449 2961 2516 3014 γε
2541 2947 2779 3013 δύναιτο,
2804 2950 3252 3024 ἀπολογήσασθαι
3284 2958 3416 3025 περ)⁴
3456 2956 3566 3009 τῶν

1995 3034 2447 3105 ἐπενηνεγμένων
2496 3044 2625 3093 κατ’
2675 3040 2842 3094 αὐτοῦ
2889 3045 3146 3099 τοιούτων
3199 3047 3564 3116 αἰτιαμάτων,

1996 3125 2244 3196 δοθείσης
2272 3130 2370 3182 καὶ
2395 3131 2560 3185 πάλιν
2590 3133 2742 3204 αὐτῷ
2770 3135 2966 3207 ἐτέρας
3016 3139 3276 3209 καιρικῆς
3319 3139 3566 3210 διωρίας,

324 3197 540 3292 χέσθαξ.
582 3197 780 3295 uim-‘5‘
803 3197 903 3296 μὲξ,
933 3197 1126 3284 οὖν’τδί
1153 3197 1525 3301 πξρίτούτέυ,
1546 3197 1550 3198 ί
1574 3197 1689 3289 καί
1735 3197 1895 3306 μένον
1920 3197 1968 3260 C
2001 3219 2191 3286 μέχρις
2217 3219 2314 3272 καὶ
2341 3220 2462 3275 ὅλου
2486 3221 2685 3296 δηλαδὴ
2713 3197 2808 3278 τοῦ
2832 3197 3194 3298 παρελθόντος
3231 3197 3566 3300 Ἆπριλλίου,

322 3310 496 3374 οὕτως
521 3313 970 3387 ἀποδεδειγμένα,
998 3321 1318 3392 καθαιρέσει
1348 3325 1556 3378 ἐκεῖνον
1582 3325 1895 3379 ὑποϐαλεῖν

323 3405 377 3456 εἰ
415 3406 524 3475 γάρ
570 3409 724 3478 ἀνδρὶ
776 3411 944 3477 παγὶς
1007 3414 1205 3483 ίσχυρά
1261 3416 1328 3468 τά
1381 3416 1489 3470 ἴδια
1540 3418 1711 3487 χείλη,
1763 3419 1896 3488 φησί

323 3492 603 3563 Σολομὼν,
655 3498 750 3550 καὶ
801 3497 984 3568 λόγοις
1041 3503 1244 3555 οἰκείου
1293 3506 1558 3574 στόματος
1615 3507 1896 3560 ἁλίσκεται

322 3585 584 3653 ἕκαστος,
610 3588 791 3659 πολλῷ
822 3607 886 3658 γε
925 3592 1124 3661 μᾶλλον
1153 3597 1182 3646 ό
1207 3596 1298 3650 ἐπὶ
1320 3595 1414 3650 τοῦ
1439 3597 1586 3666 ἱεροῦ
1618 3597 1893 3651 συνοδικοῦ

322 3676 676 3747 δικαστηρίου
735 3681 831 3734 καὶ¹
889 3684 987 3752 τῆς
1051 3685 1374 3756 Ἐκκλησίας
1426 3687 1611 3756 σχεδὸν
1675 3689 1894 3758 ἀπάσης

324 3768 489 3832 αὐτὸς
519 3763 613 3836 ἀφ’
638 3769 858 3836 ἐαυτοῦ,
921 3774 996 3838 ῶς
1048 3775 1290 3846 εἴρηται,
1348 3778 1762 3848 διομολογήσας,
1812 3781 1894 3833 ὅτι

322 3858 384 3910 οὺ
407 3858 474 3911 δι’
502 3859 687 3928 ἕτερόν
708 3879 762 3914 τι
815 3863 1038 3917 καθεῖλε
1089 3866 1184 3919 τὸν
1229 3869 1305 3931 ὠς
1355 3868 1516 3938 δῆθεν
1563 3869 1900 3924 Καυκασίων

324 3950 653 4020 παρανόμως
681 3956 1127 4026 χειροτονηθέντα
1158 3958 1236 4022 εἰς
1287 3959 1386 4031 τὴν
1432 3962 1715 4033 συνοδικὴν
1762 3963 1896 4017 ταύ-

323 4057 426 4110 την
460 4042 771 4115 ἀγιωτάτην
802 4047 1157 4116 μητρόπολιν,
1190 4051 1239 4102 εἰ
1268 4053 1343 4121 μὴ
1368 4051 1454 4106 διά
1483 4053 1546 4106 τὸ
1568 4053 1894 4122 ἀφυλάκτως

324 4133 426 4201 τὴν
453 4134 792 4202 χειροτονίαν
829 4139 1038 4191 ἐκεῖνον
1076 4141 1408 4210 ποιήσασθαι
1457 4142 1552 4196 τοῦ
1598 4144 1893 4213 πρεσϐυτέ-

327 4240 424 4294 ρου
456 4225 669 4280 ἐκείνου
705 4228 799 4280 τοῦ
824 4231 1046 4294 γυναικί
1081 4233 1389 4303 χηρευούσῃ
1458 4235 1891 4306 συνεζευγμένου

324 4315 422 4366 καὶ
451 4313 510 4378 ἐξ
537 4315 728 4387 ἐτέρου
759 4317 898 4392 οὔσῃ
925 4320 1139 4391 ἀνδρὸς,
1170 4323 1247 4384 ὡς
1300 4323 1614 4394 δεδήλωται,
1663 4327 1894 4382 ἐνταῦθα

321 4403 417 4456 τοῦ
448 4404 581 4458 Θεοῦ
603 4408 835 4477 μάλιστα
870 4411 1310 4477 συνελαύνοντος,
1353 4416 1430 4479 ὠς
1481 4417 1581 4487 τὴν
1636 4419 1894 4489 ἀλήθειαν

323 4494 642 4567 ἁπανταχοῦ
669 4501 1098 4567 ἐπευδοκοῦντος
1125 4509 1348 4576 κρατεῖν
1376 4508 1472 4562 καὶ
1517 4512 1890 4580 παρῤησιάζε-
1923 4523 1966 4579 Ι)

324 4584 474 4650 σθαι,
505 4588 602 4640 σὺν
631 4589 754 4660 δίκῃ
777 4591 1234 4662 ἐμπεδηθήσεται,
1265 4595 1340 4658 ὥς
1400 4615 1543 4652 τισιν
1593 4601 1892 4672 ἀρρήκτοις

324 4673 517 4738 πέδαις
541 4680 1038 4750 περισφιγγόμενος
1079 4685 1191 4746 τοῖς
1232 4685 1434 4753 χείλεσι
1485 4689 1598 4751 τοῖς
1651 4691 1890 4752 οἰκείοις.

324 4764 544 4820 Τούτων
604 4769 662 4820 δέ
717 4768 860 4824 οὕτω
917 4776 1445 4845 προκεχωρηκότων,
1503 4779 1625 4830 ἐπεὶ
1677 4779 1895 4851 εύδοκίᾳ

324 4852 464 4907 Θεοῦ
486 4855 739 4926 εἰσῆλθεν
766 4861 795 4913 ό
821 4862 1112 4931 κράτιστος
1137 4867 1230 4917 καὶ
1274 4865 1430 4932 ἀγιός
1481 4885 1581 4936 μου
1627 4869 1894 4938 αὐτοκρά-

323 4961 442 5013 τωρ
497 4948 814 5016 παραδόξως
845 4953 924 5014 είς
962 4953 1062 5023 τὴν
1118 4953 1481 5024 θεοδόξαστον,
1524 4959 1894 5027 θεοφύλακτον

327 5038 426 5090 καὶ
456 5035 891 5107 θεομεγάλυντον
920 5045 1122 5113 ταύτην
1179 5049 1772 5118 Κωνσταντινούπολιν,
1819 5053 1897 5105 δι-

327 5129 665 5193 καιώσαντος
697 5133 861 5186 αὑτὸν
888 5133 983 5187 τοῦ
1014 5135 1152 5189 Θεοῦ
1200 5140 1342 5193 κατά
1382 5139 1445 5192 τὸ
1499 5142 1699 5212 προσὸν
1745 5142 1896 5210 αὑτῷ

325 5222 626 5288 περιφανὲς
653 5222 860 5278 δίκαιον
894 5228 974 5290 εἰς
1001 5229 1101 5299 τὴν
1127 5234 1457 5304 προγονικὴν
1502 5237 1598 5288 καὶ
1622 5237 1896 5306 πατρικὴν

326 5310 494 5362 αὑτοῦ
519 5311 714 5383 ἀρχὴν,
748 5313 838 5367 διὰ
886 5317 947 5368 τὸ
1005 5317 1270 5388 θεοφιλῶς
1329 5322 1632 5393 βασιλεύειν
1687 5328 1782 5378 καὶ
1839 5329 1897 5378 ἐν

326 5399 508 5453 ἅπασι
533 5402 644 5462 τοῖς
679 5403 988 5468 καλλίστοις
1027 5406 1378 5477 διαλάμπειν,
1440 5412 1538 5482 οὐχ
1602 5414 1803 5483 ἥκιστα
1841 5415 1898 5466 δὲ

325 5491 713 5563 φιλανθρωπίᾳ
770 5511 830 5546 τε
888 5497 982 5548 καὶ
1046 5502 1372 5569 χρηστότητι
1432 5505 1522 5556 καὶ
1560 5504 1895 5576 δικαιοσύνῃ.

336 5582 650 5652 Ἐπανῆλθε
684 5584 764 5651 δὲ,
801 5587 962 5640 αὑτοῦ
1019 5591 1112 5642 τοῦ
1169 5591 1304 5644 Θεοῦ
1359 5596 1769 5660 συναιρομένου,
1834 5599 1898 5648 ἐκ

324 5671 429 5741 τῆς
461 5672 759 5743 ὑπερορίας
786 5678 1002 5748 ἐκείνης
1035 5680 1130 5732 καὶ
1172 5682 1204 5748 ή
1266 5689 1548 5754 μετριότης
1596 5685 1752 5754 ήμῶν
1817 5689 1896 5749 είς

324 5764 430 5829 τὴν
465 5762 790 5832 Ἐκκλησίαν
815 5767 1001 5835 αὐτῆς.
1037 5768 1099 5819 Οἰ
1125 5768 1178 5820 δέ
1240 5785 1300 5835 γε
1363 5771 1619 5838 ῥηθέντες
1667 5772 1898 5839 πρεσϐύ-

1996 3308 2162 3362 τῶνδε
2193 3312 2303 3363 τῶν
2328 3310 2523 3381 ἱερέων
2553 3316 2696 3369 κατά
2725 3317 2817 3370 τὸν
2843 3318 3028 3386 ὅμοιον
3081 3321 3284 3390 τρόπον
3332 3321 3566 3376 ἐνταῦθα

1997 3401 2481 3470 κατατριϐομένων
2547 3407 2642 3459 καὶ
2696 3406 2798 3478 τὴν
2850 3411 3121 3480 τοσαύτην
3181 3413 3566 3480 ὑφισταμένων

1995 3493 2374 3564 ταλαιπωρίαν
2445 3496 2543 3550 καὶ
2613 3499 2988 3554 κακοπάθειαν
3063 3502 3157 3555 καὶ
3210 3503 3309 3573 τὴν
3357 3504 3566 3557 ἐκείνου

1995 3583 2180 3652 ἄφιξιν
2211 3587 2593 3653 ἀναμενόντων
2644 3591 2741 3642 καὶ
2795 3589 3234 3647 διαϐιϐασάντων
3287 3595 3350 3648 οὐ
3404 3596 3565 3664 μόνον

1993 3673 2094 3744 τὴν
2122 3675 2243 3727 τότε
2268 3675 2362 3728 τοῦ
2403 3679 2723 3748 μετοπώρου
2773 3680 2941 3750 ὥραν,
2990 3683 3128 3737 ἀλλά
3167 3687 3262 3738 καὶ
3326 3687 3425 3756 τὴν
3470 3685 3566 3739 τοῦ

1995 3765 2292 3834 χειμῶνος,
2329 3767 2428 3836 ’ήδη
2457 3767 2513 3820 δὲ
2547 3769 2642 3821 καὶ
2672 3773 2902 3842 ταυτηνὶ
2930 3775 3116 3843 σχεδὸν
3162 3774 3261 3845 τήν
3322 3776 3417 3828 τοῦ
3461 3777 3564 3828 ἐνι-

1999 3857 2263 3925 σταμένου
2291 3857 2505 3928 Θέρους.
2549 3861 2761 3932 Προέϐη
2806 3863 2990 3930 μέντοι
3021 3867 3116 3920 καὶ
3163 3862 3320 3930 αὖθις
3361 3868 3564 3921 συνοδι-

1995 3948 2089 3999 κὸν
2119 3948 2380 4017 ψήφισμα
2413 3949 2549 4016 πρὸς
2581 3952 2745 4005 αὑτὸν
2798 3954 3080 4023 ἐμϐριθῶς
3129 3959 3188 4010 ἐν
3247 3959 3442 4028 ἰσχυρᾷ
3482 3957 3564 4028 βε-

1996 4037 2224 4091 ϐαιώσει
2278 4043 2762 4109 ἐπιφωνούμενον,
2829 4045 2945 4112 ὡς,
3008 4047 3169 4117 εῖπερ
3230 4050 3327 4101 καὶ
3377 4049 3564 4116 πάλιν,

1995 4132 2473 4199 περιφρονητικῶς
2499 4132 2788 4199 διατεθεὶς,
2820 4136 2918 4189 οὐκ
2951 4138 3260 4208 ἀπαντήσει
3288 4139 3436 4202 ἐντὸς
3466 4142 3566 4210 τῆς

1995 4219 2396 4292 ἀποταχθείσης
2420 4223 2640 4293 διωρίας
2673 4228 2817 4280 κατά
2878 4228 3078 4298 πολλήν
3133 4232 3562 4297 συγκατάϐασιν,

1997 4312 2171 4382 ήγουν
2196 4314 2290 4366 τοῦ
2323 4313 2686 4384 παρελθόντος
2757 4318 3093 4388 Ἀπριλλίου,
3131 4321 3207 4384 ὡς
3248 4321 3564 4393 δεδήλωται,

1994 4403 2068 4466 ὡς
2101 4407 2454 4476 καταφρονῶν
2485 4408 2587 4477 μὲν
2616 4410 2711 4463 καὶ
2752 4411 2849 4480 τῆς
2889 4414 3001 4467 τῶν
3047 4414 3205 4467 θείων
3257 4419 3352 4471 καὶ
3403 4417 3565 4485 ιερῶν

1996 4495 2236 4548 κανόνων
2265 4498 2721 4566 παρακελεύσεώς
2765 4516 2825 4554 τε
2851 4504 2946 4555 καὶ
3006 4503 3321 4569 διατάξεως,
3356 4506 3564 4561 ἀθετῶν

1995 4586 2166 4639 δὲκαὶ
2189 4585 2284 4656 τὴν
2317 4589 2453 4658 πρὸς
2490 4589 2589 4656 τὴν
2623 4590 2837 4642 σύνοδον
2894 4593 3031 4646 ίδίαν
3059 4594 3355 4663 ὑπόσχεσιν
3397 4596 3564 4649 αὐτοῦ

1994 4677 2460 4746 ὁμολογουμένως,
2527 4680 2848 4749 καθαιρέσει
2911 4683 3350 4753 ὑποϐληθήσεται
3403 4687 3565 4739 ἕνεκα

1985 4765 2104 4822 ’τῶν
2127 4769 2595 4838 ἀποδεδειγμένων
2621 4771 2745 4824 κατ’
2772 4772 2938 4825 αὐτοῦ
2989 4775 3248 4827 τοιούτων
3283 4776 3566 4846 ἐγκλημά-

1996 4875 2126 4919 των,
2154 4855 2223 4910 δι’
2251 4851 2326 4909 ὧν
2354 4860 2466 4920 τοῖς
2493 4860 2713 4911 κανόσιν
2752 4860 2925 4929 ἐφάνη
2978 4864 3440 4931 προσκεκρουκὼς
3469 4869 3564 4919 καὶ

1997 4949 2430 5018 ἐμπαροινήσας.
2469 4949 2704 5013 Ἐκεῖνος
2736 4952 2917 5018 μέντοι
2985 4968 3050 5020 γε
3101 4955 3198 5007 καὶ
3264 4955 3563 5027 διαρρήδην

1997 5037 2422 5106 διωμολόγησεν,
2480 5037 2560 5090 ἔτι
2611 5040 2890 5110 ἐπιδημῶν
2936 5042 3190 5106 ἐνταῦθα,
3242 5046 3564 5116 ὑπεραλγῶν

1997 5127 2157 5196 δῆθεν
2187 5129 2278 5180 ἐπὶ
2316 5131 2383 5198 τῇ
2450 5128 2656 5199 ψυχικῇ
2714 5131 2961 5204 ἀπωλείᾳ
3008 5134 3102 5187 τοῦ
3159 5136 3411 5205 ἀδελφοῦ,
3464 5139 3561 5202 ὡς,

1999 5219 2157 5289 εἴπερ
2190 5220 2447 5274 ἀπεδίδου
2481 5223 2578 5291 τὴν
2608 5224 3050 5294 καταϐληθεῖσαν
3078 5230 3232 5299 παρὰ
3259 5230 3422 5282 τῶνδε
3453 5231 3564 5280 τῶν

2000 5311 2191 5380 ίερέων
2225 5301 2420 5377 Ego/60v,
2453 5314 2796 5369 ἀπελθόντων
2823 5317 2882 5382 ἐξ
2915 5303 3095 5381 αἰτίας
3135 5319 3300 5378 αὑτοῦ
3327 5321 3405 5381 είς
3466 5321 3559 5371 τὸν

2002 5400 2206 5471 Χάνην,
2257 5403 2510 5474 καθάπερ
2533 5407 2745 5476 εἴρηται
2773 5408 3053 5480 ἀνωτέρω,
3084 5409 3377 5462 κάντεῦθεν
3406 5426 3565 5463 κατε-

2001 5494 2235 5545 παύοντο
2261 5494 2354 5544 καὶ
2385 5497 2451 5546 τά
2478 5497 2775 5564 ἐπιφυέντα
2803 5499 3097 5566 σκάνδαλα,
3133 5501 3230 5552 οὐκ
3257 5500 3324 5554 ἂν
3351 5501 3379 5551 ὁ
3417 5500 3566 5553 ἀδελ-

2003 5585 2211 5653 φὸς,ὼ;
2250 5587 2324 5654 μὴ
2351 5584 2646 5658 ὤφελε,τῷ
2680 5591 3174 5660 μουσουλμανισμῷ
3207 5596 3562 5660 περιέπιπτε.

2001 5677 2435 5747 Μεμαρτύρηται
2455 5679 2510 5731 δὲ
2529 5681 2795 5749 ἀριδήλως
2811 5682 2880 5734 τὰ
2902 5682 3031 5751 περὶ
3057 5683 3246 5737 τούτου
3291 5685 3384 5738 καὶ
3414 5684 3569 5755 παρά

2001 5771 2108 5823 τῶν
2163 5770 2465 5837 ίερωτάτων
2517 5773 2817 5842 ἀρχιερέων
2866 5775 2958 5827 καὶ
3015 5777 3353 5846 ὑπερτίμων,
3385 5775 3477 5833 τοῦ
3503 5791 3566 5831 τε
