4026 6264
251 338 390 410 1353

1086 343 1436 406 CALLISTI
1476 343 1573 404 ET
1600 317 2031 404 PH'ILOTHEI
2068 341 2179 403 ap.
2229 337 2690 407 mmmam.

3369 324 3503 391 1354

254 455 544 531 μετριότης
581 453 740 526 ήμῶν
792 453 1169 525 ἀναδεξαμένη
1217 456 1325 508 ἀπὸ
1357 453 1492 508 Θεοῦ
1525 453 1622 523 τὴν
1652 453 1831 507 οἱκου-
1857 459 1903 514 ,Δ
1935 449 2033 519 φὸς
2066 452 2162 506 καὶ
2191 447 2608 517 συλλειτουργὸς
2634 445 2732 514 τῆς
2766 441 2926 514 ἡμῶν
2954 440 3335 511 μετριότητος.
3367 440 3505 510 ἀνὴρ

257 551 484 624 μενικὴν
523 549 634 605 τῶν
665 547 854 619 ψυχῶν
882 546 1221 619 προστασίαν
1270 547 1378 602 τῶν
1417 545 1674 601 ἀπάντων
1696 546 1832 615 Χρι-

257 644 508 706 στιανῶν,
541 641 630 695 διὰ
663 640 944 710 φροντίδος
991 636 1106 712 εἶχε
1154 641 1250 695 καὶ
1281 641 1547 711 πρότερον
1591 641 1830 708 ἐγκατα-

257 735 452 803 στῆσαι
487 733 759 804 ἀρχιερέα
788 734 885 787 καὶ
911 733 1006 786 ἐπὶ
1037 735 1108 803 τῇ
1141 732 1261 786 καθ’
1294 733 1440 801 ὑμᾶς
1466 732 1640 802 ταύτῃ
1665 733 1833 800 ἀγιω-

255 826 392 898 τάτῃ
419 824 753 895 μητροπόλει
777 838 792 854 ·
817 823 942 876 ἐπεὶ
966 823 1024 878 δὲ
1051 822 1255 894 ἀρτίως
1281 821 1578 876 κατέλαϐεν
1599 819 1834 876 ἐνταῦθα

259 916 288 969 ὁ
319 913 522 986 ἀρτίως
545 913 842 985 ψηφισθεὶς
893 914 988 968 καὶ
1032 913 1435 984 χειροτονηθεὶς
1479 913 1702 982 γνήσιος
1738 913 1836 982 ἀρ-

259 1009 477 1078 χιερεὺς
510 1007 605 1060 ἐπὶ
627 1008 756 1077 τῇδε
795 1010 861 1079 τῇ
895 1007 1176 1080 ἁγιωτάτῃ
1215 1006 1507 1077 ἐκκλησία,
1535 1006 1835 1076 ύπέρτιμος

259 1102 352 1156 καὶ
378 1101 603 1171 ἔξαρχος
625 1100 734 1154 τῶν
763 1087 1058 1161 Κύκλάδων
1109 1104 1313 1167 νήσων,
1366 1102 1651 1172 ἀγαπητὸς
1693 1100 1836 1154 κατά

258 1195 460 1266 Κύριον
517 1195 750 1264 ἀδελφὸς
802 1197 898 1250 καὶ
952 1197 1367 1266 συλλειτουργὸς
1401 1197 1504 1267 τῆς
1545 1195 1704 1266 ἡμῶν
1738 1212 1837 1265 με-

257 1289 566 1360 τριότητος,
615 1287 755 1359 ἀνὴρ
781 1289 1018 1359 εὐλαϐὴς
1049 1291 1144 1343 καὶ
1202 1291 1457 1360 ἐνάρετος
1507 1290 1601 1344 καὶ
1653 1291 1838 1354 ἱκανὸς

258 1377 445 1446 ψυχῶν
489 1378 852 1448 προΐστασθαι
900 1381 995 1433 καὶ
1039 1383 1419 1451 χειραγωγεῖν
1473 1381 1648 1444 αὑτὰς
1697 1382 1838 1450 πρὸς

259 1470 356 1538 τὴν
409 1470 682 1540 σωτηρίαν
708 1470 892 1538 λόγοις
935 1471 1030 1525 καὶ
1078 1472 1442 1541 παραινέσεσι
1480 1474 1598 1534 ταῖς
1629 1489 1840 1541 προση-

262 1558 510 1622 κούσαις,
539 1561 633 1614 καὶ
665 1561 774 1614 ἰδοῦ
803 1562 900 1615 σὺν
923 1561 1044 1632 Θεῷ
1069 1561 1289 1632 ἔρχεται
1324 1565 1460 1630 πρὸς
1485 1563 1630 1632 ὑμᾶς
1650 1580 1664 1595 ·
1698 1580 1840 1633 παρ-

261 1653 528 1718 εγγυᾶται
557 1653 721 1706 πᾶσιν
751 1652 882 1722 ὑμῖν
914 1655 945 1722 ή
985 1655 1277 1723 μετριότης
1301 1655 1477 1725 ἡμῶν,
1509 1657 1586 1720 ὡς
1620 1655 1686 1710 ἂν
1709 1657 1841 1708 ὑπο-

260 1739 487 1809 δεξησθε
530 1740 721 1794 τοῦτον
751 1742 892 1811 μετὰ
920 1735 1300 1813 περιχαρείας,
1353 1745 1447 1799 καὶ
1496 1745 1839 1814 εύφρανθῆτε

1932 541 2151 596 συνέσει
2176 540 2272 594 καὶ
2300 540 2642 609 πνευματικῇ
2668 533 2888 605 παιδείᾳ
2911 534 3004 586 καὶ
3030 532 3201 601 ἀρετῇ
3232 545 3510 600 κεκοσμη-

1936 633 2096 702 μένος
2125 632 2219 685 καὶ
2241 631 2424 694 ἱκανὸς
2445 629 2632 700 ψυχῶν
2656 628 2750 682 κα)⁹
2772 624 3118 695 πραγμάτων
3142 620 3508 691 προΐστασθαι

1933 727 2025 779 καὶ
2054 727 2417 797 χειραγωγεῖν
2447 722 2618 786 αὐτὰς
2662 720 2799 791 πρὸς
2823 719 2920 789 τὴν
2953 714 3230 786 σωτηρίαν
3256 714 3336 781 τῷ
3374 713 3506 766 ὑπο⁴

1931 816 2188 885 δείγματι
2217 815 2311 871 τοῦ
2344 813 2630 884 θεοφιλοῦς
2663 813 2777 884 βίου
2825 809 3013 874 αὐτοῦ,
3037 808 3186 870 ὅστις
3218 807 3312 859 καὶ
3355 805 3509 874 ἔρχε-

1935 925 2027 961 ται
2060 907 2168 961 ίδοὺ
2200 908 2299 962 σὺν
2341 907 2462 976 Θεῷ
2507 906 2643 975 πρὸς
2691 903 2870 974 ὑμᾶς·
2906 900 3287 971 παρεγγυᾶται
3329 897 3508 950 τοίνυν

1936 999 2221 1069 πατρικῶς
2271 1000 2435 1054 πᾶσιν
2483 999 2614 1069 ὑμῖν
2656 999 2689 1066 ἡ
2743 995 3036 1068 μετριότης
3091 991 3272 1062 ήμῶν,
3323 988 3397 1050 ώς
3443 988 3510 1040 ἂν

1937 1090 2265 1160 ύπώέξησθε
2297 1091 2488 1144 τοῦτον
2517 1088 2635 1159 μετ’
2663 1087 3003 1158 εὐφροσύνης
3053 1080 3284 1154 κατάῡτὸ
3325 1079 3508 1150 χρέος,

1936 1186 2072 1254 ὅπερ
2106 1185 2258 1254 ἔχετε
2302 1184 2410 1238 ἀπὸ
2451 1183 2559 1238 τῶν
2593 1181 2755 1254 ἱερῶν
2785 1184 3025 1236 κανόνων
3053 1179 3151 1232 καὶ
3183 1176 3292 1230 τῶν
3324 1173 3512 1244 φιλευο

1938 1275 2112 1329 σεϐῶν
2138 1276 2339 1345 νόμων,
2370 1276 2462 1328 καὶ
2493 1275 2806 1344 ἀπονέμητε
2837 1271 3011 1339 τούτῳ
3048 1269 3188 1323 κατά
3217 1262 3316 1335 τὴν
3350 1263 3506 1334 περι-

1937 1367 2198 1436 κειμένην
2248 1367 2396 1436 αὐτῷ
2443 1366 2833 1436 ἀρχιερατικὴν
2872 1363 3033 1428 ἀξίαν
3085 1359 3346 1414 παντοίαν
3377 1356 3509 1409 αίδὼ

1940 1460 2034 1513 καὶ
2059 1459 2244 1529 τιμὴν,
2265 1461 2356 1514 καὶ⁵
2379 1461 2611 1530 δέχησθε
2646 1461 2741 1514 καὶ
2765 1457 3034 1526 σπεύδητε
3059 1451 3387 1524 ἐκπληροῦν,
3411 1451 3510 1502 ὅσα

1944 1555 2130 1623 μέλλει
2179 1556 2360 1624 λέγειν
2415 1559 2511 1610 καὶ
2567 1555 2838 1608 διδάσκειν
2889 1553 3054 1622 ὑμᾶς,
3095 1548 3386 1618 ἀφορῶντα
3430 1545 3512 1604 εἰς

1940 1647 2214 1716 ὠφέλειαν
2239 1649 2347 1701 τῶν
2374 1647 2656 1716 ὑμετέρων
2682 1647 2893 1717 ψυχῶν,
2919 1643 3011 1696 καὶ
3043 1644 3126 1712 ἐφ’
3147 1638 3227 1703 οἷς
3259 1639 3323 1692 ἂν
3345 1637 3512 1706 δεήσῃ

1944 1738 2261 1808 προϐαίνειν
2305 1739 2642 1808 χειροτονίας
2693 1739 2911 1808 ἱερέων,
2959 1737 3245 1799 διακόνων,
3281 1731 3418 1785 ἀλλὰ
3450 1730 3514 1798 δὴ

261 1832 352 1884 ἐπὶ
401 1834 467 1902 τῇ
509 1833 790 1904 παρουσίᾳ
831 1833 1020 1895 αὐτοῦ,
1060 1837 1153 1888 καὶ
1187 1835 1416 1905 δέχησθε
1443 1835 1540 1888 καὶ
1569 1835 1836 1904 σπεύδητε
1873 1827 1911 1880 Β
1942 1831 2036 1882 καὶ
2067 1828 2428 1895 καθιερώσεις
2457 1829 2624 1890 ναῶν,
2651 1828 2840 1881 τοῦτον
2879 1829 3043 1897 μόνον
3085 1824 3314 1894 δέχησθε
3357 1824 3512 1874 ἐκτε-

264 1923 594 1993 ἐκπληροῦν,
639 1924 739 1977 ὅσα
783 1924 967 1995 μέλλει
1015 1926 1196 1994 λέγειν
1249 1928 1345 1980 καὶ
1381 1927 1655 1981 διδάσκειν
1695 1929 1835 1998 ὑμᾶς

260 2013 556 2083 ψυχωφελῆ
597 2015 688 2068 καὶ
731 2016 998 2086 σωτήρια,
1033 2017 1352 2082 ὑπείκοντες
1402 2019 1552 2087 αὐτῷ
1585 2022 1682 2074 καὶ
1719 2037 1839 2072 πει-

264 2102 614 2172 θαρχοῦντες,
639 2103 713 2166 ῶς
739 2105 928 2176 οἰκείῳ
958 2107 1182 2184 π·.ιμένι
1211 2109 1308 2162 καὶ
1355 2111 1526 2180 πατρὶ
1570 2111 1664 2164 καὶ
1693 2110 1844 2164 διδα-

265 2195 454 2264 σκάλῳ
497 2196 878 2266 πνευματικῷ,
925 2199 1023 2255 καὶ
1053 2200 1229 2253 πάντα
1269 2203 1473 2271 τρόπον
1509 2203 1842 2268 ἐπαγωνιζό-

267 2302 421 2352 μενοι
451 2286 890 2356 ἀναστρέφεσθαι
925 2290 1016 2342 καὶ
1048 2290 1444 2355 πολιτεύεσθαι,
1478 2291 1553 2354 ώς
1606 2292 1841 2361 ἁρμόζει

263 2376 612 2443 Χριστιανοῖς
641 2378 950 2448 ἀνθρώποις
981 2380 1120 2433 κατὰ
1157 2382 1282 2444 τοὺς
1316 2381 1550 2450 θεσμοὺς
1585 2381 1686 2450 τῆς
1722 2382 1844 2436 Ἐκ-

266 2466 496 2536 κλησίας
551 2466 709 2534 Θεοῦ,
759 2472 853 2522 καὶ
883 2468 1066 2532 καθὼς
1104 2473 1152 2522 οί
1189 2471 1530 2538 φιλευσεϐεῖς
1573 2473 1682 2526 τῶν
1709 2475 1845 2544 Χριὸ

267 2561 506 2612 στιανῶν
542 2560 836 2614 ἀπαιτοῦσι
866 2561 1044 2631 νόμοι,
1079 2562 1302 2633 ἀγάπην
1349 2564 1566 2634 ἔχοντες
1601 2566 1720 2635 μετ’
1752 2568 1844 2619 ἀλ-

267 2651 450 2720 λήλων
475 2654 568 2706 κοιλ¹
597 2653 844 2724 είρήνην,
871 2654 1239 2724 ἐλεημοσύνην
1273 2654 1368 2708 καὶ
1393 2658 1679 2724 μετάδοσιν
1709 2662 1847 2729 πρὸς

264 2743 393 2802 τοὺς
420 2741 654 2814 πένητας
676 2743 769 2796 καὶ
793 2744 918 2807 τοὺς
944 2744 1345 2814 αἰχμαλώτους,
1368 2747 1686 2816 ἐξαγορείαν
1713 2752 1846 2820 πρὸς

263 2834 397 2895 τοὺς
444 2835 852 2902 πνευματικοὺς
911 2838 1177 2906 πατέρας,
1231 2837 1342 2889 τῶν
1374 2840 1848 2910 ἐκκλησιαστικῶν

268 2925 548 2990 συνάξεων
575 2928 670 2980 καὶ
695 2927 804 2980 τῶν
834 2929 914 2990 είς
940 2927 1074 2980 Θεὸν
1095 2929 1381 2999 ὑμνῳδιῶν
1417 2933 1688 3003 μηδαμῶς
1717 2937 1852 2989 ἀπο-

265 3019 666 3087 λιμπανόμενοι
725 3019 816 3070 ἐπὶ
855 3018 1122 3089 καθάρσει
1174 3019 1268 3071 καὶ
1319 3021 1582 3093 ἁγιασμῷ
1629 3025 1738 3078 τῶν
1769 3026 1848 3078 ol-

266 3112 438 3164 κείων
463 3111 671 3180 ψυχῶν,
700 3110 797 3166 καὶ
823 3111 1009 3173 ἁπλῶς
1041 3113 1237 3182 εἰπεῖν,
1267 3114 1442 3183 πάσης
1479 3115 1578 3184 μὲν
1606 3116 1850 3187 ἀκαθαρ-

267 3202 396 3264 σίας
429 3171 780 3271 ἀπεχόμενοι,
806 3171 1004 3272 πάσης*
1025 3204 1083 3256 δὲ
1134 3171 1502 3276 ἀγάθοεργίας
1548 3171 1849 3275 ἀντεχόμε-
1877 3171 1920 3226 C

266 3311 378 3358 νοι,
409 3292 470 3358 ἐξ
492 3289 556 3364 ἦς
587 3294 718 3355 Θεὸς
747 3293 1114 3364 θεραπεύεται
1144 3298 1237 3349 καὶ
1263 3297 1552 3364 ἀμείϐεται
1581 3297 1851 3359 πλουσίως

266 3387 402 3449 τοὺς
435 3385 670 3451 οἰκείους
705 3386 1039 3455 θεράποντας
1070 3388 1126 3440 ιν
1149 3405 1208 3442 τε
1263 3389 1340 3458 τῷ
1362 3388 1458 3445 νῦν
1483 3390 1640 3442 αίῶνι
1671 3391 1765 3442 καὶ
1795 3391 1854 3442 ὲν

269 3476 356 3545 τῷ
387 3478 633 3546 μέλλοντι
660 3493 672 3507 ·
701 3479 956 3550 τοιαύτην
984 3481 1092 3548 γὰρ
1116 3480 1210 3533 καὶ
1235 3479 1452 3549 ἔχοντες
1470 3481 1572 3549 τὴν
1594 3482 1856 3551 ἀναστρο-

267 3568 386 3640 φὴν
431 3570 527 3622 καὶ
558 3568 678 3640 Θεῷ
708 3569 1156 3641 εὐαρεσλοῦντες,
1188 3571 1517 3641 κληρονόμοι
1547 3572 1848 3642 γενήσεσθε

267 3662 376 3714 καὶ
405 3661 514 3715 τῶν
543 3661 777 3716 αἰωνίων
810 3661 1058 3730 ἀγαθῶν,
1085 3660 1122 3714 ἀ
1169 3662 1466 3733 ἡτοίμασεν
1515 3665 1543 3716 ὁ
1579 3664 1712 3726 Θεὸς
1741 3667 1854 3728 τοῖς

263 3752 374 3823 ὅλῃ
409 3752 664 3822 προθέσει
693 3754 868 3824 ψυχῆς
903 3754 1065 3809 αὐτὸν
1092 3754 1414 3822 ἀγαπήσασι
1441 3756 1534 3807 καὶ
1553 3756 1648 3817 τὰς
1679 3773 1857 3826 σωτη-

267 3845 434 3916 ρίους
474 3845 643 3899 αὑτοῦ
678 3846 980 3915 φυλάξασιν
1011 3846 1253 3913 ἐντολὰς,
1293 3847 1353 3899 οῦ
1388 3848 1483 3901 καὶ
1517 3850 1547 3918 ή
1583 3850 1740 3920 χάρις
1767 3852 1853 3920 εἴη

267 3935 425 4008 μετά
456 3935 674 3988 πάντων
703 3937 878 4006 ὑμῶν.
1719 3997 1723 4000 ι

345 4027 389 4098 -ι-
420 4028 559 4097 Εἶχε
601 4030 700 4082 τό⁶
761 4029 918 4096 Μηνὶ
953 4028 1266 4098 Ἀπριλλίῳ
1317 4031 1432 4084 ινδ.
1475 4036 1527 4095 ι’,
1593 4031 1691 4084 διὰ
1745 4031 1856 4100 τῆς

261 4121 477 4190 τιμίας
521 4118 893 4189 δεσποτικῆς
924 4121 1021 4174 καί
1052 4122 1228 4190 ἁγίας
1271 4123 1708 4190 πατριαρχικῆς
1740 4138 1858 4191 χει-

257 4216 406 4284 ρός.

340 4394 422 4450 ll.
457 4389 499 4464 ἰ·
526 4391 593 4444 Οἱ
635 4392 716 4455 είς
747 4393 849 4460 τὴν
877 4391 1150 4464 ἐπαρχίαν
1199 4393 1291 4445 καὶ
1343 4393 1701 4464 ἐπικράτειαν
1750 4394 1859 4447 τῶν

1945 1921 2139 1974 λοῦντα
2168 1921 2343 1974 ταῦτα
2373 1922 2448 1982 ὼς
2471 1923 2694 1988 γνήσιον
2723 1919 2988 1989 ἀρχιερέα
3010 1918 3163 1986 ὑμῶν
3187 1916 3282 1968 καὶ
3303 1913 3518 1981 πατέρα

1947 2013 2315 2081 πνευματικὸν
2366 2014 2460 2066 καὶ
2517 2013 2860 2072 διδάσκαλον,
2893 2011 3081 2081 ἐπειδὴ
3121 2009 3215 2063 καὶ
3259 2001 3424 2061 αὗται
3461 2005 3517 2058 αἱ

1949 2106 2225 2166 Κυκλάδες
2273 2106 2427 2174 νῆσοι
2484 2106 2588 2158 ὑπὸ
2649 2105 2747 2174 τὴν
2805 2104 2972 2156 αὐτοῦ
3021 2103 3383 2172 ἐπικράτειαν
3426 2099 3516 2151 εὖ·

1950 2197 2228 2266 ρίσκονται
2256 2196 2352 2250 καὶ
2380 2197 2655 2266 ἐφορείαν,
2687 2195 2815 2257 τοὺς
2841 2194 2895 2247 δὲ
2921 2194 3114 2255 ἀλλους
3142 2193 3351 2254 πάντας
3373 2191 3524 2243 ἀπω-

1949 2287 2116 2357 θῆσθε
2174 2289 2271 2340 καὶ
2328 2289 2718 2357 ἀποπέμπητε,
2770 2287 2846 2350 ὼς
2911 2286 3186 2355 μηδεμίαν
3252 2283 3522 2355 μηδαμῶς

1949 2382 2170 2452 ἔχοντας
2205 2381 2295 2433 ἐπὶ
2326 2380 2535 2443 τούτοις
2564 2381 2776 2445 ἄδειαν,
2811 2380 2952 2434 κατὰ
2975 2379 3073 2449 τὴν
3103 2380 3210 2430 τῶν
3241 2377 3420 2430 αὐτῶν
3451 2377 3526 2429 ἱε-

1955 2474 2064 2543 ρῶν
2098 2471 2192 2524 καὶ
2222 2470 2382 2524 θείων
2413 2473 2654 2526 κανόνων
2683 2471 3086 2541 παρακέλευσιν
3119 2470 3214 2524 καὶ
3240 2467 3484 2532 διάταξιν
3510 2484 3523 2496 ·

1950 2565 2010 2618 οὐ
2044 2565 2149 2633 μὴν
2179 2564 2316 2618 ἀλλά
2346 2567 2442 2622 καὶ
2472 2564 2632 2635 εἴπερ
2664 2566 2983 2632 πειραθεῖεν
3014 2561 3141 2626 ἴσως
3174 2560 3322 2624 τινὲς
3351 2560 3384 2631 ἢ
3417 2560 3526 2612 τῶν

1951 2657 2046 2710 τοῦ
2072 2657 2273 2726 μέρους
2301 2658 2400 2726 τῆς
2430 2659 2651 2728 Κρήτης
2675 2657 2706 2728 ἦ
2732 2657 2921 2726 ἕτερός
2949 2673 3033 2717 τις
3059 2655 3528 2724 παρεισέρχεσθαι

1953 2746 2141 2801 αὐτόθι
2171 2750 2415 2819 ἐνεργεῖν
2445 2767 2496 2802 τι
2527 2749 2919 2819 ἀρχιερατικὸν
2968 2748 2998 2817 ἢ
3027 2747 3156 2802 ἀλλο
3193 2765 3246 2801 τι
3278 2748 3387 2802 ἀπὸ
3420 2747 3530 2800 τῶν

1955 2836 2210 2906 ἀνωτέρω
2253 2839 2395 2890 κατὰ
2437 2837 2599 2907 μέρος
2646 2837 2978 2908 εἰρημένων,
3010 2837 3103 2890 ἐπὶ
3131 2837 3528 2907 περιφρονήσει

1955 2928 2108 2982 τοῦδε
2139 2925 2233 2980 τοῦ
2265 2928 2559 2996 ίερωτάτου
2593 2929 2894 2999 ἀρχιερέως
2922 2930 3017 2982 καὶ
3046 2929 3374 2998 ὐπερτίμου,
3406 2929 3531 2982 ἐπεὶ

1957 3019 2062 3072 ὑπὸ
2083 3019 2183 3088 τὴν
2215 3020 2508 3090 κανονικὴν
2530 3019 2763 3089 εὐθύνην
2815 3021 2908 3073 καὶ
2935 3019 3238 3090 αὐστηρίαν
3264 3022 3391 3083 εἰσὶ,
3432 3021 3530 3074 καὶ

1958 3115 1991 3184 ή
2036 3115 2328 3187 μετριότης
2379 3115 2536 3185 ἡμῶν
2583 3114 2800 3184 σύναμα
2837 3117 2902 3186 τῇ
2940 3113 3064 3167 καθ’
3094 3115 3240 3183 ἡμᾶς
3273 3115 3401 3187 ιςρᾷ
3439 3115 3534 3169 καὶ

1955 3206 2076 3276 θείᾲ
2130 3207 2333 3277 συνόδῳ
2388 3207 2487 3260 καὶ
2539 3207 2644 3261 ὑπὸ
2703 3207 2868 3277 βάρος
2919 3207 3228 3278 ἀφορισμοῦ
3283 3208 3340 3260 ἐν
3392 3207 3534 3276 ἀγίῳ

1957 3298 2239 3368 Πνεύματι
2265 3300 2392 3361 τοὺς
2422 3297 2698 3362 τοιούτους
2730 3299 3059 3370 ποιούμεθα,
3093 3300 3228 3354 ἀλλά
3258 3302 3350 3354 καὶ
3375 3301 3535 3372 ειπερ

1955 3390 2064 3442 ἀπὸ
2093 3390 2286 3460 ἐτέρας
2337 3391 2632 3461 ἐκκλησίας
2678 3392 3020 3460 χηρευούσης
3046 3394 3140 3444 καὶ
3190 3391 3266 3462 μὴ
3308 3392 3532 3445 ὑποκει-

1960 3483 2129 3552 μένης
2171 3483 2346 3552 έτέρῳ
2374 3483 2644 3552 ἀρχιερεῖ,
2681 3482 2816 3551 μηδὲ
2857 3483 3000 3536 κατὰ
3028 3482 3187 3550 λόγον
3234 3483 3534 3546 ἐπιδόσεως

1957 3571 2204 3641 δοθείσης
2234 3573 2363 3633 τινὶ,
2403 3570 2678 3639 βούλοιντό
2723 3587 2869 3632 τινες
2905 3571 3243 3639 χειροτονίας
3275 3570 3534 3634 δέξασθαι

1956 3661 2221 3716 διακόνων
2277 3664 2370 3715 καὶ
2404 3663 2618 3731 ἱερέων,
2649 3661 2730 3714 ἔτι
2768 3679 2828 3714 τε
2864 3665 2958 3716 καὶ
2989 3661 3347 3732 καθιερώσεις
3391 3662 3536 3714 ναῶν

1958 3754 2250 3816 ποιεῖσθαι,
2278 3754 2535 3824 διδόαμεν
2581 3754 2768 3807 ἄδειαν
2814 3755 2916 3825 ήδη
2947 3755 3040 3808 καὶ
3073 3753 3428 3824 ἐγχωροῦμεν
3457 3754 3536 3823 τῷ

1959 3845 2106 3913 αὖτῷ
2154 3845 2432 3915 ίερωτάτῳ
2470 3845 2846 3917 μητροπολίτῃ
2889 3844 3071 3898 Ῥόδου
3122 3845 3217 3898 καὶ
3246 3845 3536 3914 ὑπερτίμῳ

1959 3936 2200 3990 ἐκτελεῖν
2257 3936 2352 3989 καὶ
2420 3934 2593 3989 ταῦτα
2659 3937 2840 3988 πάντα
2895 3935 3384 4004 ἀποκριματίστως
3442 3937 3537 3987 καὶ

1959 4028 2274 4090 ἀκωλύτως.
2319 4027 2471 4080 Ἐπεὶ
2501 4026 2632 4095 γοῦν
2686 4026 3015 4080 κατελάϐετε
3068 4026 3168 4096 τὴν
3218 4026 3308 4079 ἐπὶ
3347 4027 3537 4080 τούτου

1959 4101 2236 4190 ἡμετέραν
2265 4118 2360 4173 καὶ
2401 4119 2690 4188 συνοδικὴν
2719 4119 3154 4188 παρακέλευσιν,
3177 4119 3422 4189 ὀφείλετε
3453 4122 3540 4172 εὑ-

1960 4213 2260 4281 γνωμονείν
2305 4210 2401 4263 καὶ
2451 4211 2514 4261 ἐκ
2574 4209 2669 4263 τοῦ
2707 4210 2800 4263 ἀπ’
2852 4210 3104 4263 ἐντεῦθεν
3159 4212 3537 4280 ἀποπληροῦν,

1962 4305 2216 4375 καθάπερ
2266 4304 2676 4374 παρεγγυῶμεν
2705 4305 2801 4357 καὶ
2831 4306 3272 4374 ἐπισκήπτομεν,
3302 4305 3370 4357 ἵν’
3400 4305 3544 4359 οὕτω

1963 4401 2055 4450 καὶ
2093 4399 2126 4466 ἡ
2152 4398 2244 4449 τοῦ
2275 4396 2412 4449 Θεοῦ
2441 4397 2600 4466 χάρις
2636 4397 2964 4465 διαφυλάξαι
2993 4396 3138 4466 ὑμᾶς
3165 4397 3424 4459 ἀϐλαϐεῖς
3450 4399 3544 4449 καὶ

257 4483 583 4542 Κυκλάδων
605 4482 786 4553 νήσων
811 4483 1210 4552 εὑρισκόμενοι,
1245 4484 1555 4564 ίερὶωμένοι,
1575 4484 1857 4556 ἄρχοντες,
1891 4513 1934 4566 ι)
1961 4491 2107 4562 ψυχῇ
2139 4491 2232 4543 καὶ
2264 4488 2478 4558 σώματι
2514 4491 2607 4541 καὶ
2635 4491 2910 4556 ἀνώτερον
2937 4490 3142 4552 παντὸς
3169 4488 3397 4558 ἀνιαροῦ
3422 4507 3546 4544 συν-

256 4576 513 4651 μοναχοὶ
549 4575 642 4627 καὶ
670 4573 874 4639 λαῐκοὶ,
905 4576 964 4625 ἐν
1000 4574 1188 4644 Κυρίῳ
1236 4577 1494 4648 ἀγαπητά
1548 4579 1712 4632 τέκνα
1760 4579 1860 4646 τῆς

252 4667 440 4740 ἡμῶν
478 4663 856 4734 μετριότητος,
905 4665 1064 4734 χάρις
1114 4665 1243 4734 ὑίμῖν
1274 4668 1358 4738 εἴη
1397 4671 1490 4721 καὶ
1534 4671 1726 4741 εἰρήνη
1756 4673 1864 4726 ἀπὸ

250 4758 439 4816 Θεοῦ.
468 4756 660 4809 Οἴδατε
683 4754 756 4818 ὡς
787 4756 885 4824 τῆς
909 4757 1223 4825 ἁγιωτάτης
1252 4759 1640 4828 μητροπόλεως
1677 4760 1858 4816 Ῥόδου

248 4847 513 4920 γνησίου
549 4845 886 4915 ἀμοιρούσης
919 4847 1247 4917 ἀρχιερέως,
1275 4849 1480 4920 ἐρημίᾳ
1503 4849 1598 4902 τοῦ
1627 4853 1865 4907 κωλῦον-

247 4960 388 5008 τος,
423 4937 833 5008 παρεισήρχετο
864 4938 922 4989 τὸ
957 4938 1123 5006 μέρος
1165 4939 1260 4991 τοῦ
1304 4941 1528 5009 Κρήτης
1562 4942 1593 5011 ἢ
1625 4945 1718 4995 καὶ
1749 4945 1867 4996 ἓτε-

250 5038 365 5108 ρός
396 5049 508 5095 τις,
544 5031 640 5083 καὶ
689 5031 913 5097 ἐνήργει
969 5032 1310 5099 χειροτονίας
1358 5033 1623 5087 διακόνων
1667 5036 1760 5088 καὶ
1793 5038 1866 5090 la-

247 5130 448 5202 ρέων,
474 5123 552 5174 έτι
584 5121 639 5174 δὲ
673 5122 769 5173 καὶ⁴
807 5119 1165 5189 καθιερώσεις
1196 5124 1362 5186 ναῶν,
1396 5126 1546 5193 παρὰ
1571 5128 1670 5194 τὴν
1699 5145 1864 5181 κανοο

246 5219 442 5286 νικὴν
494 5215 884 5282 παρατήρησιν
928 5213 1002 5275 ὡς
1058 5214 1186 5282 παρ’
1214 5215 1447 5284 ένορίαν,
1486 5221 1560 5287 μὴ
1610 5220 1866 5283 ἐνδόσεως

244 5311 452 5378 οὔσης
471 5307 562 5359 ἐπὶ
587 5305 799 5367 τούτοις
825 5305 976 5372 ποιρά
996 5306 1094 5373 τῆς
1121 5307 1410 5377 καθ’δὴμᾶς
1433 5311 1582 5380 ίερᾶς
1603 5315 1693 5365 καὶ
1716 5313 1867 5377 θείας

252 5399 508 5457 συνόδου
532 5413 548 5429 ο
589 5398 796 5468 ἀρτίως
823 5397 879 5449 δὲ
912 5397 1204 5463 γινώσκειν
1237 5401 1385 5467 ὑμᾶς
1433 5403 1766 5475 βουλόμεθα,
1791 5407 1868 5467 ώς

247 5498 333 5565 τῇ
375 5490 479 5542 τοῦ
515 5488 754 5558 Χριστοῦ
793 5491 975 5560 χάριτι
1025 5489 1299 5560 ἐψηφίσθη
1352 5495 1446 5546 καὶ
1481 5496 1864 5567 ἐχειροτονήθη

1965 4582 2300 4652 αντήματος.

2035 4674 2073 4743 1-
2111 4675 2268 4742 Μηνὶ
2319 4673 2416 4726 καὶ
2463 4672 2579 4726 ινδ.
2628 4672 2749 4739 τοῖς
2788 4673 3018 4737 αὐτοῖς,
3058 4673 3156 4728 διὰ
3191 4673 3302 4742 τῆς
3353 4675 3546 4744 αὐτῆς

1969 4767 2166 4835 τιμίας
2197 4766 2422 4834 χειρός.

2181 4901 2349 4955 XXX.
2389 4901 2652 4972 Professio
2691 4902 2815 4968 ﬁdei
2862 4901 3072 4973 Georgii
3120 4901 3324 4958 Vacca.

2036 5039 2076 5108 -ξ-
2108 5039 2356 5092 Πιστεύω
2387 5040 2465 5098 εἰς
2497 5039 2595 5093 ἕνα
2625 5039 2786 5106 Θεὸν,
2821 5039 3042 5111 Πατέρα
3101 5047 3546 5112 παντοκράτορα,

1969 5133 2204 5202 ποιητὴν
2230 5129 2456 5199 οὐρανοῦ
2483 5133 2580 5183 καὶ
2607 5130 2736 5200 γῆς,
2769 5149 2822 5185 κ.
2853 5149 2901 5185 τ.
2945 5132 3018 5197 λ.,
3046 5134 3138 5186 καὶ
3161 5136 3406 5204 ὁμολογῶ
3443 5174 3456 5188 .
3490 5173 3504 5186 .
3532 5176 3546 5189 .

1970 5225 2348 5294 προσέρχομαι
2378 5226 2473 5278 καὶ
2505 5224 2760 5292 καθαρῶς
2787 5228 2853 5296 τῇ
2881 5227 3165 5300 ἁγιωτάτῃ
3196 5229 3422 5301 Μεγάλῃ
3455 5229 3548 5281 τοῦ

1969 5319 2106 5374 Θεοῦ
2159 5319 2478 5389 Ἐκκλησίᾳ,
2513 5319 2608 5372 καὶ
2638 5319 3026 5390 ἀποϐάλλομαι
3060 5323 3247 5374 πᾶσαν
3288 5321 3549 5390 (αἰρεσιν)

1967 5409 2077 5460 τῶν
2117 5409 2388 5470 Λατίνων,
2423 5411 2522 5480 τὴν
2556 5411 2686 5479 περὶ
2722 5409 2824 5480 τῆς
2859 5411 3244 5480 ἐκπορεύσεως
3271 5411 3364 5464 τοῦ
3389 5411 3548 5478 ἁγίου

1971 5500 2290 5572 Πνεύματος
2326 5501 2421 5554 καὶ
2451 5501 2717 5570 λέγουσαν
2749 5518 2763 5534 ο
2799 5504 2894 5554 καὶ
2918 5505 2982 5554 ἐκ
3026 5503 3118 5554 τοῦ
3147 5502 3278 5556 Υίοῦ
3317 5543 3330 5556 .
3372 5544 3386 5558 .
3425 5542 3438 5555 .
3476 5542 3492 5556 .
3533 5543 3547 5556 .

252 5588 369 5640 ὲπί
431 5583 498 5649 τῇ
557 5581 784 5653 ῥηθείσῃ
825 5581 1104 5654 ἁγιωτάτῃ
1149 5586 1484 5656 μητροπόλει
1515 5589 1542 5640 ό
1572 5589 1866 5659 ἱερώτατος

251 5677 360 5732 ὅδε
402 5672 808 5741 μητροπολίτης
836 5673 1041 5737 Ῥόδου,
1069 5674 1370 5744 ὑπέρτιμος
1390 5676 1484 5730 καὶ
1505 5679 1730 5750 ἔξαρχος
1757 5683 1866 5734 τῶν
1970 5682 2175 5751 Κυρίου
2204 5684 2361 5753 ἡμῶν
2407 5684 2585 5754 Ἰησοῦ
2625 5684 2864 5754 Χριστοῦ
2893 5687 2987 5739 καὶ
3019 5686 3116 5738 τοῦ
3157 5687 3303 5742 θείου
3335 5690 3404 5742 Συ
3415 5691 3551 5761 μϐό-

253 5761 591 5833 Κυκὶάδῳν
621 5763 822 5830 νήσων,
847 5763 902 5814 ὲν
925 5764 1070 5833 άγίῳ
1101 5766 1377 5837 Πνεύματι
1402 5771 1686 5841 ἀγαπητὸς
1717 5775 1867 5828 ἀδελ·
1971 5775 2064 5826 λου
2094 5775 2157 5828 ἐκ
2187 5775 2279 5827 τοῦ
2319 5776 2532 5846 [ἰατρὸς
2570 5777 2970 5856 ἐκπορεύεσθαι
3017 5779 3182 5847 μόνου
3222 5783 3279 5836 τὸ
3321 5783 3550 5857 Πνεῦμα

512 5865 516 5872 ’
582 5875 850 5937 ΡΑτιιοι.
877 5877 991 5937 Gn.
1024 5873 1196 5934 CLII.

3086 5895 3160 5953 Ῐι3

1969 5589 2214 5643 πιστεύω
2262 5591 2372 5661 γὰρ
2411 5592 2506 5646 καὶ
2535 5593 2786 5663 ὁμολογῶ
2837 5594 2976 5646 κατὰ
3010 5593 3110 5662 τὴν
3145 5595 3423 5663 ἀπόφασιν
3451 5599 3548 5652 τοῦ
