4026 6264
516 360 668 424 1355

1306 353 1662 415 CALLISTI
1699 352 1795 413 ET
1834 348 2269 413 PHILOTHEI
2309 321 2420 416 cp:
2464 352 2932 416 PATRIARCH.

3637 347 3783 413 I356

522 473 585 529 τὸ
612 472 772 537 ἀγιον
798 485 811 501 ·
848 466 1229 536 ἀποϐάλλομαι
1254 464 1313 519 δὶ
1350 466 1446 519 καὶ
1486 462 1757 533 ἀρνοῦμαι
1789 464 1886 516 καὶ
1916 462 2097 517 πάντα
2126 468 2173 526 Α
2199 479 2359 518 ταιον
2416 463 2592 534 ὄνομα
2650 464 2750 535 τῆς
2802 464 2913 517 τῶν
2972 460 3198 532 Ἰϐήρων
3252 458 3628 531 προσηγορίας
3684 466 3785 516 καὶ

523 566 594 618 τά
623 562 788 615 λοιπά
824 559 989 628 ἐθιμα
1023 556 1231 621 αὐτῶν,
1264 556 1334 609 τά
1359 573 1418 609 τε
1449 554 1886 625 ἐκκλησιαστικὰ
1916 552 2010 607 καὶ
2033 553 2102 606 τὰ

525 660 657 725 περὶ
711 653 810 722 τῆς
869 651 1066 719 λοιπῆς
1116 649 1300 703 αὐτῶν
1359 647 1657 711 πολιτείας,
1719 646 1815 699 καὶ
1884 643 2101 713 στέργω

524 747 705 801 πάντα
732 744 833 797 ὅσα
871 741 968 794 καὶ
1000 740 1195 810 φρονεῖ
1217 738 1315 792 καὶ
1340 736 1491 805 λέγει
1514 738 1547 806 ή
1580 735 1711 804 ἀγία
1735 734 1831 788 τοῦ
1859 731 2098 804 Χριστοῦ

515 837 752 908 ’Μεγάλη
800 833 1098 903 Ἐκκλησία
1134 832 1264 901 περὶ
1303 830 1484 884 αὐτῶν
1517 832 1615 899 τῆς
1650 829 2099 882 Κωνσταντινον⁹

529 933 757 993 πόλεως,
805 930 897 983 καὶ
926 927 1045 994 εἰμὶ
1076 926 1170 979 καὶ
1202 922 1317 992 ἐγὼ
1344 920 1425 985 εἷς
1472 921 1582 976 τῶν
1615 920 1919 991 όρθοδόξων
1967 919 2104 989 Χρι-

528 1024 763 1077 στιανῶν
794 1020 889 1073 καὶ
922 1017 1172 1090 μαθητὴς
1215 1018 1317 1085 τῆς
1358 1014 1711 1085 Ἐκκλησίας.
1747 1012 1853 1066 Καὶ
1889 1013 1971 1075 είς
2002 1009 2102 1080 τὴν

526 1115 654 1185 περὶ
687 1113 883 1169 τούτου
910 1110 1215 1180 ἀσφάλειαν
1246 1106 1595 1176 ἐποιησάμην
1622 1104 1716 1158 καὶ
1756 1104 1856 1175 τὴν
1888 1102 2100 1174 παροῦ-

526 1208 624 1259 σάν
658 1222 760 1274 μου
790 1202 1105 1273 ὁμολογίαν,
1144 1200 1470 1270 ὑπογράψας
1512 1200 1689 1271 αὐτὴν
1726 1197 2099 1268 οίκειοχείρως

516 1297 665 1367 μηνὶ
696 1295 922 1358 Ἰουνίῳ
950 1294 1065 1347 ινδ.
1098 1291 1376 1359 δεκάτης.

515 1389 593 1442 ’Ὅ
618 1389 832 1458 ἄρχων.
865 1386 1026 1440 Manu
1053 1386 1295 1456 propria,
1323 1383 1572 1456 Georgio:
1599 1424 1613 1439 .
1660 1423 1675 1438 .
1712 1382 1886 1437 Vacha
1915 1382 2099 1440 archo.
2124 1384 2127 1385 ⁷

502 1544 714 1602 XXXI.
761 1544 1019 1602 Callistus
1046 1545 1249 1600 dirimit
1300 1545 1709 1600 controversiam
1748 1550 1922 1598 ortam
1959 1542 2099 1598 inter

713 1618 996 1671 monachos
1028 1618 1333 1671 monasterii
1359 1616 1630 1672 Iberorum
1668 1615 1725 1667 in
1756 1613 1913 1668 Atho.

594 1757 634 1828 -ι-
659 1758 762 1810 Ἕν
790 1773 845 1809 τι
876 1755 976 1808 καὶ
1004 1751 1166 1805 τοῦτο
1195 1748 1308 1803 τῶν
1347 1748 1739 1819 ἐννομώτατων
1776 1764 1835 1800 τε
1875 1746 1973 1801 καὶ
2013 1744 2095 1799 διο

2212 555 2689 627 σφετεριζομένων
2715 555 2967 611 ἐντεῦθεν
3002 557 3099 609 καὶ
3129 554 3230 625 τὴν
3271 553 3572 622 καθολικὴν
3608 555 3784 624 αὐτῆς

2208 647 2531 717 ἐκκλησίαν,
2563 642 2647 703 οῦ
2679 648 2839 718 χάριν
2867 647 3058 701 πολλοὶ
3088 646 3185 700 καὶ
3232 646 3484 714 διάφοροι
3509 646 3781 714 ἐγεγόνει-

2210 753 2312 791 σαν
2341 737 2592 803 συνάξεις
2630 740 2729 793 καὶ
2753 738 3052 803 ἐξετάσεις,
3082 737 3227 791 ὥστε
3264 737 3371 805 τὴν
3399 736 3786 806 προσήκουσαν

2208 827 2466 895 γενέσθαι
2508 829 2849 884 κατάστασιν
2888 831 2976 882 ἐπ’
3006 826 3173 900 αὐτῇ,
3203 828 3594 899 αἰτησαμένων
3625 826 3788 881 τοῦτο

2206 915 2317 969 τῶν
2349 918 2604 988 μοναχῶν
2645 917 2942 988 Ῥωμαίων
2971 920 3057 971 ἐπ’
3091 918 3365 990 ἀσφαλείᾳ
3390 918 3487 972 καὶ
3519 920 3782 973 συστάσει

2207 1007 2307 1076 τῆς
2330 1008 2666 1079 δηλωθείσης
2695 1009 2883 1081 μονῆς.
2909 1009 3102 1063 Ἔνθεν
3132 1026 3217 1063 τοι
3244 1010 3338 1063 καὶ
3364 1009 3458 1063 τοῦ
3478 1011 3781 1063 όσιωτάτου

2207 1097 2424 1170 ἀνδρὸς,
2453 1099 2556 1169 κῦρ
2598 1099 2879 1169 Ἀρσενίου
2906 1101 3137 1167 ἐκείνου,
3167 1100 3266 1154 τοῦ
3295 1103 3375 1164 είς
3398 1101 3625 1173 Πρῶτον
3651 1103 3784 1156 ἀπο-

2207 1191 2545 1259 τεταγμένου
2573 1188 2668 1242 τοῦ
2712 1188 2900 1257 Ἀγίου
2935 1190 3131 1243 τούτου
3156 1192 3357 1260 Ὄρους
3406 1190 3785 1260 ἐπιδημήσαν-

2207 1297 2301 1343 τος
2328 1284 2395 1352 τῇ
2435 1281 2663 1353 τοιαύτῃ
2695 1284 2831 1352 μονῇ
2867 1282 2963 1335 καὶ
2991 1281 3093 1351 τὴν
3130 1280 3244 1334 τῶν
3284 1280 3392 1348 Ἰϐή
3405 1298 3512 1349 ρων
3546 1281 3681 1351 περὶ
3717 1280 3788 1334 τὰ

2207 1373 2349 1427 καλά
2379 1373 2642 1443 ἀμέλειαν
2690 1375 2889 1439 ἰδόντος
2916 1375 3012 1428 καὶ
3038 1373 3138 1444 τὴν
3176 1372 3369 1442 λοιπὴν
3398 1373 3663 1443 ἀπειρίαν
3686 1373 3786 1426 αύ-

2205 1464 2336 1532 τῶν,
2368 1465 2437 1537 ἢν
2470 1466 2601 1536 περί
2631 1482 2692 1520 τε
2723 1467 2824 1536 τὴν
2857 1466 3157 1537 ἐκκλησίαν
3201 1467 3301 1521 καὶ
3326 1466 3395 1519 τά
3421 1465 3587 1521 λοιπά
3619 1465 3789 1535 ἐθιμα

2203 1558 2303 1626 τῆς
2331 1559 2500 1629 μονῆς
2551 1559 2844 1625 ἐδείκνυον,
2876 1559 2971 1615 καὶ
3027 1559 3329 1621 δείσαντος,
3368 1558 3444 1629 μή
3498 1573 3633 1610 ποτε
3687 1557 3789 1609 καὶ

2201 1656 2265 1709 τὸ
2292 1655 2501 1726 ταύτης
2550 1655 2816 1726 φρούριον
2848 1654 3124 1708 εὐάλωτον
3152 1653 3385 1723 γένηται
3416 1653 3532 1714 τοῖς
3562 1651 3789 1721 ἐχθροῖς

2203 1750 2272 1819 τῇ
2314 1747 2482 1818 πολλῇ
2535 1746 2790 1817 ἀμελείᾳ,
2816 1745 3136 1813 ἐξώσθησαν
3165 1737 3312 1797 οὗτοι
3357 1741 3422 1811 δή
3478 1744 3525 1795 οί
3557 1741 3790 1811 Ἴϐηρες

507 1843 857 1909 ”-οιαιότάτων.
917 1843 1051 1915 φαίη
1100 1843 1167 1898 ἀν
1219 1841 1366 1904 ἀπας
1411 1841 1563 1903 ὅστις
1612 1835 1708 1894 οὖν
1764 1838 1931 1909 όρθάς
1986 1838 2100 1901 τοῖς
2130 1837 2173 1894 Β
2204 1840 2484 1903 παντελῶς
2509 1840 2613 1909 τῆς
2662 1840 2835 1910 ἀρχῆς
2867 1840 2963 1893 καὶ
2994 1838 3320 1901 ἐπιστασίας
3363 1835 3657 1905 τῆσδετῆς
3692 1852 3788 1904 μο-

524 1941 850 2011 πράγμασιν
901 1933 1284 2004 ἐξενηνοχέναι
1329 1931 1430 1995 τὰς
1472 1930 1690 2002 ψήφους
1737 1929 1915 1993 είδὼς,
1955 1928 2097 1983 ὥστε

520 2035 648 2095 τοὺς
667 2033 758 2086 τὸν
791 2029 1003 2102 μονήρη
1036 2027 1149 2098 βίον
1181 2024 1629 2096 ἐπανῃρημένους
1669 2023 1765 2077 καὶ
1788 2022 1907 2092 Θεῷ
1934 2037 2100 2091 προσ-

523 2128 813 2195 ανέχοντας
872 2120 968 2176 καὶ
1008 2120 1214 2190 κόσμον
1255 2116 1593 2189 ήρνημένους
1650 2116 1743 2170 καὶ
1790 2115 2099 2184 κοσμότητα

522 2220 583 2272 ἐν
625 2218 837 2285 γαλήνῃ
872 2212 1102 2280 διάγειν,
1155 2210 1266 2264 τῶν
1310 2208 1592 2279 λογισμῶν
1638 2208 1822 2261 πάντα
1868 2206 2099 2276 θόρυϐον

523 2310 619 2363 καὶ
655 2308 865 2380 τύρϐην
903 2303 1144 2374 ματαίαν
1176 2300 1434 2366 καθάπαξ
1483 2298 1976 2367 ἀπαναινομένους,
2005 2296 2100 2349 καὶ

512 2404 618 2473 ’τὴν
651 2404 874 2469 ἀγάπην
926 2398 1024 2449 καὶ⁵
1063 2394 1321 2460 ὁμόνοιαν
1360 2391 1435 2453 ὡς
1486 2389 1701 2459 ἄμαχον
1740 2387 1903 2442 ὅπλον
1957 2386 2101 2440 κατά

522 2494 621 2550 τοῦ
655 2491 853 2562 ἐχθροῦ
885 2487 1335 2558 παραφέροντας,
1366 2480 1674 2537 συνδείσθαι
1701 2478 1822 2550 μετ’
1852 2478 2100 2549 ἀλλήλων

521 2588 601 2657 τῷ
637 2584 927 2654 συνδέσμῳ
961 2579 1055 2632 τοῦ
1088 2577 1425 2646 πνεύματος,
1450 2574 1546 2628 καὶ
1576 2572 1657 2637 είς
1693 2572 1821 2643 μίαν
1862 2570 2099 2639 συνάγε-

522 2680 648 2733 σοαι
677 2676 777 2747 τὴν
808 2676 1038 2743 ἑνότητα
1064 2670 1130 2747 δι’
1161 2666 1350 2733 αὐτοῦ,
1385 2666 1482 2720 καὶ
1513 2664 1773 2734 μάλιστα,
1805 2662 1854 2715 εί
1878 2660 2097 2730 τύχοιεν

516 2765 668 2825 οὗτοι
725 2767 978 2837 σύστημα
1010 2761 1288 2817 κοινοϐίου
1336 2755 1787 2827 ἀναπληροῦντες
1829 2755 1910 2819 είς
1937 2752 2099 2820 δόξαν

520 2864 618 2915 καὶ
646 2861 872 2913 ἔπαινον
919 2853 1016 2908 τοῦ
1050 2853 1227 2907 πάντα
1261 2849 1444 2913 καλῶς
1490 2849 1586 2900 καὶ
1628 2846 1921 2914 πανσόφως
1954 2847 2099 2898 οίκο-

520 2950 817 3021 νομοῦντος
840 2945 999 2999 Θεοῦ.
1034 2944 1098 2997 Εἰ
1123 2943 1232 3011 γὰρ
1252 2934 1314 2994 οῦ
1342 2940 1450 2993 είσι
1474 2937 1568 2991 δύο
1589 2937 1623 3008 ἢ
1646 2937 1795 3007 τρεῖς
1826 2934 2099 3005 συνηγμέ-

514 3061 605 3099 νοι
646 3044 739 3095 ἐπὶ
764 3040 843 3110 τῷ
870 3038 1096 3109 ὀνόματι
1128 3033 1344 3098 τούτου,
1393 3032 1561 3098 μέσος
1599 3030 1832 3100 πάρεστι
1875 3028 2039 3091 αὐτὸς
2068 3027 2098 3080 ό

517 3137 677 3198 Θεὸς,
717 3128 779 3186 οῦ
814 3133 922 3185 εισι
978 3127 1118 3181 κατά
1169 3126 1259 3179 τὸν
1288 3125 1477 3194 ὅμοιον
1528 3124 1729 3193 τρόπον
1760 3121 1950 3175 πολλοὶ
2000 3120 2097 3175 καὶ

2203 1934 2325 2002 νής,
2358 1931 2456 1985 καὶ
2498 1933 2961 2003 ἀποκατέστησαν
2998 1933 3048 1985 οί
3093 1933 3320 2002 μοναχοὶ
3359 1929 3628 1997 Ῥωμαῖοι
3679 1947 3787 1983 κα-

2200 2026 2425 2096 τάρχειν
2451 2025 2561 2079 τῶν
2591 2028 2648 2079 ἐν
2685 2026 2825 2095 αὐτῇ
2869 2025 3090 2078 πάντων
3118 2025 3559 2095 δωκονημάτων.
3606 2025 3785 2077 Ἀντι-

2202 2115 2544 2184 ποιουμένων
2589 2115 2648 2169 δέ
2678 2116 2771 2168 καὶ
2819 2116 2900 2169 ἐτι
2930 2117 3041 2179 τῶν
3090 2115 3323 2187 Ἰϐήρων
3372 2117 3472 2186 τῆς
3514 2118 3785 2186 τοιαύτης

2202 2206 2493 2275 ἀλογίστου
2543 2206 2904 2276 φιλονεικίας,
2956 2208 3402 2279 ἐπιδημήσαντος
3432 2212 3501 2279 τῇ
3548 2211 3781 2279 τοιαύτη

2204 2301 2341 2370 μονῇ
2385 2297 2480 2352 τοῦ
2533 2299 2831 2353 όσιωτάτου
2880 2299 3106 2369 Πρώτου
3155 2299 3252 2353 τοῦ
3306 2299 3511 2370 ἀρτίως
3551 2302 3634 2363 είς
3683 2302 3782 2372 τὴν

2199 2391 2465 2458 τοιαύτην
2510 2394 2848 2461 προστασίαν
2882 2392 3304 2463 εὑρισκομένου,
3352 2396 3691 2462 τιμιωτάτου
3724 2398 3781 2447 ἐν

2203 2483 2580 2555 ίερομονάχοις
2609 2484 2707 2537 καὶ
2735 2485 2792 2536 ἐν
2822 2484 2968 2554 ἁγίῳ
3014 2485 3293 2553 Πνεύματι
3333 2485 3625 2554 ἀγαπητοῦ
3657 2486 3778 2538 υἱοῦ

2200 2574 2301 2643 τῆς
2335 2574 2494 2645 ήμῶν
2533 2574 2906 2645 μετριότητος,
2958 2574 3066 2644 κῦρ
3098 2573 3404 2640 Θεοδοσίου,
3454 2575 3537 2629 ἐτι
3570 2593 3632 2629 τε
3671 2576 3779 2628 τῶν

2202 2663 2552 2735 τιμιωτάτων
2582 2665 2958 2736 ἱερομονάχων
2987 2665 3084 2717 καὶ
3108 2666 3429 2734 ἡγουμένων
3458 2665 3570 2719 τῶν
3601 2669 3780 2720 ἐκεῖσε

2204 2757 2521 2828 σεϐασμίων
2555 2758 2734 2828 μονῶν
2765 2762 2860 2812 καί
2907 2776 3073 2812 τινων
3113 2759 3527 2815 εὐλαϐεστάτων
3564 2762 3666 2815 καὶ
3700 2778 3781 2813 τι-

2204 2847 2349 2919 μίων
2383 2849 2678 2919 γερόντων,
2711 2850 3112 2919 συμπαρόντων
3140 2851 3322 2915 αὐτοῖς
3354 2854 3451 2904 καὶ
3480 2852 3595 2905 τῶν
3625 2854 3779 2921 ἱερω-

2200 2941 2381 2995 τάτων
2418 2942 2852 3011 μητροπολιτῶν,
2899 2942 3238 3011 ύπερτίμων,
3293 2944 3598 3012 ἀγαπητῶν
3640 2946 3782 2997 κατὰ

2202 3032 2412 3105 Κύριον
2448 3034 2695 3103 ἀδελφῶν
2727 3036 2831 3103 τῆς
2859 3034 3016 3105 ήμῶν
3045 3036 3403 3105 μετριότητος
3444 3038 3540 3089 καὶ
3571 3038 3782 3091 συλλει-

2201 3121 2473 3191 τουργῶν,
2502 3120 2597 3175 τοῦ
2624 3139 2681 3176 τε
2713 3124 3203 3194 Τραϊανουπόλεως
3228 3129 3323 3181 καὶ
3352 3126 3445 3180 τοῦ
3484 3128 3779 3199 Ἰερισσοῦ,

512 3186 903 3292 »κιθέυήλικίαν
934 3217 1210 3286 διάφοροι,
1250 3186 1350 3269 οὐκ
1392 3186 1577 3276 αὐτὸς-
1598 3205 1777 3276 οὗτος,
1810 3214 1892 3275 είς
1935 3211 2100 3282 μέσον
2125 3186 2169 3248 c
2202 3213 2282 3267 ἐτι
2391 3186 2606 3268 καὶτοῦ
2640 3186 2938 3287 ίερωτάτου
2974 3186 3374 3288 μητροπολίτου
3401 3186 3778 3275 Αἴνουιὲκεῖσε

521 3309 927 3383 παραληφθεὶς,
981 3309 1160 3363 συνῖεῖ
1201 3307 1297 3359 καὶ
1331 3306 1556 3373 συνάγει
1594 3304 1691 3367 τὰς
1723 3304 1968 3366 διανοίας
2001 3302 2100 3356 αῦ-

520 3407 628 3458 τῶν
657 3404 749 3457 καὶ
789 3404 866 3464 είς
901 3400 997 3467 τὴν
1023 3399 1196 3462 οὕτως
1227 3398 1321 3451 τοῦ
1348 3397 1515 3451 καλοῦ
1549 3396 1682 3467 μίαν
1711 3396 1913 3464 γνῶσιν
1942 3396 2095 3461 ἐνοῖς

520 3499 681 3551 παντί
711 3512 814 3548 που
873 3493 1033 3563 δῆλον
1061 3508 1074 3522 ·
1111 3494 1207 3545 καὶ
1247 3493 1354 3561 γὰρ
1399 3489 1589 3559 ὥσπερ
1644 3489 1743 3553 τὰς
1774 3488 1975 3552 πολλάς
2001 3488 2097 3542 καὶ

432 3610 437 3613 ·
516 3589 809 3658 διαφόρους
843 3584 1095 3655 γνώμας,
1129 3584 1204 3646 ὡς
1237 3582 1476 3652 ἔφημεν,
1504 3583 1538 3652 ή
1565 3582 1754 3650 ἀγάπη
1787 3582 1881 3634 καὶ
1908 3581 1943 3650 ή
1970 3580 2100 3649 όμό-

519 3696 640 3733 νοια
672 3679 801 3748 μίαν
848 3678 943 3729 καὶ
975 3674 1154 3742 ἁπλῆν
1199 3672 1385 3741 σχεδὸν
1422 3669 1798 3743 ἀπεργάζεται
1819 3710 1834 3735 ,
1866 3669 1958 3721 τὸν
1998 3668 2098 3722 αύ-

518 3774 610 3826 τδν
641 3772 813 3841 δήπου
849 3768 1053 3839 τρόπον
1087 3766 1183 3820 καὶ
1219 3767 1252 3835 ή
1284 3764 1472 3827 στάσις
1499 3764 1593 3817 καὶ
1640 3762 1702 3816 τὸ
1738 3764 1837 3833 τῆς
1870 3761 2099 3832 γνώμης

521 3865 830 3933 φιλόνεικον
858 3862 927 3913 τά
947 3860 1083 3921 τέως
1113 3857 1375 3928 ἡνωμένα
1408 3857 1746 3926 κατατέμνει
1778 3854 1874 3908 καὶ
1893 3855 2096 3926 διασπᾷ

522 3959 619 4011 καὶ
670 3955 854 4017 κακῶς
883 3954 1121 4021 διαιρεῖ⁶
1152 3950 1307 4003 ἐνθεν
1354 3967 1438 4003 τοι
1493 3949 1588 4002 καὶ
1631 3949 1818 4018 ἡμεῖς,
1849 3946 1949 4017 τήν
1999 3945 2098 4015 τῆς

496 4046 911 4117 -οίκουμενικῆς
953 4043 1284 4114 Ἐκκλησίας
1312 4040 1653 4112 προστασίαν
1679 4040 2100 4109 ἐγκεχειρισμέ-

500 4162 600 4196 vo:
631 4142 782 4211 παρά
822 4137 978 4203 Θεοῦ,
1011 4137 1101 4191 διὰ
1153 4135 1435 4205 φροντίδος
1486 4131 1793 4202 ποιούμεθα
1824 4131 1885 4183 τὸ
1928 4130 2100 4201 ἐμμέο

519 4252 634 4290 νειν
660 4235 716 4286 ἐν
746 4234 959 4291 τούτοις
988 4227 1359 4297 ἀπαραϐάτως
1378 4224 1505 4288 τοὺς
1538 4227 1595 4277 ἐν
1624 4226 1742 4288 ταῖς
1767 4224 2097 4293 σεϐασμίαις

512 4327 715 4395 ημοναίς
747 4323 859 4376 τῶν
889 4317 1198 4388 ἑκασταχοῦ
1230 4316 1427 4387 χωρῶν
1458 4333 1517 4369 τε
1541 4319 1636 4369 καὶ
1667 4318 1894 4380 πόλεων,
1931 4318 2012 4369 ἐτι
2041 4316 2099 4369 δὲ

519 4418 663 4487 όρῶν
718 4412 1098 4479 ἀσκουμένους
1154 4413 1252 4461 καὶ
1302 4409 1404 4478 τὴν
1458 4409 1761 4480 μοναχικὴν
1820 4410 2100 4465 πολιτείαν

2201 3308 2325 3361 τότε
2353 3307 2673 3379 εὑρεθέντος
2709 3310 2799 3364 διά
2827 3328 2948 3364 τινα
2980 3314 3188 3382 χρείαν,
3223 3316 3317 3367 καὶ
3349 3315 3562 3369 πολλῶν
3598 3318 3776 3385 λόγων

2200 3399 2538 3469 κινηθέντων
2575 3402 2710 3474 παρ’
2736 3405 3067 3474 ἀμφοτέρων
3090 3409 3201 3458 τῶν
3235 3408 3419 3478 μερῶν
3454 3410 3551 3462 καὶ
3575 3410 3781 3477 πολλῆς

2200 3491 2546 3563 διασκέψεως
2574 3497 2873 3566 γενομένης
2913 3500 3049 3567 μετά
3073 3499 3173 3569 τῆς
3201 3504 3585 3573 προσηκούσης
3611 3520 3781 3558 πνευ-

2203 3585 2445 3656 ματικῆς
2478 3587 2768 3659 ἀκριϐείας
2800 3592 2892 3643 καὶ
2942 3595 3333 3663 ουντηρήσεως
3370 3598 3523 3665 παρά
3555 3597 3667 3648 τῶν
3696 3599 3779 3650 εί-

2204 3674 2481 3747 ρημένων
2507 3678 2838 3743 ἀξιοπίστων
2887 3682 3222 3753 προσώπων,
3262 3686 3485 3757 ἐτάχθη,
3543 3689 3641 3739 καὶ
3685 3706 3778 3741 πε-

2204 3770 2393 3841 ριέστη
2446 3771 2764 3841 ἐγγράφως,
2811 3773 2899 3826 ῖνα
2932 3775 3232 3846 κατέχηται
3281 3781 3373 3830 καὶ
3420 3778 3693 3850 unum
3746 3784 3779 3848 ή

2202 3863 2467 3934 καθολικὴ
2506 3866 2773 3937 ἐκκλησία
2804 3867 2899 3937 τῆς
2934 3868 3234 3937 εἰρημένης
3281 3873 3453 3939 μονῆς
3486 3877 3641 3940 παρά
3668 3872 3780 3926 τῶν

2205 3957 2455 4026 μοναχῶν
2502 3954 2813 4028 Ῥωμαίων,
2849 3961 2909 4012 οῦ
2942 3961 3106 4030 μόνον
3137 3961 3549 4031 κατάνάριθμὸν
3574 3965 3779 4031 ὑπερε-

2201 4047 2430 4117 χόντων,
2465 4048 2602 4101 ἀλλά
2628 4050 2722 4101 καὶ
2751 4050 2830 4111 είς
2858 4052 2964 4102 πᾶν
2994 4050 3156 4119 ἔργον
3187 4053 3563 4120 πνευματικῖν
3596 4054 3779 4121 μυρίῳ

2199 4138 2278 4206 τῷ
2314 4140 2465 4210 μέσῳ
2515 4140 2935 4205 ὐπερνικώντων
2977 4145 3104 4203 τοὺς
3153 4144 3383 4213 Ἴϐηρας
3436 4146 3534 4197 καὶ
3573 4148 3774 4209 ἱκανῶς

2202 4232 2436 4299 ἐχόντων
2482 4232 2793 4286 ἀποδιδόναι
2821 4236 2886 4304 τῇ
2924 4233 3153 4307 τοιαύτῃ
3188 4236 3455 4308 ἐκκλησίᾳ
3489 4237 3591 4307 τὴν
3643 4241 3777 4308 πρέ-

2202 4337 2411 4375 πουσαν
2467 4326 2721 4393 μοναχοῖς
2751 4324 3014 4394 ἀνδράσιν
3049 4326 3349 4395 εὐκοσμίαν
3395 4345 3451 4379 τε
3481 4330 3576 4381 καὶ
3610 4330 3777 4384 κατά-

2204 4429 2420 4478 στασιν,
2455 4415 2813 4484 ἀρκουμένων
2849 4415 2957 4468 τῶν
2988 4420 3241 4489 μοναχῶν
3292 4421 3525 4490 ῐϐήρων,
3560 4424 3775 4494 εὐαριθο

518 4510 808 4570 ὁδεύοντας
838 4506 1056 4559 πάντων
1087 4506 1151 4558 ἐκ
1199 4503 1370 4571 μέσου
1402 4505 1705 4570 γεγονότων
1750 4503 1859 4560 τῶν
1892 4505 2093 4572 μεταξὺ
2123 4527 2174 4586 D
2206 4505 2391 4574 μήτων
2420 4504 2591 4558 όντων
2642 4504 2732 4558 διά
2770 4506 2868 4575 τὴν
2898 4506 3189 4578 ὀλιγότητα
3235 4511 3415 4563 αὐτῶν
3460 4512 3552 4563 καὶ
3583 4514 3775 4567 ἀνεπι-

522 4602 839 4657 σκανδὰλων
866 4600 961 4651 καὶ
995 4596 1261 4651 στάσεων.
1297 4594 1386 4663 Τῷ
1420 4594 1563 4665 λόγῳ
1592 4594 1728 4665 τῷδε
1763 4596 1987 4659 σκοπὸς,
2020 4596 2095 4659 ὡς

520 4694 630 4759 πρό
678 4709 821 4754 τινος
851 4691 952 4761 ήδη
987 4687 1183 4758 καιροῦ
1232 4688 1530 4757 φθάνουσιν
1559 4687 1609 4739 οί
1639 4688 1697 4739 ἐν
1743 4690 1809 4757 τῇ
1842 4687 1985 4740 κατά
2036 4686 2098 4739 τδ

522 4784 714 4850 ’Ἃγιον
751 4783 915 4852 Ὄρος
952 4780 1047 4833 τοῦ
1081 4779 1230 4832 Ἀθω
1264 4778 1590 4849 διακειμένῃ
1645 4777 1923 4849 σεϐασμίᾳ
1960 4779 2095 4847 μονῇ

518 4876 627 4930 τῶν
668 4874 893 4945 Ἰϐήρων
920 4871 1251 4940 ἀσκούμενοι
1284 4872 1513 4940 μοναχοὶ
1562 4871 1891 4940 κινήσαντες
1930 4870 2096 4922 διενέ-

520 4969 631 5033 ξεις
673 4967 792 5038 μετ’
825 4965 1072 5034 ἀλλήλων
1121 4964 1250 5033 περί
1286 4980 1345 5016 τε
1397 4964 1496 5032 τῆς
1535 4962 1832 5032 καθολικῆς
1869 4964 2093 5033 Ἐκκλη-

521 5062 642 5124 σίας
673 5061 773 5130 τῆς
812 5057 1073 5128 τοιαύτης
1103 5058 1274 5127 μονῆς
1305 5057 1403 5111 καὶ
1434 5057 1564 5126 περί
1592 5074 1756 5111 τινων
1803 5058 1977 5122 ἄλλως
2018 5061 2099 5122 είς

519 5153 751 5217 ἀταξίαν
808 5152 901 5204 καὶ
935 5153 1209 5221 ἀκοσμίαν
1259 5149 1590 5221 ἀφορώντων
1635 5151 1828 5220 αὐτῆς.
1874 5149 1951 5214 ὡς
1987 5150 2097 5203 τῶν

532 5246 763 5317 Ἰϐήρων
786 5244 849 5296 ἐκ
875 5261 930 5296 τε
959 5243 1057 5312 τῆς
1088 5240 1352 5311 συνήθους
1386 5242 1518 5309 περὶ
1544 5242 1612 5295 τὰ
1652 5241 1796 5295 καλά
1828 5243 2096 5311 ἀμελείας

518 5340 616 5393 καὶ
648 5342 744 5406 τῆς
790 5338 1108 5405 ὀλιγότητος
1142 5334 1352 5387 τούτων
1386 5336 1481 5386 καὶ
1517 5336 1952 5405 ἀνεπιστημόνου
1979 5339 2098 5390 ἐπι-

517 5433 744 5494 στασίας
776 5429 1247 5498 ἀντιποιουμένων
1276 5427 1374 5497 μὲν
1402 5428 1499 5495 τῆς
1535 5427 1762 5480 καθόλου
1791 5428 1967 5499 ἀρχῆς
1996 5429 2095 5497 τῆς

524 5528 691 5596 μονῆς
719 5524 815 5578 καὶ
846 5522 940 5575 τοῦ
973 5520 1312 5592 δηλωθέντος
1356 5519 1501 5572 θείου
1533 5520 1685 5585 ναοῦ,
1728 5522 1881 5574 οὐδὲν
1910 5525 2097 5591 μέντοι

516 5621 755 5690 ἐχόντων
790 5616 975 5670 ἱκανὸν
1006 5617 1066 5668 ἐν
1093 5616 1230 5685 αὐτῇ
1252 5612 1684 5684 διαπράξασθαι,
1713 5614 1830 5668 ἀλλ’
1860 5616 1940 5678 είς
1966 5633 2100 5668 παν-

515 5712 644 5779 τελῆ
680 5712 967 5781 ἐρήμωσιν
1012 5706 1359 5777 βουλομένων
1393 5706 1600 5776 ταύτην
1650 5706 1966 5776 ἀπαγαγεῖν
2009 5708 2098 5761 διὰ

516 5800 576 5849 τὸ
610 5801 912 5868 κεκλῇσθαι
943 5800 1043 5868 τὴν
1097 5800 1264 5867 μονὴν
1296 5798 1502 5869 ταύτην
1548 5796 1607 5848 τὸ
1664 5799 1819 5851 κενὸν
1852 5800 1950 5850 καὶ
1989 5802 2094 5868 μά-

2203 4597 2509 4667 στημόνων,
2542 4596 2619 4660 ώς
2676 4598 2915 4669 είρηται,
2948 4601 3027 4663 είς
3070 4601 3171 4671 τὴν
3221 4604 3415 4671 ἑτέραν
3468 4605 3569 4674 τῆς
3608 4608 3775 4675 μονῆς

2201 4689 2523 4759 ἐκκλησίαν.
2557 4689 2700 4760 Πρὸς
2732 4691 2945 4754 τούτοις
2990 4692 3293 4763 διεγνιῦσθη
3336 4696 3428 4747 καὶ
3460 4696 3773 4766 ἀπετάχθη,

2201 4778 2345 4836 εἶναι
2386 4781 2478 4835 τόν
2506 4800 2566 4835 τε
2603 4785 2906 4855 ήγούμενον
2942 4788 3035 4837 καὶ
3082 4787 3171 4836 τδν
3207 4785 3618 4857 ἐκκλησιάρχην
3666 4794 3773 4841 ἀπὸ

2200 4874 2311 4927 τῶν
2338 4876 2395 4927 ἐν
2426 4875 2564 4944 αὐτῇ
2609 4876 2861 4945 μοναχῶν
2903 4874 3194 4943 Ῥωμαίων
3224 4879 3350 4941 τοὺς
3376 4881 3775 4949 προκριθέντας

2200 4966 2386 5031 ἀξίους
2420 4968 2514 5020 καὶ
2550 4969 2860 5031 πρέποντας
2882 4970 2991 5029 τοῖς
3019 4967 3287 5033 τοιούτοις
3317 4971 3770 5042 λειτουργήμασι,

2200 5055 2301 5117 τὰς
2340 5056 2522 5125 μέντοι
2557 5057 2667 5109 τῶν
2716 5057 2893 5111 ἄλλων
2942 5058 3367 5129 διακονημάτων
3407 5060 3583 5131 ἀρχὰς
3633 5055 3771 5114 εἶναι

2201 5147 2389 5211 κοινὰς
2447 5149 2543 5202 καὶ
2597 5148 2814 5219 Ἴϐηρσι
2876 5151 2968 5203 καὶ
3020 5151 3337 5221 Ῥωμαίοις,
3395 5152 3774 5223 φροντίζουσιν

2202 5238 2479 5309 ἐπιμελῶς
2502 5240 2601 5310 τῆς
2635 5242 2726 5293 ἐπὶ
2754 5241 2813 5294 τὸ
2838 5244 3087 5312 κρεῖττον
3121 5244 3434 5306 συστάσεως
3465 5245 3560 5297 καὶ
3588 5245 3773 5297 ἐπιδό-

2202 5348 2341 5393 σεως
2383 5331 2483 5401 τῆς
2511 5332 2772 5401 τοιαύτης
2811 5336 3003 5403 μονῆς,
3048 5334 3169 5388 κατ’
3206 5335 3439 5404 ἐκλογὴν
3478 5336 3775 5406 γινομένης

2200 5425 2297 5494 τῆς
2327 5423 2633 5493 ὑπηρεσίας
2666 5424 2775 5477 τῶν
2807 5425 3069 5478 τοιούτων
3098 5427 3535 5497 διακονημάτων,
3573 5433 3667 5480 καὶ
3696 5431 3773 5497 μὴ

2200 5518 2581 5587 ἀδοκιμάστως
2604 5519 2719 5579 καὶ,
2743 5518 2818 5581 ώς
2836 5517 3045 5587 ἔτυχεν,
3068 5520 3443 5589 ἀπραγμόνως
3467 5520 3773 5573 διακεῖςθαι

2199 5612 2268 5663 τὰ
2296 5611 2392 5678 τῆς
2425 5610 2615 5678 μονῆς.
2658 5610 2784 5663 Ἐπὶ
2810 5608 2939 5678 γοῦν
2965 5613 3030 5681 τῇ
3057 5611 3281 5680 τοιαύτῃ
3312 5612 3649 5666 καταστάσει
3680 5611 3773 5663 καὶ

2200 5704 2487 5770 διαγνώσει
2541 5704 2838 5774 ἐπορίσατο
2882 5704 2982 5765 pra).
3036 5704 3231 5756 σεπτὸν
3289 5704 3631 5771 πρόσταγμα
3680 5702 3769 5755 τοῦ

2203 5800 2494 5868 κρατίττου
2546 5799 2639 5851 καὶ
2672 5797 2828 5864 ἁγίου
2869 5814 2967 5865 μου
3009 5796 3433 5865 αὐτθκράτοροῖο
3475 5796 3771 5864 emtum?”
