4026 6264
274 333 406 401 1361

1336 339 1731 400 SYNODlC/E
1765 336 2453 426 CONS’l‘lTUTlQNES;

3357 324 3521 387 1362’

272 454 516 520 ἀντάξιος
559 453 652 506 καὶ
681 453 769 507 διά
811 453 903 507 τοῦ
937 427 1214 525 προφήτου
1247 456 1275 509 ό
1319 456 1528 523 ἐξάγων
1579 457 1727 523 ἀξιον
1773 456 1840 522 ἐξ
1867 462 1914 519 Α
1939 458 2161 528 ποιήτου
2191 459 2292 511 κάν
2321 455 2398 524 τῷ
2426 452 2553 523 ἐξῆς
2575 451 2660 526 ἀεὶ
2687 453 2862 520 χρόνῳ
2888 447 2986 516 τῆς
3016 443 3284 513 ἐνωμότου
3318 447 3497 512 ἀσφα’

272 543 516 610 ἀναξίου,
550 546 626 608 ὡς
663 545 836 612 στόμα
867 563 968 614 μου
1001 546 1140 612 ἔστι,
1177 548 1438 617 μέλλειδέ
1467 548 1575 602 ἀπὸ
1595 549 1692 617 τῆς
1719 565 1832 600 τοι·

1935 553 2083 614 λείας
2125 551 2218 603 καὶ
2263 547 2606 616 ὑποσχέσεως
2636 541 2914 612 ἐγγράφου
2953 540 3034 601 είς
3079 539 3179 605 τὴν
3212 535 3371 604 ἁγίαν
3404 535 3497 588 τοῦ

273 632 442 703 αὖτης
482 634 876 704 ἀρχιερατικῆς
923 634 1248 697 ἐπιστασίας
1297 634 1391 688 καὶ
1443 634 1771 703 ποιμανσίας
1805 636 1832 687 ὁ
1932 631 2174 714 Χριστοῦ
2200 638 2495 704 καθολικὴν
2525 635 2621 688 καὶ
2649 631 3011 700 ἀποστολικὴν
3047 626 3496 714 Ἐκκλησίανγτοῦ

273 727 330 778 ὲν
376 727 442 795 τῇ
493 725 757 796 εἰρημένῃ
805 727 946 795 ἀρχῇ
981 726 1075 777 καὶ
1127 726 1452 797 ἐπικρατείᾳ
1505 728 1683 796 πάσης
1734 725 1833 795 τῆς
1936 713 2183 789 τοιούτου
2212 730 2600 798 εὐγενεστάτου
2635 724 2874 795 μεγάλου
2915 722 3128 792 βοῖόόδα
3161 721 3236 780 είς
3268 718 3326 771 τὸ
3361 713 3500 770 εἶναι

275 814 569 884 εἰρημένης
605 816 1051 885 Οὐγγροσλαχίας
1094 818 1478 887 εὑρισκόμενος
1516 816 1834 885 Χριστώνυ-

1936 827 2023 879 ἀεὶ
2052 825 2152 892 τὴν
2177 819 2474 888 ἐκκλησίαν
2497 818 2594 886 τῆς
2623 812 3070 884 Οὑγγροϐλαχίας
3103 809 3193 863 ὑπ’
3216 809 3384 875 αὐτὴν
3407 809 3502 858 καὶ

278 921 378 974 μος
406 905 499 958 τοῦ
531 905 735 974 Κυρίου
763 905 889 970 λαὸς
909 907 1223 976 όδηγεῖσθαι
1252 910 1333 970 είς
1357 909 1705 979 ἐκπλήρωσιν
1728 910 1834 962 τῶν
1936 915 2187 987 δέχεοθαι
2231 913 2324 965 ἀπ’
2375 909 2546 978 αὐτῆς
2599 905 2864 976 ἀρχιερέα
2915 904 3158 973 γνήσιονο
3198 900 3336 953 ὥστε
3392 898 3501 967 γὰρ

275 997 558 1066 σωτηρίων
601 997 698 1050 τοῦ
729 999 966 1065 Χριστοῦ
1003 1001 1234 1054 ἐντολῶν
1279 1001 1463 1071 μέλλει
1511 1002 1834 1071 είσηγουμέ-

1940 1006 2328 1079 συντηρεῖσθαι
2357 1006 2437 1066 είς
2466 1004 2529 1056 τὸ
2560 1002 2686 1071 ἐξῆς
2721 998 2878 1052 τοῦτο
2922 992 3373 1062 ἀκαινοτόμητον,
3410 990 3506 1042 καὶ

274 1103 365 1140 νου
410 1087 506 1141 τοῦ
554 1089 858 1159 ἀρχιερέως
892 1092 988 1143 καὶ
1041 1091 1449 1154 ἐκδιδάσκοντος
1499 1092 1697 1154 αὐτοὺς
1738 1091 1837 1161 τὴν
1939 1100 2240 1171 βαρύτατον
2268 1097 2362 1149 καὶ
2389 1092 2663 1147 συνοδικὸν
2697 1085 3044 1159 (ἀφορισμὸν)
3074 1085 3336 1153 ἠπείλητο
3363 1081 3506 1134 κατὰ

273 1178 367 1230 τοῦ
399 1179 728 1254 Εὐαγγελίου
761 1182 879 1235 ὁδὸν
912 1181 1006 1235 καὶ
1037 1183 1371 1250 ἀφιστῶντος
1409 1186 1500 1238 καὶ
1539 1183 1837 1244 κωλύοντος

275 1268 382 1322 ἀπὸ
424 1269 535 1322 τῶν
582 1271 1044 1341 ἀπηγορευμένων
1084 1273 1262 1344 ἔργων
1294 1275 1391 1344 τῆς
1427 1274 1697 1344 ἁμαρτίας
1747 1273 1841 1327 καὶ

277 1363 478 1425 παντὸς
506 1362 743 1432 ἐκφύλου
770 1364 863 1416 καὶ
888 1353 1167 1436 ἀλλοτρίου
1186 1366 1455 1433 δόγματος
1481 1366 1578 1434 τῆς
1615 1366 1841 1433 Ἐκκλη-

280 1453 404 1515 σίας
436 1453 702 1522 Χριστοῦ,
730 1454 808 1507 ἔτι
835 1454 890 1507 δέ
925 1456 1021 1509 καὶ
1051 1455 1148 1525 τῆς
1176 1456 1334 1525 ἡμῶν
1371 1456 1721 1525 μετριότητος
1755 1456 1842 1508 διὰ

274 1543 516 1610 σπουδῆς
563 1542 723 1596 τοῦτο
762 1543 1066 1614 μελλούσης
1108 1545 1196 1598 ἀεὶ
1243 1547 1418 1599 ποιεῖν
1467 1548 1562 1599 καὶ
1607 1545 1841 1616 γράφειν

272 1632 370 1685 καὶ
422 1632 694 1687 νουθετεῖν
747 1634 942 1696 αὐτοὺς
993 1637 1072 1697 είς
1126 1635 1358 1704 τήρησιν
1416 1636 1514 1704 τῆς
1567 1635 1842 1704 ἀσφαλοῦς

270 1723 435 1793 ἡμῶν
489 1725 746 1786 πίστεως,
796 1725 931 1794 ὅπερ
981 1725 1162 1795 ἀφορᾷ
1215 1727 1294 1789 είς
1353 1726 1555 1795 πολλὴν
1607 1726 1844 1796 ψυχικὴν

267 1815 542 1882 ὠφέλειαν
601 1815 801 1880 αὐτῶν,
855 1815 998 1884 ὑπὲρ
1045 1809 1107 1870 οὗ
1165 1817 1309 1870 θείου
1369 1819 1694 1889 πράγματος
1745 1820 1844 1887 οὐχ
1877 1802 1919 1860 Β

274 1906 462 1970 ίκανδς
508 1907 627 1970 ὅλος
655 1909 681 1958 ό
722 1907 948 1976 κόσμος,
999 1908 1089 1970 ὡς,
1123 1910 1522 1963 ἀποδέδεικται·
1577 1910 1666 1964 διά
1717 1910 1849 1978 γοῦν

271 2001 449 2053 ταῦτα
484 1999 516 2069 ἡ
553 1999 846 2069 μετριότης
878 2001 1056 2070 ἡμῶν,
1084 2001 1594 2072 συνδιασκεψαμένη
1621 2001 1687 2054 τά
1721 2002 1851 2071 περὶ

272 2090 470 2144 τούτου
501 2093 567 2160 τῇ
601 2091 726 2158 περὶ
755 2091 924 2160 αὐτὴν
957 2093 1074 2162 θείᾳ
1101 2093 1374 2165 όμηγύρει
1405 2095 1512 2147 τῶν
1542 2095 1850 2166 ίερωτάτων

271 2182 1086 2253 ἀρχιερέων,τῷἨρακλείας.
1167 2226 1180 2240 .
1263 2224 1275 2239 .
1354 2226 1370 2243 .
1451 2229 1464 2243 .
1545 2227 1559 2243 .
1641 2224 1658 2242 .
1736 2229 1752 2244 .
1831 2225 1848 2243 .

269 2365 399 2417 ἐπεὶ
424 2366 774 2432 ἀμεταθέτως
802 2367 1050 2437 ἐξέχεται
1079 2371 1159 2430 είς
1194 2370 1256 2424 τὸ
1305 2370 1673 2440 μετατεθῆναι
1700 2370 1851 2424 τόνδε

269 2456 364 2508 τὸν
393 2458 803 2526 μητροπολίτην
833 2460 1081 2531 Βιτζίνης
1119 2463 1146 2515 ό
1172 2461 1414 2527 τοιοῦτος
1455 2463 1627 2533 μέγας
1672 2462 1852 2533 βοῖϐό-

269 2548 372 2609 δας
415 2550 495 2611 είς
529 2550 620 2603 τὸν
652 2549 840 2618 θρόνον
881 2552 1063 2622 πάσης
1112 2555 1565 2626 Οὐγγροὸλαχίας
1598 2556 1690 2608 καὶ
1733 2557 1852 2608 ἐπι-

272 2637 550 2704 κρατείας
593 2639 684 2689 καὶ
715 2639 890 2708 ἀρχῆς
918 2639 1108 2704 αὐτοῦ,
1137 2644 1232 2695 καὶ
1278 2644 1421 2696 κατὰ
1456 2644 1518 2695 τὸ
1553 2644 1726 2712 παρὸν
1753 2645 1853 2698 οὐκ

274 2727 360 2789 είς
406 2726 594 2797 ἔτερόν
644 2744 790 2790 τινα,
835 2730 951 2783 ἀλλ’
985 2733 1064 2794 είς
1109 2732 1270 2784 αὐτὸν
1314 2733 1416 2802 τὴν
1463 2734 1852 2806 ἀρχιερατικὴν

273 2819 488 2887 ταύτην
514 2822 850 2889 προστασίαν
877 2823 1016 2891 μετά
1035 2822 1236 2893 πολλῆς
1262 2825 1416 2894 ζητεῖ
1437 2826 1850 2896 παρακλήσεως,

275 2909 716 2979 ὑπισχνούμενος
741 2911 924 2966 δοῦναι
955 2911 1223 2982 ἐνώμοτον
1250 2914 1344 2967 καὶ
1376 2915 1651 2986 ἔγγραφον
1683 2916 1858 2986 ἀσφά-

274 3001 461 3056 λειαν.
485 3001 579 3054 ἵνα
609 3002 735 3072 τελῇ
765 3003 824 3055 τὸ
857 3002 963 3055 ἀπὸ
988 3003 1140 3058 τοῦδε
1173 3006 1266 3060 καὶ
1292 3009 1371 3070 είς
1395 3007 1454 3060 τὸ
1483 3009 1630 3078 ἐξῆς,
1663 3009 1855 3079 μέχρις

275 3092 346 3146 ἂν
388 3094 708 3146 συνίσταται
741 3099 771 3163 ἡ
803 3095 1059 3150 αὐθεντία
1095 3099 1192 3151 καὶ
1233 3100 1376 3171 ἀρχὴ
1406 3100 1593 3166 αὑτοῦ,
1625 3102 1658 3171 ἡ
1703 3103 1854 3171 εἰρη-

277 3186 427 3255 μένη
460 3187 608 3239 πᾶσα
641 3186 1077 3257 Οὐγγροόλαχία,
1105 3191 1208 3244 ὑπὸ
1240 3192 1338 3260 τὴν
1368 3192 1489 3246 καθ’
1509 3195 1659 3264 ἡμᾶς
1684 3195 1854 3262 ἀγιω-

271 3280 457 3348 τάτην
507 3280 602 3333 τοῦ
664 3279 796 3334 Θεοῦ
841 3282 1105 3352 Μεγάλην
1174 3286 1503 3356 Ἐκκλησίαν
1568 3289 1708 3340 κατὰ
1762 3287 1853 3342 τὸν

239 3373 785 3442 .ἀναγεγραμμένον
831 3375 1056 3444 τρόπον·
1096 3377 1362 3448 μετέθηκε
1412 3379 1598 3434 τοῦτον
1651 3381 1714 3450 δὴ
1763 3381 1855 3433 τὸν

274 3460 546 3529 Βιτζίνης
572 3463 604 3530 ἡ
650 3463 939 3532 μετριότης
970 3465 1128 3535 ήμῶν
1160 3466 1352 3535 γνώμῃ
1386 3467 1480 3521 καὶ
1518 3467 1736 3538 εὐδοκία
1760 3466 1854 3520 τοῦ

274 3550 560 3618 κραταιοῦ
607 3554 703 3605 καὶ
738 3553 896 3622 ἁγίου
945 3573 1047 3624 μου
1089 3553 1510 3627 αὐτοκράτορος,
1557 3557 1650 3611 τοῦ
1700 3560 1856 3612 πάντ’

268 3642 520 3710 ἀρίστου
566 3643 660 3695 καὶ
713 3645 1096 3713 ἀπαραμίλλου
1147 3650 1213 3715 τῇ
1268 3645 1362 3698 τοῦ
1414 3646 1576 3716 ἤθους
1627 3647 1857 3700 καὶτῶν

263 3732 510 3800 τρόπων
537 3733 868 3801 χρηστότητί
891 3751 948 3786 τε
979 3735 1074 3787 καὶ
1104 3735 1427 3806 γαληνότητι
1452 3739 1544 3788 καὶ
1571 3737 1631 3790 τὸ
1653 3737 1860 3790 δίκαιον

267 3827 333 3878 ἐν
376 3821 562 3876 ἅπασι
593 3821 918 3892 βουλομένου
960 3827 1183 3894 κρατεῖν
1231 3827 1325 3879 καὶ
1362 3827 1857 3898 παρρησιάζεσθαι,

271 3919 359 3980 εἰς
383 3916 485 3968 τὸν
515 3914 702 3985 θρόνον
739 3916 921 3985 πάσης
962 3919 1427 3990 Οὐγγροσλαχίας.
1454 3921 1646 3974 Ἔσται
1685 3921 1860 3975 τοίνυν

267 4012 335 4063 τὺ
370 4007 490 4061 ἀπὸ
520 4006 675 4060 τοῦδε
722 4009 814 4061 καὶ
845 4011 924 4071 είς
949 4011 1040 4062 τὸν
1072 4009 1197 4079 ἐξῆς
1231 4011 1447 4065 ἅπαντα
1477 4013 1669 4080 χρόνον
1699 4015 1724 4066 ό
1769 4011 1860 4082 δη-

265 4102 488 4162 λωθεὶς
525 4100 819 4169 ἱερώτατος
869 4103 1268 4173 μητροπολίτης
1303 4104 1480 4172 πάσης
1515 4103 1860 4174 Οὐγγροϐλα-

266 4195 433 4265 χίας,
497 4191 818 4262 ὑπέρτιμος,
867 4193 1152 4260 ἀγαπητὸς
1199 4197 1341 4247 κατὰ
1391 4194 1593 4265 Κύριον
1638 4193 1863 4264 ἀδελφὸς

266 4287 445 4360 ὴμῶν
479 4287 578 4339 καὶ
609 4286 1044 4356 συλλειτουργὸς,
1074 4287 1264 4358 ῶσπερ
1297 4288 1390 4341 τοῦ
1427 4288 1617 4358 θρόνου
1661 4287 1863 4358 ταύτης

265 4381 373 4436 καὶ
408 4377 514 4433 τοῦ
542 4380 824 4447 ὀνόματος,
857 4379 1001 4433 οὕτω
1033 4381 1278 4450 μετέχων
1316 4381 1409 4433 καὶ
1441 4379 1730 4434 ἀπολαύων
1771 4378 1862 4432 καὶ

1943 1170 2141 1252 παντὸς
2175 1187 2270 1241 τοῦ
2312 1183 2782 1256 βουληθησομένου
2815 1177 3102 1248 ἀκυρῶσαι
3134 1175 3290 1228 αὐτᾶ
3318 1170 3507 1238 ἐπειδὴ

1942 1280 2133 1332 τούτου
2163 1278 2352 1332 ἐνεκεν
2381 1277 2478 1330 καὶ
2517 1275 2552 1345 ή
2597 1272 2852 1343 παροῦσα
2890 1269 3140 1338 συνοδικὴ
3174 1263 3372 1336 πρᾶξις
3415 1281 3506 1330 γε-

1943 1375 2134 1442 γονυῖα
2176 1372 2254 1442 τῷ
2295 1370 2578 1440 εἰρημένῳ
2623 1365 2994 1437 μητροπολίτῃ
3049 1362 3232 1430 πάσης
3269 1359 3512 1425 Οὐγγρο-

1944 1465 2168 1534 ὁλαχίας
2217 1465 2311 1518 καὶ
2367 1461 2652 1531 ὑπερτίμῳ
2705 1461 2786 1520 εἰς
2838 1455 3138 1525 ἀσφάλειαν
3187 1450 3506 1507 ἐπιδέδοται,

1945 1557 2282 1611 ἀπολυθεῖσα
2331 1554 2475 1608 κατά
2513 1553 2658 1622 μῆνα
2706 1550 2875 1604 Μάῖον
2916 1549 3014 1616 τῆς
3048 1543 3406 1612 ἐνισταμένης
3445 1539 3513 1608 ιβτ

1949 1646 2045 1700 ῖνδ,
2082 1643 2173 1698 τοῦ
2199 1640 2380 1708 ,ςωξζΙ
2411 1641 2586 1705 ἔτους,
2611 1640 2732 1710 ἧτις
2757 1639 2851 1691 καὶ
2878 1633 3241 1705 ὐπεσημάνθη
3267 1633 3333 1702 τῇ
3361 1630 3519 1685 αὐτο-

1947 1738 2115 1807 χείρφ
2144 1737 2332 1806 γραφῇ
2370 1733 2471 1802 τῆς
2497 1732 2654 1803 ἡμῶν
2688 1729 3061 1802 μετριότητος·

2021 1916 2088 1971 ll.
2129 1916 2170 1986 -ι-
2205 1913 2579 1982 Εὐγενέστατε
2604 1951 2620 1976 ,
2702 1909 3035 1964 συνετώτατε
3060 1945 3075 1969 ,
3147 1902 3516 1974 ἀνδρικώτατε

1954 2007 2096 2074 μέγα
2129 2004 2342 2074 βοῖδόδα
2379 2005 2475 2056 καὶ
2527 1999 2764 2055 αὐθέντα
2811 2001 2994 2067 πάσης
3047 1992 3516 2064 Οὐγγροῦλαχίας,

1951 2090 2009 2145 ἐν
2040 2091 2182 2162 ἁγίῳ
2217 2091 2498 2160 Πνεύματι
2523 2087 2889 2158 γνησιώτατε.
2924 2086 3272 2140 ποθεινότατε
3305 2082 3390 2136 υίέ
3424 2082 3521 2150 τῆς

1952 2185 2106 2256 ήμῶν
2167 2183 2542 2254 μετριότητος,
2603 2183 2707 2250 κῦρ
2769 2179 3107 2248 Ἀλέξανδρε,
3161 2176 3369 2243 ὑγίειαν
3427 2173 3521 2225 καὶ

1952 2275 2219 2344 εὐθυμίαν
2258 2275 2458 2344 ψυχῆς,
2490 2273 2741 2343 σώματός
2769 2289 2828 2323 τε
2863 2271 3030 2343 ῥῶσιν
3068 2269 3159 2322 καὶ
3183 2266 3395 2332 εὐεξίαν
3425 2263 3521 2316 καὶ

1954 2367 2062 2420 πᾶν
2105 2366 2131 2419 ὅ
2161 2384 2210 2420 τι
2263 2366 2468 2434 ἀγαθὸν
2501 2366 2596 2418 καὶ
2627 2365 2912 2432 σωτήριον,
2950 2360 3237 2429 ἐπεύχεται
3271 2361 3338 2426 τῇ
3377 2358 3523 2408 ἀντι-

1953 2457 2111 2527 λήψει
2147 2474 2242 2510 σου
2275 2457 2308 2527 ὴ
2347 2457 2638 2526 μετριότης
2688 2455 2845 2524 ἡμῶν
2874 2452 2982 2506 ἀπὸ
3025 2451 3160 2504 Θεοῦ
3208 2446 3523 2516 παντοκρά-

1952 2567 2130 2619 τορος.
2176 2549 2310 2601 Ἀπὸ
2337 2548 2444 2601 τῶν
2478 2546 2821 2616 γραμμάτων
2854 2544 2954 2612 τῆς
2987 2543 3084 2611 σῆς
3117 2539 3394 2610 εὐγενείας
3423 2538 3520 2592 καλ.

1953 2643 2061 2698 τῶν
2091 2641 2377 2710 προτέρων
2410 2638 2504 2690 καὶ
2531 2637 2639 2691 τῶν
2675 2636 2917 2704 ὑστέρων
2950 2636 3244 2703 ἐγνώρισεν
3277 2631 3522 2700 ἀκριϐῶς

1956 2736 1989 2805 ἡ
2022 2734 2310 2805 μετριότης
2341 2732 2517 2801 ἡμῶν,
2556 2733 2654 2783 ὅσα
2699 2729 2888 2800 ἐδήλου
2935 2730 2968 2798 ἡ
3008 2727 3254 2795 εὐγένειά
3291 2742 3406 2786 σου,
3434 2726 3528 2777 καὶ

1955 2824 2250 2890 ἀπεδέξατο
2291 2825 2432 2878 κατά
2467 2823 2601 2878 πολὺ
2650 2825 2745 2878 καὶ
2788 2823 3016 2895 ἐπῄνεσε
3068 2822 3164 2892 τὴν
3211 2819 3527 2874 εὐπείθειαν

1964 2918 2057 2972 καὶ
2086 2916 2365 2988 ὑποταγὴν
2398 2918 2494 2969 καὶ
2520 2916 2754 2988 στοργὴν
2783 2918 2877 2968 καὶ
2906 2916 3147 2984 ἀγάπην,
3181 2914 3248 2982 ἢν
3276 2911 3416 2981 ἔχεις
3446 2913 3528 2972 είς

1955 3008 2056 3078 τὴν
2091 3008 2254 3075 ἀγίαν
2278 3006 2372 3061 τοῦ
2407 3006 2646 3078 Χριστοῦ
2691 3006 2985 3077 καθολικὴν
3028 3010 3118 3059 καὶ
3160 3001 3526 3067 ἀποστολικὴν

1970 3100 2318 3173 Ἐκκλησίαν,
2348 3102 2469 3171 ἥτις
2494 3102 2642 3154 ἐστὶν
2672 3102 2705 3172 ἡ
2733 3099 2884 3169 πηγὴ
2909 3099 3000 3153 καὶ
3025 3099 3058 3168 ἠ
3095 3097 3220 3168 ῥίζα
3249 3096 3346 3165 τῆς
3372 3095 3530 3147 εὐσε-

1959 3193 2110 3258 ϐείας
2135 3195 2224 3247 καὶ
2252 3194 2311 3248 τὸ
2340 3195 2619 3264 στήριγμα
2651 3194 2746 3247 καὶ
2775 3195 2803 3248 ὁ
2853 3192 3100 3262 θεμέλιος
3137 3188 3232 3244 τοῦ
3275 3189 3532 3259 Χριστια-

1958 3282 2180 3352 νισμοῦ,
2209 3285 2302 3338 καὶ
2333 3284 2586 3352 μάλιστα,
2612 3282 2693 3336 ὄτι
2723 3281 2906 3352 ζητεῖς
2934 3279 3041 3334 ἀπὸ
3066 3279 3244 3350 ψυχῆς
3267 3277 3532 3349 ἀρχιερέα

1957 3379 2052 3431 καὶ⁹
2084 3378 2320 3444 ποιμένα
2349 3378 2441 3429 καὶ
2473 3374 2794 3429 διδάσκαλον
2824 3374 2918 3427 τοῦ
2952 3374 3118 3426 τόπου
3148 3371 3241 3424 καὶ
3279 3373 3376 3440 τῆς
3413 3371 3531 3421 ἐπι-

1958 3467 2219 3535 κρατείας
2249 3469 2348 3535 τῆς
2376 3466 2654 3534 εὐγενείας
2700 3483 2814 3527 σου,
2843 3463 3184 3535 χειροτονίαν
3223 3462 3321 3531 τῆς
3368 3460 3529 3528 ἀγίας

1959 3555 2053 3609 τοῦ
2103 3555 2238 3608 Θεοῦ
2295 3555 2592 3624 καθολικῆς
2641 3558 2736 3608 καὶ
2767 3555 3133 3623 ἀποστολικῆς
3173 3551 3528 3622 Ἐκκλησίας,

1959 3647 2033 3709 ὡς
2068 3646 2183 3708 υἱδς
2234 3645 2408 3709 αὐτῆς
2442 3648 2665 3715 γνήσιος
2701 3648 2796 3700 καὶ
2837 3644 3118 3716 εὐπειθὴς,
3161 3643 3343 3706 καθώς
3381 3645 3529 3695 ἐστιν

1959 3736 2309 3806 ὀφειλόμενον
2337 3737 2500 3789 παντὶ⁸
2529 3737 2840 3808 βουλομένῳ
2870 3736 3086 3805 θερμῶς
3113 3736 3208 3790 καὶ
3237 3734 3375 3804 μετά
3402 3733 3529 3786 εἰλι-

1961 3828 2183 3898 κρινοῦς
2231 3828 2469 3890 πίστεως
2515 3828 2768 3898 δέχεσθαι
2805 3829 2906 3898 τὴν
2941 3827 3222 3880 εὐσέϐειαν
3257 3829 3352 3880 καὶ
3399 3827 3534 3878 ἀπο-

1962 3919 2258 3990 τρέπεσθαι
2282 3921 2381 3983 τάς
2408 3936 2464 3972 τε
2490 3921 2970 3990 παρασυναγωγάς
2993 3919 3088 3972 καίι
3112 3918 3179 3970 τά
3204 3916 3408 3984 ἔκφυλα
3439 3917 3532 3966 καὶ

1963 4011 2219 4081 ἀλλότρια
2267 4011 2533 4080 δόγματα.
2588 4011 2740 4064 Ἐπεὶ
2792 4006 2906 4072 οῦν,
2964 4010 3041 4074 ὡς
3095 4011 3334 4078 εἴρηται,
3392 4009 3532 4076 μετά

1965 4102 2166 4172 πολλῆς
2194 4103 2462 4172 ἀποδοχῆς
2496 4104 2587 4156 καὶ
2621 4102 2853 4170 ὀρέξεως
2884 4104 3038 4175 ζητεῖ
3065 4105 3097 4173 ή
3129 4103 3378 4172 εὐγένειά
3415 4121 3532 4166 σου,

1967 4195 2053 4247 ἵνα
2084 4193 2182 4266 ἔχῃ
2208 4195 2396 4248 αὐτόθι
2427 4195 2687 4265 ἀρχιερέα
2714 4195 2813 4260 τῆς
2842 4194 2973 4264 περὶ
2999 4193 3095 4265 τὴν
3126 4195 3281 4265 ἡμῶν
3316 4197 3537 4265 μετριόι-

1963 4303 2101 4356 τητα
2137 4287 2288 4349 θείας
2319 4287 2411 4338 καὶ
2445 4287 2597 4356 ίερᾶς
2628 4287 2847 4339 συνόδου
2876 4287 2973 4355 τῆς
3006 4286 3268 4355 Μεγάλης
3310 4286 3539 4357 Ἐκκλη-

1969 4379 2111 4441 σίας,
2147 4380 2240 4430 καὶ
2270 4376 2364 4429 νῦν
2398 4377 2495 4446 μὲν
2524 4377 2615 4430 τὸν
2650 4375 2938 4446 ἱερώτατον
2994 4378 3393 4447 μητροπολίτην
3451 4376 3540 4428 Βι-

263 4475 376 4533 τῆς
433 4466 540 4518 τοῦ
594 4467 740 4537 ίεροῦ
791 4468 1085 4538 συνθρόνου
1145 4469 1601 4539 ἐγκαθιδρύσεως,
1653 4468 1747 4522 ἀτε
1798 4467 1863 4538 δὴ
1897 4467 2174 4550 οτξίνης,
2214 4467 2845 4538 ὐπέρτιμον,ἀγαπητὸν
2879 4467 3020 4520 κατά
3065 4468 3267 4539 Κύριον
3310 4467 3540 4536 ἀδελφὸν

263 4563 520 4632 γνήσιος
548 4559 841 4627 ἀρχιερεὺς
867 4559 955 4612 διά
984 4561 1082 4630 τῆς
1115 4562 1333 4630 χάριτος
1365 4561 1457 4614 τοῦ
1489 4561 1624 4614 Θεοῦ
1655 4563 1866 4615 ἀποκα-

263 4652 501 4712 ταστάς
555 4648 655 4716 τῆς
709 4648 1047 4721 δηλωθείσης
1107 4651 1422 4720 ἁγιωτάτης
1481 4653 1868 4722 μητροπόλεως

263 4738 750 4811 Οὐγγροϐλαχίας
795 4740 935 4791 κατά
976 4739 1074 4808 τὴν
1107 4740 1570 4810 ἐκκλησιαστικὴν
1607 4741 1764 4804 τάξιν
1811 4758 1868 4792 τε

264 4838 371 4890 καὶ
401 4829 792 4896 ὑποτύπωσιν,
815 4831 1168 4898 ἀναγνώστας
1188 4847 1248 4883 τε
1269 4830 1584 4900 σφραγίζων
1607 4831 1669 4883 ἐκ
1690 4831 1870 4898 πάσης

258 4929 374 5000 τῆς
428 4923 710 4991 ἐπαρχίας
744 4922 838 4975 καὶ
873 4922 1088 4991 ἐνορίας
1134 4921 1298 4976 αὐτοῦ
1345 4924 1438 4975 καὶ
1487 4923 1871 4985 ὑποδιακόνους

261 5023 367 5076 καὶ
412 5015 712 5077 διακόνους
745 5014 1098 5083 προὸιόάξων
1128 5015 1221 5069 καὶ⁹
1253 5015 1662 5085 πρεσϐυτέρους
1695 5031 1872 5084 χειροο

260 5112 484 5174 τονῶν,
527 5105 926 5174 ἐπιλαϐόμενός
953 5122 1012 5158 τε
1040 5107 1134 5159 καὶ
1162 5107 1381 5160 πάντων
1410 5106 1520 5159 τῶν
1548 5105 1870 5177 όθενδήποτε

258 5201 670 5274 διαφερόντων
701 5197 874 5269 ταύτῃ
898 5197 1143 5250 δικαίων·
1173 5197 1295 5250 ὅθεν
1322 5198 1624 5264 ὀφείλουσιν
1651 5199 1701 5249 οἵ
1727 5212 1785 5247 τε
1813 5196 1871 5246 ἐν

258 5303 417 5370 αὐτῇ
461 5291 733 5360 κληρικοὶ
764 5291 854 5342 καὶ
886 5291 933 5342 οἱ
978 5288 1126 5342 ἄλλοι
1165 5289 1472 5360 ίερωμένοι,
1519 5290 1738 5359 μοναχοὶ
1777 5288 1874 5341 καὶ

259 5391 490 5452 λαῖκοῖ,
531 5382 788 5437 ὑπείκειν
833 5381 928 5432 καὶ
976 5381 1371 5433 ὑποτάττεσθαι
1403 5380 1598 5450 τούτῳ,
1645 5381 1743 5432 ὅσα
1779 5379 1873 5432 καὶ⁵

260 5483 499 5552 γνησίῳ
555 5474 740 5526 αὐτῶν
793 5473 1014 5540 ποιμένι
1059 5472 1152 5524 καὶ
1202 5473 1366 5537 πατρὶ
1403 5474 1497 5524 καὶ
1543 5472 1869 5542 διδασκάλῳ.

263 5572 374 5626 καὶ
407 5563 677 5635 δέχεσθαι
705 5563 1001 5632 προθύμως
1029 5563 1124 5615 καὶ
1149 5562 1525 5631 ἀποπληροῦν,
1556 5564 1655 5615 ὅσα
1689 5561 1871 5630 μέλλει

262 5666 465 5724 λέγειν
507 5657 612 5708 καὶ
639 5660 923 5728 παραινεῖν
952 5659 1046 5709 καὶ
1091 5657 1432 5709 ἐκδιδάσκειν
1475 5656 1694 5719 αὐτοὺς,
1741 5657 1872 5722 ἀφο-

267 5758 474 5828 ρῶντα
511 5751 599 5806 εἰς
627 5744 860 5816 ψυχικὴν
893 5746 1252 5816 λυσιτέλειαν,
1284 5748 1625 5818 τηρουμένης
1655 5749 1870 5816 ἀπαρα-

1969 4557 2068 4629 τῆς
2125 4558 2285 4628 ήμῶν
2347 4558 2704 4628 μετριότητος
2773 4560 2868 4611 καὶ
2935 4559 3363 4628 συλλειτουργὸν,
3437 4560 3541 4631 κῦρ

1980 4651 2290 4718 Ὑάκινθον,
2329 4651 2470 4720 μετὰ
2514 4649 2570 4702 δὲ
2620 4652 2948 4721 παρέλευσιν
2977 4649 3165 4714 αὐτοῦ,
3201 4650 3260 4704 ὃν
3288 4651 3352 4704 ἂν
3384 4652 3541 4704 ἐκλέ-

1973 4741 2128 4812 ξηται
2157 4743 2251 4794 καὶ
2290 4742 2652 4815 χειροτονήσῃ
2681 4742 2847 4812 ψήφῳ
2883 4741 3137 4813 συνοδικῇ
3173 4745 3207 4812 ἡ
3243 4742 3366 4795 καθ’
3395 4746 3544 4813 ἡμᾶς

1972 4836 2252 4902 άγιωτάτη
2278 4833 2370 4887 τοῦ
2398 4835 2532 4888 Θεοῦ
2558 4836 2784 4904 Μεγάλη
2817 4835 3134 4903 Ἐκκλησία,
3166 4837 3258 4888 καὶ
3285 4835 3544 4908 ἐκπέμψῃ

1973 4927 2110 4996 πρὸς
2141 4926 2240 4997 τὴν
2267 4924 2547 4993 εὐγένειάν
2585 4943 2679 4978 σου
2717 4926 2814 4979 καὶ
2841 4925 2977 4995 πρὸς
3004 4927 3102 4996 τὴν
3142 4927 3326 4980 αὐτόθι
3360 4929 3542 4980 πᾶσαν

1970 5017 2145 5087 ἀρχὴν
2176 5019 2268 5070 καὶ
2295 5018 2649 5087 ἐπικράτειαν
2683 5017 2844 5071 αὐτοῦ
2885 5019 3145 5088 ἀρχιερέα
3172 5021 3415 5089 γνήσιον,
3449 5020 3543 5072 καὶ

1973 5108 2055 5161 ὅτι
2085 5107 2498 5161 διασεὸαιοῦται
2527 5110 2562 5179 η
2590 5107 2840 5176 εὐγένειά
2873 5126 2967 5162 σου
3001 5110 3240 5180 ἐνόρκως
3278 5112 3373 5162 καὶ
3402 5113 3541 5179 μετά

1975 5199 2177 5268 πολλῆς
2211 5199 2535 5268 ἀσφαλείας,
2560 5202 2641 5255 ὄτι
2667 5204 2761 5255 καὶ
2792 5203 2928 5269 μετά
2954 5203 3187 5256 θάνατον
3219 5202 3381 5255 αὐτοῦ
3417 5201 3544 5269 μέλ-

1974 5289 2053 5342 λει
2082 5287 2220 5344 εἶναι
2271 5290 2430 5344 τοῦτο
2463 5293 2878 5364 ἀπαραποίητον
2931 5296 3026 5346 καὶ
3078 5293 3415 5364 ἀμετάθετον
3465 5293 3546 5354 είς

1975 5383 2097 5444 τοὺς
2129 5382 2500 5453 κληρονόμους
2541 5385 2632 5437 καὶ
2661 5385 2938 5455 διαδόχους
2968 5384 3142 5453 αὐτῆς
3169 5385 3247 5445 εἰς
3285 5384 3346 5434 τὸ
3377 5381 3542 5451 μηδέ-

1975 5490 2105 5526 ποτε
2152 5475 2378 5544 θελῆσαι
2407 5476 2667 5542 δέξασθαι
2717 5477 2913 5539 αὐτοὺς
2943 5476 3204 5545 ἀρχιερέα
3250 5472 3537 5542 ἑτέρωθεν.

1976 5567 2080 5619 κᾶν
2108 5564 2219 5630 οἷος
2247 5569 2355 5638 ἄρα
2385 5570 2479 5620 καὶ
2508 5569 2676 5634 ἐστιν,
2711 5572 2758 5621 εί
2801 5569 2876 5638 μὴ
2922 5567 3256 5636 χειροτονίαν
3286 5565 3379 5617 καὶ
3406 5567 3543 5618 ἀπο-

1980 5659 2172 5726 στολὴν
2201 5663 2298 5729 τῆς
2326 5661 2446 5714 καθ’
2476 5664 2618 5730 ἡμᾶς
2653 5661 2964 5728 ἁγιωτάτης
2996 5656 3088 5710 τοῦ
3116 5655 3250 5708 Θεοῦ
3281 5655 3540 5725 Μεγάλης

1991 5750 2336 5821 Ἐκκλησίας,
2363 5752 2460 5804 Διὰ
2490 5752 2620 5820 γοῦν
2651 5753 2820 5803 ταῦτα
2854 5752 3027 5803 πάντα
3061 5749 3150 5801 καὶ
3195 5747 3424 5817 μάλιστα
3453 5749 3543 5804 διὰ
3588 5757 3594 5768 ’
