4026 6264
578 308 716 373 1363

1350 318 1695 380 CALLISTI
1735 321 1835 384 ET
1876 323 2303 386 PHILOTHEI
2343 326 2456 389 ΕΡ.
2494 327 2959 392 PATRIARCH.

3662 335 3793 399 ισει

571 433 632 485 τὸ
665 431 825 525 Λέχειν
876 433 977 504 τὴν
1027 434 1309 499 εὐγένειάν
1356 455 1449 495 σου
1500 441 1749 513 καθαράν
1795 444 2009 500 εὔνοιαν
2038 448 2133 500 καὶ
2165 457 2206 513 Α
2244 462 2366 515 μον,
2401 448 2533 515 ὐγιᾶ
2578 450 2673 503 καὶ
2704 450 2987 518 ἀνωτέραν
3031 452 3230 516 παντὸς
3276 451 3505 525 ἀνιαροῦ
3538 455 3791 525 συναντή-

571 522 794 594 ἀγάπην
815 525 911 577 καὶ
937 525 1016 588 είς
1044 525 1136 578 τὸν
1158 527 1220 580 ὲκ
1247 526 1381 582 Θεοῦ
1412 532 1700 599 κράτιστον
1726 534 1819 588 καὶ
1844 535 1999 603 ἅγιόν
2026 554 2126 605 μου

572 617 962 688 αὐτοκράτορα,
979 620 1070 671 τὸν
1088 619 1420 690 ὑψηλότατον
1440 624 1662 691 βασιλέα
1683 627 1792 680 τῶν
1820 626 2127 698 Ῥωμαίων,

567 707 630 759 τὺ
662 710 1002 779 συμφόρημα
1033 712 1248 766 πάντων
1276 714 1385 767 τῶν
1421 717 1662 785 ἀγαθῶν,
1702 721 1794 771 τὸν
1835 720 2129 790 γαληνότα-

565 811 659 852 τον
700 799 795 852 καὶ
830 801 1364 873 φιλανθρωπότατον,
1399 807 1770 879 ὲπηυδόκησεν
1821 812 1920 881 μὲν
1965 813 2130 875 αὐτὸς

566 888 628 959 δὴ
658 893 687 944 ό
718 892 1010 959 κράτιστος
1056 894 1152 949 καὶ
1184 897 1339 965 ἀγιός
1376 917 1477 969 μου
1524 904 1901 973 αὐτοκράτωρ,
1935 906 2131 974 ἐψηφί-

568 997 698 1034 σατο
729 982 821 1035 καὶ
866 984 898 1051 ἡ
949 986 1242 1058 μετριότης
1271 990 1426 1059 ήμῶν
1471 992 1609 1060 μετά
1642 993 1751 1046 τῶν
1779 995 1906 1064 περὶ
1956 997 2129 1075 αὐτὴν

567 1075 875 1140 ίερωτάτων
920 1077 1243 1149 ἀρχιερέων,
1276 1082 1370 1135 καὶ
1401 1082 1497 1153 ήδη
1542 1085 1681 1137 κατὰ
1712 1084 1812 1153 τήν
1858 1086 2131 1156 ἀποδοχὴν

563 1163 655 1215 καὶ
686 1165 784 1235 τὴν
828 1164 1056 1234 ζήτησίν
1090 1184 1183 1221 σου
1218 1170 1312 1224 καὶ
1352 1172 1413 1223 τὸ
1462 1177 1745 1243 συμφέρον
1788 1175 1886 1228 τοῦ
1938 1175 2126 1229 αὐτόθι

562 1255 960 1326 Χριστωνύμου
995 1258 1125 1312 λαοῦ
1162 1261 1421 1331 μετετέθη
1455 1266 1483 1317 ό
1524 1264 1812 1333 ἱερώτατος
1848 1282 2123 1336 μητροπο-

561 1345 715 1416 λίτης
744 1346 1012 1419 Βιτζίνης,
1065 1346 1219 1414 οὗτος
1247 1352 1310 1423 δή
1343 1355 1371 1406 ό
1418 1352 1524 1421 κῦρ
1567 1354 1870 1421 Ὑάκινθος,
1902 1358 1989 1412 διὰ
2025 1357 2125 1428 τῆς

561 1440 956 1510 νενομισμένης
1020 1441 1301 1514 ἐγγράφου
1371 1446 1654 1515 συνοδικῆς
1720 1448 1995 1518 πράξεως,
2044 1451 2143 1513 είςη

559 1528 740 1580 πᾶσαν
816 1568 832 1584 .
909 1570 925 1586 .
1003 1568 1019 1586 .
1100 1571 1114 1587 .
1190 1571 1206 1587 .
1285 1572 1301 1590 .
1375 1575 1391 1591 .
1467 1539 1561 1593 καὶ
1589 1539 1800 1592 ἔστιτὸ
1836 1540 1943 1595 ἀπὸ
1971 1540 2123 1595 τοῦδε

559 1617 652 1671 καὶ
686 1620 763 1681 είς
793 1620 855 1674 τὸ
884 1622 1013 1693 ἑξῆς
1057 1625 1281 1696 γνήσιος
1311 1630 1602 1700 ἀρχιερεὺς
1646 1632 1824 1704 πάσης
1871 1632 2121 1704 097790-

558 1707 806 1778 ϐλαχίας,
837 1711 976 1781 ἔχων
1004 1713 1207 1783 ἄδειαν,
1239 1718 1423 1781 καθὼς
1454 1722 1486 1788 ή
1534 1723 1791 1789 γεγονυῖα
1823 1722 1915 1776 ἐπὶ
1948 1723 2121 1793 τούτῳ

2234 554 2421 607 ματος.

2230 692 2475 750 XXXIV.
2504 694 2835 753 Palriarchw
2849 699 3145 820 εαΙίονιαιὶο
3161 697 3224 752 de
3246 697 3605 753 matrimonii:
3625 698 3790 767 impu-

2954 784 3124 820 erum.

2954 784 3124 821 erum.

2298 897 2339 967 -ι-
2382 896 2447 951 Ἦ
2471 894 2569 952 τοῦ
2622 896 2831 967 ἀγαθοῦ
2877 899 3158 967 στέρησις,
3217 897 3494 968 ἀγαπητοὶ
3545 898 3785 968 ἀδελφοὶ,

2228 989 2377 1059 καὶὴ
2406 989 2687 1053 ἔκπτωσις
2708 990 2801 1043 τοῦ
2856 989 3025 1043 καλοῦ
3060 990 3231 1043 πολὺν
3286 992 3522 1062 παρέχει
3567 990 3662 1043 τὸν
3698 990 3788 1044 τοῦ

2225 1081 2361 1134 Θεοῦ
2394 1083 2776 1152 μακαρισμόν’
2807 1081 2884 1144 ῶς
2913 1083 3024 1149 γὰρ
3057 1083 3090 1151 ή
3110 1081 3203 1134 τοῦ
3233 1083 3406 1135 κακοῦ
3434 1082 3617 1153 ἀποχὴ
3643 1084 3786 1135 αἰτία

2226 1173 2434 1241 γίνεται
2460 1173 2560 1242 τῆς
2593 1172 2890 1234 ἐπιδόσεως
2947 1172 3056 1225 τῶν
3116 1170 3340 1239 ἀγαθῶν
3390 1172 3594 1241 ἔργων,
3651 1171 3789 1224 οὕτω

2225 1266 2320 1318 καὶ
2346 1266 2379 1333 ή
2410 1266 2575 1332 ἀργία
2633 1264 2742 1318 τῶν
2798 1264 2894 1318 τοῦ
2948 1263 3089 1317 Θεοῦ
3135 1263 3365 1317 ἐντολῶν
3426 1264 3529 1318 οὐκ
3590 1263 3789 1332 ἀγαθὸς

2227 1356 2488 1426 πρόξενος
2542 1357 2761 1425 πέφυκε
2817 1355 2954 1425 πρὸς
3007 1355 3107 1427 τὴν
3151 1357 3246 1410 τοῦ
3290 1356 3409 1426 βίου
3460 1360 3788 1427 σεμνότητα,

2228 1446 2430 1515 μᾶλλον
2470 1447 2570 1516 μὲν
2596 1446 2691 1500 οῦν
2722 1444 2930 1499 καὶτὸν
2984 1444 3119 1498 Θεὸν
3152 1446 3232 1507 είς
3264 1445 3643 1515 ἀγανάκτησιν
3672 1445 3789 1499 καθ’

2223 1540 2371 1609 ήμᾶς
2397 1538 2683 1607 διαγείρει.
2721 1538 2789 1590 Ἢ
2822 1537 2935 1606 γὰρ
2963 1537 3072 1589 τῶν
3092 1537 3250 1590 θείων
3278 1537 3543 1606 Πατέρων
3572 1536 3794 1606 νομοθε-

2226 1631 2316 1685 σία
2337 1629 2430 1684 τοῦ
2454 1630 2587 1683 Θεοῦ
2615 1630 2832 1693 πάντως
2859 1629 2969 1681 είσὶ
2998 1629 3180 1697 λόγιαο
3236 1628 3325 1681 διὰ
3356 1628 3463 1697 γάρ
3496 1626 3597 1681 τοῦ
3628 1629 3789 1694 ἀγίου

2224 1723 2322 1776 καὶ⁸
2381 1720 2719 1775 τελειοποιοῦ
2773 1718 3093 1790 Πνεύματος
3154 1718 3333 1772 ταῦτα
3386 1718 3794 1787 δνομοθέτησαν

559 1798 831 1869 ἔγγραφος
889 1804 1141 1878 συνοδικὴ
1204 1808 1403 1878 πρᾶξις
1458 1814 1601 1865 κατὰ
1650 1814 1816 1882 μέρος
1872 1814 2113 1883 διέξεισι,
2151 1798 2194 1856 Β
2221 1813 2316 1866 καὶ
2339 1811 2604 1878 ἐδίδαξαν,
2638 1811 2733 1865 καὶ
2758 1812 2845 1864 διὰ
2886 1811 3051 1864 τοῦτο
3082 1810 3351 1878 ἐπάγουσι
3378 1812 3476 1863 καὶ
3504 1810 3610 1879 τὴν
3639 1810 3795 1861 ἀπει-

560 1894 734 1946 ποιεῖν
763 1896 822 1947 ὲν
846 1896 996 1969 πάσῃ
1025 1899 1089 1969 τῇ
1120 1899 1304 1973 ἐνορίᾳ
1331 1903 1423 1954 καὶ
1454 1904 1692 1975 ἐπαρχία
1721 1906 1888 1974 αὐτῆς
1918 1907 2115 1972 πάντα,

556 1984 652 2035 ὅσα
682 1985 875 2055 ἀνήκει
903 1993 1110 2063 γνησίῳ
1129 1994 1397 2064 ἀρχιερεῖ.
1423 1996 1530 2049 ΚαὶΙ
1555 1996 1728 2051 ταῦτα
1754 1998 1853 2066 μὲν
1874 1998 2116 2069 ἐκύρωσε

556 2078 651 2132 καὶ
678 2078 1007 2135 ἐϐεϐαίωσεν
1038 2083 1210 2149 οὕτως
1243 2087 1276 2157 ή
1305 2088 1433 2156 ἁγία
1457 2089 1552 2142 τοῦ
1584 2091 1820 2159 Χριστοῦ
1856 2091 2114 2163 καθολικὴ

456 2194 459 2197 -
556 2169 648 2220 καὶ
692 2170 1027 2245 ἀποστολικὴ
1068 2177 1363 2247 Ἐκκλησία
1417 2181 1634 2252 εὐδοκία
1683 2183 1776 2234 καὶ
1830 2181 1923 2234 τοῦ
1983 2199 2116 2250 κραμ-

553 2260 733 2317 τίστου
764 2267 858 2318 καὶ
897 2267 1053 2334 ἀγίου
1091 2288 1199 2339 μου
1241 2275 1639 2345 αὐτοκράτορος
1670 2275 1764 2329 καὶ
1794 2274 1987 2346 γνώμῃ
2017 2276 2115 2344 τῆς

554 2350 710 2419 ήμῶν
745 2357 1095 2428 μετριότητος
1127 2362 1220 2412 καὶ
1260 2364 1357 2432 τῆς
1392 2363 1541 2431 ίεράς
1585 2364 1803 2418 συνόδου
1832 2364 1975 2419 κατὰ
2016 2365 2115 2435 τὴν

554 2444 654 2513 σὴν
683 2448 819 2520 ζήτη
835 2467 909 2501 τιν
935 2453 1026 2504 καὶ
1058 2452 1347 2524 ἀποδοχήν·
1381 2455 1470 2508 σὸν
1496 2457 1551 2509 δέ
1574 2456 1721 2511 ἐστιν
1753 2457 1861 2510 ἀπὸ
1894 2457 1987 2509 τοῦ
2023 2456 2114 2509 νῦν

551 2539 836 2603 φροντίσαι
893 2541 987 2594 καὶ
1039 2544 1434 2616 ἀποπληρῶσαι
1489 2548 1588 2617 τὴν
1639 2548 1933 2619 ὐπόσχεσίν
1993 2566 2110 2613 σου,

549 2629 717 2698 ήγιυν
747 2630 831 2685 ῖνα
865 2633 1069 2708 ποιήσῃ
1115 2636 1146 2705 ή
1177 2637 1426 2705 εὐγένειά
1460 2655 1553 2694 σου
1589 2640 1683 2693 καὶ
1723 2642 1772 2694 οί
1804 2642 1986 2705 παῖδες
2022 2642 2113 2696 κοιλ⁸

548 2721 876 2793 κληρονόμοι
932 2727 1300 2799 καῖ’διάδοχοι
1349 2731 1520 2802 αὐτῆς
1570 2733 1806 2802 γράμμα
1860 2735 2107 2804 ἔνορκον,

547 2815 1057 2888 κατησφαλισμένον
1079 2822 1364 2889 πάντοθεν,
1381 2823 1745 2895 διαλαμϐάνον
1762 2829 1902 2880 κατά
1919 2828 2107 2898 μέρος,

550 2908 637 2961 ἵνα
665 2910 904 2982 δηλονότι
947 2914 1087 2983 μετά
1132 2913 1361 2968 θάνατον
1388 2917 1482 2969 τοῦ
1530 2917 1773 2971 τοιούτου
1804 2919 2108 2990 ἀρχιερέως

546 3001 699 3069 ὐμῶν
738 3003 1059 3073 εὑρίσκηται
1094 3006 1127 3076 ή
1158 3006 1307 3059 πᾶσα
1349 3006 1493 3076 ἀρχὴ
1538 3008 1631 3062 καὶ
1660 3011 1982 3080 ἐπικράτεια
2008 3013 2108 3082 τῆς

542 3094 997 3166 Οὐγγροϐλαχίας
1044 3096 1149 3150 ὐπὸ
1181 3097 1278 3167 τήν
1307 3098 1429 3153 καθ’
1461 3100 1608 3170 ήμᾶς
1651 3101 1964 3173 ἀγιωτάτην
2010 3104 2103 3157 τοῦ

541 3186 676 3238 Θεοῦ
706 3187 966 3257 Μεγάλην
1001 3188 1344 3259 Ἐκκλησίαν,
1382 3190 1478 3244 καὶ
1526 3193 1897 3264 χειροτονῆται
1938 3193 2101 3266 ψήφῳ

543 3279 792 3351 συνοδικῇ
838 3279 971 3348 παρ’
1010 3280 1202 3351 αὐτῆς,
1250 3281 1327 3345 ῶς
1355 3284 1584 3339 εἴθισται
1629 3286 1725 3339 καὶ
1771 3288 2103 3356 νενόμισται,

540 3372 852 3442 ἀρχιερεὺς,
887 3372 983 3427 καὶ
1024 3374 1423 3445 ἀποστέλληται
1454 3376 1637 3430 αὐτόθι
1667 3379 1745 3440 είς
1775 3381 2105 3447 ποιμανσίαν

541 3463 636 3515 καὶ
692 3462 927 3534 ψυχικήν
983 3464 1249 3532 ὠφέλειαν
1309 3465 1403 3519 τοῦ
1462 3466 1650 3521 αὐτόθι
1709 3468 2104 3540 Χριστωνύμου

540 3553 695 3622 λαοῦ,
724 3555 819 3609 καὶ
854 3555 1145 3630 ἐκπέμψῃς
1189 3558 1251 3612 τὸ
1284 3559 1492 3612 τοιοῦτο
1525 3561 1760 3630 γράμμα
1811 3563 1951 3631 μετά
1995 3562 2104 3615 τῶν

539 3649 971 3719 ἀπεσταλμένων
1002 3651 1204 3704 τούτων
1235 3653 1387 3723 παρὰ
1434 3654 1531 3723 τῆς
1563 3654 1718 3724 ήμῶν
1751 3655 2102 3726 μετριότητος

537 3742 772 3794 ἐνταῦθα
817 3743 899 3805 εἰς
941 3742 1039 3813 τὴν
1084 3744 1249 3810 ἁγίαν
1288 3744 1381 3798 τοῦ
1411 3745 1649 3814 Χριστοῦ
1684 3745 1976 3815 καθολικὴν
2010 3738 2105 3801 καὶ

539 3836 905 3907 ἀποστολικὴν
945 3838 1270 3906 Ἐκκλησίαν
1299 3839 1393 3893 καὶ
1425 3839 1502 3900 είς
1531 3836 1628 3907 τήν
1658 3836 1808 3891 θείαν
1834 3841 1926 3892 καὶ
1950 3840 2102 3909 ίεράν

544 3927 778 3994 σύνοδον,
826 3929 916 3981 καὶ
964 3928 1043 3981 ἔνι
1090 3929 1171 3991 είς
1205 3929 1495 3998 βεϐαίωσιν
1527 3928 1620 3982 καὶ
1654 3928 1955 3997 ἀσφάλειαν
2003 3928 2103 3997 τῆς

538 4021 886 4091 ὑποσχέσεως
914 4022 1006 4075 καὶ
1037 4026 1360 4091 συμφωνίας
1391 4022 1489 4092 τῆς
1521 4024 1794 4092 εὐγενείας
1824 4039 1939 4078 σου·
1981 4025 2104 4079 ἐπεὶ

537 4114 681 4168 ὥστε
705 4112 844 4169 εἶναι
874 4117 1292 4188 ἀπαραποίητον
1326 4118 1421 4170 καὶ
1454 4117 1788 4186 ἀμετάθετον
1820 4118 1919 4189 τὴν
1952 4120 2104 4190 είρη-

541 4209 711 4278 μένην
756 4209 1114 4275 κατάστασιν,
1168 4211 1259 4262 καὶ
1309 4211 1582 4275 συνοδικὸς
1633 4213 1916 4285 φρικώδης
1963 4214 2103 4280 ἀφο-

540 4298 734 4367 ρισμὸς
758 4297 1048 4367 ήπείληται
1091 4300 1233 4351 κατά
1261 4298 1354 4352 τοῦ
1388 4300 1721 4365 κωλύσοντος
1764 4305 1860 4358 καὶ
1901 4304 2101 4373 ἀθετή-

540 4405 724 4451 σοντος
752 4387 981 4459 ταύτην.
998 4389 1235 4461 Ὀφείλεξ⁵
1255 4391 1310 4444 δὲ
1338 4395 1433 4447 καὶ
1456 4393 1489 4465 ή
1516 4395 1763 4461 εὐγένειά
1790 4412 1906 4459 σου,
1932 4396 2102 4467 ζητή-

2216 1904 2312 1974 λήν
2343 1904 2581 1974 φοϐεράν
2629 1903 2762 1974 πρὸς
2798 1904 2925 1967 τούς
2975 1902 3220 1964 ἀπειθεῖς
3264 1902 3359 1954 καὶ
3414 1899 3787 1970 ἀγνώμονας,

2214 1995 2308 2049 τὸν
2346 1996 2454 2049 ἀπὸ
2480 1995 2573 2048 τοῦ
2601 1995 2735 2049 Θεοῦ
2763 1994 3050 2065 χωρισμὸν
3079 1992 3517 2061 ἀποφαινόμενοι
3540 1994 3665 2045 κατ’
3694 1992 3789 2043 αὐ-

2215 2092 2324 2142 τῶν
2348 2088 2640 2159 ἀριδήλως.
2702 2087 2914 2140 Οὐκοῦν
2965 2084 3018 2138 τί
3048 2082 3414 2139 ἀναϐάλλεσθε
3459 2083 3687 2153 ἡμέραν
3731 2082 3801 2155 ἐξ.

2216 2181 2429 2253 ἡμέρας
2472 2180 2889 2251 ἀντιποιηθῆναι
2922 2180 3032 2233 τῶν
3078 2178 3303 2245 ἀγαθῶν
3333 2178 3548 2247 ἐργωνς
3608 2175 3678 2230 Τί
3718 2177 3788 2240 ὡς

2217 2275 2453 2344 σχοινίον
2475 2274 2712 2341 μακρὸν,
2742 2272 3100 2343 προφητικῶς
3120 2273 3316 2337 εἰπεῖν,
3349 2268 3663 2323 ὲπισπᾶσθε
3690 2270 3784 2331 τὰς

2220 2364 2493 2435 ἁμαρτίας
2516 2365 2692 2433 ὐμῶν,
2718 2364 2815 2416 καὶ
2842 2363 2917 2425 ὡς
2947 2362 3089 2434 βαρύ
3150 2362 3373 2432 φορτίον
3426 2376 3489 2413 τε
3535 2361 3635 2412 καὶ
3663 2361 3784 2412 δυσ-

2216 2460 2521 2515 ϐάστακτον
2545 2460 2609 2512 οὐ
2637 2457 2883 2512 παιδεύει
2915 2457 3111 2527 ὑμᾶςή
3140 2455 3314 2527 πικρὰ
3342 2453 3481 2524 αῦτη
3510 2453 3608 2506 καὶ
3636 2451 3778 2521 δεινὴ

2213 2549 2562 2621 αίχμαλωσία
2600 2552 2636 2620 ή
2689 2549 2813 2603 καθ’
2842 2549 3060 2619 ἡμέραν
3092 2548 3397 2616 συνέχουσα
3443 2545 3543 2597 καὶ
3574 2543 3783 2612 συντρί-

2213 2642 2423 2707 ϐουσα;
2459 2643 2534 2695 Οὐ
2579 2642 2942 2710 συνταράσσει
2994 2639 3095 2709 τὴν
3144 2640 3423 2708 ἡμετέραν
3479 2636 3779 2690 διάνοιανό

2212 2736 2336 2790 καθ’
2368 2738 2514 2806 ἡμᾶς
2559 2737 2646 2790 ἀεὶ
2670 2734 3048 2805 ἐπηρτημένος
3079 2732 3319 2795 κίνδυνός
3345 2746 3407 2784 τε
3435 2731 3533 2784 καὶ
3568 2730 3777 2799 φόϐοςς

2211 2824 2289 2883 Οὐ
2316 2826 2608 2882 κυκλοῦσιν
2638 2828 2790 2896 ἡμᾶς
2823 2828 2872 2878 οί
2900 2824 3154 2894 πολέμιοι
3200 2826 3276 2886 ὡς
3294 2824 3478 2894 ἄγριοι
3535 2822 3635 2874 καὶ
3669 2820 3784 2873 ἀτί-

2213 2918 2367 2972 θασοι
2399 2918 2582 2988 θῆρες,
2612 2917 2838 2987 μανικὸν
2870 2911 2986 2969 οῖον
3018 2916 3275 2977 πνέοντες
3302 2914 3398 2965 καὶ
3427 2912 3782 2981 κατάὅρωμα

2210 3009 2627 3081 προσδοκῶντες
2665 3010 2914 3078 ποιήσειν
2968 3008 3115 3077 ήμᾶς
3145 3008 3257 3067 τοῖς
3305 3001 3521 3057 ὀδοῦσιν
3574 3002 3780 3063 αὐτῶν,

2210 3100 2464 3170 καθάπερ
2495 3100 2768 3171 πρόϐατα,
2815 3099 3056 3168 ποιμένα
3087 3098 3161 3167 μὴ
3193 3097 3387 3166 ἔχοντα
3418 3111 3434 3161 ;
3490 3094 3633 3148 Πότε
3666 3094 3783 3147 τοί-

2207 3210 2302 3247 νυν
2326 3192 2727 3263 ὲπιστρέψομεν
2769 3193 2835 3245 ὲκ
2865 3191 2965 3261 τῆς
3022 3189 3233 3259 πλάνης
3285 3188 3494 3257 ταύτης
3533 3188 3634 3240 καὶ
3686 3186 3784 3253 τῆς

2207 3284 2441 3350 κακίας;
2490 3282 2628 3335 Πότε
2652 3283 2995 3350 συνοίσομεν,
3035 3281 3110 3342 ὡς
3141 3279 3308 3344 εἰκὸς,
3335 3279 3402 3332 τὰ
3430 3278 3626 3332 δέοντα
3652 3293 3783 3329 συν-

2205 3374 2443 3443 ορῶντες
2465 3373 2559 3425 καὶ
2583 3372 3144 3442 συνδιασκεψάμενοι;
3184 3372 3320 3423 Πότε
3368 3371 3468 3433 τὰς
3500 3369 3782 3439 ἁμαρτίας

2204 3465 2364 3535 ήμῶν
2394 3463 2799 3533 έξιλεωσόμεθα
2828 3463 2917 3518 διὰ
2956 3463 3056 3533 τῆς
3092 3464 3390 3531 καλλίστης
3435 3461 3782 3530 ἐπιστροφῆς

2207 3558 2301 3610 καὶ
2331 3556 2564 3626 γνησίας
2593 3557 2688 3610 καὶ
2708 3554 3038 3626 εἰλικρινοῦς
3084 3555 3220 3625 πρὸς
3270 3556 3363 3607 τὸν
3417 3554 3551 3607 Θεὸν
3606 3569 3779 3622 μετα-

2206 3650 2387 3715 νοίας;
2430 3651 2504 3703 Οὐ
2535 3648 2645 3719 γὰρ
2668 3651 2837 3715 ἐστιν,
2867 3650 2967 3702 οὐκ
3015 3649 3186 3708 ἔστιν.
3237 3648 3312 3711 ὡς
3341 3646 3555 3716 ἀληθῶς
3583 3648 3779 3716 χεῖρον

2203 3740 2554 3813 ἀναισθησίας
2587 3741 2681 3795 καὶ
2700 3739 3086 3807 ἀπογνώσεως⁸
3111 3740 3264 3793 ἀνοια
3286 3740 3393 3807 γάρ
3415 3738 3511 3789 καὶ
3521 3737 3780 3801 ἀπόνοια,

2203 3834 2343 3885 κατά
2385 3832 2478 3886 τὸν
2528 3832 2688 3900 σοφὸν
2716 3832 2919 3901 Σιράχ,
2963 3829 3193 3899 πονηροὶ
3256 3830 3518 3897 γείτονες.
3590 3827 3777 3879 Βαϐαὶ

2203 3926 2300 3997 τῆς
2332 3927 2599 3997 κακίστης
2636 3924 2931 3993 ἐπιθυμίας
2957 3924 3051 3976 καὶ
3078 3921 3365 3992 φιληδόνου
3402 3920 3499 3973 καὶ
3536 3921 3781 3988 ματαίας

2203 4018 2465 4087 όρέξεωςῐ
2502 4016 2944 4070 δυσαπάλλακτον
2998 4015 3107 4082 γὰρ
3146 4015 3221 4077 ὡς
3262 4011 3483 4081 άληθῶς
3513 4011 3717 4080 χρῆμα
3746 4011 3779 4078 ή

2204 4111 2372 4165 κακία
2424 4109 2521 4164 καὶ¹
2577 4109 2721 4163 πάνυ
2749 4106 3287 4175 δυσκαταγώνιστον.
3338 4105 3527 4159 Βούλει
3575 4105 3634 4156 δὲ
3674 4121 3783 4170 μα-

2205 4200 2318 4253 θεῖν
2374 4198 2620 4268 ἀκριϐῶς
2671 4198 2875 4270 ταύτης
2924 4197 3023 4268 τήν
3081 4197 3385 4266 θεραπείαν
3419 4195 3514 4248 καὶ
3579 4198 3781 4257 ῖασιν;

2216 4287 2508 4343 Ἀναλαϐοῦ
2538 4289 2629 4343 τὸν
2665 4289 2767 4344 τοῦ
2794 4288 2927 4342 Θεοῦ
2972 4289 3231 4359 ,φόϐοντῇ
3271 4291 3338 4357 σῇ
3388 4288 3623 4358 διανοίᾳ,
3654 4288 3786 4339 ἐπεὶ

2209 4386 2440 4456 φοϐερὸν
2462 4386 2559 4439 καὶ
2583 4386 2723 4440 πάνυ
2744 4402 2828 4438 τοι
2865 4384 3103 4455 φοϐερὸν
3142 4385 3203 4437 τὸ
3234 4385 3500 4455 ἐμπεσεῖν
3559 4385 3642 4444 είς
3670 4386 3787 4451 χεῖ-

542 4496 685 4533 σασα
732 4479 1097 4551 εὑρίσκεσθαι
1135 4482 1211 4544 ὡς
1258 4482 1373 4546 υίὸς
1417 4487 1638 4553 γνήσιος
1686 4485 1784 4555 τῆς
1813 4487 1971 4553 ἁγίας
2004 4487 2098 4541 τοῦ
2133 4486 2178 4543 ι)
2206 4493 2306 4547 ρας
2339 4476 2477 4530 Θεοῦ
2516 4475 2742 4540 ζῶντοςο
2776 4476 3119 4545 ἀναλόγισαι,
3150 4475 3269 4539 πῶς
3321 4474 3448 4530 καθ’
3471 4474 3627 4542 ὥραν
3657 4476 3787 4527 κλο-

539 4574 781 4644 Χριστοῦ
826 4572 1121 4644 καθολικῆς
1170 4577 1264 4629 καὶ
1321 4575 1690 4641 άποστολικῆς
1746 4578 2097 4650 Ἐκκλησίας,

538 4670 789 4739 στέργειν
815 4666 1166 4738 ἀμεταθέτως
1209 4667 1277 4721 τά
1313 4667 1713 4740 ὡμολογημένα
1759 4669 1853 4723 καὶ
1895 4686 2104 4742 πατρο-

544 4762 817 4833 παράδοτα
848 4761 944 4813 καὶ
973 4760 1100 4829 ὐγιῆ
1126 4759 1393 4829 δόγματα,
1418 4762 1545 4825 τοὺς
1583 4761 1762 4825 θείους
1796 4763 1891 4817 καὶ
1923 4764 2102 4835 ίερούς

537 4854 765 4914 κανόνας
796 4850 891 4905 καὶ
931 4852 1059 4915 τοὺς
1086 4850 1428 4921 φιλευσεϐεῖς
1456 4851 1674 4921 νόμους,
1701 4852 1768 4905 δι’
1807 4848 1883 4906 ὦν
1914 4853 2103 4924 στηρί-

538 4936 687 5000 ζεται
741 4935 802 4989 τδ
840 4935 941 5003 τῆς
981 4935 1306 5006 Ἐκκλησίας
1356 4935 1654 5005 στήριγμα,
1706 4944 1798 4989 καὶ
1834 4936 1978 5005 ἔχειν
2007 4936 2101 4990 καὶ

537 5026 675 5096 πρὸς
698 5025 789 5077 τὸν
812 5026 1101 5094 εἰρημένον
1128 5023 1387 5093 ἀρχιερέα
1416 5022 1704 5075 εὐλάϐειαν
1736 5021 1833 5075 καὶ
1867 5022 2101 5093 στοργήν

533 5117 634 5186 τὴν
656 5115 1033 5184 ὀφειλομένην·
1069 5113 1227 5166 τοῦτο
1255 5115 1361 5185 γὰρ
1396 5112 1623 5167 ποιοῦσα
1654 5115 1688 5184 ή
1721 5113 1974 5182 εὐγένειά
2006 5129 2100 5166 σου

533 5210 630 5261 καὶ
659 5208 833 5269 οὕτως
880 5206 1181 5259 ὑπείκουσα
1232 5207 1299 5276 τῇ
1360 5204 1661 5276 Ἐκκλησία
1714 5203 1871 5270 Θεοῦ,
1918 5204 2100 5273 τύχοις

539 5302 640 5371 μὲν
666 5301 722 5352 ὲν
762 5299 839 5368 τῷ
877 5297 1103 5368 παρόντι
1147 5297 1245 5368 βίῳ
1294 5297 1492 5360 παντὸς
1522 5296 1727 5365 ἀγαθοῦ
1775 5296 1870 5348 καὶ
1921 5295 2101 5365 πάσης

452 5446 460 5453 ,
532 5393 800 5462 εὐθυμίας
830 5391 924 5445 καὶ
970 5392 1164 5461 χαρᾶς,
1212 5391 1672 5459 κατευοδούμενος
1716 5391 1795 5471 είς
1824 5389 2000 5442 πάντα
2033 5389 2101 5441 τά

533 5488 637 5541 ἀνὰ
670 5488 858 5557 χεῖρας
894 5486 1031 5556 ἔργα
1062 5486 1156 5537 καὶ
1199 5490 1526 5553 πράγματα,
1560 5486 1617 5537 έν
1644 5482 1699 5535 δέ
1743 5498 1806 5549 γε
1855 5481 1934 5551 τῷ
1970 5480 2101 5549 μέλι

531 5580 677 5631 λοντι
710 5580 809 5644 τῆς
841 5579 1062 5633 αίωνίου
1094 5578 1313 5645 ἐκείνης
1346 5580 1439 5629 καὶ
1480 5574 1821 5628 ἀκαταλύτου
1848 5576 1904 5626 ἐν
1932 5574 2101 5641 οὐρα-

532 5672 640 5730 νοῖς
692 5669 963 5739 βασιλείας
1003 5670 1188 5739 εὐχαῖς
1220 5669 1444 5721 πάντων
1472 5666 1580 5720 τῶν
1608 5667 1800 5733 ἁγίων.
1834 5665 2038 5735 Κύριος
2072 5667 2101 5718 ὁ

532 5758 663 5821 Θεὸς
705 5765 789 5831 εἴη
818 5761 1092 5831 διατηρῶν
1132 5762 1228 5831 τὴν
1259 5761 1535 5829 εὐγένειάν
1573 5776 1664 5823 σου
1696 5760 1907 5824 ἄνοσον,
1939 5754 2098 5809 εὐθυ-

2206 4570 2290 4621 νεῖ
2316 4566 2415 4635 τὴν
2444 4568 2570 4637 γῆν,
2598 4570 2676 4632 είς
2710 4569 3065 4637 συναίσθησιν
3095 4570 3308 4636 ἔνάγων
3364 4568 3508 4638 ήμᾶς
3541 4567 3639 4620 τοῦ
3678 4585 3785 4619 κα·

2203 4657 2319 4725 λοῦ,
2352 4656 2469 4734 πῶς
2500 4659 2781 4712 κατασείει
2822 4659 2889 4713 τά
2915 4661 3115 4725 πάντα,
3174 4660 3291 4722 πῶς
3314 4658 3374 4711 τὸ
3436 4658 3583 4729 βαρύ
3617 4658 3787 4712 τοῦτο

2204 4752 2424 4822 φορτίον
2445 4751 2544 4822 τῆς
2569 4750 2790 4821 γῆςκαὶ
2840 4749 3251 4804 δυσϐάστακτον
3303 4750 3530 4820 τρέμειν
3590 4767 3787 4819 παραο

2205 4843 2483 4908 σκευάζει,
2518 4842 2636 4905 πῶς
2665 4842 2727 4894 οὐ
2764 4841 2948 4905 στέγει
2989 4841 3128 4912 αὕτη
3147 4841 3254 4912 τήν
3283 4840 3379 4895 τοῦ
3416 4843 3658 4894 κτίστου
3687 4858 3788 4909 φο-

2203 4933 2373 5003 ϐερὰν
2402 4931 2653 5002 ἀπειλὴν,
2694 4932 2813 4995 πῶς
2863 4938 3231 5003 καταστρέφει
3284 4933 3382 4996 τὰς
3431 4933 3644 4997 πόλεις,
3703 4934 3787 5003 μὴ

2201 5024 2469 5096 δυναμένη
2500 5025 2686 5094 φέρειν
2712 5023 2849 5087 ὅλως
2869 5025 2961 5078 τοῦ
2981 5026 3189 5077 δικαίου
3212 5025 3401 5095 κριτοῦ
3424 5026 3526 5095 τὴν
3552 5027 3740 5095 ὀργήν
3767 5042 3782 5053 ·

2202 5114 2405 5187 ταύτην
2435 5114 2544 5184 γὰρ
2569 5114 2788 5177 πάντως
2815 5115 3063 5183 μαστίζει
3085 5116 3173 5169 διὰ
3198 5116 3296 5179 τὰς
3330 5117 3562 5186 ἀνομίας
3585 5118 3785 5185 ήμῶν,

2204 5207 2293 5261 ῖνα
2329 5211 2492 5279 ἡμεῖς
2535 5209 2629 5262 τὸν
2678 5207 2776 5263 τοῦ
2817 5207 2953 5261 Θεοῦ
3000 5208 3164 5276 φόϐον
3206 5209 3605 5279 ἀναλαϐόμενοι
3653 5214 3791 5261 ἐπι-

2206 5298 2535 5367 στραφῶμεν
2595 5299 2688 5353 καὶ
2727 5299 2967 5369 γνησίως
3016 5300 3462 5369 μετανοήσωμεν.
3515 5301 3631 5352 Καὶ
3662 5302 3790 5371 γὰρ

2203 5388 2342 5461 αὐτη
2368 5391 2558 5460 ἄλογος
2583 5386 2720 5446 οὐσα
2738 5393 2834 5446 καὶ
2860 5393 3214 5446 παντάπασιν
3270 5392 3637 5462 ἀνενέργητος
3696 5395 3787 5455 εις

2202 5483 2383 5536 πᾶσαν
2405 5482 2626 5548 κακίαν,
2661 5483 2935 5554 ἁμαρτίαν
2997 5484 3221 5553 ποιῆσαι
3273 5484 3335 5535 οὐ
3362 5483 3620 5537 δύναται.
3664 5484 3788 5538 Καὶ

2199 5574 2378 5626 τοίνυν
2402 5572 2705 5639 παύσασθε,
2740 5574 3059 5645 παρακαλῶ,
3093 5577 3193 5643 τῆς
3217 5575 3436 5638 κακίας,
3458 5575 3558 5626 καὶ
3589 5577 3785 5645 τηρή-

2203 5665 2471 5729 σατε,κῖ›ς
2503 5666 2673 5729 εἰκὸς,
2707 5666 2766 5718 ὲν
2812 5666 3085 5742 ἀσφαλείᾳ
3129 5665 3189 5717 οὐ
3239 5667 3403 5734 μόνον
3458 5668 3636 5731 αὐτὰς
3680 5670 3785 5731 τὰς

2200 5754 2294 5809 τοῦ
2329 5754 2463 5809 Θεοῦ
2491 5756 2733 5825 ἐντολὰς,
2761 5756 2897 5812 ἀλλά
2924 5758 3015 5811 καὶ
3045 5757 3140 5820 τὰς
3174 5757 3450 5824 διατάξεις
3473 5761 3570 5813 καὶ
3596 5778 3781 5831 νομο-
