4094 6272
329 313 352 372 Ι
362 311 470 374 365

1403 323 1792 388 SYNODICﬂ
1832 320 2393 387 CONSTITUTIO'N
2400 320 2510 381 ES.

3430 311 3567 377 1366

327 422 516 486 θεσίας
547 423 656 478 τῶν
690 422 851 481 θείων
884 428 1166 500 Πατέρων.
1212 432 1276 486 '0
1298 433 1355 487 δὲ
1378 436 1476 490 τοῦ
1507 436 1672 505 λόγου
1698 438 1893 490 τούτου
1933 448 1972 505 Α
1998 437 2186 502 πάλιν,
2212 434 2399 504 ἐπειδὴ
2418 415 2973 504 ἐπλήροφορήθημεν,
3009 429 3092 483 ὅτι
3113 429 3146 497 ή
3180 426 3369 480 αὐτόθι
3407 426 3565 480 σύνο-

328 514 531 577 σκοπδς
562 516 692 586 ἡμῖν
716 518 811 570 καὶ
845 520 905 572 τὸ
928 522 1224 590 κεφάλαιόν
1254 526 1369 579 ἐστι
1402 526 1532 597 περὶ
1578 527 1687 582 τῶν
1725 528 1891 593 συζυ·

326 606 465 676 γιῶν
489 606 601 661 τῶν
640 607 879 679 ἀνήϐων,
902 615 1306 684 κεκωλυμένων
1345 617 1527 687 πάντη
1578 618 1677 672 καὶ
1702 616 1895 683 ἀθεμί-

330 715 442 753 των
467 698 645 753 οὐσῶν
675 701 826 772 παρὰ
850 702 959 759 τῶν
984 703 1143 759 θείων
1166 706 1262 761 καὶ
1290 706 1454 778 ἰερῶν
1480 708 1741 773 κανόνων,
1765 707 1898 778 περὶ

331 782 408 846 ῶν
433 779 597 861 ἡμεῖς
619 791 884 858 πολλάκις
906 795 1073 850 πολὺν
1098 796 1192 851 τὸν
1246 797 1405 867 λόγον
1439 800 1536 853 καὶ
1588 799 1679 852 τὸν
1710 798 1898 867 ἀγῶνα

332 884 738 955 ἐποιησάμεθα,
768 889 889 950 ταῖς
917 887 1091 953 θείαις
1144 890 1635 957 ἐξακολουθοῦντες
1666 888 1899 961 νομοθε-

334 977 501 1041 σίαις⁶
551 976 674 1030 ἐπεὶ
699 976 761 1030 οὐ
800 978 959 1046 μόνον
986 978 1176 1034 ἕπεται
1204 983 1325 1045 ταῖς
1376 981 1722 1052 παρανόμοις
1761 980 1895 1035 ταύ-

333 1086 455 1134 ταις
489 1068 599 1123 τῶν
632 1068 905 1139 συζυγιῶν
932 1071 1107 1141 φθορά
1135 1072 1386 1144 άκαιρος,
1450 1072 1587 1127 ἀλλὰ
1614 1074 1708 1127 καὶ
1741 1072 1904 1127 θάνα-

334 1176 428 1223 τος
483 1157 700 1225 τούτοις
760 1161 1129 1216 ἐπακολουθεῖ
1184 1180 1245 1216 τε
1301 1165 1396 1218 καὶ
1450 1164 1781 1231 ἐπιγίνεται,
1827 1163 1905 1227 ὡς

337 1251 498 1321 ὑμεῖς
524 1252 765 1305 σύνιστε⁸
798 1253 1094 1309 κάντεῦθεν
1128 1253 1354 1309 διπλοῦν
1384 1256 1596 1326 πέφυκε
1627 1254 1689 1309 τὸ
1712 1255 1904 1324 κακὸν,

336 1343 404 1394 δι’
434 1346 499 1414 ἢν
536 1344 717 1397 αἰτίαν
761 1345 1152 1418 ἀπηγόρευσαν
1172 1346 1335 1401 τοῦτο
1364 1348 1458 1402 καὶ
1492 1349 1540 1402 οἰ
1571 1347 1706 1401 θεῖοι
1733 1348 1907 1401 Πατέ-

341 1450 434 1511 ρες
462 1434 758 1501 καθάπαξ,
792 1431 875 1501 οἷς
902 1438 997 1492 καὶ
1019 1438 1105 1492 διά
1130 1437 1287 1493 τοῦτο
1317 1440 1624 1506 ἀκολούθως
1658 1442 1908 1514 ἑπομένη

337 1527 488 1598 καὶή
523 1528 817 1600 μετριότης
846 1528 1005 1601 ήμῶν
1030 1533 1126 1586 καὶ
1155 1534 1522 1603 φροντίζουσα
1556 1537 1621 1606 τῇ
1654 1534 1746 1589 τοῦ
1770 1534 1908 1588 Θεοῦ

338 1619 524 1691 χάριτι
548 1618 649 1688 τῆς
677 1620 965 1692 ἀκριϐείας
990 1621 1103 1676 τῶν
1136 1623 1295 1679 θείων
1325 1626 1421 1680 καὶ
1444 1626 1608 1697 ἱερῶν
1641 1627 1906 1693 κανόνων,

339 1712 783 1783 παρακελεύεται
813 1717 909 1771 καὶ
932 1716 1270 1788 ἐπισκήπτει
1302 1719 1469 1773 πᾶσιν
1514 1719 1646 1789 ὑμῖν
1675 1720 1735 1774 ἐν
1766 1719 1910 1789 ἁγίῳ

1997 530 2083 593 δος
2107 529 2218 582 τῶν
2245 527 2551 599 ἀρχιερέων
2575 526 2801 596 στέργει
2824 541 2882 577 σε
2910 521 3282 590 πατριάρχην,
3339 518 3569 586 στέργο-

2004 638 2105 692 μεν
2126 619 2288 675 τοῦτο
2341 621 2435 674 καί⁸
2468 620 2652 691 ἡμεῖς,
2706 618 2800 672 καὶ
2829 615 3026 686 ἔχομέν
3077 631 3137 667 σε
3194 610 3425 678 ἀδελφὺν
3474 612 3591 662 καὶε

2003 713 2441 783 συλλειτουργδν,
2471 716 2564 766 καὶ
2598 711 2724 783 ἠδη,
2750 708 2937 773 καθὼς
2965 708 3120 779 ὁρᾷς,
3162 705 3260 759 καὶ
3286 702 3573 775 γράφομέν

2002 808 2182 862 σοιτά
2239 806 2371 877 περί⁵
2420 804 2639 869 τούτου,
2691 803 2779 857 ἵνα
2833 802 3132 873 γνωρίσῃς,
3191 796 3349 851 τοῦτο
3411 794 3597 865 μόνον.

2002 896 2294 968 γράφομεν
2341 899 2409 967 τῇ
2460 895 2741 966 ἁγιωσύνῃ
2779 910 2896 959 σου,
2951 892 3034 945 διὸ
3077 887 3422 958 λυπούμεθα.
3474 886 3574 940 καὶ

2003 988 2084 1042 ἔνι
2129 989 2449 1058 ἀναγκαῖον,
2492 988 2580 1042 ἵνα
2616 986 2986 1058 διορθώσηται
3042 983 3203 1037 τοῦτο
3259 979 3399 1048 αὕτη
3433 977 3575 1047 μετά

2003 1079 2105 1149 τῆς
2149 1079 2361 1143 οἰκείας
2419 1078 2642 1133 συνόδου
2691 1079 2800 1132 ἀπὸ
2832 1076 2944 1131 τῶν
2995 1075 3183 1130 αὐτόθι
3244 1070 3577 1143 ἀρχιερέων,

2005 1171 2287 1241 πάσχομεν
2312 1171 2470 1224 δεινά
2497 1170 2669 1225 πολλὰ
2696 1169 2763 1223 δι’
2792 1169 2915 1220 ὅλου
2947 1166 3044 1221 τοῦ
3093 1164 3314 1236 χρόνου,
3380 1162 3474 1214 καὶ
3508 1159 3579 1212 τά

2010 1263 2111 1333 μὲν
2137 1264 2513 1335 προγεγονότα
2535 1262 2709 1317 πολλά
2731 1263 2829 1316 καὶ
2867 1260 3042 1330 βαρέα
3080 1258 3283 1328 ἀφίημι
3337 1253 3475 1326 πρὸς
3520 1251 3583 1304 τὸ

2013 1355 2211 1426 παρὸν,
2246 1355 2469 1424 λέγωδὲ
2501 1354 2597 1410 νῦν
2645 1356 2714 1408 τὰ
2743 1354 2897 1423 παρὰ
2954 1353 3050 1406 τοῦ
3107 1351 3289 1421 Τύρου
3348 1348 3416 1404 δι’
3457 1353 3582 1405 ὅλου

2009 1444 2289 1515 γινόμενα⁶
2324 1446 2623 1515 περιπατεῖ
2654 1447 2764 1514 γὰρ
2803 1444 2883 1507 είς
2918 1443 3019 1514 τὴν
3078 1441 3297 1513 ἐνορίαν
3327 1458 3433 1511 μου
3488 1441 3584 1494 καὶ

2014 1536 2291 1607 ῑερουργεῖ
2316 1535 2412 1590 καὶ
2457 1537 2759 1606 χειροτονεῖ
2788 1536 2882 1588 καὶ
2913 1534 3137 1602 συνάγει
3190 1534 3455 1605 χρήματα
3489 1536 3589 1587 καὶ

2011 1629 2242 1700 πράττει
2278 1631 2461 1684 πᾶσαν
2519 1628 2889 1700 παρανομίαν.
2923 1628 3045 1681 "Evt
3101 1626 3234 1694 γοῦν
3286 1628 3588 1693 ἀναγκαῖον

2015 1722 2104 1776 ῖνα
2140 1722 2364 1793 κρίνητε
2389 1722 2554 1777 αὐτὸν
2585 1722 2775 1775 αὐτόθι
2808 1719 3134 1783 κανονικῶς,
3177 1716 3211 1789 ἦ
3243 1719 3404 1789 εῖπερ
3434 1719 3591 1772 οὐδὲν

342 1803 627 1873 Πνεύματι
696 1805 786 1859 διὰ
828 1806 925 1860 τοῦ
981 1808 1256 1879 παρόντος
1308 1810 1661 1880 γράμματος.
1708 1813 1821 1874 τοῖς
1850 1828 1911 1864 τε
1944 1808 1986 1869 Β
2013 1813 2243 1869 δύνασθε
2274 1814 2502 1883 ποιῆσαι
2524 1813 2707 1879 τοῦτο,
2737 1814 2859 1867 δότε
2916 1815 3051 1883 ἡμῖν
3078 1812 3265 1866 ἀδειαν
3305 1813 3401 1865 καὶ
3460 1826 3594 1880 προ-

344 1897 661 1967 ίερωμένοις
692 1899 786 1952 καὶ
813 1901 1047 1965 λαῖκοῖς,
1085 1901 1189 1955 κᾶν
1212 1902 1600 1972 ὁποιοιδήτινες
1632 1896 1755 1970 ὦσι,
1788 1920 1915 1959 συν·

341 1990 631 2059 τηρεῖσθαι
654 1991 766 2045 ἀπό
796 2008 860 2061 γε
899 1992 993 2047 τοῦ
1023 1992 1119 2048 νῦν
1156 1994 1253 2047 καὶ
1282 1996 1363 2059 εἰς
1386 1994 1446 2048 τὸ
1481 1995 1612 2063 ἑξῆς
1646 1996 1741 2050 τοῦ
1771 2014 1915 2066 μηκ-

345 2078 429 2132 έτι
459 2079 520 2133 τὸ
552 2078 773 2137 σύνολον
794 2083 1067 2153 τολμῆσαί
1091 2101 1211 2140 τινα
1242 2085 1364 2140 καθ’
1394 2086 1697 2157 οίονδήτινα
1713 2087 1917 2158 τρόπον

347 2170 550 2240 ἀνηϐον
603 2175 936 2228 συνοικίσιον
992 2176 1416 2248 διαπράξασθαι·
1474 2179 1523 2231 εἰ
1551 2178 1608 2231 δέ
1635 2194 1698 2246 γε
1728 2196 1918 2247 πειρα-

348 2263 466 2332 θείη
497 2282 582 2328 τις
617 2264 725 2318 τῶν
765 2266 1043 2335 ἀπάντων,
1089 2268 1149 2333 ἐξ
1188 2268 1475 2337 ἀλογίστου
1525 2272 1623 2323 καὶ
1659 2270 1921 2341 θρασείας

349 2355 448 2423 τῆς
487 2355 695 2427 τόλμης
725 2356 843 2427 ἅμα
890 2360 985 2415 καὶ
1043 2360 1300 2422 ἀπονοίας
1352 2361 1769 2433 περιφρονήσας
1822 2362 1923 2432 τῆς

351 2447 815 2521 ἐκκλησιαστικῆς
851 2451 1173 2521 νομοθεσίας
1212 2452 1307 2504 καὶ
1335 2451 1753 2520 καταστάσεως,
1783 2452 1920 2523 ἄνη-

355 2541 449 2594 ϐον
478 2542 851 2613 συστήσασθαι
881 2545 1216 2598 συνοικέσιον
1241 2560 1256 2575 ο
1319 2545 1368 2598 εἰ
1404 2546 1506 2614 μὲν
1545 2543 1664 2599 ἔστι
1689 2544 1783 2599 τοῦ
1815 2544 1923 2599 τῶν

355 2632 520 2703 ἱερῶν
556 2633 741 2705 χοροῦ,
781 2633 926 2688 ἔστω
985 2636 1372 2708 καθῃρημένος
1433 2638 1528 2691 καῖ
1567 2637 1929 2707 γεγυμνωμέ-

357 2743 447 2790 νος
489 2728 670 2799 πάσης
704 2730 1023 2802 ἰερωσύνης·
1063 2733 1111 2783 εί
1135 2731 1192 2785 δέ
1234 2731 1441 2795 λαῖκὸς,
1467 2732 1607 2784 ἐστω
1635 2730 1738 2783 ὑπὸ
1763 2729 1929 2799 βάρος

360 2817 666 2888 φρικώδους
694 2820 1028 2893 ἀφορισμοῦ,
1054 2821 1130 2887 ὡς
1163 2821 1230 2877 ἂν
1286 2823 1755 2893 συντηρουμένης,
1804 2820 1931 2892 βοη-

361 2904 486 2982 θείᾳ
512 2911 670 2974 Θεοῦ,
705 2912 806 2983 τῆς
860 2913 1121 2985 εὐνομίας
1176 2916 1274 2969 καὶ
1322 2914 1606 2983 θεοφιλοῦς
1650 2913 1931 2975 πολιτείας

363 3003 459 3056 καὶ
490 3006 880 3069 καταστάσεως
938 3006 1049 3059 τῶν
1090 3005 1251 3061 θείων
1305 3007 1401 3061 καὶ¹
1461 3005 1633 3076 ιερῶν
1686 3003 1933 3059 κανόνων

368 3094 461 3146 καὶ
511 3094 638 3163 ἰλέῳ
674 3080 887 3168 ὄμματι
921 3096 1015 3151 τοῦ
1056 3098 1194 3151 Θεοῦ
1220 3097 1303 3166 ἐφ’
1330 3099 1483 3170 ἡμᾶς
1524 3096 1932 3161 ἐπινεύσαντος,

369 3157 803 3259 ἐπιχορηγηθιείη
833 3190 967 3259 ἡμῖν
996 3187 1129 3262 παρ’
1154 3157 1321 3243 αὐτοῦ
1351 3157 1604 3262 ’βοηθεια
1631 3189 1729 3243 καὶ
1752 3157 1936 3249 ἀνεσις
1964 3157 2011 3216 (³

368 3279 483 3334 τῶν
513 3281 859 3353 κατεχόντων
878 3283 1025 3352 ἡμᾶς
1058 3281 1311 3353 μεγάλων
1345 3283 1442 3335 καὶ
1464 3277 1761 3335 πολυειδῶν
1788 3280 1940 3333 ἀνια-

370 3371 486 3443 ρῶν
522 3389 582 3425 τε
606 3372 702 3427 καὶ
754 3372 1008 3443 θλίψεων,
1059 3375 1156 3427 καὶ
1198 3373 1299 3444 τὴν
1353 3366 1696 3443 βαρϐαρικὴν
1736 3369 1943 3439 ταύτην

369 3463 733 3535 ἐπικειμένην
757 3466 891 3535 ἡμῖν
921 3466 1213 3534 καταιγίδα
1244 3467 1324 3529 είς
1373 3465 1593 3536 αἰθρίαν
1637 3464 1945 3535 μεταποιτίίι⁴

372 3572 507 3607 σειε.
546 3554 929 3626 Συντηρήθητε
956 3555 1086 3624 γοῦν
1117 3556 1349 3620 ἕκαστος
1380 3556 1534 3626 ὐμῶν
1568 3557 1648 3619 είς
1702 3554 1794 3608 τὸν
1848 3552 1946 3607 τοῦ

371 3644 508 3700 Θεοῦ
545 3646 744 3716 φόϐον,
779 3648 868 3700 καὶ
899 3648 1168 3717 ἀπέχεσθε
1226 3648 1338 3702 τῶν
1399 3647 1660 3701 τοιούτων
1707 3646 1946 3711 ἀτόπων,

375 3739 708 3809 παρανόμων
757 3741 851 3793 καὶ
906 3740 1122 3811 ἀνήϐων
1183 3742 1530 3794 συνοικεσίων
1556 3781 1571 3807 ,
1608 3740 1696 3796 ἵνα
1758 3739 1857 3795 καὶ
1914 3738 1949 3808 ἡ

374 3830 469 3883 τοῦ
500 3829 635 3883 Θεοῦ
663 3832 819 3904 χάρις
849 3832 933 3903 είη
972 3832 1111 3903 μετά
1150 3832 1368 3887 πάντων
1399 3831 1572 3903 ὑμῶν.

378 3990 598 4066 XXXV.
628 3992 933 4066 Philotimus
986 3996 1296 4066 patriarcha
1349 3993 1543 4066 litteris
1585 3993 1723 4046 datis
1765 3990 1835 4046 ad
1837 4008 1956 4066 _pa-_

451 4063 736 4137 triqrcham
770 4062 1057 4137 Antiochia
1092 4066 1431 4137 conqueritur
1472 4064 1537 4118 de
1559 4066 1797 4134 episcopo
1834 4062 1957 4131 Tyri

451 4142 501 4186 et
526 4134 977 4205 Germanipoleos.

452 4264 495 4336 τ
534 4265 827 4321 Πιττάκιον
854 4268 934 4331 εἰς
965 4265 1058 4321 τὸν
1083 4218 1436 4337 Ἀντιοχείας,
1489 4263 1599 4335 κῦρ
1642 4261 1960 4335 Παχώμιον,

672 4362 884 4431 γραφὲν
910 4358 1257 4432 Ἰανουναρίῳ
1288 4359 1386 4429 τῆς
1420 4358 1482 4412 ιδ’
1513 4358 1611 4413 ἰνδ.
1907 4355 1921 4363 ’

458 4477 500 4549 -ι-
540 4475 842 4546 Ἀγιώτατε
913 4475 1159 4530 δέσποτα
1237 4473 1553 4545 πατριάρχα
1617 4470 1955 4537 θεουπόλεως
1987 4501 2034 4557 υ

389 4569 637 4640 μεγάλης
664 4568 992 4639 Ἀντιοχείας
1025 4570 1120 4622 καὶ
1150 4565 1330 4638 πάσης
1361 4567 1679 4637 Ἀνατολῆς,
1737 4567 1794 4621 ἐν
1819 4567 1961 4637 ἀγίῳ

388 4663 667 4735 Πνεύματι
719 4662 974 4732 ἀγαπητέ
1010 4658 1208 4730 ἀδελφέ
1261 4661 1358 4713 καὶ
1414 4659 1807 4728 συλλειτουργέ
1862 4659 1963 4728 τῆς

386 4756 548 4826 ἡμῶν
574 4754 950 4825 μετριότητος,
999 4750 1231 4823 εὔχομαι
1264 4751 1342 4820 τῷ
1375 4750 1498 4822 Θεῷ
1539 4749 1811 4817 ὑγιαίνειν
1864 4750 1965 4820 τὴν

388 4846 708 4918 ἁγιωσύνην
766 4863 859 4900 σου
910 4846 1007 4901 καὶ
1060 4843 1396 4915 σωματικῶς
1427 4844 1508 4906 εἰς
1559 4841 1821 4896 σύστασιν
1874 4845 1968 4897 καὶ

389 4936 662 5004 ὼςςέλειαν
690 4934 784 4989 τοῦ
813 4937 907 4989 ὐπ’
939 4935 1108 5006 αὐτὴν
1135 4933 1533 5005 Χριστωνύμου
1573 4932 1965 5004 πληρώματος.

407 5029 543 5081 Ἀπὸ
571 5027 680 5080 τῶν
721 5027 987 5081 ἐλθόντων
1038 5024 1275 5081 ἐνταῦθα
1330 5026 1618 5096 πρέσϐεων
1670 5026 1825 5097 παρά
1868 5023 1971 5095 τῆς

396 5119 708 5190 ἁγιωσύνης
742 5136 834 5172 σου
867 5119 1086 5186 καὶτῆς
1122 5120 1250 5188 περὶ
1282 5116 1343 5169 σέ
1372 5116 1526 5188 ίερᾶς
1560 5117 1806 5184 συνόδου,
1873 5117 1970 5170 τοῦ

396 5233 460 5268 τε
494 5215 790 5287 ίερωτάτου
821 5212 1227 5285 μητροπολίτου
1262 5212 1587 5276 Λαοδικείας
1617 5211 1715 5267 καὶ
1743 5211 1972 5283 ὑπερτί-

394 5329 530 5383 μου,
559 5307 845 5380 ἀγαπητοῦ
877 5310 1019 5363 κατά
1050 5308 1255 5378 Κύριον
1286 5306 1518 5377 ἀδελφοῦ
1544 5308 1701 5377 ἡμῶν
1720 5308 1815 5360 καὶ
1848 5307 1977 5361 συλ-

396 5400 743 5472 λειτουργοῦ,
798 5403 894 5453 καὶ
960 5400 1057 5454 τοῦ
1138 5402 1495 5471 ἐντιμοτάτου
1559 5398 1976 5471 χαρτοφύλακος

400 5493 781 5566 πρεσϐυτέρου
822 5490 927 5561 κῦρ
963 5491 1166 5561 Ἰωσὴφ
1193 5490 1458 5561 ἐγνώρισε
1487 5490 1581 5543 καὶ
1610 5492 1645 5558 ὴ
1682 5490 1978 5560 μετριότης

2015 1909 2248 1977 τροπὴν,
2280 1907 2369 1960 ἵνα
2403 1908 2726 1977 ποιήσωμεν
2765 1905 2949 1961 τοῦτο.
2990 1906 3056 1958 Τί
3093 1905 3150 1958 δὲ
3185 1906 3215 1958 ό
3243 1905 3595 1973 Γερμανιπό-

2018 2000 2190 2067 λεως;
2219 2001 2326 2054 Δύο
2376 2000 2678 2071 ἐκκλησίας
2716 1998 2907 2052 ἐλαϐεν
2943 1998 3238 2069 ἡμετέρας,
3271 1995 3371 2067 τὴν
3396 1994 3598 2048 Ἀττά-

2020 2091 2173 2145 λειαν
2196 2090 2291 2145 καὶ
2320 2090 2381 2144 τὸ
2414 2090 2654 2157 Σίλαιον,
2683 2093 2752 2161 τῇ
2795 2090 3018 2157 ἐξουσίᾳ
3048 2091 3144 2141 τοῦ
3197 2086 3597 2158 εὑρισκομένου

2022 2184 2139 2237 ἐκεῖ
2164 2183 2382 2253 ἀμηρᾶ,
2411 2183 2509 2237 καὶ
2549 2185 2748 2253 κρατεί
2771 2182 2998 2247 ταύτας,
3028 2182 3105 2245 ὡς
3142 2185 3366 2249 γνήσιος
3414 2178 3600 2231 αὐτῶν

2026 2274 2453 2346 μητροπολίτηςο
2479 2274 2548 2338 ἃς
2572 2274 2759 2346 γράψῃ
2802 2269 2896 2328 οῦν
2926 2276 2959 2344 ἡ
2986 2273 3267 2342 ἁγιωσύνη
3334 2286 3429 2324 σου
3464 2270 3602 2337 πρὸς

2023 2366 2255 2433 ἐκεῖνον,
2288 2365 2385 2419 καὶ
2414 2365 2481 2428 ἂς
2500 2365 2594 2419 τὸν
2617 2366 2878 2438 ἀφορίσῃ.
2917 2365 3005 2419 ῖνα
3052 2365 3263 2432 ἀποστῇ
3293 2360 3394 2431 τῆς
3424 2378 3607 2430 ἰταραε⁵

2025 2456 2219 2525 νομίας
2251 2455 2479 2523 ταύτης,
2511 2456 2604 2520 δὸς
2640 2456 2697 2510 δὲ
2722 2458 2819 2510 καὶ
2852 2457 2988 2526 ἡμῖν
3016 2454 3225 2518 άδειαν,
3258 2453 3350 2506 ῖνα
3402 2453 3607 2523 ἀφορί-

2029 2563 2211 2616 σωμεν
2243 2547 2427 2601 αὐτόν’
2452 2547 2549 2603 ἐὰν
2583 2547 2694 2616 γάρ
2722 2548 2949 2615 γένηται
2983 2544 3270 2616 διόρθωσις
3307 2546 3389 2607 εἰς
3413 2542 3607 2605 ταῦτα,

2029 2639 2175 2696 οὕτω
2213 2640 2481 2709 μέλλομεν
2506 2639 2718 2706 διάγειν
2747 2637 3041 2709 εἰρηνικῶς
3074 2636 3173 2690 καί⁵
3204 2635 3478 2706 ἡνωμένοι
3531 2630 3609 2685 εί-

2030 2749 2121 2788 ναι
2162 2732 2257 2786 καὶ
2278 2733 2608 2788 κοινωνικοί.
2637 2730 2703 2784 Τί
2728 2731 2785 2785 δέ
2813 2730 2881 2783 τὰ
2912 2730 3179 2799 γινόμενα
3226 2730 3286 2781 ἐν
3304 2726 3383 2792 τῷ
3446 2743 3609 2797 μονα-

2033 2825 2241 2896 στηρίῳ
2270 2825 2372 2895 τῆς
2402 2822 2794 2893 Ὀδηγητρίαςβ
2828 2821 3139 2893 Ἐρώτησον
3155 2820 3249 2874 τὸν
3266 2819 3611 2885 Λαοδικείας,

2034 2918 2123 2972 ῖνα
2145 2919 2297 2992 εῖπῃ,
2317 2917 2436 2979 πῶς
2464 2916 2677 2988 ἐφθάρη
2711 2916 2809 2971 καὶ
2853 2914 3104 2985 ψυχικῶς
3136 2913 3230 2968 καὶ
3259 2913 3612 2982 σωματικῶς,

2036 3009 2229 3063 αὐτόθι
2266 3009 2375 3078 γάρ
2407 3007 2698 3078 ἐπιμέλεια
2744 3007 2899 3061 οὐδὲν
2930 3007 3167 3074 γίνεται,
3213 3006 3375 3076 ἡμεῖς
3403 3004 3498 3058 καὶ
3529 3005 3619 3055 οὐ·

2037 3100 2129 3155 δὶν
2170 3100 2433 3171 ποιοῦμέν
2448 3117 2524 3167 τι,
2556 3099 2661 3152 καῖ
2679 3099 2996 3167 γινωσκέτω
3028 3096 3362 3168 ήάγιωσύνη
3395 3112 3512 3159 σου,
3536 3095 3619 3147 ὅτι

2044 3192 2224 3247 τέλεον
2248 3192 2486 3263 ἐφθάρη,
2528 3191 2625 3246 καὶ
2654 3190 2733 3244 ἔνι
2762 3190 3087 3258 ἀναγκαῖον,
3116 3188 3208 3242 ἶνα
3249 3188 3478 3257 γένηται
3526 3186 3619 3239 καὶ

2043 3288 2127 3352 εἰς
2171 3286 2334 3341 τοῦτο
2397 3287 2707 3357 διόρθωσις.
2734 3287 2808 3340 Τὸ
2838 3285 3013 3357 παρὸν
3073 3285 3309 3356 γράμμα
3379 3285 3625 3352 ἀναγνω-

2044 3380 2231 3450 σθήτω
2293 3382 2352 3435 ἐν
2399 3380 2549 3451 πάσῃ
2604 3382 2671 3451 τῇ
2705 3379 2810 3433 ὐπδ
2860 3380 2922 3432 σε
2982 3378 3185 3449 συνόδῳ
3221 3379 3316 3432 καὶ
3344 3377 3419 3446 τῷ
3436 3378 3626 3447 κλήρῳ

2046 3474 2143 3528 καὶ
2171 3475 2237 3543 τῇ
2266 3472 2429 3542 λοιπῇ
2479 3472 2689 3542 ἐνορίᾳ,
2744 3471 2834 3526 ἶνα
2873 3472 3190 3541 γνωρίσωσι
3255 3470 3460 3533 πάντες
3521 3471 3620 3536 τὴν

2045 3564 2176 3633 περὶ
2205 3562 2303 3631 τῆς
2327 3561 2643 3633 ἁγιωσύνης
2694 3578 2790 3615 σου
2851 3562 3131 3631 ἡμετέραν
3166 3558 3422 3629 γνώμην,
3466 3558 3630 3629 μόνον

2048 3653 2158 3708 ἀπὸ
2186 3652 2297 3708 τῶν
2332 3651 2543 3722 ἐχθρῶν
2577 3669 2671 3705 σου
2695 3650 2937 3719 φύλαττε
2967 3651 3148 3716 τοῦτο,
3175 3649 3474 3721 μήποτετὺ
3496 3651 3633 3703 ἀπο-

2050 3747 2234 3817 λέσῃς.
2274 3746 2527 3817 Ἔρρωσο
2559 3746 2621 3798 ἐν
2674 3743 2885 3813 Κυρίῳ,
2952 3741 3226 3811 ἀγιώτατε
3252 3743 3491 3797 δέσποτα
3538 3742 3633 3793 καὶ

2055 3837 2276 3906 ἀδελφέ.

2124 3930 2166 4002 -ι-
2192 3925 2335 3999 Εἶχε
2386 3927 2487 3984 καί
2516 3927 2609 3982 τόο
2638 3928 2943 3993 Φιλόθεος,
2972 3926 3124 3992 ἐλέῳ
3169 3925 3322 3981 Θεοῦ
3368 3925 3635 3994 ἀρχιδ»τί-

2056 4037 2293 4088 σκοπος
2365 4020 3073 4085 Κώνσταντινουπόλεως
3132 4018 3291 4085 Νέας
3368 4002 3598 4085 Ῥώμηςῖ
3618 4058 3635 4082 ,

2057 4113 2158 4170 καί
2184 4112 2604 4182 οὶκουμενικὸς
2632 4111 3030 4182 πατριάρχης,
3070 4109 3311 4181 διὰ.τῆς·
3346 4110 3505 4176 θείας
3528 4125 3649 4163 παρη

2057 4202 2409 4273 τριαρχικῆς
2432 4204 2657 4272 χειρός.

2062 4356 2304 4417 XXXVI.
2332 4359 2575 4433 Synodus
2599 4359 3279 4433 episcopumigephalleniw
3309 4360 3561 4431 transfert
3584 4362 3643 4414 in

2526 4431 2856 4501 metropolis:
2890 4431 3180 4503 Naupacti.
3310 4469 3317 4476 -

2130 4571 2173 4643 ’ί-
2207 4570 2375 4641 Μόγα
2403 4587 2456 4623 τι
2482 4569 2675 4640 χρῆμα
2705 4568 2842 4637 πρὸς
2872 4567 3102 4637 τὴνντῆς
3137 4566 3474 4638 Ἐκκλησίας
3504 4565 3664 4620 Θεοῦ

2066 4663 2328 4717 σύστασιν
2360 4659 2458 4714 καῖ
2482 4659 2700 4729 ἀσφαλῆ
2728 4657 3072 4729 μονιμότητα
3116 4657 3178 4709 τὸ
3221 4657 3349 4720 τούς
3401 4674 3646 4729 προστα-

2064 4757 2178 4811 τεῖν
2200 4744 2722 4826 χάριταςλαχόντας
2741 4750 2917 4821 αὐτῆς
2944 4751 3036 4803 καὶ
3061 4750 3191 4812 τούς
3227 4750 3647 4819 οίκουμενικούς

2066 4850 2167 4917 τῆς
2197 4846 2529 4918 ποιμανσίας
2554 4843 2745 4908 οίακας
2780 4844 3015 4913 κρίμασι
3074 4841 3373 4910 θειοτέρας
3427 4840 3643 4896 ἰθύνον-

2068 4956 2165 5000 τας
2189 4938 2531 5009 ἐμμέριμνον
2565 4935 2726 5005 ἔργον
2784 4933 2932 5004 ἔχειν
2968 4935 3257 4999 ἑκάστοτε,
3311 4934 3454 4988 ὥστε
3482 4951 3650 5006 φρον-

2069 5032 2245 5097 τίζειν
2285 5030 2395 5083 τῶν
2428 5026 2733 5099 ἑκασταχοῦ
2789 5028 2893 5094 τῆς
2939 5028 3281 5098 οἰκουμένης
3340 5028 3653 5097 ἐκκλησιῶν

2073 5122 2168 5177 καὶ
2208 5119 2435 5183 ταύταις
2466 5120 2802 5189 ἐγκαθιστᾷν
2835 5119 3102 5188 ποιμένας
3152 5119 3250 5172 καὶ
3293 5120 3653 5182 διδασκάλους

2074 5213 2170 5270 ἐιιτί⁵
2196 5213 2277 5288 τῷ
2315 5211 2635 5283 ποιμαίνειν
2664 5210 2735 5264 τὰ
2760 5210 2960 5278 λογικά
2990 5211 3085 5263 τοῦ
3119 5210 3366 5282 Χριστοῦ
3400 5210 3653 5277 πρόϐατα

2079 5305 2346 5377 καὶπρὸς
2402 5304 2574 5373 νομάς
2632 5302 2849 5370 ὁδηγεῖν
2893 5303 3220 5374 σωτηρίους,
3291 5303 3409 5371 μεθ’
3441 5302 3654 5354 ἑαυτῶν

2079 5399 2300 5469 ἕχοντας
2323 5397 2486 5450 αὐτὸν
2519 5396 2609 5449 τὸν
2635 5394 2816 5464 ἀληθῆ
2839 5394 2933 5447 καὶ
2968 5394 3145 5460 μέγαν
3202 5394 3438 5463 ποιμένα
3472 5410 3530 5446 τε
3559 5396 3654 5447 καὶ

2081 5491 2311 5560 Σωτῆρα
2356 5487 2516 5559 μέχρι
2550 5488 2646 5541 καὶ
2686 5485 2785 5556 τῆς
2812 5485 2905 5540 τοῦ
2957 5486 3151 5548 αἰῶνος
3204 5485 3656 5555 συμπληρώσεώς

401 5586 564 5655 ἡμῶν
594 5586 742 5657 καλή
775 5584 908 5653 περὶ
953 5585 1130 5654 αὐτὴν
1183 5583 1303 5653 ἰερά
1345 5582 1439 5635 καὶ
1495 5582 1709 5653 μεγάλη
1764 5582 1980 5645 σύνοδος
2082 5601 2142 5636 τε
2172 5583 2261 5636 καὶ
2284 5580 2639 5645 τελειώσεως,
2672 5579 2733 5632 οὐ
2763 5577 2872 5648 μὴν
2906 5576 3040 5629 ἀλλά
3073 5581 3164 5630 καὶ
3224 5579 3341 5647 μετ’
3368 5577 3549 5631 αὐτῶν
3577 5580 3658 5639 εἰς

403 5681 478 5735 τά
511 5678 640 5751 περὶ
669 5678 769 5751 τῆς
798 5678 1112 5749 ἁγιωσύνης
1160 5694 1277 5731 σουο
1324 5678 1486 5747 ἡμεῖς
1524 5669 1617 5729 οὖν
1665 5674 1760 5727 καὶ
1788 5676 1981 5745 πρότεν
2085 5676 2210 5737 τοὺς
2233 5673 2571 5743 ἀπειρήτους
2597 5670 2839 5731 ἐκείνους
2880 5670 3104 5731 αἰῶνας,
3153 5670 3280 5723 ἔνθα
3308 5676 3398 5722 καὶ
3426 5671 3494 5722 τὰ
3526 5668 3659 5740 βρα-

409 5789 506 5847 ρον
528 5774 873 5848 πατριιθρχην
923 5790 983 5828 σε
1047 5772 1265 5844 εἴχομεν
1332 5770 1682 5840 Ἀντιοχείας,
1739 5770 1831 5821 καὶ
1890 5769 1984 5823 νῦν
2087 5769 2206 5823 ϐιία
2258 5769 2370 5831 τοῖς
2436 5765 2668 5820 ἐνταῦθα
2724 5763 3171 5833 διηγωνισμένοις
3243 5763 3660 5827 πολλαπλασίως
