4094 6272
384 265 519 331 126)

1431 287 1832 352 ΒΥΝΟΒΙΟΆΕ
1873 294 2554 364 CONSTITUTIONES.

3484 312 3582 376 137
3607 318 3642 378 0

377 386 674 495 δεσπρτην,
708 387 803 492 τὸν
836 392 1216 501 ρίκουμενικρν
1247 401 1626 472 πατριάρχην,
1663 406 1949 479 όφειλομέ-
1982 419 2028 473 Α
2057 413 2212 483 θῆναι
2241 417 2492 471 ἐντεῦθεν
2517 418 2611 472 καὶ
2635 419 2701 473 τὰ
2728 419 3072 491 ἐπιφυόμενα
3101 425 3396 493 σκάνδαλα,
3423 429 3645 501 ἀπῃτη-

379 495 474 546 νης
505 478 805 550 ὑποταγῆς,
833 483 1307 558 ἐξετασθησόμενα
1337 494 1432 546 καὶ
1459 495 1742 567 ληψόμενοι
1770 478 1952 556 ἐντεῦὲ-

379 567 473 624 θεν
499 570 780 638 ἀναλόγως
809 574 908 643 τὴν
936 576 1256 658 θεραπείαν.
1296 584 1448 639 Ἐπεὶ
1477 588 1610 654 γοῦν
1639 592 1744 661 πρὸ
1771 593 1955 661 ὀλίγου

381 662 409 714 ὅ
440 679 500 769 τιι
535 663 828 769 ἱερώτατος
866 671 1268 743 μητροπολίτης
1302 676 1655 749 Χαλκηδόνος
1691 687 1785 737 καὶ
1817 687 1846 738 6
1877 703 1958 739 τι-

381 846 574 910 Νεῖλος
615 851 642 900 ό
684 849 1033 916 Καὸάσιλας,
1071 857 1478 927 ἐγχειρίσαντες
1519 866 1849 938 κατάστιχον
1881 846 1960 942 τῶ

383 942 781 1012 παναγιωτάτῳ
823 945 980 1012 ἡμῶν
1013 947 1248 1022 δεσπότῃ
1273 992 1288 1018 ,
1323 954 1400 1023 τῷ
1441 957 1810 1030 οἱκούμενικῷ
1854 978 1959 1017 πα-

381 1033 644 1104 τριάρχῃ,
672 1037 1061 1104 κεφαλαιωδῶς
1092 1042 1504 1113 περιλαμϐάνον
1534 1050 1632 1110 τὰς
1663 1050 1956 1120 διαφόρως,

383 1124 477 1176 νῦν
506 1143 566 1178 τε
600 1128 692 1179 καὶ
727 1129 995 1201 πρότερον
1026 1136 1323 1204 γενομένας
1357 1140 1508 1210 παρά
1539 1143 1721 1195 πᾶσαν
1755 1145 1961 1215 εἴδησιν

381 1217 479 1283 τῆς
517 1217 847 1290 Ἐκκλησίας
887 1221 1025 1276 Θεοῦ
1067 1229 1400 1295 τριγαμίας,
1445 1235 1823 1302 τετραγαμίας
1865 1236 1962 1290 καὶ

385 1305 852 1378 ἀθεμιτογαμίας,
884 1311 966 1367 ἔτι
995 1330 1056 1366 τε
1085 1319 1181 1368 καὶ
1212 1317 1348 1371 ἄλλα
1376 1319 1532 1384 τινὰ,
1564 1321 1639 1385 ὡς
1669 1323 1830 1391 δῆθεν
1861 1325 1958 1395 Cr;-

383 1398 598 1467 τήματα
639 1406 900 1456 κανονικά
923 1444 937 1470 ,
973 1408 1070 1462 καὶ
1107 1407 1314 1463 ἐδέοντο
1355 1412 1455 1482 τῆς
1493 1413 1700 1469 τούτων
1738 1415 1962 1486 διορθώ-

387 1502 542 1551 σεως.
587 1487 645 1542 '0
683 1487 777 1545 οῦν
819 1497 1239 1564 παναγιώτατος
1280 1500 1437 1570 ἡμῶν
1476 1503 1774 1575 δεσπότης,
1817 1507 1844 1558 ό
1885 1509 1963 1560 οἱ-

387 1583 710 1650 κουμενικὺς
755 1587 1136 1659 πατριάρχης,
1180 1592 1278 1645 καὶ
1322 1593 1491 1648 πάλαι
1535 1595 1822 1666 διόρθωσιν
1863 1599 1961 1670 τὴν

386 1672 618 1745 δυνατὴν
646 1679 1012 1749 ποιησάμενος
1041 1683 1097 1734 ἐν
1124 1685 1236 1746 τοϊς
1264 1686 1526 1746 τοιούτοις
1555 1691 1650 1742 καὶ
1680 1691 1962 1760 ἐκδίκησιν

383 1768 484 1839 τὴν
514 1771 934 1843 προσήκουσαν,
969 1777 1207 1844 Χριστοῦ
1240 1780 1458 1850 χάριτι,
1491 1782 1586 1835 καὶ
1619 1784 1958 1854 διατηρήσας
1991 1766 2032 1823 Β

385 1861 476 1913 τὸν
500 1862 700 1931 τρόπον
726 1867 826 1934 τῆς
876 1867 1079 1921 τούτων
1105 1871 1198 1923 καὶ
1232 1869 1310 1923 ἔτι
1343 1876 1782 1942 μετακινήσεως,
1811 1877 1960 1946 ὅμως

379 1954 472 2006 διὰ
502 1953 562 2006 τὸ
594 1956 695 2024 τῆς
724 1957 949 2029 εἱρηνης
971 1998 986 2022 ,
1015 1959 1088 2024 ὡς
1123 1961 1374 2032 εἴρηται,
1409 1966 1696 2020 κάλλιστον
1725 1970 1960 2038 πρᾶγμα

387 2048 482 2100 καὶ
518 2049 606 2102 διὰ
639 2050 738 2119 τὴν
772 2049 1050 2124 ἔγγραφον
1082 2057 1398 2127 προσταγὴν
1433 2059 1526 2112 τοῦ
1562 2060 1826 2128 κραταιοῦ
1865 2062 1960 2116 καὶ

386 2141 542 2208 ἁγίου
583 2141 744 2212 ἡμῶν
777 2144 1038 2198 αὑθέντου
1079 2151 1173 2200 καὶ
1214 2148 1478 2220 βασιλέως
1515 2155 1961 2237 προσκαλεσάμε-

385 2250 473 2296 νος
505 2233 595 2288 τόν
626 2252 687 2288 τε
727 2237 1032 2304 ἁγιώτατον
1061 2240 1330 2312 δεσπότην
1363 2244 1454 2296 καὶ
1494 2233 1839 2317 πατριάρχην
1873 2245 1962 2298 Ὶε·

389 2327 706 2397 ροσολύμων
747 2332 842 2384 καὶ
887 2333 1097 2397 πάντας
1135 2335 1264 2398 τοὺς
1311 2337 1640 2406 ἱερωτάτους
1681 2339 1961 2410 ἀρχιερεῖς

383 2419 508 2482 τοὺς
545 2420 954 2492 ἐπιδημοῦντας
990 2427 1049 2479 ἐν
1077 2429 1144 2497 τῇ
1185 2426 1549 2501 βασιλευούσῃ
1580 2429 1690 2482 τῶν
1724 2430 1958 2494 πόλεων,

385 2514 934 2583 παρεκελεύσατο.εἱς
964 2518 1202 2587 ἐπήκοον
1233 2521 1452 2574 πάντων
1482 2525 1688 2576 τούτων
1718 2524 1960 2591 ἀναγνω-

386 2605 584 2676 σθῆναι
616 2609 677 2660 τδ
711 2611 1004 2680 εἰρημένον
1041 2613 1402 2684 κατάστιχον,
1437 2615 1574 2684 ὅπερ
1609 2618 1704 2670 καὶ⁵
1736 2616 1960 2686 διελάμ-

384 2699 547 2754 ϐανεν
569 2741 585 2766 ,
616 2702 719 2755 ὅσα
750 2703 885 2771 δῆτα
918 2703 1012 2756 καὶ
1042 2703 1424 2775 διελάμϐανεν.
1465 2707 1837 2776 Ἀναγνωσθέν
1866 2705 1960 2764 οὖν

387 2793 540 2860 παρά
563 2794 656 2847 τοῦ
681 2797 1012 2864 τιμιωτάτου
1045 2799 1280 2866 μεγάλου
1311 2799 1668 2870 σκκελλαρίου
1700 2801 1790 2854 καὶ
1818 2802 1962 2856 διδα-

2000 545 2008 552 -
2049 507 2232 576 ’θησαν
2259 511 2354 562 καὶ
2381 503 2596 580 γνῶμαι
2624 513 2822 576 κοινῶς
2850 515 2943 566 ἐπὶ
2969 518 3034 583 τῇ
3066 517 3292 590 τοιαύτῃ
3325 521 3638 576 συνελεύσει

2057 601 2166 653 τῶν
2199 603 2476 672 ῥηθέντων
2510 606 2820 672 ἱερωτάτων
2852 607 3158 678 ἀρχιερέων
3187 611 3275 665 διὰ
3305 613 3403 682 τὴν
3435 614 3637 683 ἐφεξῆς

2058 692 2359 760 ἀσφάλειαν
2385 710 2398 724 ·
2432 695 2525 746 καὶ
2557 695 2619 764 δὴ
2658 695 2870 764 πρῶτος
2902 698 2930 750 ό
2968 699 3298 768 Ἡρακλείας
3329 699 3485 756 εἶπεν
3506 743 3522 767 ,
3555 705 3637 758 ὄτι

2059 783 2132 834 Οὐ
2178 783 2258 836 δεῖ
2298 783 2424 853 περὶ
2468 785 2576 838 τῶν
2625 787 2934 856 τριγαμιῶν
2974 789 3070 841 καὶ
3113 794 3501 860 τετραγαμιῶν
3546 794 3641 846 καὶ

2060 872 2512 943 ἀθεμιτογαμιῶν
2552 877 2821 942 κινεῖσθαι
2863 879 3150 950 παρῤησῖᾳ
3175 923 3188 946 ,
3225 884 3348 936 ἐπεὶ
3388 885 3642 953 οὐδαμῶς

2063 963 2203 1030 μετά
2234 965 2330 1032 τῆς
2363 965 2636 1036 τυχούσης
2677 967 2907 1039 γνώμης
2945 971 3036 1022 καὶ
3076 972 3336 1035 ἐνδόσεως
3369 977 3469 1041 τῆς
3510 977 3644 1028 Ἐκ-

2061 1052 2293 1122 κλησίας
2323 1058 2644 1124 γεγόνασιν,
2678 1059 2794 1112 ἀλλ’
2824 1060 2910 1112 ἵνα
2943 1063 3349 1120 ἐπεκδικῶνται
3384 1066 3643 1136 ἀλλαχόθι

2064 1145 2162 1212 μὲν
2209 1146 2360 1216 παρά
2402 1149 2498 1200 τοῦ
2543 1149 2686 1202 κατά
2735 1150 2920 1222 χώραν
2964 1153 3266 1208 ἐπισκόπου
3318 1158 3639 1220 κανονικῶς,

2060 1233 2293 1287 ἐνταῦθα
2331 1236 2387 1289 δὲ
2428 1237 2534 1309 ἱδίᾳ
2580 1239 2728 1309 παρά
2764 1240 2857 1292 τοῦ
2901 1244 3321 1309 παναγιωτάτου
3362 1247 3520 1313 ἡμῶν
3557 1247 3643 1300 δε-

2063 1327 2284 1393 σπότου,
2305 1327 2401 1380 τοῦ
2423 1331 2805 1400 οἱκουμενικοῦ
2827 1336 3190 1405 πατριάρχου,
3215 1336 3344 1406 παρ’
3361 1329 3420 1389 οῦ
3442 1339 3535 1390 καὶ
3553 1340 3644 1391 ἐκ·

2061 1417 2301 1487 δικήσεις
2336 1421 2429 1472 ἐπὶ
2461 1421 2672 1486 τούτοις
2705 1425 3053 1494 ἐγεγόνεισαν
3085 1429 3356 1499 διαφόρως
3381 1446 3394 1461 ·
3430 1433 3642 1502 στέργω

2060 1506 2116 1560 δέ
2160 1509 2254 1560 καὶ
2288 1509 2389 1579 τὴν
2425 1511 2709 1581 προϐᾶσαν
2748 1515 3099 1587 συγχώρησιν
3140 1519 3275 1587 ὑπὲρ
3311 1520 3405 1572 τοῦ
3449 1520 3642 1591 ἱερέως

2060 1596 2154 1650 τοῦ
2184 1599 2523 1669 Μαχητρίου.
2551 1602 2612 1656 '0
2644 1604 2885 1669 Κυζίκου
2916 1605 3093 1672 εἶπεν,
3131 1608 3214 1662 ὅτι
3248 1612 3342 1662 Δεῖ
3371 1612 3538 1664 ταῦτα
3565 1613 3640 1677 ὡς

2061 1688 2238 1744 ἄτοπα
2291 1692 2612 1764 διαλυθῆναι
2670 1697 2801 1762 καὶ,
2851 1697 2924 1760 ὡς
2979 1700 3238 1764 δυνατὸν,
3292 1703 3632 1768 κωλύεσθαι,

2061 1778 2249 1851 ὥσπερ
2290 1782 2354 1855 δὴ
2396 1785 2488 1838 καὶ
2531 1787 2970 1857 ἀναχαιτίζονται
3014 1791 3104 1842 καὶ
3148 1793 3452 1846 κωλύονται
3495 1797 3639 1848 κατᾶ

2061 1874 2122 1927 16
2147 1877 2424 1947 ἐγχωροῦν
2449 1880 2524 1949 τῷ
2557 1882 2955 1954 παναγιωτάτῳ
2981 1884 3150 1953 ἡμῶν,
3165 1886 3400 1958 δεσπότῃ
3419 1929 3432 1949 ,
3458 1888 3536 1957 τῷ
3561 1891 3639 1940 οξ-

2062 1968 2371 2036 κουμενικῷ
2398 1972 2737 2043 πατριάρχῃ.
2767 1973 2841 2042 μὴ
2874 1975 3059 2040 μέντοι
3087 1977 3440 2046 προστρίϐειν
3467 1979 3639 2032 ταῦτα
3693 2032 3708 2042 _

2060 2059 2127 2128 τῇ
2165 2059 2482 2132 Ἐκκλησία,
2515 2063 2628 2115 ἀλλ’
2651 2065 2963 2120 ἀνατιθέναι
2994 2067 3091 2138 τὴν
3122 2070 3326 2123 τούτων
3358 2071 3638 2141 ἐκδίκησιν

2061 2149 2141 2218 τῷ
2169 2154 2448 2225 προστάτῃ
2480 2156 2579 2223 τῆς
2613 2155 2965 2226 Ἐκκλησίας,
2997 2161 3140 2230 πλὴν
3175 2162 3314 2231 μετά
3345 2161 3636 2230 βασιλικῆς

2065 2241 2288 2313 ἱσχύος⁹
2335 2247 2548 2316 στέργω
2587 2247 2641 2300 δέ
2685 2249 2781 2301 καὶ
2821 2251 2920 2320 τὴν
2966 2253 3250 2321 προὸᾶσαν
3290 2256 3638 2323 συγχώρησιν

2065 2335 2350 2404 συνοδικὴν
2380 2336 2519 2406 ὑπὲρ
2550 2338 2642 2390 τοῦ
2678 2341 2868 2410 ἱερέως
2900 2341 2993 2394 τοῦ
3027 2343 3370 2413 Μαχητρίου.
3414 2345 3472 2398 Ὀ
3506 2349 3638 2399 Πον-

2061 2427 2420 2496 τοηρακλείας
2451 2426 2628 2495 εἶπεν,
2660 2433 2740 2485 ὅτι
2769 2433 2975 2504 Στοιχῶ
3004 2435 3144 2488 κατά
3177 2439 3352 2491 πάντα
3382 2437 3474 2490 ἐπὶ
3504 2438 3638 2491 πᾶσι

2061 2518 2270 2579 τούτοις
2298 2521 2364 2588 τῇ
2398 2521 2595 2591 γνώμῃ
2626 2521 2719 2574 τοῦ
2749 2523 3013 2576 δεσπότου
3045 2525 3140 2578 τοῦ
3179 2526 3523 2597 Ἡρακλείας.
3557 2529 3638 2581 ὅτι

2061 2613 2121 2666 ού
2155 2613 2236 2667 δεῖ
2269 2614 2442 2668 ταῦτα
2474 2618 2951 2687 παρρησιάζεσθαι
2987 2620 3020 2689 ἢ
3057 2623 3487 2691 προστρίϐεσθαι
3525 2625 3641 2691 μῶ-

2065 2721 2166 2774 μον
2191 2707 2258 2775 τῇ
2293 2707 2499 2778 συνόδῳ
2526 2708 2614 2762 διά
2641 2707 2814 2763 ταῦτα
2839 2725 2852 2741 ’
2885 2710 3098 2783 στέργω
3126 2716 3220 2766 καὶ
3247 2716 3347 2782 τὴν
3375 2715 3515 2785 ὑπὲρ
3542 2715 3635 2767 τοῦ

2065 2799 2254 2868 ἱερέως
2288 2800 2382 2854 τοῦ
2418 2802 2742 2872 Μαχητρίου
2779 2803 3066 2872 συνοδικὴν
3101 2804 3415 2872 διάγνωσιν.
3455 2807 3513 2859 Ὀ
3550 2807 3643 2858 Βισ

385 2886 584 2940 σκάλου
614 2889 721 2945 τῶν
746 2889 992 2943 διδασκάὲ
1006 2906 1080 2945 ων
1107 2891 1166 2944 ού
1198 2893 1357 2962 μόνον
1386 2893 1553 2958 ἅπαξ,
1586 2894 1722 2948 ἀλλὰ
1753 2896 1848 2948 καὶ
1877 2895 1960 2958 δὶς
2017 2892 2196 2968 θᾸύιις
2231 2887 2385 2945 εἶπεν
2405 2932 2421 2957 ,
2455 2893 2536 2946 ὅτι
2565 2894 2708 2946 Ὅσα
2744 2893 2984 2962 γίνονται
3027 2899 3177 2966 παρὰ
3209 2896 3300 2948 τὸν
3334 2897 3497 2964 τόμον
3532 2895 3634 2962 τῆς

385 2981 480 3034 καὶ
522 2982 674 3052 τρὶς,
722 2983 1182 3053 συνεδριαζόντων
1225 2986 1302 3054 τῷ
1349 2989 1751 3058 παναγιωτάτῳ
1781 2989 1958 3064 ¹ἡμῶν

2061 2984 2307 3049 ἐνώσεως
2341 2985 2432 3038 ἐπὶ
2463 2987 2575 3048 τοῖς
2607 2985 2871 3049 τοιούτοις
2907 2985 3185 3056 ἀθεμίτοις
3223 2987 3422 3054 γάμοις
3444 3025 3458 3051 ,
3493 2986 3642 3054 ὀφεί-

382 3071 648 3141 δεσπιίτῃ,
680 3071 756 3142 τῷ
791 3073 1158 3143 οἱκουμενικῷ
1189 3078 1504 3147 πατριάρχῃ
1523 3117 1537 3141 ,
1570 3078 1663 3131 τοῦ
1695 3096 1755 3132 τε
1787 3080 1959 3148 ἀγιω-
1986 3105 2027 3162 c
2061 3081 2169 3145 λει,
2198 3079 2285 3131 ἴνα
2312 3079 2708 3132 ἐπεκδικῶνται
2737 3078 2886 3148 παρὰ
2912 3078 3005 3131 τοῦ
3036 3077 3451 3144 παναγιωτάτου
3481 3079 3638 3148 ἡμῶν

381 3163 544 3215 τάτου
591 3163 852 3217 δεσπότου
899 3165 994 3217 καὶ
1038 3168 1380 3237 πατριάρχου
1426 3168 1821 3239 Ἱεροσολύμων
1864 3173 1958 3223 καὶ

381 3253 492 3306 τῶν
529 3255 835 3323 ίερωτάτων
870 3257 1174 3326 ἀρχιερέων
1213 3259 1463 3325 πάντων,
1501 3260 1640 3330 πλὴν
1675 3262 1768 3315 τοῦ
1813 3263 1959 3316 Χαλ-

383 3346 639 3416 κηδόνος,
675 3347 864 3418 ἐκρίθη
903 3350 1164 3419 περισσὸν
1199 3353 1292 3403 καὶ
1330 3351 1594 3423 σύγχυσιν
1626 3355 1788 3434 μόνον
1822 3356 1958 3409 ἐπά-

380 3456 478 3507 γον
511 3440 570 3492 τὺ
609 3443 976 3512 προκομισθέν
1009 3443 1167 3496 τοῦτο
1207 3444 1558 3514 κατάστιχον,
1595 3447 1717 3498 ἐπεὶ
1750 3447 1820 3500 τά
1862 3447 1960 3517 μὲν

379 3536 488 3589 τῶν
523 3538 914 3607 ἐμφερομένων
949 3539 1099 3609 αύτῷ
1135 3540 1450 3608 κεφαλαίων
1485 3541 1729 3610 ἔφθασαν
1764 3543 1961 3595 διεκδι-

383 3630 618 3700 κηθῆναι
665 3631 865 3694 ἱκανῶς
909 3633 1005 3685 καὶ
1050 3631 1188 3698 μετά
1229 3633 1321 3684 τὸν
1365 3632 1716 3703 ἐγχωροῦντα
1760 3634 1961 3703 τρόπον

381 3726 450 3794 τῇ
491 3739 550 3775 τε
586 3723 877 3794 Ἐκκλησία
923 3724 1060 3777 Θεοῦ
1105 3713 1199 3778 κᾶὶ
1241 3723 1317 3793 τῷ
1363 3725 1760 3794 παναγιωτάτῳ
1802 3727 1959 3794 ἡμῶν

382 3815 637 3886 δεσπότῃ,
668 3815 744 3884 τῷ
773 3817 1141 3885 οἱκουμενικῷ
1173 3817 1505 3887 πατριάρχῃ,
1539 3817 1836 3887 ἐγγράφως
1867 3817 1960 3869 καὶ

381 3909 646 3979 ἀγράφως
680 3909 1191 3978 προμηθευσαμένῳ
1226 3910 1320 3962 καὶ
1354 3911 1721 3964 σπουδάσαντι
1753 3911 1833 3974 είς
1863 3912 1960 3979 τὴν

379 3999 592 4053 τούτων
625 4000 911 4070 διόρθωσιν
932 4043 945 4064 ,
980 4001 1026 4053 εἱ
1063 4001 1156 4055 καί
1186 4019 1330 4064 τινες
1365 4003 1414 4054 οἱ
1442 4002 1814 4072 τολμήσαντες
1846 4002 1962 4056 δια-

383 4092 693 4162 πράξασθαι
727 4094 827 4158 τάς
860 4094 1114 4156 τοιαύτας
1152 4095 1530 4164 παρανομίας,
1566 4096 1961 4166 ἀμεταμέλητα

381 4184 466 4238 ἔτι
500 4184 810 4251 νοσοῦντες,
841 4186 1118 4255 ἐξέχονται
1151 4187 1356 4241 τούτων
1391 4189 1484 4242 καὶ
1521 4191 1660 4258 μετά
1691 4189 1790 4260 τὴν
1823 4188 1961 4242 ἐνδι-

383 4294 478 4332 κον
511 4278 854 4348 ἐπιτίμησιν.
885 4277 965 4331 Τά
995 4278 1049 4331 δὲ
1085 4277 1244 4349 ἐσχον
1276 4280 1470 4350 ἑτέραν
1501 4281 1787 4354 συνοδικὴν
1818 4281 1964 4350 διόρ-

383 4373 548 4425 θωσιν
577 4374 671 4424 καὶ
700 4372 1154 4426 ἀποκατάστασιν
1175 4411 1189 4436 ,
1219 4373 1392 4442 ἦγουν
1419 4373 1488 4426 τά
1520 4376 1650 4444 περὶ
1680 4373 1775 4427 τοῦ
1813 4375 1964 4428 Ἀλα-

381 4467 521 4532 νίας,
550 4466 642 4518 τοῦ
675 4467 1044 4536 Περιθεωρίου
1074 4469 1167 4520 καὶ
1192 4467 1360 4538 ἐτερά
1386 4484 1508 4520 τινα
1532 4468 1926 4539 τοιουτότροπα
1948 4485 1963 4500 ”

380 4558 550 4628 ἕτερα
590 4559 644 4612 δέ
681 4559 790 4612 τῶν
826 4560 1084 4615 τοιούτων
1120 4561 1400 4631 ἀθεμίτων
1437 4562 1666 4631 γάμων,
1705 4563 1966 4630 γεγονότα

381 4653 535 4721 παρά
579 4653 758 4706 πᾶσαν
802 4653 1026 4724 γνώμην
1065 4654 1160 4705 καὶ
1202 4653 1460 4723 βούλησιν
1498 4653 1597 4722 τῆς
1637 4653 1966 4722 Ἐκκλησίας

380 4744 544 4808 Θεοῦ,
585 4746 995 4817 ἐπετιμήθησαν
1042 4746 1140 4816 μὲν
1180 4746 1256 4809 ὡς
1298 4745 1611 4815 παράνομα,
1655 4743 1864 4799 δέονται
1909 4745 1966 4799 δὲ

381 4841 464 4902 είς
490 4840 549 4891 τὸ
577 4841 981 4910 διασπασθῆναι
1013 4839 1107 4893 καὶ
1135 4839 1233 4910 τῆς
1263 4839 1413 4908 παρὰ
1439 4837 1534 4890 τοῦ
1568 4836 1835 4908 κραταιοῦ
1873 4838 1966 4890 καὶ

380 4931 540 4997 ἁγίου
587 4931 744 5002 ἡμῶν
795 4931 1056 4984 αὐθέντου
1102 4931 1196 4984 καὶ
1242 4929 1508 5000 βασιλέως
1550 4927 1961 4999 διεκδικήσεως.

382 5024 506 5076 Τῶν
543 5023 728 5092 μέντοι
770 5024 864 5075 δύο
896 5023 1102 5077 τούτων
1139 5023 1450 5091 ἱερωτάτων
1486 5021 1791 5092 ἀρχιερέων
1816 5064 1830 5085 ,
1870 5021 1964 5073 τοῦ

380 5137 442 5173 τε
473 5117 821 5189 Χαλκηδόνος
849 5125 942 5170 καὶ
969 5117 1064 5170 τοῦ
1098 5117 1421 5183 Σουγδαίας,
1450 5113 1528 5168 έτι
1559 5114 1616 5168 δέ
1646 5117 1740 5166 καὶ
1767 5113 1860 5166 τοῦ
1888 5130 1967 5165 τι-

387 5214 664 5284 μιωτάτου
711 5211 1047 5281 ὑποψηφίου,
1095 5207 1474 5263 ἀπαιτούντων
1518 5209 1611 5260 καὶ
1656 5205 1964 5274 ζητούντων

384 5307 607 5360 πλείονα
636 5306 734 5377 τὴν
762 5305 1049 5374 διόρθωσιν
1078 5303 1171 5357 καὶ
1201 5303 1510 5374 βαρυτέραν
1540 5302 1638 5372 τὴν
1671 5299 1963 5365 ἐπεξέλευ-

385 5416 471 5451 σιν
504 5400 598 5453 καὶ
631 5399 706 5468 μὴ
741 5399 1099 5468 στοιχούντων
1130 5397 1383 5461 ἐντεῦθεν
1412 5399 1477 5466 τῇ
1513 5395 1782 5465 εἰρημένῃ
1815 5409 1966 5444 συνο-

383 5498 508 5565 διχῇ
553 5492 844 5563 διαγνώσει
889 5492 1177 5560 καὶκοινῇ
1224 5490 1390 5558 ψήφῳ
1433 5489 1528 5541 καὶ
1569 5487 1823 5556 ὁμονοία,
1870 5485 1962 5538 καὶ

384 5586 668 5654 ζητήσεως
722 5581 1009 5648 συνοδικῆς
1051 5579 1351 5647 γενομένης
1394 5578 1525 5646 περὶ
1569 5577 1681 5643 τοῦ,
1727 5576 1840 5638 πῶς
1884 5575 1965 5628 δεῖ

384 5676 831 5743 ἀποκαταστῆναι
881 5675 950 5726 τά
997 5670 1350 5740 ἐμφερόμενα
1396 5669 1471 5737 τῷ
1517 5669 1743 5736 τοιούτῳ
1792 5685 1960 5720 κατα-

386 5773 555 5843 στίχῳ
587 5771 680 5824 καὶ
711 5768 895 5823 λαϐεῖν
922 5765 1132 5824 τελείαν
1159 5765 1256 5834 τὴν
1282 5762 1627 5819 διευλύτωσιν
1656 5766 1746 5817 καὶ
1777 5762 1958 5815 διαλυ-

2062 3173 2344 3237 δεσπότου,
2391 3173 2483 3225 τοῦ
2533 3171 2914 3240 οἱκουμενικοῦ
2970 3175 3335 3242 πατριάρχου,
3386 3173 3523 3225 κατά
3573 3173 3634 3225 τὸ

2060 3264 2283 3318 δυνατὸν
2314 3265 2459 3336 αὐτῷ
2481 3305 2494 3328 ,
2527 3263 2716 3334 ὥσπερ
2745 3264 2880 3334 δῆτα
2911 3265 3007 3317 καὶ
3038 3265 3250 3332 γίνεται
3281 3264 3412 3334 παρ’
3439 3262 3602 3316 αὐτοῦ
3625 3304 3641 3329 ,

2061 3360 2154 3410 καὶ
2187 3360 2248 3411 ού
2282 3360 2386 3429 χρή
2424 3355 2898 3428 παρρησιάζεσθαι
2929 3355 3104 3410 ταῦτα
3133 3357 3229 3409 καὶ
3264 3356 3536 3409 κινεῖσθαι
3573 3357 3643 3410 δι’

2061 3449 2182 3501 ὅλου
2215 3451 2271 3501 ἐν
2297 3451 2361 3518 τῇ
2394 3449 2512 3519 θείᾳ
2540 3451 2633 3502 καὶ
2664 3447 2784 3517 ἱερᾷ
2816 3448 3018 3517 συνόδῳ
3043 3464 3056 3478 ο
3093 3451 3142 3499 εί
3172 3446 3218 3500 δ’
3243 3447 3373 3509 ἴσως
3405 3446 3534 3518 ἔλθῃ
3564 3449 3644 3508 εἱς

2060 3539 2364 3608 ἀδυναμίαν
2405 3540 2498 3591 τοῦ
2543 3537 2717 3591 ταῦτα
2764 3537 3023 3591 δύνασθαι
3069 3537 3301 3590 κωλύειν
3343 3541 3424 3601 εἰς
3464 3539 3640 3603 τέλος,

2065 3634 2152 3686 ἴνα
2193 3632 2420 3702 γένηται
2457 3633 2515 3685 τὸ
2556 3631 2802 3685 ἐλλεῖπον
2839 3632 2938 3698 τῆς
2981 3631 3316 3699 ἐκδικήσεως
3361 3631 3511 3697 παρά
3547 3631 3646 3698 τῆς

2066 3725 2351 3796 βασιλικῆς
2383 3724 2670 3792 δυνάμεως
2695 3739 2708 3753 ·
2744 3723 2960 3792 στέργω
2990 3723 3058 3776 δὲ*
3078 3728 3174 3775 καὶ
3202 3723 3302 3788 τὴν
3337 3720 3523 3784 ἁπλῶς
3553 3739 3649 3788 γε·-

2067 3817 2298 3886 νομένην
2333 3816 2619 3884 συνοδικὴν
2652 3815 3000 3886 συγχώρησιν
3033 3815 3173 3885 ὑπὲρ
3204 3815 3296 3867 τοῦ
3329 3814 3518 3885 ἱερέως
3552 3813 3647 3866 τοῦ

2064 3907 2409 3976 Μαχητρίου.
2448 3906 2508 3958 ὐ
2541 3905 2792 3975 Βρύσεως
2823 3901 2997 3970 εἶπεν,
3030 3905 3112 3958 ὅτι
3146 3903 3302 3958 Κατά
3332 3904 3441 3957 τῶν
3470 3904 3650 3957 τοιού-

2062 4014 2171 4050 των
2198 3995 2641 4064 ἀΟεμιτογαμιῶν
2673 3997 2767 4048 καὶ
2795 3994 3147 4063 πολυγαμιῶν
3165 3995 3420 4064 ἐποίησεν
3449 3996 3476 4046 ό
3508 4011 3650 4048 παν-

2063 4085 2368 4156 αγιώτατος
2416 4087 2573 4156 ἡμῶν
2621 4085 2909 4154 δεσπότης,
2932 4087 2960 4138 6
2981 4087 3358 4156 οίκουμενικὺς
3381 4084 3651 4155 πατριάρ-

2064 4187 2202 4250 χης,
2238 4181 2362 4232 ὅσον
2397 4178 2504 4231 ἔδει
2539 4178 2842 4240 κανονικῶς
2866 4217 2880 4240 ,
2923 4178 3059 4248 μετά
3098 4178 3190 4230 καὶ
3223 4175 3323 4246 τῆς
3361 4175 3510 4238 θείας
3553 4177 3649 4226 καὶ

2067 4273 2216 4342 ἱερᾶς
2261 4270 2482 4324 συνόδου
2508 4312 2521 4338 ,
2559 4270 2653 4324 καὶ
2693 4269 2960 4339 ἐπεξῆλθε
2997 4267 3169 4322 ταῦτα
3213 4269 3508 4338 ἐγγράφως
3553 4265 3650 4320 καὶ

2067 4365 2332 4433 ἀγράφως
2359 4379 2372 4394 °
2409 4363 2672 4434 περισσὸν
2705 4359 2797 4418 οὖν
2831 4363 2979 4416 δοκεῖ
3012 4363 3106 4416 καὶ
3139 4361 3238 4416 οὐκ
3270 4361 3526 4426 εὔλογον,
3562 4359 3650 4414 ἵνα

2003 4477 2041 4529 ι)
2069 4457 2327 4511 κινῶνται
2360 4455 2532 4508 ταῦτα
2567 4457 2648 4516 είς
2683 4455 2782 4524 τὴν
2818 4455 3066 4518 σύνοδον,
3109 4455 3183 4516 ὡς
3222 4451 3649 4523 προστρίὸεσθαι

2072 4547 2318 4600 ἐντεῦθεν
2351 4546 2508 4616 ὓϐριν
2539 4547 2634 4599 κα.)⁵
2667 4547 3003 4616 κατηγορίαν
3036 4547 3101 4616 τῇ
3139 4545 3438 4614 Ἐκκλησία
3475 4542 3610 4595 Θεοῦ
3632 4584 3647 4607 ,

2069 4640 2206 4708 ὅπερ
2239 4639 2354 4691 ἐστὶ
2385 4636 2753 4691 ἀτοπώτατον.
2784 4637 2933 4705 Ἐχω
2963 4635 3020 4688 δέ
3053 4637 3120 4687 τὰ
3151 4628 3380 4687 τοιαῦτα
3413 4633 3649 4701 ἀθέμιτα

2069 4729 2385 4784 συνοικέσια
2423 4728 2520 4782 καὶ
2554 4727 2686 4795 ἐγὼ,
2722 4727 2903 4791 καθὼς
2941 4726 3063 4779 κατ’
3087 4725 3268 4779 αὐτῶν
3299 4726 3348 4777 οἱ
3384 4726 3517 4777 θεῖοι
3551 4725 3649 4776 καὶ

2071 4823 2208 4892 ἱεροὶ
2234 4821 2464 4884 κανόνες
2486 4818 2864 4889 διαγορεύουσι
2892 4819 2984 4872 καὶ
3011 4822 3038 4872 ό
3060 4818 3156 4886 τῆς
3186 4817 3435 4880 ἐνώσεως
3460 4817 3648 4886 τόμος,

2068 4913 2164 4967 καὶ
2191 4915 2291 4966 ούκ
2314 4911 2491 4970 ἄλλως
2511 4927 2526 4942 ο
2556 4910 2770 4980 στέργω
2796 4909 2850 4962 δέ
2878 4910 2971 4962 καὶ
2993 4909 3054 4962 τὸ
3079 4909 3288 4980 προόἀν
3313 4909 3411 4979 τῆς
3438 4924 3651 4977 συγχω-

2070 5005 2282 5074 ρήσεως
2326 5003 2563 5073 γράμμα
2610 5001 2904 5065 συνοδικῶς
2951 5002 3061 5054 ἀπὸ
3109 5001 3457 5071 συμπαθείας
3505 5000 3648 5069 ὑπὲρ

2066 5101 2159 5153 τοῦ
2192 5100 2382 5169 ἱερέως
2411 5098 2506 5152 τοῦ
2537 5097 2880 5169 Μαχητρίου,
2912 5095 3052 5166 πλὴν
3085 5095 3170 5149 ἴνα
3199 5096 3348 5148 οὐδὲν
3383 5095 3644 5164 ἱερουργῇ

2065 5195 2098 5264 ἢ
2133 5194 2430 5264 ἐργάζηται
2455 5211 2507 5246 τι
2536 5192 2810 5262 ἱερατικὸν
2834 5190 2973 5254 ὅλως
3001 5192 3059 5242 ὲν
3082 5189 3158 5257 τῷ
3190 5187 3506 5258 περιονύμῳ
3532 5185 3646 5253 ναῷ

2066 5289 2161 5357 τῆς
2189 5287 2283 5348 τοῦ
2313 5286 2446 5339 Θεοῦ
2477 5285 2651 5353 Λόγου
2683 5283 2904 5351 Σοφὶας,
2935 5282 2962 5334 ὃ
2990 5282 3054 5352 δὴ
3083 5282 3287 5343 πάντες
3313 5281 3362 5331 οἱ
3388 5278 3646 5348 ἀνωτέρω

2067 5377 2553 5448 γνωματεύσαντες
2579 5376 2856 5446 ἀρχιερεῖς
2883 5371 3164 5442 ἔστερξαν.
3201 5372 3261 5423 '0
3286 5371 3645 5439 Χριστιανουο

2067 5474 2274 5535 πόλεως
2315 5467 2470 5524 εἶπεν
2494 5487 2508 5501 ο
2551 5469 2634 5521 Τὰ
2675 5469 2807 5538 περὶ
2849 5467 2960 5520 τῶν
3000 5465 3256 5519 τοιούτων
3303 5463 3643 5532 ἀθεμιτογα-

2069 5569 2227 5638 μιῶν,
2257 5564 2364 5635 ἔχω
2389 5562 2562 5616 ταῦτα
2593 5564 2685 5616 καὶ
2712 5561 2874 5622 αὐτὸς
2901 5559 3103 5630 αίσχρά
3129 5561 3222 5612 καὶ
3252 5558 3418 5622 κακά,
3448 5553 3638 5625 ὥσπερ

2067 5663 2157 5717 καὶ
2197 5663 2245 5715 οἱ
2284 5661 2416 5714 θεῖοι
2453 5659 2544 5712 καὶ
2583 5659 2717 5727 ἱεροὶ
2758 5656 2978 5715 κανόνες
3012 5653 3111 5723 τὴν
3142 5651 3325 5721 ψῆφον
3357 5652 3488 5722 περὶ
3521 5651 3646 5704 τού-

2068 5775 2172 5812 των
2201 5755 2566 5824 προφέρουσιν
2583 5793 2596 5817 ,
2626 5750 2759 5804 ἀλλὰ
2785 5749 2847 5816 δὴ
2873 5748 2965 5801 καῖ
2989 5749 3016 5800 6
3042 5751 3137 5820 τῆς
3164 5744 3407 5810 ἐνώσεως
3432 5747 3595 5817 τόμος
3619 5762 3632 5776 ο
