4094 6272
354 347 378 415 1
391 348 502 415 373

1335 352 1343 363 ’
1430 355 1827 420 SYNODIC/E
1864 353 2550 417 CONSTITU'I‘IONES.

3472 352 3619 420 137‘

352 463 531 516 καῦτα
558 463 652 516 καὶ
682 464 904 519 πάντων
930 468 1039 522 τῶν
1066 468 1123 522 ἐν
1136 471 1202 541 τῇ
1235 469 1572 542 θεοδοξάστῳ
1606 472 1703 526 καὶ
1736 469 1927 537 θεομε-

2045 467 2334 542 XXXVIII.
2370 469 2830 542 Synodus_statuit
2853 467 2924 542 Δ«με
2961 467 3230 542 "uiuendis
3274 467 3331 522 in
3373 466 3616 523 Russiam

352 554 600 623 γαλύντῳ
629 557 1203 615 Κωνσταντινουπόλει
1234 563 1557 634 ιερωμένων
1575 564 1655 627 είς
1679 562 1929 633 φυλακὴν
2014 618 2019 621 ,

350 646 465 699 τῶν
495 646 659 714 ἱερῶν
688 650 786 703 καὶ
814 650 975 705 θείων
998 653 1241 707 κανόνων
1276 658 1369 709 καὶ
1398 656 1678 725 ἀναίρεσιν
1708 652 1803 708 κάὶ
1823 671 1929 707 κα-

351 736 579 790 τάλυσιν
603 738 713 790 τῶν
739 740 995 795 τοιούτων
1032 744 1425 813 ἀτοπημάτων,
1451 746 1512 798 οὐ
1548 744 1654 814 μὴν
1671 744 1808 798 ἀλλὰ
1833 745 1929 798 καὶ

350 828 511 898 ετπερ
538 829 816 900 ἐτολμήθη
851 832 946 886 καὶ
981 832 1138 895 αὖθις
1176 836 1416 890 τοιοῦτον
1451 838 1710 906 ἀθέμιτον
1745 853 1927 890 συνοι-

350 920 557 985 κέσιον,
600 922 751 989 παρὰ
787 925 971 978 πᾶσαν
1000 925 1255 996 βούλησιν
1284 928 1382 994 τῆς
1423 928 1775 999 Ἑκκλησίας,
1803 929 1931 982 ἐπε-

349 1010 554 1081 τιμήθη
590 1012 718 1080 μὲν,
749 1014 823 1074 ὡς
846 1014 1013 1081 εἰκὸς,
1043 1018 1193 1086 παρὰ
1218 1018 1317 1088 τῆς
1355 1018 1512 1088 ἡμῶν
1554 1020 1925 1090 μετριότητος,

351 1100 530 1155 δέεται
562 1103 619 1157 δὲ
654 1105 735 1167 είς
755 1106 815 1158 τὸ
845 1106 1250 1177 διασπασθῆναι
1283 1114 1378 1164 καὶ
1421 1112 1709 1182 βασιλικῆς
1747 1112 1929 1183 ἰσχύος

352 1194 446 1263 καὶ
480 1195 782 1264 δυνάμεως.
829 1196 1019 1263 οὕτως
1064 1196 1158 1255 οῦν
1205 1203 1307 1272 τῆς
1355 1202 1517 1272 ἡμῶν
1574 1205 1928 1276 μετριότητος

351 1287 785 1361 ἐπισπευδούσης
831 1294 913 1355 είς
950 1294 1125 1347 ταῦτα
1168 1296 1263 1349 καὶ
1318 1297 1460 1350 κατά
1493 1299 1604 1350 τῶν
1649 1298 1931 1368 ἀθεμίτων

349 1383 604 1451 πράξεων
629 1383 727 1455 ὅλῃ
748 1368 1029 1457 προθυμίᾳ
1061 1387 1349 1458 χωρούσης
1376 1386 1563 1457 ψυχῆς
1612 1389 1708 1441 καὶ
1765 1390 1921 1459 κοινῇ

350 1473 447 1525 καὶ
472 1472 580 1544 ίδίᾳ
606 1475 707 1545 τὴν
732 1474 1020 1543 διόρθωσιν
1044 1479 1343 1549 ἐγγράφως
1389 1496 1450 1531 τε
1500 1480 1593 1533 καὶ
1661 1480 1929 1548 ἀγράφως

350 1568 904 1638 πραγματευομένης,
958 1570 1018 1621 σύ
1071 1572 1303 1641 συνορᾷν
1363 1570 1580 1641 ἔχομεν,
1632 1572 1784 1634 ὅπως
1842 1571 1931 1625 διά

352 1655 526 1709 ταῦτα
562 1659 940 1730 προεκομίσθη
966 1660 1026 1713 τὸ
1054 1662 1297 1716 τοιοῦτον
1325 1663 1656 1733 κατάστιχον
1705 1664 1787 1726 είς
1831 1661 1931 1733 τὴν

348 1752 378 1817 ἡ
390 1747 508 1818 μῶν
540 1751 892 1821 μετριότητα,
925 1752 1026 1823 τὴν
1060 1754 1298 1823 μάλιστα
1329 1756 1570 1820 πάντων,
1606 1754 1742 1807 Θεοῦ
1800 1770 1927 1807 συν-

2110 540 2318 609 ιεραιὲε,
2344 542 2437 607 qui
2485 540 2780 606 dijudiccnt
2812 539 3208 609 ¥dissemianem
3258 546 3431 591 ortam
3481 541 3615 595 inter

2107 607 2473 681 mélropolilas
2508 609 2713 663 Kiovia:
2734 615 2785 661 et
2802 607 3121 664 Lithuam'te.

2034 720 2074 792 -ι-
2109 723 2315 792 Πρᾶξις
2348 722 2447 792 τῆς
2487 721 2722 795 Ῥωσίας
2759 719 2978 774 καὶτοῦ
3036 720 3434 792 μητροπολίτου
3484 723 3619 776 Διτ-

2739 811 2874 869 ϐῶν.

2104 924 2146 995 -ι-
2191 925 2258 978 Ἦ
2309 925 2440 993 ἁγία
2500 924 2594 979 τοῦ
2644 923 2779 978 Θεοῦ
2836 924 3097 996 καθολικὴ
3152 928 3247 979 καὶ
3287 925 3618 996 ἀποστολικὴ

2048 1015 2348 1084 Ἐκκλησία
2406 1015 2612 1069 ἄνωθεν
2673 1015 2734 1080 ἐξ
2800 1016 2979 1086 ἀρχῆς
3056 1019 3122 1088 τῇ
3183 1016 3397 1087 δοθείσῃ
3452 1018 3616 1085 αὐτῇ.

2033 1103 2271 1176 Χριστοῦ
2294 1106 2499 1176 χάριτι,
2526 1108 2779 1178 ἀηττήτῳ
2804 1108 2949 1178 ίσχύῖ
2985 1124 3046 1161 τε
3075 1108 3170 1161 καὶ
3212 1104 3443 1176 δυνάμει
3476 1122 3607 1161 συν-

2041 1199 2187 1269 ήθως
2217 1199 2420 1268 ἔχουσα
2454 1201 2545 1252 ἐπὶ
2574 1199 2636 1252 τὸ
2686 1200 3133 1271 λυσιτελέστερον
3183 1202 3363 1254 πάντα
3418 1199 3618 1253 διοικορ-

2035 1289 2339 1361 νομεϊσθαι,
2370 1288 2527 1343 τοῦτο
2553 1289 2616 1360 δὴ
2648 1291 2743 1343 καὶ
2797 1290 2943 1344 ποιεί
2972 1305 2989 1323 ο
3025 1291 3124 1359 οὐχ
3170 1284 3336 1359 ἦττον
3358 1287 3405 1341 δ’
3453 1288 3617 1339 ἐνδεί-

2041 1397 2235 1433 κνυται
2262 1380 2361 1449 τὴν
2416 1381 2674 1449 φροντίδα
2706 1380 2915 1451 ταύτης
2958 1381 3055 1433 καὶ
3105 1379 3426 1450 ἐπιμέλειαν
3475 1378 3616 1449 ὑπὲρ

2033 1470 2143 1523 τῶν
2202 1470 2508 1539 ἑκασταχοῦ
2565 1470 2971 1540 εὑρισκομένων
3026 1471 3219 1525 πασῶν
3291 1470 3615 1538 ἁγιωτάτων

2035 1562 2361 1634 ἐκκλησιῶν,
2396 1564 2546 1624 ὅπως
2585 1563 2652 1617 ἂν
2687 1556 2845 1617 αὗται
2904 1565 3047 1617 κατά
3100 1566 3193 1617 τὸν
3246 1562 3344 1615 τοῦ
3405 1561 3613 1631 Κυρίου

2036 1655 2202 1725 νόμον
2252 1655 2433 1717 καλῶς
2490 1656 2777 1710 διοικοῖντο
2835 1657 2931 1711 καὶ
2983 1656 3316 1725 διεξάγοιντο
3346 1670 3361 1687 ο
3420 1656 3613 1725 φθάνει

2033 1746 2325 1816 τοιγαροῦν
2350 1746 2455 1816 πρό
2482 1762 2629 1811 τινος
2662 1747 2762 1817 ἤδη
2794 1745 2993 1815 καιροῦ
3022 1748 3054 1800 ό
3084 1746 3379 1816 ἱερώτατος
3414 1762 3613 1815 μητροο

351 1843 671 1913 αιρομένου,
707 1843 851 1914 ὑπὲρ
882 1821 991 1916 τῆς
1013 1821 1302 1910 αύθεντίας
1334 1847 1442 1900 τῶν
1474 1845 1638 1915 ίερῶν
1682 1846 1929 1899 κανόνων
1955 1821 2006 1880 Β
2032 1838 2260 1909 πολίτης
2278 1838 2491 1891 Κυέσου
2514 1840 2610 1892 καὶ
2646 1842 2829 1909 πάσης
2860 1838 3112 1903 Ῥωσίαςο
3141 1841 3201 1892 ἐν
3240 1840 3381 1909 ἀΥίφ
3434 1837 3612 1891 “Ve-‘3‘

350 1933 763 2004 ἀγωνιζομένην
793 1952 852 1988 τε
883 1936 981 1988 καὶ
1014 1935 1453 2000 σπουδάζουσαν·
1482 1936 1531 1988 εί
1580 1936 1638 1989 δέ
1668 1953 1752 1998 τις
1784 1937 1928 1989 εῐποι

346 2026 430 2079 ὃτι
473 2026 564 2079 διὰ
598 2025 683 2079 τὸ
737 2027 1115 2097 ἀποταχθῆναι
1162 2028 1344 2098 σεπτῷ
1399 2028 1784 2098 προστάγματι
1833 2028 1931 2081 τοῦ

349 2118 647 2188 κρατίστου
674 2120 769 2173 καὶ
798 2121 960 2188 άγίου
995 2138 1097 2192 μου
1128 2120 1552 2190 αὐτοκράτορος,
1588 2122 1691 2191 τὴν
1722 2121 1933 2174 τούτων

348 2208 601 2276 γενέσθαι
632 2210 932 2275 άνάπτυξίν
968 2228 1028 2264 τε
1073 2212 1166 2265 καὶ
1213 2213 1464 2283 ζήτησιν,
1514 2208 1584 2283 ἦν
1630 2212 1933 2280 ἀναγκαῖον

347 2300 791 2371 προκομισθῆναι
823 2304 996 2357 ταῦτα
1027 2305 1119 2356 ἐπὶ
1151 2304 1244 2357 τοῦ
1306 2304 1497 2372 μέσου,
1558 2304 1742 2373 φαμὲν
1791 2302 1928 2374 πρὸς

343 2392 533 2457 αὐτον,
565 2393 642 2455 ώς
670 2395 717 2447 εί
752 2394 853 2463 μὲν
876 2395 976 2448 οὐκ
999 2394 1203 2464 ἔφθασε
1242 2396 1501 2459 πολλάκις
1533 2398 1627 2449 καὶ
1655 2382 1927 2464 διαφόρως

350 2484 622 2555 προϐῆναι
654 2485 747 2539 καὶ
768 2485 1022 2554 γενέσθαι
1046 2486 1294 2550 ἐξέτασιν
1339 2486 1621 2557 συνοδικὴν
1653 2486 1805 2556 παρά
1829 2486 1932 2554 τῆς

349 2577 506 2649 ἡμῶν
541 2578 897 2647 μετριότητος
917 2580 1012 2630 καὶ
1043 2578 1348 2648 ἀναστολὴν
1385 2580 1489 2647 τὴν
1536 2579 1931 2648 προσήκουσαν

349 2671 444 2723 καὶ
474 2669 752 2741 ἐκδίκησιν
776 2671 867 2723 ἐπὶ
892 2670 1100 2731 τούτοις
1129 2670 1225 2723 καὶ
1253 2671 1547 2739 πρότερον,
1594 2668 1670 2733 ὡς
1726 2669 1928 2733 ἱκανῶς

348 2761 750 2827 ἀποδέδεικται,
781 2762 877 2815 καὶ
905 2761 1003 2816 νῦν
1053 2762 1159 2834 ήδη
1211 2757 1324 2833 εἶχε
1380 2762 1567 2833 χώραν
1610 2763 1639 2815 ό
1694 2761 1782 2816 διὰ
1828 2760 1929 2815 τοῦ

2033 1947 2166 1999 ματι
2196 1932 2480 2002 ἀγαπητὸς
2504 1931 2731 1998 ἀδελφὸς
2762 1931 2864 1999 τῆς
2893 1931 3051 2002 ήμῶν
3106 1928 3464 2001 μετριότητος
3511 1932 3609 1983 καὶ

2032 2021 2469 2093 συλλειτουργὸς,
2498 2023 2526 2075 ό
2587 2023 2696 2091 κῦρ
2761 2021 3020 2086 ’Δλέξιος.
3070 2022 3369 2083 ἐπίσκοπος
3417 2019 3494 2074 ὣν
3538 2020 3615 2089 τῷ

2030 2111 2154 2166 τότε
2187 2111 2593 2180 Βολοδιμοίρου,
2622 2109 2715 2163 τὸν
2749 2110 2865 2178 βίον
2888 2108 3251 2172 ἀπολιπόντος
3297 2108 3393 2162 τοῦ
3458 2110 3614 2179 ίερω-

2028 2201 2191 2255 τάτου
2268 2202 2667 2271 μητροπολίτου
2748 2201 3011 2264 Ῥωσίας,
3089 2200 3199 2271 κῦρ
3264 2199 3613 2267 Θεογνώστου

2027 2294 2260 2357 ἐκείνου,
2294 2293 2739 2363 παραγενόμενος
2764 2293 2996 2347 ἐνταῦθα
3022 2296 3107 2356 είς
3148 2294 3251 2362 τὴν
3286 2292 3410 2347 καθ’
3464 2294 3615 2363 ἡμᾶς

2029 2386 2180 2441 θείαν
2232 2386 2331 2439 καὶ
2376 2386 2532 2456 ίεράν
2599 2386 2838 2449 σύνοδον.
2902 2387 3056 2450 ὅστις
3092 2386 3191 2439 καὶ
3238 2385 3617 2457 μαρτυρηθεὶς

2027 2477 2183 2549 παρά
2214 2493 2272 2530 τε
2300 2476 2396 2530 τοῦ
2433 2476 2825 2548 ϐιαληφθέντος
2877 2478 3174 2542 ίερωτάτου
3209 2478 3612 2549 μητροπολίτου

2028 2569 2125 2624 καὶ
2146 2568 2298 2635 παρὰ
2324 2569 2435 2622 τῶν
2476 2569 2885 2637 εὐγενεστάτων
2948 2570 3134 2640 ρηγῶν
3197 2570 3303 2639 τῆς
3362 2570 3612 2632 Ῥωσίας,

2027 2659 2424 2714 ἀντιποιεῖσθαι
2472 2658 2682 2730 ἀρετῆς
2729 2661 2824 2713 καὶ
2879 2661 3189 2725 εὐλαϐείας,
3252 2662 3343 2714 καὶ
3403 2661 3615 2730 κριθεὶς

2027 2752 2199 2817 ἄξιος,
2228 2751 2493 2822 μετετέθη
2525 2751 2622 2805 καὶ
2649 2751 3001 2821 ἀποκατέστη
3038 2751 3182 2805 κατά
3246 2750 3353 2821 τὴν
3400 2751 3615 2805 ἀνωθεν

351 2854 598 2907 τοιούτου
624 2856 953 2927 καταστίχου
985 2855 1303 2925 κινούμενος
1333 2854 1510 2922 λόγος,
1538 2853 1659 2907 δι’δ
1706 2855 1801 2907 καὶ
1858 2855 1928 2908 τά
2026 2843 2476 2914 ἐπικρατήσασαν
2531 2840 2686 2906 τάξιν
2744 2858 2805 2895 τε
2866 2842 2963 2895 καὶ
3037 2841 3330 2908 συνήθειαν
3392 2843 3615 2912 γνήσιος

353 2947 631 3001 σκάνδαλα
682 2950 877 3017 γέγονε
936 2949 1041 3019 πρὸ
1096 2949 1301 3017 ὀλίγου.
1371 2947 1525 3000 Ἐπεὶ
1571 2946 1627 3001 δέ
1673 2949 1926 3001 τοσούτου

349 3037 563 3104 ἀγῶνος
596 3036 731 3107 παρ’
783 3037 943 3108 ἡμῶν
1001 3039 1139 3107 μετά
1195 3039 1305 3092 τῶν
1348 3038 1607 3093 τοιούτων
1653 3037 1927 3108 ἀθεμίτων

2028 2934 2325 3015 ἀρχιερεὺς
2352 2932 2567 2987 Κυέϐου
2595 2933 2689 2987 καὶ
2719 2932 2905 3003 πάσης
2944 2931 3194 2996 Ῥωσίας,
3238 2933 3332 2986 καὶ
3382 2934 3453 2987 δι’
3493 2936 3615 2987 ἐπι-

2032 3027 2254 3097 μελείας
2282 3025 2487 3096 πολλῆς
2514 3024 2793 3079 ποιεῖσθαι
2822 3023 2965 3078 κατὰ
2996 3024 3096 3095 τὴν
3147 3025 3261 3078 τῶν
3308 3024 3468 3079 θείων
3518 3026 3616 3079 καὶ

349 3128 531 3198 ἔργων
582 3130 869 3198 γεγονότος
919 3132 1016 3184 καὶ
1071 3130 1228 3196 ἀξίας
1269 3132 1365 3184 καὶ
1425 3130 1775 3202 ἐγχωρούσης
1827 3130 1927 3199 τῆς
1952 3151 2001 3212 c
2030 3119 2191 3212 ιερῶν
2214 3115 2455 3212 κανόνων
2481 3115 3331 3212 ἀκρίϐειαν’ποιμαίνεινΔκαλῶς
3361 3120 3454 3169 καὶ
3470 3118 3614 3212 κατά

351 3221 752 3288 ἐπεξελεύσεως
782 3223 1084 3294 γενομένης
1113 3222 1209 3277 καὶ
1256 3223 1357 3294 τῆς
1418 3222 1747 3295 Ἐκκλησίας
1788 3221 1926 3275 Θεοῦ

349 3315 410 3368 ἐν
447 3314 625 3367 οὐδενὶ
652 3314 833 3384 καιρῷ
885 3314 981 3367 καὶ
1035 3315 1330 3385 πράγματι
1386 3317 1661 3383 τοσαύτην
1705 3312 1930 3385 γνώμην

351 3406 450 3459 καὶ
517 3403 803 3458 κοινωνίαν
857 3404 954 3458 καὶ
1004 3404 1263 3476 βούλησιν
1315 3405 1398 3467 είς
1451 3403 1625 3459 ταῦτα
1675 3406 1927 3475 ἐχούσης,

354 3497 560 3568 μᾶλλον
586 3498 685 3566 μὲν
716 3491 812 3550 οὖν
844 3498 1305 3568 άποτρεπομένης
1353 3495 1526 3549 ταῦτα
1556 3496 1810 3564 καθάπαξ
1837 3497 1930 3549 καὶ

351 3591 675 3661 ἐπιτίμησιν
739 3590 850 3643 τῶν
914 3589 1174 3643 τοιούτων
1235 3588 1767 3657 ἐπανατεινομένης,
1830 3590 1930 3641 οὐκ

350 3683 626 3752 ἀναγκαία
656 3682 905 3752 φαίνεται
932 3682 1053 3736 οὐδὲ
1103 3680 1481 3751 συμϐαίνουσα
1506 3683 1573 3751 τῇ
1638 3680 1739 3749 τῆς
1806 3680 1930 3733 Ἐκ-

352 3777 581 3846 κλησίας
616 3777 839 3847 ὁμονοίᾳ
868 3780 900 3848 η
937 3776 1143 3830 τούτων
1184 3775 1411 3844 ζήτησις
1430 3774 1529 3827 καὶ
1561 3772 1732 3843 πολλὴ
1780 3772 1934 3842 ἐρευ-

353 3887 441 3929 να.
470 3869 545 3931 ὡς
568 3868 771 3939 ταύτης
801 3868 865 3938 δὴ
925 3868 1028 3937 τῆς
1089 3865 1424 3936 Ἐκκλησίας
1472 3863 1931 3935 προθυμουμένης

351 3962 442 4016 ἀεὶ
507 3962 576 4016 τά
637 3962 863 4014 τοιαῦτα
919 3959 1214 4013 ἐκκόπτειν
1268 3958 1364 4011 καὶ
1418 3956 1785 4020 ἀναστέλλειν,
1856 3954 1933 4019 ὡς

352 4057 591 4125 ἀθέμιτα
641 4053 737 4107 καὶ
786 4052 1082 4123 παράνομα
1118 4066 1135 4083 ο
1192 4049 1253 4101 τὸ
1304 4049 1411 4118 γὰρ
1454 4046 1932 4119 παρρησιάζεσθαι

350 4147 524 4201 ταῦτα
568 4146 664 4199 καὶ
723 4146 812 4199 ἀεὶ
867 4141 1321 4214 παρεισάγεσθαι,
1377 4139 1631 4204 λαϐόντα,
1695 4138 1818 4192 καθ’
1873 4137 1933 4191 δν

350 4242 568 4311 εἴρηται
600 4240 823 4311 τρόπον,
854 4237 954 4309 τὴν
988 4235 1312 4307 θεραπείαν,
1364 4234 1461 4315 καλ
1503 4232 1579 4303 μὴ
1622 4230 1934 4301 συγχωρού-

357 4354 494 4407 μενα
525 4334 773 4402 γίνεσθαι
816 4332 912 4387 καὶ
943 4330 1281 4402 προϐαίνειν,
1309 4326 1446 4382 ἀλλὰ
1498 4324 1755 4392 καθάπαξ
1806 4326 1936 4379 ἁνα-

351 4427 684 4497 στελλόμενα
713 4426 774 4478 ού
826 4424 988 4494 μόνον
1030 4420 1274 4491 ταραχὴν
1304 4417 1601 4489 ἐπεγείρει,
1651 4416 1788 4472 άλλά
1840 4416 1934 4471 καὶ

2030 3211 2125 3265 τὸν
2162 3209 2512 3279 προσήκοντα
2540 3208 2701 3277 λόγον
2742 3208 2845 3279 τὴν
2900 3207 3024 3264 κατ’
3080 3208 3246 3263 αὐτὸν
3299 3209 3614 3278 ἀγιωτάτην

2031 3301 2350 3372 ἐκκλησίαν,
2380 3300 2478 3355 an
2502 3300 2568 3371 δὴ
2612 3300 3047 3371 πολυάνθρωπον
3068 3297 3237 3355 οὖσαν
3261 3302 3355 3353 καὶ
3380 3300 3612 3363 πολλοὺς

2028 3392 2158 3453 τοὺς
2189 3388 2607 3459 πλησιοχώρους
2636 3388 2866 3458 ἔχουσαν
2893 3390 3022 3452 τοὺς
3055 3390 3130 3460 μὴ
3159 3389 3518 3459 πειθομένους
3544 3392 3611 3460 τῇ

2029 3482 2292 3553 καθολικῇ
2320 3482 2415 3534 καὶ
2441 3481 2773 3551 ἁποστολικῇ
2810 3480 3130 3551 Ἐκκλησία.
3170 3480 3377 3533 Τούτου
3405 3480 3499 3534 οῦν
3522 3480 3614 3533 τὸν

2031 3576 2235 3648 τρόπον
2266 3572 2459 3627 τοῦτον
2482 3571 2811 3642 ἀναχθέντος
2866 3574 2960 3626 καὶ
3008 3573 3490 3635 ἀποκαταστάντος
3531 3575 3615 3637 είς

2031 3669 2237 3723 τέλειον
2271 3664 2676 3738 μητροπολίτην
2728 3664 2943 3719 Κυέϐου
2985 3666 3081 3718 καὶ
3133 3665 3317 3734 πάσης
3374 3664 3611 3730 Ῥωσίας

2032 3759 2125 3813 καὶ
2155 3759 2565 3826 ἐκπεμφθέντος
2597 3756 2803 3821 καλῶς,
2870 3757 3285 3828 καταλαμϐάνει
3331 3761 3469 3829 μετά
3518 3776 3613 3828 μι-

2033 3851 2168 3921 κρὸν
2192 3851 2286 3905 καὶ
2354 3851 2385 3904 ό
2424 3849 2721 3921 ἱερώτατος
2768 3849 3177 3920 μητροπολίτης
3222 3850 3461 3916 Λιτϐῶν,
3504 3850 3612 3919 κῦρ

2041 3942 2342 4013 Ῥωμανδς,
2373 3942 2658 4013 ἀγαπητὸς
2681 3941 2827 3996 κατά
2847 3941 3053 4012 Κύριον
3072 3942 3300 4010 ἀδελφὸς
3320 3942 3421 4011 τῆς
3453 3942 3611 4013 ήμῶν

2039 4034 2398 4107 μετριότητος
2438 4033 2533 4088 καὶ
2587 4032 3027 4103 συλλειτουργὺς,
3081 4034 3175 4091 καὶ
3223 4035 3613 4104 χειροτονεῖται

2033 4129 2129 4182 καὶ
2154 4120 2308 4188 οὗτος
2344 4124 2750 4196 μητροπολίτης
2777 4124 3017 4189 Λιτϐῶν,
3042 4125 3191 4188 ὅστις
3216 4125 3311 4179 καὶ
3363 4126 3445 4188 είς
3507 4125 3611 4195 τὴν

2032 4217 2278 4273 δοθείσαν
2313 4217 2463 4285 αὑτῷ
2518 4215 2790 4286 ἐπαρχίαν
2855 4215 3319 4285 ἐπαναστραφεὶς,
3349 4215 3614 4269 ⁸πλειόνων

2032 4310 2116 4364 Ιτι
2147 4307 2622 4378 ἀντιποιούμενος,
2660 4307 2756 4360 καὶ
2784 4306 2876 4360 διὰ
2911 4304 3069 4360 τοῦτο
3097 4306 3167 4361 δι’
3196 4306 3355 4376 ὄχλου
3392 4308 3615 4377 γινόμε-

2038 4403 2227 4474 νοςτῷ
2248 4401 2535 4475 ίερωτάτῳ
2590 4399 2970 4471 μητροπολίτῃ
3000 4400 3212 4454 Κυέϐου
3270 4400 3368 4455 καὶ
3434 4401 3617 4469 πάσης

355 4491 559 4591 μῶμον⁷
584 4518 678 4572 xal
702 4491 860 4587 ὕϐριν
903 4517 971 4586 τῇ
1040 4512 1339 4582 Ἐκκλησία
1390 4497 1711 4583 προστρίϐει
1765 4507 1924 4573 Θεοῦ,
1963 4505 2004 4560 D
2046 4495 2302 4591 'PQG‘GQ
2331 4493 2411 4591 τξῘ)
2436 4492 2544 4591 κῧῼ
2591 4492 2839 4591 Ἀλεςίη),
2902 4494 3001 4546 καὶ
3053 4494 3165 4591 τοῖς
3216 4493 3484 4591 ἀνηκουσι
3524 4491 3621 4591 ’δι-

354 4612 499 4667 κατὰ
523 4612 621 4673 τὰς
672 4606 1103 4678 ἐξενηνεγμένας
1162 4604 1386 4673 γνώμας
1448 4604 1559 4656 τῶν
1623 4601 1933 4673 ίερωτάτων

352 4705 677 4775 ἀρχιερέων,
708 4704 788 4755 ἐτι
809 4717 874 4769 γε
901 4701 1009 4770 μὴν
1034 4698 1131 4751 καὶ
1162 4696 1257 4749 τοῦ
1316 4695 1618 4763 άγιωτάτου
1668 4692 1930 4746 δεσπότου

357 4799 457 4852 καὶ
502 4793 734 4864 ἀδελφοῦ
792 4810 917 4864 μου,
972 4789 1068 4844 τοῦ
1124 4788 1466 4860 πατριάρχου
1524 4784 1931 4854 Ἰεροσολύμων.

358 4885 458 4951 Οἷς
497 4889 638 4942 κατὰ
673 4886 852 4939 πάντα
888 4880 1177 4953 στοιχοῦσα
1207 4880 1300 4932 καὶ
1365 4880 1398 4948 ἡ
1434 4876 1723 4949 μετριότης
1774 4874 1933 4944 ἡμῶν

244 4966 261 4973 β
352 4985 456 5049 τὴν
485 4980 766 5051 παροῦσαν
795 4976 895 5048 ἤδη
935 4976 1210 5043 ἀπόφασιν
1269 4973 1582 5040 ἐποιήσατο,
1628 4970 1936 5038 στέργουσα

356 5078 453 5129 καὶ
474 5074 541 5146 ἣν
564 5074 858 5143 ἐποιήσατο
902 5066 1195 5130 στνοδικῶς
1227 5063 1333 5119 ὑπὸ
1393 5061 1738 5132 συμπαθείας
1805 5075 1936 5126 συγ-

356 5168 602 5241 χώρησιν
635 5165 775 5234 ύπέρ
796 5161 891 5215 τοῦ
932 5160 1127 5232 ἱερέως
1160 5158 1253 5211 τοῦ
1302 5153 1646 5225 Μαχητρίου.
1683 5150 1815 5213 Θεὸς
1878 5149 1936 5203 δὲ

358 5260 567 5316 ἀνωθεν
602 5255 1022 5327 ἐπιϐραϐεύσειε
1052 5254 1115 5321 τῇ
1161 5249 1457 5318 Ἐκκλησία
1490 5245 1655 5299 αὑτοῦ
1713 5244 1937 5313 είρήνην

359 5358 419 5409 ἐν
450 5351 614 5407 παντὶ
646 5352 740 5404 καὶ
776 5348 1032 5419 ὁμόνοιαν
1062 5341 1466 5411 πνευματικὴν,
1538 5336 1669 5411 τῶν⁹
1710 5335 1939 5388 σκανδά-

358 5449 468 5501 λων
505 5446 721 5501 πάντων
756 5439 1058 5513 γεγονότων
1084 5439 1147 5489 ἐκ
1172 5436 1361 5505 μέσου,
1394 5429 1578 5494 καθὼς
1636 5428 1725 5482 ἀεὶ
1777 5428 1938 5480 ἐπευ-

359 5537 590 5613 χόμεθα.

1112 5733 1179 5743 ——-

2035 4589 2215 4651 καίοις
2244 4587 2414 4658 αὐτῷ,
2449 4586 2545 4640 καὶ
2582 4584 2897 4640 σκανδάλων
2926 4585 3134 4653 μεταξὺ
3173 4585 3353 4638 αὐτῶν
3388 4583 3620 4653 μεσολα-

2035 4682 2345 4752 ϐησάντων,
2371 4676 2791 4748 καταλαμϐάνει
2818 4675 3054 4730 ἐνταῦθα
3117 4676 3255 4746 πρός
3313 4693 3374 4729 τε
3415 4676 3507 4729 τὸν
3556 4676 3620 4728 ἐκ

2033 4770 2170 4825 Θεοῦ
2208 4771 2500 4840 κράτιστον
2553 4767 2651 4821 καὶ
2704 4765 2863 4833 άγιόν
2927 4782 3032 4836 μου
3099 4765 3483 4837 αὐτοκράτορα
3526 4766 3623 4819 καὶ
3654 4756 3669 4770 ’

2033 4865 2172 4935 πρὸς
2210 4864 2310 4934 τὴν
2359 4863 2517 4933 ἡμῶν
2576 4861 2913 4933 μετριότητα
2968 4861 3066 4914 καὶ
3114 4859 3214 4931 τὴν
3271 4866 3400 4932 περὶ
3450 4861 3622 4932 αὐτὴν

2035 4960 2190 5013 θείαν
2222 4960 2320 5012 καὶ
2345 4956 2496 5028 ίεράν
2527 4955 2768 5018 σύνοδον,
2797 4952 2997 5023 ζητῶν,
3053 4951 3199 5024 ειπερ
3227 4954 3480 5009 ἐϐούλετο
3524 4957 3623 5010 καὶ

2033 5053 2292 5119 ἐπειρᾶτο
2325 5049 2598 5118 κατέχειν,
2635 5048 2705 5101 δι’
2729 5047 2766 5102 ἃ
2799 5046 2997 5117 συνέϐη
3034 5048 3130 5101 καὶ
3185 5048 3246 5101 τὸ
3288 5047 3493 5119 μεταξὺ
3524 5049 3623 5100 αὐ-

2035 5148 2146 5201 τῶν
2178 5146 2472 5201 σκάνδαλον
2500 5162 2515 5177 ·
2552 5144 2896 5217 μετακλήτου
2941 5146 3126 5198 τοίνυν
3178 5144 3469 5215 γινομένου
3525 5144 3624 5195 καὶ

2038 5241 2128 5294 τοῦ
2194 5240 2490 5310 ίερωτάτου
2563 5237 2959 5309 μητροπολίτου
3033 5238 3246 5293 Κυέϐου
3302 5237 3395 5291 καὶ
3437 5234 3623 5305 πάσης

2051 5331 2303 5396 Ῥωσίας,
2332 5330 2428 5385 τοῦ
2460 5331 2565 5400 κῦρ
2601 5329 2866 5397 Ἀλεξίου,
2898 5332 2992 5384 καὶ
3028 5331 3261 5384 ἐνταῦθα
3295 5326 3620 5395 ἐπιδεδημη⁶

2043 5426 2201 5485 κότος
2234 5425 2314 5486 είς
2340 5424 2437 5492 τὴν
2464 5421 2810 5487 θεοδόξαστον
2856 5424 2952 5477 καὶ
2986 5422 3414 5492 θεομεγάλυντον
3468 5420 3625 5472 κων.

2043 5516 2519 5579 σταντινούπολιν,
2588 5521 2682 5569 καὶ
2749 5517 2969 5570 πάντων
3029 5516 3141 5569 τῶν
3209 5513 3612 5584 εὑρισκομένων

2040 5607 2342 5679 τηνικαῦτα
2378 5609 2687 5679 ίερωτάτων
2720 5608 3022 5678 ἀρχιερέων
3051 5607 3147 5660 ἐπὶ⁸
3174 5606 3237 5659 τὸ
3275 5603 3406 5659 αὐτὸ
3433 5602 3621 5657 συνελ-

2044 5700 2246 5752 θόντων
2275 5698 2368 5750 καὶ
2403 5699 2554 5767 ἱερᾶς
2586 5696 3057 5766 συγκροτηθεέσης
3106 5696 3353 5758 συνόδου,
3402 5709 3620 5762 προκα-

2045 5789 2285 5863 θημένου
2310 5788 2402 5842 τοῦ
2422 5791 2719 5857 κρατίστου
2748 5790 2835 5842 καὶ
2861 5786 3016 5853 ἁγίου
3046 5804 3148 5857 μου
3190 5784 3623 5855 αὐτοκράτορος,
