4094 6272
593 326 729 390 1375

1400 325 1747 386 CALLISTI
1793 325 1889 386 ET
1938 326 2360 399 PHILOTHEI
2398 327 2510 387 CP.
2549 321 3002 416 BATBIARCH.

3638 317 3743 384 13⁷ίὸ

586 444 784 512 πολλῆς
807 441 1106 508 ἐξετάσεως
1137 443 1432 513 γενομένης
1463 443 1624 514 χάριν
1652 444 1761 497 τῶν
1815 445 1944 514 παρ’
1977 446 2150 515 ἀμφο-
2177 453 2224 508 Α
2250 446 2305 499 δὲ
2329 446 2620 514 ἱερώτατος
2649 428 3068 515 μητροπολίτης,
3093 439 3198 509 κῦρ
3239 436 3524 508 Ῥωμανδς,
3569 439 3619 492 οὐ
3671 442 3747 508 μό·

585 535 761 604 τέρων
806 535 1012 589 τούτων
1059 537 1167 588 τῶν
1223 536 1525 604 ἀρχιερέων
1561 535 1896 605 κινηθέντων
1958 537 2150 604 λόγων,

587 625 1012 692 προηγουμένως
1040 625 1139 690 μὲν
1166 625 1368 694 ἐτάχθη
1396 620 1535 678 εἶναι
1586 626 1676 699 καὶ
1727 626 2075 695 εὑρίσκεσθαι
2122 625 2151 677 ὁ

591 715 886 783 ἱερώτατος
915 716 1320 786 μητροπολίτης
1349 715 1455 783 κῦρ
1497 715 1754 782 Ἀλέξιος.
1786 717 1975 784 ὥσπερ
2015 718 2155 786 ἐχει-

593 805 850 874 ροτονήθη
881 805 978 874 τὴν
1026 805 1197 874 ἀρχὴν
1251 804 1462 858 Κυέϐου
1517 807 1611 859 καὶ
1675 808 1855 878 πάσης
1928 807 2155 870 Ῥωσίας

592 894 733 947 κατὰ
758 885 855 961 τήν
904 893 1105 947 ἀνωθεν
1156 897 1606 966 ἐπικρατήσασαν
1660 898 1987 968 συνήθειανο
2029 899 2156 968 περὶ

600 988 783 1054 μέντοι
812 986 905 1040 τοῦ
941 988 1230 1055 ίερωτάτου
1270 993 1670 1060 μητροπολίτου
1697 994 1803 1064 κῦρ
1844 994 2153 1063 Ῥωμανοῦ,

592 1079 665 1142 ὡς
698 1083 1138 1149 χειροτονηθέντα
1160 1084 1250 1136 καὶ
1289 1086 1454 1136 αὐτὸν
1511 1085 1742 1151 Λιτϐῶν,
1801 1086 2089 1155 διωρίσατο
2130 1087 2158 1138 ὁ

591 1172 881 1240 κράτιστος
904 1174 993 1226 καὶ
1022 1175 1178 1242 ἅγιός
1242 1193 1344 1244 μου
1393 1177 1751 1248 αὐτοκράτωρ
1803 1177 2158 1245 συγκαταϐά-

596 1278 732 1324 σεως
758 1262 899 1331 λόγῳ
931 1266 1022 1316 καὶ
1056 1265 1172 1334 ἅμα
1204 1266 1292 1319 διά
1323 1267 1420 1336 τὴν
1445 1267 1832 1338 ἀνενοχλησίαν
1880 1267 1975 1320 καὶ
2005 1267 2158 1336 εἰρή-

593 1367 688 1419 νην
707 1352 800 1405 τοῦ
829 1354 1005 1406 ἐκεῖσε
1039 1356 1206 1408 τόπου
1236 1356 1382 1424 ἐχειν
1411 1357 1509 1409 σὺν
1535 1359 1655 1418 ταῖς
1684 1356 1873 1418 οὔσαις
1929 1359 1995 1426 τῇ
2051 1355 2160 1410 τῶν

593 1441 805 1495 Λιτϐῶν
837 1443 1077 1515 ἐπαρχίᾳ
1118 1444 1269 1497 δυσὶν
1319 1448 1670 1510 ἐπισκοπαίς,
1702 1446 1762 1498 τὸ
1814 1445 2160 1510 Πωλότζικον

595 1537 690 1588 καὶ
717 1536 776 1588 τὸ
807 1536 1074 1604 Τούροϐον
1105 1540 1244 1608 μετά
1301 1539 1392 1592 καὶ
1448 1540 1542 1593 τοῦ
1601 1539 2157 1609 Νοϐογραδοπουλίου,

595 1626 690 1678 τοῦ
745 1627 1082 1696 καθίσματος
1145 1631 1237 1682 τοῦ
1298 1631 1733 1702 μητροπολίτου,
1777 1633 1873 1686 καὶ
1925 1632 2024 1693 τὰς
2063 1633 2163 1700 τῆς

600 1719 802 1787 μικρᾶς
841 1716 1081 1798 ξΡωσίας
1115 1723 1438 1787 ἐπισκοπάς,
1477 1723 1612 1794 ὅπερ
1641 1724 1836 1804 διέγνω
1885 1725 1979 1779 καὶ
2032 1726 2164 1778 ἀπε-

599 1773 863 1881 φήνατοή
895 1773 1183 1881 μετριότης
1220 1773 1438 1883 ἦμες
1469 1773 1606 1868 «ἐιᾲἆᾶ
1647 1773 1978 1886 ἐἶξαιιῖ
2032 1773 2163 1886 LI»
2193 1773 2236 1827 Β

596 1897 764 1967 αὐτὴν
791 1899 907 1954 θεία
937 1902 1032 1954 καὶ
1063 1905 1182 1973 ίερά
1214 1905 1448 1969 σύνοδος,
1479 1904 1623 1976 ἔχειν
1686 1908 1748 1961 τὸ
1789 1907 2017 1976 στέργον
2066 1907 2164 1960 καὶ

598 1988 817 2057 βέϐαιον
846 1995 986 2046 κατὰ
1015 1996 1114 2064 τὴν
1144 1996 1236 2047 ἐπὶ
1269 1996 1446 2067 τούτῳ
1476 1998 1754 2068 ἐπίκρισιν
1780 1998 1875 2050 καὶ
1903 1998 2163 2067 εὐνομίαν

597 2082 691 2135 τοῦ
725 2086 1018 2153 κρατίστου
1047 2087 1141 2140 καὶ
1172 2088 1326 2156 ἁγίου
1362 2107 1465 2158 μου
1499 2091 1918 2159 αὐτοκράτορος,
1951 2090 2167 2160 προμή-

598 2174 748 2228 θειαν
770 2178 1114 2247 ποιησαμένη
1143 2181 1233 2232 καὶ
1266 2180 1405 2249 αὐτὴ
1434 2179 1529 2234 τοῦ
1583 2180 1824 2234 τοιούτου
1874 2181 2164 2249 ῑερωτάτου

600 2268 997 2336 μητροπολίτου
1049 2272 1286 2335 Λιτϐῶν,
1346 2272 1452 2340 κῦρ
1510 2271 1814 2341 Ῥωμανοῦ,
1883 2271 2167 2342 προϐἀσης

597 2361 693 2411 καὶ
750 2360 944 2430 ἐτέρας
971 2362 1257 2431 συνοδικῆς
1290 2363 1562 2430 πράξεως,
1596 2364 1670 2425 ὡς
1703 2364 1769 2416 ἃν
1799 2363 1828 2414 ὀ
1862 2362 1961 2432 μὲν
2010 2363 2168 2432 ἱερώ-

596 2463 759 2511 τατος
789 2450 1192 2520 μητροπολίτης
1252 2450 1466 2504 Κυέϐου
1522 2454 1616 2504 καὶ
1673 2452 1852 2522 πάσης
1911 2451 2166 2516 Ῥωσίας,

601 2537 705 2607 κῦρ
747 2540 1002 2607 Ἀλέξιος,
1044 2542 1367 2612 ἐπιλάϐηται
1401 2544 1494 2596 καὶ
1540 2544 1786 2613 κατάσχῃ
1835 2545 2018 2598 πᾶσαν
2069 2544 2170 2615 τὴν

600 2627 693 2678 ὐπ’
734 2627 897 2681 αὐτὸν
937 2630 1152 2699 ἐνορίαν
1200 2632 1338 2702 μετά
1365 2634 1598 2686 καὶτῶν
1650 2636 1708 2686 ἐν
1757 2635 1894 2704 αὐτῇ
1951 2637 2174 2688 ἐπισκο-

603 2717 723 2770 πῶν
805 2720 1176 2790 ἀνενοχλήτως
1237 2723 1582 2778 παντάπασιν
1641 2724 1736 2778 καὶ
1793 2726 2170 2796 ἀδιασείστως,

603 2813 697 2865 καὶ
719 2814 870 2867 οὐδὲν
905 2816 1136 2888 εὑρίσκῃ
1162 2817 1315 2886 παρά
1339 2818 1434 2870 τοῦ
1496 2818 1792 2888 ίερωτάτου
1841 2822 2174 2890 μητροπολί-

600 2920 694 2962 του
748 2904 982 2970 Διτϐῶν,
1030 2906 1136 2976 κῦρ
1203 2906 1506 2978 Ῥιι›μανοῦ,
1559 2909 1650 2961 ἐπὶ
1695 2911 1761 2979 τῇ
1821 2914 2024 2981 κατοχῇ
2079 2912 2175 2966 καὶ

602 2994 907 3065 διεξαγωγῇ
943 2999 1038 3050 καὶ
1067 3000 1330 3065 διοικήσει
1358 3002 1457 3065 τῆς
1492 2999 1792 3070 εἰρημένης
1836 3001 2048 3071 ἐνορίας
2077 3003 2174 3069 τῆς

609 3090 996 3158 μητροπόλεως
1030 3091 1241 3142 Κυέϐου
1277 3093 1417 3159 μετά
1453 3092 1661 3145 πασῶν
1701 3093 1808 3145 τῶν
1858 3093 2172 3148 ἐπισκοπῶν

606 3178 772 3231 αὑτοῦ
830 3178 930 3249 τὴν
984 3179 1256 3249 τυχοῦσαν
1315 3182 1837 3254 καταδυναστείανῆ
1889 3187 2172 3256 ἐπήρειαν,

605 3269 947 3337 ἀρκουμένου
987 3271 1081 3324 τοῦ
1124 3272 1368 3326 τοιούτου
1431 3267 1724 3344 ίὲρωτάτου
1779 3277 2174 3346 μητροπολίτου

609 3361 840 3426 Λιτϐῶν,
871 3361 975 3431 κύρ
1019 3362 1327 3434 Ῥωμανοῦ,
1353 3365 1434 3429 εἰς
1463 3367 1600 3438 ὅπερ
1629 3367 1774 3438 αὐτῷ
1811 3368 1964 3438 ἐδόθη
2019 3385 2177 3423 συνο-

608 3457 731 3526 δικῇ
793 3457 1088 3526 διαγνώσει
1152 3460 1387 3516 ἐνώπιον
1448 3462 1548 3531 τῆς
1596 3463 1756 3532 ἡμῶν
1825 3464 2178 3534 μετριότητος

621 3549 866 3620 ὕστερον,
901 3553 977 3616 ὡς
1008 3553 1328 3622 δεδήλωται,
1357 3554 1767 3625 ἐμπεδωθείσης
1792 3557 1892 3626 τῆς
1919 3557 2185 3626 τοιαύτης

615 3637 866 3708 πράξεως
891 3642 955 3710 τῇ
984 3643 1047 3694 ἐκ
1079 3643 1187 3695 τῶν
1218 3642 1377 3697 θείων
1408 3645 1501 3696 καὶ
1529 3643 1688 3714 ίερῶν
1723 3646 1963 3698 κανόνων
2006 3647 2179 3714 ἐπηρ-

611 3734 822 3803 τημένῃ
852 3733 1118 3804 καταδίκῃ
1174 3736 1287 3796 τοῖς
1321 3735 1686 3804 ἀνατρέπουσι
1711 3735 1955 3799 τούτους,
1985 3735 2061 3798 ὡς
2115 3737 2180 3790 ἂν

612 3824 760 3886 ὅστις
788 3824 846 3889 ἐξ
873 3826 1196 3897 ἀμφοτέρων
1230 3827 1304 3896 μὴ
1344 3829 1690 3900 ἐφησυχάζῃ,
1739 3828 2078 3898 ἀρκούμενος
2103 3828 2180 3898 τῷ

613 3917 797 3985 οἰκείῳ
825 3917 1038 3988 δικαίῳ,
1073 3921 1168 3972 καὶ
1218 3920 1444 3990 εἰρήνην
1494 3921 1592 3991 ἔχῃ
1653 3921 1733 3983 είς
1771 3920 1981 3985 ἐαυτὸν,
2033 3922 2109 3984 ὡς
2155 3925 2183 3975 ό

613 4007 707 4060 τοῦ
731 4009 935 4078 Κυρίου
971 4010 1222 4080 βούλεται
1251 4011 1414 4076 νόμος
1445 4014 1541 4065 καὶ
1583 4012 1644 4066 τὸ
1698 4013 2045 4084 ἐπάγγελμα,
2089 4015 2184 4067 καὶ

616 4099 796 4162 καθώς
829 4101 944 4154 ἐστι
978 4101 1216 4171 μάλιστα
1269 4101 1623 4171 ὀφειλόμενον
1653 4105 1766 4166 τοῖς
1811 4106 2184 4174 πνευματικὴν

617 4193 956 4262 προστασίαν
988 4193 1234 4262 λαχοῦσι,
1267 4199 1404 4264 μετά
1433 4195 1533 4263 τὴν
1581 4193 1840 4264 τοιαύτην
1902 4194 2184 4264 συνοδικὴν

616 4286 910 4351 διάγνωσιν
959 4287 1157 4356 πρᾶξίν
1187 4303 1246 4338 τε
1277 4304 1372 4338 και
1403 4288 1760 4354 κατάστασιν,
1786 4288 1921 4343 ἀλλά
1959 4289 2186 4361 χωρήσῃ

616 4381 698 4442 εἰς
724 4380 980 4447 ἀθέτησιν
1010 4377 1260 4432 ὁπωσοῦν
1282 4379 1509 4449 ταύτης,
1535 4381 1630 4434 καὶ
1656 4381 1898 4452 τολμήσῃ
1917 4382 2068 4450 παρά
2088 4382 2185 4452 τὴν

2256 555 2346 591 νον
2377 535 2732 606 ἐξερχόμενος
2765 535 2871 589 τῶν
2893 533 3126 588 ἐνταῦθα
3153 532 3377 602 ἠθέλησε
3401 529 3569 584 λαϐεῖν
3610 531 3749 600 γράμ-

2259 647 2405 698 ματα
2428 629 2526 696 τῆς
2555 627 2714 696 ἡμῶν
2741 629 3094 696 μετριότητος
3117 625 3198 683 είς
3223 622 3475 674 πίστωσιν
3515 621 3598 672 καὶ
3621 622 3749 688 ἀσφά·

2255 722 2403 774 λειαν
2435 721 2542 774 τῶν
2567 721 2742 783 οὕτως
2781 719 3216 786 ἀποφανθέντων,
3249 713 3367 768 οὔτε
3411 713 3501 783 τὴν
3523 711 3751 780 ὀφειλομέ-

2258 829 2354 881 νην
2386 811 2664 880 ὑποταγὴν
2691 808 3025 874 ἐνδείξασθαι
3053 809 3132 870 είς
3160 805 3257 876 τὴν
3278 807 3309 873 η
3320 803 3430 873 μῶν
3461 803 3750 872 μετριότητα,

2257 903 2372 956 ἀλλ’
2411 903 2587 955 ἀπιὼν
2613 900 2786 971 ᾤχετο
2811 901 2890 961 είς
2923 901 3020 968 τὴν
3047 897 3318 967 λαχοῦσαν
3362 895 3533 957 αὐτὸν,
3578 896 3754 946 κάκεῖσε

2259 993 2728 1064 παραγενόμενος,
2758 993 2835 1056 ῶς
2867 989 3132 1060 ἀνηνέχθη
3190 990 3258 1058 τῇ
3293 985 3449 1056 ἡμῶν
3482 987 3756 1055 μετριότητι,

2261 1084 2432 1137 πολλά
2462 1081 2570 1133 τῶν
2602 1081 2975 1134 ἀκανονίστων
3004 1078 3302 1148 εἰργάσατο
3331 1090 3346 1107 ο
3405 1073 3632 1127 ἀπελθὼν
3676 1073 3756 1142 γὰρ

2261 1179 2341 1240 εἰς
2373 1175 2435 1228 τδ
2460 1174 2674 1229 Κύεϐον
2707 1173 2990 1243 ἀμετόχως
3021 1169 3378 1241 ἱερούργησεν
3428 1168 3483 1219 ἐν
3522 1165 3649 1235 αὐτῷ
3689 1165 3761 1248 καί

2261 1267 2592 1338 χειροτονίας
2649 1264 3000 1328 διεπράξατο,
3057 1262 3152 1316 καὶ
3211 1259 3400 1314 ἐαυτὸν
3463 1258 3652 1311 Κυέϐου
3690 1257 3762 1309 καὶ

2261 1357 2443 1426 πάσης
2469 1355 2694 1418 Ῥωσίας
2721 1354 3008 1409 καθολικδν
3054 1351 3453 1422 μητροπολίτην
3483 1349 3631 1410 ἀδεῶς
3675 1348 3762 1400 ὀνο-

2266 1447 2607 1517 μάζει⁹δπερ
2644 1446 2970 1516 προεξένησε
3015 1446 3278 1513 σύγχυσιν
3333 1445 3424 1496 καὶ
3469 1439 3681 1510 ταραχὴν
3717 1440 3763 1505 τῇ

2263 1538 2502 1610 ἐπαρχίᾳ
2553 1539 2647 1592 τοῦ
2693 1536 2991 1607 ίερωτάτου
3039 1534 3432 1607 μητροπολίτου
3466 1533 3654 1585 Κυέϐου
3696 1527 3766 1582 καὶ

2265 1628 2447 1695 πάσης
2482 1625 2734 1691 Ῥωσίας,
2767 1627 2862 1678 καὶ
2889 1624 3229 1694 παρεκίνησε
3261 1624 3357 1676 καὶ
3415 1621 3500 1674 τὸν
3556 1619 3765 1685 αὐθέντην

2265 1717 2476 1772 Λιτϐῶν
2504 1717 2647 1772 κατά
2670 1717 2779 1769 τῶν
2838 1714 3182 1785 Χριστιανῶν
3235 1711 3667 1779 κατεξαναστῆναι
3697 1711 3766 1761 καὶ

2261 1811 2361 1864 οὐκ
2385 1810 2572 1879 ὀλίγην
2605 1808 2811 1879 φθορὰν
2839 1808 2934 1860 καὶ
2959 1808 3144 1877 χύσεις
3171 1806 3416 1874 αἱμάτων
3470 1801 3766 1873 ἐργάσασθαι,

2266 1902 2412 1970 ἅπερ
2445 1901 2654 1964 ἔδειξαν
2677 1900 3070 1969 ἀκριϐέστερον
3100 1901 3148 1951 οί
3186 1899 3282 1951 τοῦ
3313 1895 3588 1966 ίερωτάτου
3616 1907 3772 1961 μητρο-

2265 1993 2486 2047 πολίτου
2514 1993 2724 2046 Κυέϐου
2759 1993 2851 2044 καὶ
2881 1991 3059 2061 πάσης
3092 1990 3349 2057 Ῥωσίας,
3403 1988 3502 2057 κῦρ
3563 1983 3768 2047 Ἀλεξίου.

2266 2087 2700 2156 ἀποκρισιάριοι,
2733 2083 3133 2146 καταλαϐόντες
3191 2083 3425 2136 ἐνταῦθα
3449 2081 3539 2135 καὶ
3565 2079 3617 2143 ἐξ
3641 2076 3771 2130 ἄλλων

2271 2177 2372 2246 μὲν
2429 2175 2665 2239 πολλῶν,
2717 2175 2954 2243 μάλιστα
3016 2173 3074 2226 δέ
3129 2174 3222 2227 καὶ
3273 2171 3370 2239 ἀφ’
3412 2165 3484 2225 ῶν
3521 2169 3774 2237 διεκόμισαν

2267 2267 2613 2337 γραμμάτων
2645 2267 2739 2319 τοῦ
2769 2269 3065 2337 ίερωτάτου
3112 2265 3523 2338 μητροπολίτου,
3553 2261 3643 2330 κῦρ
3676 2260 3773 2312 Ῥυ-

2273 2358 2467 2428 μανοῦ,
2501 2359 2642 2428 ύπερ
2692 2351 2767 2412 ὧν
2830 2360 2926 2413 καὶ
2965 2357 3156 2428 ὥσπερ
3203 2357 3597 2427 ἐγκαυχώμενοι
3628 2353 3668 2404 ot
3706 2348 3773 2401 τοῦ

2273 2451 2566 2520 ίερωτάτου
2607 2449 3007 2520 μητροπολίτου
3063 2450 3278 2504 Λιτϐῶν
3310 2447 3593 2517 ἄνθρωποι,
3621 2441 3771 2511 πρότε-

2275 2560 2366 2613 ρον
2399 2543 2801 2606 καταλαϐόντες
2853 2541 3108 2607 ἐνταῦθα,
3141 2541 3515 2610 διεκήρυττον,
3548 2538 3615 2598 ὡς
3638 2532 3775 2587 τοσοῦ-

2271 2650 2363 2687 τον
2395 2636 2422 2687 ὁ
2457 2633 2753 2703 ἱερώτατος
2788 2632 3197 2705 μητροπολίτης
3229 2632 3339 2702 κῦρ
3388 2629 3640 2700 Ῥωμανός
3666 2627 3774 2678 ἐστιν

2276 2725 2497 2795 ίσχυρὸς
2525 2726 2618 2778 καὶ
2646 2725 2870 2779 δύναται
2893 2725 2990 2795 τὴν
3016 2726 3287 2794 ἐπαρχίαν
3349 2723 3554 2778 ἃπασαν
3573 2719 3656 2787 τῆς
3699 2733 3774 2783 μη·

2272 2817 2578 2886 τροπόλεως
2605 2817 2752 2888 ἔχειν
2793 2815 3046 2881 Ῥωσίας,
3104 2818 3184 2869 ὅτι
3237 2817 3336 2869 καὶ
3386 2817 3462 2877 εἰς
3514 2811 3568 2865 τὸ
3601 2805 3776 2890 ’Κύεόνν

2274 2908 2488 2976 ἀπῆλθε
2545 2909 2641 2962 καὶ
2685 2907 3094 2977 ἐλειτούργησε,
3146 2906 3240 2959 καὶ
3304 2903 3593 2963 ἐπισκοπάς
3627 2895 3779 2954 πολλὰς

2277 2999 2662 3072 προσελάϐετο,
2695 3000 2790 3054 καὶ
2837 2999 2926 3052 τὸν
2972 2999 3239 3068 αὐθέντην
3296 2995 3504 3050 Λιτϐῶν
3547 2990 3666 3045 κατά
3709 2984 3778 3038 τοῦ

2279 3089 2384 3160 κῦρ
2429 3089 2664 3156 ’Δλεξίου
2707 3088 2970 3160 διήγειρε,
3019 3088 3114 3140 καὶ
3171 3087 3351 3141 πάντα
3401 3084 3594 3151 ἔξεστιν
3633 3075 3780 3140 ἐκείνῳ

2280 3185 2454 3236 ποιεῖν
2481 3183 2670 3247 ἀδεῶς,
2703 3182 2934 3250 δύναμιν
2959 3181 3018 3234 οὐ
3043 3179 3248 3250 μικρὰν
3301 3179 3497 3250 ἔχοντι,
3552 3175 3619 3236 είς
3661 3167 3778 3222 τοῦτο

2281 3273 2691 3343 παρακινοῦσαν
2718 3273 2808 3326 τὸν
2837 3273 3102 3343 αὐθέντην
3135 3271 3355 3326 Λιτϐῶν
3383 3289 3396 3302 ·
3445 3271 3527 3323 διὰ
3572 3266 3680 3335 γοῦν
3708 3260 3780 3328 τὴν

2278 3365 2535 3436 τοιαύτην
2559 3365 2939 3435 (κατάστασιν)
2979 3363 3257 3433 ἐπισφαλῆ
3305 3362 3631 3417 παντάπασιν
3659 3349 3781 3406 οὖσαν

2278 3459 2376 3512 καὶ
2407 3458 2510 3521 ἔξω
2537 3458 2632 3527 τῆς
2657 3458 2766 3511 τῶν
2799 3457 2962 3510 θείων
2993 3456 3087 3510 καὶ
3119 3456 3282 3526 ἱερῶν
3317 3455 3549 3509 κανόνων
3575 3445 3783 3513 διαταγῆς

2280 3548 2376 3601 καὶ
2404 3548 2514 3618 ἅμα
2539 3548 2628 3601 διὰ
2657 3549 2717 3600 τὸ
2745 3547 2820 3618 μὴ
2853 3546 3168 3619 προϐαίνειν
3210 3547 3360 3600 κατὰ
3393 3544 3484 3598 τοῦ
3525 3543 3784 3610 Χριστιανι-

2279 3640 2376 3693 κοῦ
2398 3640 2496 3707 τῆς
2537 3639 2767 3703 Ῥωσίας
2797 3640 2990 3709 γένους
3018 3639 3211 3708 φόνους
3274 3639 3371 3691 καὶ
3419 3633 3678 3704 συγχύσεις
3719 3626 3789 3677 καὶ

2285 3732 2463 3801 μάχας
2493 3733 2584 3785 καὶ
2632 3732 2898 3803 ταραχὰς,
2953 3731 3030 3796 ὡς
3079 3732 3324 3800 λέγεται,
3385 3730 3521 3797 ἅπερ
3566 3723 3665 3778 ἐστὶ
3705 3717 3786 3776 τοῖς

2283 3822 2490 3898 έθνεσιγν
2517 3821 2622 3874 ἴδια
2645 3823 2758 3883 τοῖς
2814 3821 2891 3890 μὴ
2945 3820 3108 3888 φόϐον
3156 3823 3214 3872 ἐν
3255 3820 3469 3882 ἑαυτοῖς
3524 3815 3681 3885 έχουσι
3719 3803 3788 3898 τοῦ

2282 3916 2441 3979 Θεοῦ,
2468 3916 2559 3968 καὶ
2578 3915 2641 3968 οὐ
2665 3914 2777 3978 τοῖς
2799 3910 3138 3983 ἀρχιερεῦσι,
3171 3912 3265 3965 καὶ
3295 3909 3507 3979 πρῶτον
3535 3907 3619 3976 μὲν
3637 3897 3789 3968 ἐγγρά-

2285 4027 2399 4078 φως
2426 4006 2863 4079 παρεκελεύσατο
2887 4005 3023 4074 πρὸς
3043 4006 3206 4057 αὐτὸν
3235 4004 3302 4073 δὴ
3334 4003 3425 4056 τὸν
3470 4000 3568 4070 κῦρ
3621 3994 3790 4060 Ῥωμα.

2285 4101 2430 4170 νὺνή
2464 4098 2758 4169 μετριότης
2785 4097 2966 4167 ἡμῶν,
3024 4097 3397 4165 είςηγουμένη
3437 4092 3620 4159 τούτῳ,
3641 4086 3700 4146 ὡς
3744 4079 3790 4131 ἂν

2287 4193 2501 4262 ἀποστῇ
2551 4189 2662 4244 τῶν
2713 4187 2971 4241 τοιούτων
3021 4186 3391 4240 ἀκανονίστων
3446 4179 3690 4254 πράξεων,
3736 4172 3788 4229 ὡς

2285 4283 2628 4352 ἐγράψαμεν,
2664 4280 2914 4350 στέργειν
2931 4277 3306 4348 ἀπαραϐάτως
3350 4277 3418 4330 τά
3479 4263 3788 4339 διεγνωσμένσ

2288 4371 2581 4433 συνοδικῶς
2632 4369 2726 4423 καὶ⁴
2773 4367 2848 4438 μὴ
2910 4365 3227 4437 περαιτέρω
3279 4365 3483 4417 τούτων
3538 4352 3792 4428 προϐαίνειν

617 4472 832 4540 ἐιορίαν
877 4441 1056 4526 -αὐτοῦ
1123 4441 1528 4540 διαπράξασθαί
1588 4489 1642 4526 τι
1705 4441 2090 4543 ἀρχιερατικὴν
2140 4441 2182 4540 ’ἢ
2216 4472 2260 4528 D
2293 4464 2382 4516 καὶ
2416 4461 2555 4515 κατά
2589 4459 2683 4513 τοῦ
2735 4457 2839 4524 κῦρ
2906 4456 3147 4520 Ἀλεξίου
3201 4448 3688 4520 κατεξινίστασθαίι
3728 4441 3794 4543 κξὶ

623 4565 892 4634 ἱερατικὸν
925 4566 958 4636 ἢ
996 4566 1444 4634 ἐκκλησιαστικὸν
1469 4566 1610 4629 ὅλως
1657 4568 1750 4620 ἐπὶ
1781 4567 2056 4636 ἀνατροπῇ
2093 4565 2190 4634 τῆς

619 4657 1082 4728 ἐκκλησιαστικῆς
1117 4658 1524 4720 καταστάσεως,
1581 4659 1656 4719 ὡς
1688 4656 1936 4710 ἐντεῦθεν
1965 4672 2194 4726 παρεισ-

621 4749 852 4819 αχθῆναι
903 4751 1064 4804 πάλιν
1101 4749 1372 4804 σκάνδαλα
1407 4751 1501 4804 καὶ
1567 4749 1838 4820 ὀχλήσεις,
1867 4751 1898 4802 ὁ
1955 4748 2193 4812 τοιοῦτος

622 4843 778 4910 ἀξίαν
847 4845 1214 4914 ύποστήσεται
1264 4843 1362 4913 τὴν
1427 4843 1722 4913 κανονικὴν
1775 4842 2044 4913 τιμωρίαν
2098 4846 2192 4894 καὶ

525 4954 531 4956 ·
623 4934 968 5000 ἐπεξέλευσιν
997 4933 1148 5002 παρά
1186 4937 1286 5000 τῆς
1340 4934 1494 5004 ἡμῶν
1548 4936 1900 5004 μετριότητος
1952 4935 2044 4986 καὶ
2094 4933 2192 5001 τῆς

627 5025 756 5094 περὶ
785 5023 954 5093 αὐτὴν
999 5024 1146 5086 θείας
1191 5025 1284 5077 καὶ
1339 5027 1490 5093 ίερᾶς
1535 5024 1776 5087 συνόδου,
1820 5023 1896 5086 ῶς
1929 5023 2196 5092 ἀθετητὴς

624 5119 716 5170 καὶ
739 5117 955 5171 ἐναντία
989 5117 1203 5186 φρονῶν
1232 5119 1295 5185 τῇ
1334 5118 1463 5188 ἁγίᾳ
1494 5117 1590 5170 τοῦ
1639 5116 1881 5186 Χριστοῦ
1931 5115 2192 5184 καθολικῇ

628 5209 723 5260 καὶ
754 5203 1088 5275 ἀποστολικῇ
1127 5205 1445 5276 Ἐκκλησία,
1474 5207 1568 5259 καὶ
1598 5205 1920 5276 βουλόμενος
1947 5205 2197 5257 ἐντεῦθεν

628 5299 894 5367 σύγχυσιν
939 5298 1034 5349 καὶ
1095 5299 1339 5368 ταραχὴν
1388 5298 1483 5351 καὶ
1539 5298 1746 5368 φθοράν
1798 5297 2077 5366 προξενεῖν
2119 5295 2196 5366 τῷ

626 5389 734 5443 τῶν
804 5388 1024 5442 Ῥὡσων
1080 5389 1454 5459 Χριστιανικῴ
1511 5389 1681 5457 γένει.
1754 5388 1916 5441 Ἀλλὰ
1996 5387 2197 5442 τούτων

625 5478 767 5534 οὕτω
801 5480 1109 5548 γενομένων
1138 5482 1232 5534 καὶ
1289 5481 1810 5544 ἀποκαταστάντων,
1866 5479 1924 5532 ὃν
1982 5481 2196 5551 εῐρηται

628 5573 849 5640 τρόπον,
884 5573 911 5622 ό
945 5571 1044 5641 μὲν
1078 5571 1368 5641 ἱερώτατος
1402 5570 1810 5642 μητροπολίτης
1844 5573 2056 5624 Κυέϐου
2104 5573 2199 5626 καὶ

633 5665 808 5732 πάσης
845 5663 1153 5726 Ῥωσίας,ὁ
1200 5662 1304 5730 κῦρ
1366 5663 1622 5728 Ἀλέξιος,
1686 5663 1998 5732 εὑρίσκεται
2059 5664 2196 5716 κατά

632 5752 809 5807 πάντα
857 5753 1180 5823 πειθόμενος
1221 5757 1328 5818 τοῖς
1382 5755 1759 5824 διαγνωσθεῖσι
1813 5754 2122 5821 συνοδικῶς,
2171 5756 2197 5806 ό

2292 4555 2390 4624 τὴν
2424 4553 2644 4625 μείζονα
2688 4553 2997 4621 ἐπισκοπὴν
3034 4551 3132 4619 τῆς
3165 4550 3418 4612 Ῥωσίας,
3451 4544 3539 4598 τοῦ
3581 4532 3795 4608 Μπριανί-

2294 4663 2453 4710 σκου,
2497 4644 2885 4714 ίδιοποιήσατο,
2931 4642 3242 4713 ἀνήκουσαν
3294 4638 3373 4709 τῷ
3433 4634 3681 4707 ίερωτάτῳ
3719 4641 3794 4691 μη·

2294 4737 2589 4808 τροπολίτῃ
2620 4735 2837 4789 Κυέϐου
2887 4735 2981 4789 καὶ
3047 4735 3230 4804 πάσης
3305 4730 3554 4791 Ῥωσίας,
3615 4721 3681 4791 τῷ
3719 4715 3794 4781 κῦρ

2307 4830 2549 4899 ,Δὶ-εξίῳ,
2581 4829 2672 4898 ἀφ’
2694 4823 2754 4881 οὐ
2781 4827 3023 4898 δηλονότι
3047 4824 3358 4895 ὑφορῶνται
3407 4823 3498 4874 καὶ
3523 4819 3597 4871 ἐτι
3626 4813 3796 4899 μείζονα

2295 4925 2363 4977 τὰ
2395 4897 2540 4978 κακά
2572 4897 2950 4992 προχωρήσειν
2978 4919 3072 4972 καὶ
3094 4916 3359 4985 καθολική
3411 4930 3494 4976 τις
3532 4905 3684 4986 φθορά
3730 4897 3796 4992 καὶ

2297 5016 2614 5086 καινοτομία
2642 5016 2752 5068 τῶν
2781 5011 3252 5082 ἐκκλησιαστικῶν
3300 5006 3628 5079 πραγμάτων
3668 4999 3715 5048 ὲν
3749 5005 3794 5086 in

2295 5111 2394 5182 ὅλῃ
2425 5081 2668 5180 ἐπαρχίᾳ
2696 5108 2795 5176 τῆς
2835 5081 3066 5166 Ῥωίσίας
3100 5119 3117 5138 ·
3154 5105 3187 5172 ἠ
3246 5100 3530 5171 μετριότης
3573 5089 3722 5164 ἡμῶν»
3754 5081 3798 5178 δῖ

2297 5202 2513 5272 εἴρηται
2542 5199 2769 5270 τρόπον,
2801 5195 3075 5266 κηδομένη
3100 5194 3193 5247 καὶ
3219 5190 3590 5263 φροντίζουσα,
3614 5183 3796 5272 Χριστόν

2298 5265 2498 5364 χάρίτι,
2527 5265 2627 5361 τῇς
2657 5289 2880 5359 εἰρήνης
2903 5265 2994 5340 καὶ
3031 5285 3280 5352 ὁμονοίας
3332 5282 3424 5336 τοῦ
3477 5278 3568 5346 τῆς
3616 5265 3796 5364 Ἐκξλη·

2301 5355 2420 5447 σίας
2443 5383 2562 5436 ὃλου
2583 5355 2977 5452 πληρῶματος,
3023 5377 3326 5445 ὀφείλοντος
3385 5373 3442 5426 ἓν
3487 5370 3630 5437 σῶμα
3674 5355 3798 5452 είναι,

2300 5443 2729 5529 καὶ-συνδεῖσθαι
2762 5443 2840 5540 τῷ
2879 5470 2978 5538 τῆς
3012 5443 3236 5538 ἀγάπης
3266 5467 3524 5537 ἀρῤήκτφ
3552 5450 3709 5522 δεσμῷ
3731 5443 3800 5540 κέλ

2300 5566 2446 5636 ἔχειν
2517 5564 2770 5617 ἐντεῦθεν
2813 5537 2941 5615 -τὸνν
2983 5537 3376 5630 ἀκρογωνιαῖον
3429 5555 3566 5608 λίθον
3615 5537 3800 5636 Χριστδγ

2300 5628 2565 5727 κΠέφαλὴν.
2597 5658 2713 5725 ἅμα
2763 5656 2818 5708 δὲ
2877 5628 3226 5722 ἀναχαιτίσαι
3279 5647 3584 5719 πειρωμένη
3641 5636 3714 5690 καὶ
3751 5628 3801 5678 τὰ

2305 5751 2758 5822 μεσολαϐᾐσαντα
2789 5747 3056 5800 σκάνδαλα
3082 5744 3276 5816 μεταξὺ
3297 5743 3404 5795 τῶν
3428 5742 3514 5794 δύο
3536 5727 3799 5805 ἀρχιερέων,
