4026 6264
344 322 477 389 1377

1410 319 1794 381 SYNODICJ!
1824 318 2496 387 CONSTITUTIONES.

3417 333 3554 398 1378

331 432 830 504 συνδιασκεψαμένη
861 433 930 486 τὰ
976 431 1103 503 περὶ
1136 431 1326 485 τούτου
1382 435 1494 496 τοῖς
1552 435 1678 504 περὶ
1722 435 1889 504 αὐτὴν
1917 446 1965 506 Α
2003 452 2108 505 ριοι
2139 438 2280 491 κατὰ
2298 439 2395 510 τὴν
2421 438 2642 494 ἐνοῦσαν
2663 440 2843 506 αὐτοῖς
2869 443 3162 515 ἐμπειρίαν
3216 450 3308 500 καὶ⁵
3357 451 3559 521 εἴδησιν

331 529 637 600 ἱερωτάτοις
669 524 982 596 ἀρχιερεῦσι
1013 526 1106 578 καὶ
1127 525 1470 594 ὐπερτίμοις,
1513 526 1654 578 κατὰ
1690 525 1894 595 Κύριον

328 620 632 687 ἀγαπητοῖς
661 617 910 685 ἀδελφοῖς
931 615 1029 684 τῆς
1060 615 1220 685 ήμῶν
1253 616 1605 686 μετριότητος
1634 619 1729 670 καὶ
1766 618 1894 669 συλ-

325 711 682 779 λειτουργοῖς,
717 707 795 777 τῷ
825 707 1088 770 Κυζίκου,
1117 706 1194 774 τῷ
1220 706 1586 776 Χαλκηδόνος,
1617 707 1694 777 τῷ
1758 709 1893 761 Πον-

323 799 705 868 τοηρακλείας,
732 797 809 868 τῷ
867 797 1087 865 Βιζύης,
1143 795 1221 865 τῷ
1273 798 1370 850 καὶ
1431 797 1522 850 τὸν
1568 797 1730 850 τόπον
1796 798 1890 852 τοῦ

323 887 744 956 Σταυροπόλεως
769 887 1040 954 ἐπέχοντι,
1069 885 1148 956 τῷ
1192 886 1469 956 Βρύσεως,
1517 885 1594 956 τῷ
1651 886 1893 958 Κελτζη-

323 981 441 1048 νῆς,
475 979 553 1046 τῷ
568 978 1137 1048 Χριστιανουπόλεως,
1163 978 1239 1048 τῷ
1295 977 1614 1046 Σουγδαίας,
1643 978 1720 1047 τῷ
1761 980 1894 1032 Ῥω-

325 1070 461 1132 σίου,
496 1070 573 1139 τῷ
609 1071 862 1141 Μάκρης,
919 1070 998 1139 τῷ
1051 1069 1224 1122 Γάνου
1290 1069 1384 1122 καὶ
1442 1070 1519 1139 τῷ
1577 1069 1892 1138 τιμιωτάτῳ

324 1160 616 1231 ὑποψηφίιρ
669 1161 770 1229 τῆς
823 1160 1130 1229 ἁγιωτάτης
1181 1159 1564 1229 μητροπόλεως
1618 1157 1890 1212 Θεσσαλοί

323 1251 504 1320 νίκης,
534 1252 997 1320 ἐπευδοκήσαντος
1054 1252 1135 1312 είς
1156 1249 1318 1303 τοῦτο
1347 1249 1439 1302 τοῦ
1463 1251 1528 1303 ἐκ
1574 1249 1710 1303 Θεοῦ
1757 1267 1890 1319 κρα-

322 1341 505 1394 τίστου
535 1345 627 1395 καὶ
659 1342 815 1410 ἁγίου
839 1359 939 1409 μου
969 1341 1394 1411 αὐτοκράτορος,
1425 1341 1500 1404 ὡς
1556 1341 1888 1411 ἀποδεχομέ-

319 1450 409 1486 νου
436 1437 502 1503 τῇ
539 1435 765 1504 ἐμφύτῳ
796 1434 961 1487 αὐτοῦ
987 1434 1114 1502 περὶ
1162 1435 1230 1487 τὰ
1258 1434 1400 1486 καλὰ
1452 1435 1782 1504 χρηστότητι
1831 1435 1890 1488 τὸ

317 1525 416 1592 τῆς
444 1526 666 1596 εἰρήνης
705 1527 798 1578 καὶ
823 1527 1075 1594 ὁμονοίας
1092 1525 1256 1579 καλὸν
1285 1527 1378 1578 καὶ
1403 1526 1692 1580 διεκδικεῖν
1723 1527 1890 1580 σπεύ-

315 1612 495 1675 δοντος
526 1615 704 1667 πάντα
728 1615 798 1668 τὰ
826 1615 1255 1684 ἐκκλησιαστικὰ
1281 1616 1467 1669 δίκαια
1498 1618 1590 1670 καὶ
1618 1617 1888 1686 προνόμια

312 1704 406 1755 καὶ
446 1704 807 1773 ὲκλεξαμένου
831 1707 920 1758 τον
945 1705 1271 1774 τιμιώτατον
1301 1706 1582 1759 σακελλίου
1637 1708 1736 1775 τῆς
1766 1707 1889 1761 καθ’

312 1796 465 1864 ἡμᾶς
488 1797 801 1866 ἁγιωτάτης
833 1795 926 1849 τοῦ
960 1796 1094 1851 Θεοῦ
1139 1797 1380 1868 μεγάλης
1417 1797 1744 1868 Ἐκκλησίας
1798 1803 1891 1854 καὶ
1920 1823 1964 1879 Β

311 1884 732 1955 συλλειτουργὸν
765 1886 859 1939 καὶ
912 1885 1003 1939 τὸν
1056 1889 1384 1956 τιμιώτατον
1445 1889 1724 1942 σακελλίου
1785 1891 1883 1960 τῆς

307 1973 438 2025 καθ’
470 1975 617 2044 ήμᾶς
662 1975 971 2044 ἁγιωτάτης
998 1973 1092 2028 τοῦ
1141 1974 1277 2028 Θεοῦ
1330 1975 1586 2046 Μεγάλης
1655 1978 1883 2048 Ἐκκλη-

307 2064 436 2126 σίας
468 2067 558 2116 καὶ
589 2063 1003 2132 δικαιοφύλακα,
1025 2067 1082 2118 ἐν
1115 2067 1252 2132 ἁγίῳ
1301 2067 1576 2138 Πνεύματι
1636 2069 1878 2137 γνησιώ-

301 2168 472 2207 τατον
503 2155 618 2208 υίὸν
671 2155 770 2224 τῆς
805 2155 962 2225 ήμῶν
1021 2159 1395 2227 μετριότητος,
1455 2159 1556 2228 κῦρ
1609 2161 1881 2231 Γεώργιον

297 2245 559 2299 διάκονον
579 2245 670 2298 τὸν
703 2247 996 2316 Περδίκην,
1030 2249 1122 2300 καὶ
1153 2249 1228 2312 ὡς
1260 2250 1510 2313 εὐλαϐεῖς
1559 2252 1652 2303 καὶ
1691 2253 1881 2322 χρησί-

300 2353 450 2403 μους
477 2337 572 2390 καὶ
605 2337 936 2404 ἀναγκαίους
991 2337 1313 2410 ἀνθρώπους
1373 2341 1469 2393 καὶ
1526 2341 1732 2412 εἴδησιν
1779 2345 1881 2396 οὐκ

298 2426 498 2496 ὀλίγην
523 2430 900 2497 κεκτημένους
934 2430 1044 2484 τῶν
1077 2423 1240 2484 θείων
1274 2432 1368 2484 καὶ
1416 2433 1576 2502 ιερῶν
1615 2435 1879 2500 κανόνων,

306 2520 534 2587 ἐχοντας
561 2519 618 2570 δὲ
645 2521 741 2572 καὶ
788 2521 964 2584 ἄλλως
993 2523 1128 2574 πολὺ
1156 2522 1216 2574 τὸ
1251 2523 1564 2586 ἀξιόπιστον
1619 2526 1729 2578 ἀπὸ
1785 2527 1877 2578 τοῦ

306 2611 514 2679 τρόπου
587 2613 682 2663 καὶ
743 2616 841 2683 τῆς
897 2614 1165 2676 συνέσεως
1224 2615 1439 2680 αὐτῶν,
1500 2615 1878 2679 ἐξαπέστειλεν

307 2703 804 2773 ἁποκρισιαρίους,
868 2702 1008 2756 ὥστε
1080 2704 1412 2773 ποιήσασθαι
1469 2707 1570 2774 τὴν
1620 2705 1878 2777 τοιαύτην

307 2793 578 2857 ἐξέτασιν,
613 2795 807 2856 οἵτινες
840 2794 932 2847 καὶ
979 2795 1284 2862 ὀφείλουσιν
1337 2797 1591 2849 ἀπελθεῖν
1651 2803 1730 2861 είς
1781 2801 1878 2869 τὴν

319 2886 555 2940 ἰ’ωσίαν
590 2888 683 2938 καὶ
714 2886 1191 2956 προσκαλέσασθαι
1227 2887 1354 2950 τοὺς
1401 2889 1578 2942 ἐκεῖσε
1638 2889 1874 2960 θεοφιλε-

308 2980 539 3040 στάτους
573 2978 925 3042 ἐπισκόπους,
953 2979 1113 3040 ὅσους
1163 2977 1226 3030 οὐ
1257 2979 1455 3034 κωλύει
1489 2980 1551 3034 τὸ
1599 2982 1732 3036 πολὺ
1776 2983 1876 3052 τῆς

305 3070 425 3124 ὁδοῦ
455 3072 629 3141 μῆκος
656 3071 736 3132 είς
765 3071 930 3124 ταυτὸ
965 3072 1264 3138 συνελθεῖν,
1289 3073 1424 3127 ἀλλὰ
1476 3073 1540 3146 δὴ
1595 3076 1689 3128 καὶ
1751 3077 1875 3139 τοὺς

1993 529 2102 582 τῶν
2135 530 2294 595 θείων
2324 534 2416 585 καὶ
2457 534 2617 606 ἱερῶν
2655 537 2916 604 κανόνων,
2965 538 3148 604 καθὼς
3203 542 3557 612 ἀνετέθησαν,

1997 621 2325 689 ποιήσασθαι
2355 623 2649 687 ἀκωλύτως
2683 625 2782 697 τὴν
2811 628 3072 699 τοιαύτην
3124 631 3370 696 ἐξέτασιν
3429 636 3562 688 ἐνώ-

1994 727 2120 764 πιον
2157 713 2267 764 τῶν
2309 713 2735 780 θεοφιλεστάτων
2759 718 3077 774 ἐπισκόπων
3105 723 3199 775 καὶ
3240 723 3350 776 τῶν
3403 725 3564 794 εὐγε-

1993 804 2268 854 νεστάτων
2324 802 2533 872 ρηγῶν,
2591 804 2667 868 ὡς
2712 806 2781 860 ἂν
2831 807 2927 860 καὶ
2984 808 3160 874 οὕτως
3223 812 3315 866 τὸν
3359 815 3562 883 τρόπον

1992 890 2180 942 τοῦτον
2207 892 2412 962 ἐκκοπῇ
2456 895 2607 948 πᾶσα
2643 898 2913 964 πρόφασις
2956 901 3052 952 καὶ
3104 901 3314 973 αίτίαή
3369 905 3562 975 προξε-

1993 979 2159 1032 νοῦσα
2185 981 2374 1042 κακῶς
2400 983 2492 1034 καὶ
2519 984 2883 1047 ἁκανονίστως
2911 989 2977 1041 τὰ
3008 988 3236 1044 τοιαῦτα
3268 993 3558 1050 σκάνδαλα.

1992 1067 2088 1130 Είς
2113 1068 2223 1137 γὰρ
2249 1070 2346 1139 τὴν
2380 1073 2509 1139 περὶ
2538 1073 2731 1127 τούτου
2772 1077 3077 1146 ἀσφάλειαν
3112 1081 3436 1136 ἀπολέλυται
3467 1087 3562 1138 καὶ

1994 1159 2027 1226 ή
2055 1159 2306 1228 παροῦσα
2337 1162 2588 1232 συνοδικὴ
2637 1166 2855 1234 πρᾶξις,
2886 1172 3335 1240 καταστρωθείσα
3361 1177 3420 1228 ἐν
3484 1178 3560 1246 τῷ

1995 1248 2126 1319 ίερῷ
2159 1249 2399 1320 κωδικίῳ
2427 1253 2566 1305 κατὰ
2601 1255 2746 1324 μῆνα
2786 1257 3006 1312 Ἰούλιον
3055 1259 3148 1312 τοῦ
3176 1262 3356 1333 ,ςωξθ’
3388 1263 3558 1328 ἔτους.

2061 1340 2101 1410 -ι-
2139 1337 2281 1409 Εἶχε
2343 1344 2442 1396 καί
2499 1343 2597 1398 διὰ
2643 1349 2840 1415 τιμίας
2893 1352 3323 1423 πατριαρχικῆς
3361 1357 3562 1424 χειρὸς

1989 1432 2059 1486 τό
2085 1448 2100 1463 ⁸
2131 1433 2290 1501 Μηνὶ
2333 1434 2574 1503 Ἰουλίῳ
2623 1438 2738 1493 1νὸ.
2773 1439 2863 1494 ιδ’.

1989 1589 2236 1673 XXXIX.
2263 1592 2596 1673 Ifatft'anjcha;
2633 1596 2819 1673 linem
2849 1601 2919 1673 ad
2959 1602 3349 1673 imperatorem,
3390 1611 3560 1664 comi-
3657 1604 3659 1607 ’

2061 1660 2193 1714 lium
2253 1667 2300 1718 ei
2336 1667 2515 1721 danti:
2568 1668 2624 1719 in
2686 1671 2840 1726 rebus
2879 1660 3235 1729 Janu'ensium
3282 1660 3349 1731 εί
3395 1660 3559 1733 νεηθ-

2061 1739 2258 1782 lorum.

2084 1747 2258 1789 orum.

2138 1844 2428 1900 Πιττάκιον
2456 1852 2850 1924 πατριαρχικδν
2884 1854 3019 1926 πρὸς
3047 1855 3138 1910 τὸν
3172 1857 3416 1928 βασιλέα.

1976 1983 1978 1985 ’
2055 1975 2096 2048 ἰ-
2133 1979 2432 2054 Κράτιστε,
2462 1983 2741 2054 θεόσεπτε,
2791 1989 3124 2059 θεοδὸξαστε,
3171 1993 3552 2070 θεοπρόσλητε,

1985 2067 2403 2142 θεοκυσέρνητε,
2430 2075 2850 2146 θεομεγάλυντε,
2875 2081 2997 2150 διγιέ
3033 2100 3134 2154 μου
3163 2086 3397 2138 δέσποτα
3457 2067 3554 2157 βα-

1985 2159 2157 2224 σιλεῦ,
2188 2161 2376 2228 ὑγείαν
2407 2167 2501 2218 καὶ
2547 2168 2815 2239 εὐθυμίαν
2859 2172 3062 2243 ψυχῆς,
3111 2175 3206 2228 τοῦ
3263 2176 3409 2229 θείου
3458 2196 3549 2231 σου

1983 2251 2077 2302 καὶ
2103 2249 2380 2319 βασιλικοῦ
2409 2255 2658 2326 σώματος
2690 2259 2858 2330 ρῶσιν
2885 2265 2980 2316 καὶ
3016 2265 3248 2331 εὐεξίαν,
3308 2269 3418 2321 τῶν
3447 2272 3550 2324 ἀνὰ

1980 2344 2170 2411 χεῖρας
2231 2349 2608 2417 προκειμένων
2671 2355 3014 2422 κοινωφελῶν
3071 2357 3250 2428 ἔργων
3302 2361 3548 2433 εὐόδησιν

1979 2435 2072 2486 καὶ
2099 2436 2208 2488 πᾶν
2242 2437 2420 2502 ἀλλον,
2448 2441 2476 2493 ὃ
2502 2458 2554 2494 τι
2576 2442 2780 2510 ἀγαθὸν
2808 2446 2901 2499 καὶ
2935 2449 3222 2519 σωτήριον,
3247 2451 3543 2522 ἐπεύχεται

1978 2527 2042 2594 τῇ
2072 2527 2202 2595 ἁγίᾳ
2237 2528 2480 2597 βασιλεία
2509 2534 2540 2600 ή
2575 2536 2868 2605 μετριότης
2906 2540 3060 2607 ήμῶν
3089 2543 3200 2594 ἀπὸ
3232 2543 3366 2596 Θεοῦ
3402 2562 3543 2598 παν-

1977 2621 2326 2690 τοκράτορος.
2360 2621 2572 2678 Εἰδέναι
2595 2625 2896 2697 βουλόμεθα
2924 2630 3026 2701 τὴν
3083 2635 3146 2684 ἐκ
3193 2633 3327 2688 Θεοῦ
3375 2637 3536 2704 ἁγίαν

1979 2708 2256 2779 βασιλείαν
2287 2730 2401 2780 σου,
2435 2716 2516 2768 ὄτι
2547 2717 2685 2772 κατὰ
2713 2719 2806 2774 τὸν
2857 2720 2999 2774 θεῖον
3053 2725 3147 2776 καὶ
3188 2727 3382 2780 σεπτὸν
3432 2729 3546 2800 ὀρι-

1981 2797 2118 2864 σμδν
2150 2797 2608 2874 διαμηνυθείσαή
2657 2810 2948 2876 μετριότης
2993 2812 3153 2880 ήμῶν
3209 2797 3544 2885 παρεγένετο

1980 2889 2058 2949 είς
2085 2889 2184 2971 τήν
2226 2894 2529 2966 κρατίστην
2557 2898 2649 2950 καὶ
2676 2899 2835 2966 ἁγίαν
2871 2918 2970 2971 μου
3019 2905 3328 2962 δέσποιναν.
3373 2909 3545 2962 Συναο

1979 2967 2334 3050 θροισθὲντων
2363 2981 2459 3040 οὖν
2493 2991 2585 3043 καὶ
2619 2991 2728 3043 τῶν
2769 2993 2868 3061 τῆς
2909 2999 3213 3068 συγκλήτου
3245 3001 3542 3071 ἀρχόντων,

1978 3072 2275 3144 ἐλέχθησαν
2301 3077 2369 3128 τὰ
2399 3081 2526 3147 περ)⁵
2587 3080 2684 3150 τῆς
2742 3086 3063 3152 συμφωνίας
3135 3089 3230 3142 καὶ
3277 3097 3547 3146 καταστά-

304 3163 728 3230 εὐγενεστάτους
754 3162 1029 3230 μεγάλους
1053 3165 1260 3233 ρῆγας,
1318 3165 1626 3232 ὀφείλοντος
1672 3167 1872 3234 ὁμοίως
1902 3151 1944 3207 C
1979 3173 2117 3222 σεως
2175 3161 2284 3214 τῶν
2327 3179 2384 3215 τε
2447 3166 2486 3217 Γ
2489 3168 2769 3224 εννουῖτῶν
2819 3172 2914 3228 καὶ
2961 3173 3221 3244 Βινετῶν,
3275 3179 3421 3244 ὅπως
3485 3199 3544 3234 τε

303 3255 640 3322 ἐπιδημῆσαι
673 3253 742 3307 δι’
779 3255 972 3307 ἑαυτοῦ
1035 3259 1113 3317 είς
1161 3257 1260 3324 τὴν
1317 3257 1574 3326 τοιαύτην
1621 3257 1873 3324 σύνταξιν

305 3347 400 3396 καὶ
440 3345 535 3397 τοῦ
570 3347 867 3414 ἱερωτάτου
923 3348 1320 3418 μητροπολίτου
1368 3349 1472 3418 κῦρ
1517 3352 1795 3417 Ῥωμανοῦ
1839 3352 1871 3421 ἥ

301 3437 680 3502 ἐξαποστεῖλαι
732 3440 962 3501 οἰκείους
1016 3440 1333 3509 ἀνθρώπους
1398 3440 1516 3493 ἀντ’
1547 3443 1735 3505 αὐτοῦ,
1783 3443 1870 3496 ἵνα

297 3528 600 3592 ἐξετάσεως
629 3531 926 3600 γενομένης
954 3531 1105 3600 παρὰ
1141 3531 1239 3583 τοῦ
1270 3533 1509 3585 τοιούτου
1543 3534 1874 3603 άποκρισια-

299 3621 419 3690 ρίου
461 3621 849 3690 άπροσπαθῶς,
889 3621 964 3684 ὡς
996 3621 1089 3673 τοῦ
1119 3620 1253 3675 Θεοῦ
1291 3621 1498 3676 ἀνωθεν
1547 3625 1871 3701 ἐφορῶντος,

295 3716 569 3780 παρόντος
595 3718 688 3767 καὶ
725 3714 816 3767 τοῦ
849 3715 1052 3785 μέρους
1101 3715 1195 3768 τοῦ
1239 3715 1346 3784 κῦρ
1404 3714 1687 3784 Ῥωμανοῦ
1741 3719 1872 3770 ἐνώ·

297 3825 423 3860 πιον
458 3810 564 3863 τῶν
595 3808 902 3878 μελλόντων
934 3809 1204 3862 συνελθεῖν
1259 3809 1693 3878 θεοφιλεστάτων
1743 3815 1865 3866 ἐπι-

301 3902 526 3952 σκόπων
560 3903 651 3953 καὶ
683 3900 1089 3966 εὐγενεστάτων
1114 3901 1302 3970 ρηγῶν
1337 3901 1522 3955 ἐνεκεν
1551 3905 1648 3973 τῆς
1687 3903 1871 3957 τοιαύ-

296 4009 398 4061 της
431 3992 762 4057 ὐποθέσεως,
811 3991 1039 4061 γένηται
1070 3990 1347 4060 ἔγγραφος
1380 3994 1869 4064 κατησφαλισμένη

297 4082 580 4150 μαρτυρία
615 4082 708 4132 καὶ
744 4081 1197 4150 παρασημείωσις
1227 4081 1441 4133 πάντων
1472 4083 1580 4135 τῶν
1631 4083 1869 4153 λαληθη-

297 4171 545 4240 σομένων
576 4170 670 4224 καὶ
714 4170 1229 4238 ἐξετασθησομένων
1284 4170 1441 4240 χάριν
1469 4172 1577 4223 τῶν
1615 4173 1868 4226 τοιούτων

292 4265 660 4332 αίτιαμάτων,
729 4261 1180 4333 πιστωθησομένη
1239 4263 1336 4314 καὶ
1391 4262 1734 4334 ὐπογραφαῖς
1797 4266 1872 4316 ol-

293 4357 617 4426 κειοχείροις
671 4357 777 4407 τῶν
812 4372 871 4408 τε
930 4355 1360 4424 θεοφιλεστάτων
1407 4357 1719 4408 ἐπισκόπων
1774 4357 1868 4410 καὶ

292 4451 405 4502 τῶν
438 4450 841 4512 εὐγενεστάτων
893 4449 1076 4518 ῥηγῶν
1116 4448 1208 4502 καὶ
1263 4449 1464 4517 ἐτέρων
1509 4450 1864 4514 ἀξιοπίστων,

292 4542 369 4603 ὡς
393 4540 460 4592 ἂν
493 4539 693 4607 ταύτης
725 4538 1165 4608 διακομισθείσης
1199 4541 1334 4608 πρός
1366 4555 1423 4592 τε
1454 4539 1546 4592 τὸν
1577 4543 1867 4611 κράτιστον

293 4637 392 4687 καὶ
447 4631 602 4699 ἅγιόν
657 4647 759 4698 μου
815 4631 1192 4699 αὐτοκράτορα
1240 4633 1333 4682 καλ⁸
1380 4633 1514 4699 πρὸς
1574 4634 1673 4700 τὴν
1713 4634 1868 4701 ἡμῶν

295 4725 630 4795 μετριότητα
657 4724 751 4774 καὶ
782 4721 878 4790 τὴν
906 4722 1034 4790 περὶ
1060 4720 1226 4790 αὐτὴν
1256 4721 1404 4774 θείαν
1442 4723 1534 4774 καὶ
1558 4723 1708 4791 ίερὲιν
1742 4725 1868 4775 σύν-

290 4821 414 4872 οδον
469 4817 622 4886 παρὰ
669 4815 776 4866 τῶν
826 4815 1082 4866 τοιούτων
1143 4817 1598 4884 ἀποκρισιαρίων,
1649 4814 1867 4867 ἀκινδύ-

292 4928 400 4972 νως
435 4908 532 4960 σὺν
557 4906 778 4976 βοηθείᾳ
805 4905 938 4957 Θεοῦ
972 4908 1520 4974 ἐπαναστραφὲντων,
1556 4907 1780 4976 γένηται
1808 4909 1866 4958 τὸ

288 5000 451 5064 δόξαν
481 5000 548 5068 τῇ
578 4997 698 5067 θείᾳ
727 4997 822 5049 καὶ
848 4995 967 5065 ίερᾷ
1002 4995 1202 5066 συνόδῳ
1233 5001 1373 5050 κατὰ
1402 5001 1501 5058 τὴν
1549 4998 1657 5049 τῶν
1711 5000 1868 5052 θείων

287 5093 388 5144 καὶ
418 5090 582 5156 ἱερῶν
607 5089 844 5140 κανόνων
866 5088 1148 5157 διαταγὴν,
1177 5090 1273 5141 καὶ
1299 5088 1569 5160 ἀφαιρεθῇ
1612 5089 1863 5142 ἐντεῦθεν

289 5189 323 5255 ή
359 5184 706 5254 ἐπερχομένη
739 5181 962 5251 ὄχλησις
992 5182 1131 5234 κατὰ
1164 5182 1256 5234 τοῦ
1323 5183 1707 5250 Χριστιανικοῦ
1767 5184 1864 5252 τῆς

301 5277 540 5334 Ῥωσίας
562 5274 770 5340 γένους.
809 5272 976 5340 Είπερ
1007 5268 1101 5323 οὖν
1144 5271 1248 5322 οὐκ
1290 5271 1536 5341 ἐθελήσει
1565 5275 1594 5325 ὁ
1641 5273 1863 5343 ἱερώτα-

287 5384 378 5426 τος
417 5363 821 5434 μητροπολίτης
876 5363 981 5431 κῦρ
1022 5363 1304 5432 Ῥωμανὸς
1337 5363 1401 5415 δι’
1432 5364 1626 5417 ἑαυτοῦ
1681 5382 1859 5434 παρα-

291 5455 545 5520 γενέσθαι
578 5455 656 5517 εῐς
682 5456 781 5522 τὴν
811 5454 1185 5522 γενησομένην
1216 5453 1486 5520 ἐξέτασιν,
1547 5455 1698 5523 παρά
1749 5456 1860 5510 τῶν

290 5544 550 5595 τοιούτων
579 5545 1012 5613 ἁποκρισιαρίων
1039 5545 1372 5613 μηνυμάτων
1402 5547 1710 5614 γενομένων
1763 5565 1858 5599 κα-
1903 5592 1905 5594 .

289 5633 521 5694 νονικῶς
561 5635 692 5701 πρὸς
728 5635 911 5699 αὐτὸν,
945 5637 977 5702 ἢ
1035 5638 1269 5699 οίκείους
1316 5637 1600 5706 ἐκπέμψαι
1653 5640 1857 5708 ἀνθρώ-

292 5741 431 5784 πους
458 5723 570 5775 ἀντ’
600 5726 787 5790 αὐτοῦ,
834 5728 1140 5794 ὀφείλουσιν
1170 5722 1313 5780 οὗτοι
1340 5728 1403 5796 δὴ
1433 5728 1481 5778 οί
1527 5730 1853 5798 ἁποκρισιάσ

1976 3254 2615 3326 προσήκειπροχωρῆσαι
2643 3260 2813 3328 αὐτὴν
2845 3264 2937 3315 καὶ
2968 3267 3109 3318 κατὰ
3147 3271 3297 3320 ποῖον
3324 3271 3389 3339 δὴ
3422 3273 3547 3340 τρό-

1975 3358 2076 3396 πον
2132 3348 2597 3418 ἀποκαταστῆναι,
2655 3351 2739 3419 ἐφ⁹
2783 3350 2826 3420 ᾧ
2873 3355 3125 3425 οὐδεμίαν
3171 3360 3394 3430 ὄχλησιν
3452 3367 3546 3418 καὶ

1974 3435 2178 3504 ζημίαν
2214 3439 2465 3505 γενέσθαι
2485 3444 2598 3504 τοῖς
2637 3442 2949 3514 Ῥωμαίοις.
2985 3449 3207 3502 Τούτων
3253 3455 3346 3505 οὐν
3402 3456 3543 3510 οὕτω

1973 3529 2272 3598 λεχθέντων
2299 3531 2593 3602 διωρίσατο
2623 3537 2718 3588 καὶ
2768 3539 3150 3611 ἀπελογήσατο
3181 3547 3275 3598 καὶ
3327 3546 3360 3614 ή
3412 3548 3545 3615 ἁγία

1976 3638 2077 3689 μου
2098 3623 2373 3692 δέσποινα,
2406 3627 2500 3679 ἆτε
2545 3627 2607 3699 δὴ
2653 3628 2889 3694 διανοίας
2937 3632 3202 3704 ὀξυτάτης
3263 3635 3396 3690 οὐσα
3451 3639 3544 3690 καὶ
3608 3631 3613 3636 ’

1975 3714 2246 3784 συνδρομῇ
2283 3717 2472 3770 πασῶν
2507 3721 2612 3772 τῶν
2659 3725 2895 3788 χαρίτων
2945 3727 3037 3777 καὶ
3091 3729 3397 3798 φρονήσεως
3459 3731 3544 3783 ἐπ’

1971 3802 2140 3874 ἀκρὸν
2161 3806 2392 3882 ἤκουσα,
2423 3812 2489 3880 τῇ
2517 3810 2612 3864 τοῦ
2641 3812 2778 3866 Θεοῦ
2828 3816 3030 3884 χάριτι,
3089 3820 3296 3892 ὅσαπερ
3351 3823 3542 3893 ἔμελλε

1973 3899 2068 3949 καὶ
2102 3899 2134 3968 ή
2166 3900 2295 3967 ἁγία
2319 3901 2564 3970 βασιλεία
2595 3921 2689 3957 σου
2724 3907 2974 3974 παροῦσα
3008 3911 3244 3974 ἐνταῦθα
3297 3913 3537 3984 διορίσα-

1973 3989 2119 4052 σθαι,
2154 3989 2350 4060 ἃδῆτα
2401 3995 2496 4046 καὶ
2522 3995 2782 4066 ἔστερξαν
2827 4002 2918 4051 καὶ
2973 4002 3020 4053 οί
3081 4005 3178 4072 τῆς
3239 4007 3541 4076 συγκλήτου

1972 4077 2251 4148 ἄρχοντες.
2313 4084 2455 4154 Πρὸς
2504 4086 2630 4150 τοὺς
2681 4085 2774 4141 οὖν
2834 4092 2957 4153 τοὺς
3005 4097 3274 4160 τοιούτους
3329 4099 3540 4165 λόγους.

1973 4166 2120 4248 άπερ
2141 4173 2527 4242 ἀπελογήσατο
2555 4181 2587 4245 ἡ
2628 4181 2918 4251 μετριότης
2963 4183 3140 4253 ήμῶν,
3199 4190 3540 4245 συντείνοντα

1972 4261 2052 4322 είς
2084 4261 2340 4316 σύστασιν
2371 4269 2464 4318 καὶ
2494 4266 2782 4336 ὠφέλειαν,
2817 4276 2911 4326 σὺν
2938 4275 3076 4343 (θεῷ,
3118 4278 3214 4347 τῆς
3265 4279 3540 4348 βασιλείας

1971 4352 2066 4405 καὶ
2098 4353 2206 4406 τῶν
2249 4356 2552 4425 Ῥωμαίων,
2587 4361 2757 4414 ταῦτά
2798 4364 2916 4416 ἐστι
2947 4381 2962 4396 ⁸
2997 4368 3212 4435 πρῶτον
3269 4372 3388 4439 μὲν,
3424 4373 3541 4425 δια-

1975 4445 2158 4513 μένειν
2188 4447 2286 4516 τὴν
2312 4450 2404 4501 τοῦ
2429 4450 2564 4502 Θεοῦ
2608 4453 2933 4524 Ἐκκλησίαν
2964 4461 3237 4531 ἀτάραχον
3291 4465 3386 4516 καὶ
3437 4468 3541 4532 ἐξω

1975 4537 2153 4607 πάσης
2173 4541 2486 4608 ήστινοσοῦν
2511 4545 2772 4613 ἐπηρείας
2802 4549 2897 4618 τῆς
2927 4551 3032 4603 ἀπὸ
3088 4557 3197 4607 τῶν
3235 4560 3539 4612 Λατινεκών

1972 4633 2294 4698 κινουμένης
2329 4632 2614 4700 δογμάτων
2642 4653 2656 4666 ⁸
2705 4637 2861 4691 τοῦτο
2894 4641 2950 4692 δὲ
3003 4643 3225 4712 εἴρηκεν
3258 4650 3290 4717 ἡ
3327 4654 3542 4720 μετριό-

1971 4734 2068 4784 της
2113 4720 2268 4788 ήμὼν
2309 4723 2404 4792 οὐχ
2436 4727 2515 4775 ὅτι
2560 4726 2732 4790 ἄλλως
2768 4732 2979 4799 ήγεῖται
3030 4737 3125 4804 τὴν
3175 4739 3334 4804 ἁγίαν
3386 4744 3510 4810 βασι

1969 4807 2117 4861 λείαν
2153 4827 2244 4863 σου
2276 4815 2401 4882 περὶ
2431 4816 2632 4869 τούτων
2653 4819 2816 4889 ἐχειν,
2848 4823 3013 4876 πάλαι
3043 4830 3151 4896 γὰρ
3193 4818 3534 4904 οἶδε’ταύτην

1969 4903 2313 4970 ἐμμένουσαν
2344 4908 2442 4974 μὲν
2473 4911 2582 4972 τοῖς
2614 4914 2885 4983 πατρῴοις
2943 4919 3176 4987 δόγμασι
3212 4926 3305 4976 καὶ
3369 4929 3534 4999 ἐστη-

1969 4994 2236 5062 ριγμένην
2275 4998 2331 5048 ἐν
2361 5000 2568 5064 τούτοις
2597 5007 2836 5072 παγίως,
2865 5009 3271 5068 ἀποδιώκουσαν
3317 5019 3373 5072 δὲ
3427 5024 3533 5074 πᾶν

1965 5083 2246 5154 ἀλλότριον
2268 5085 2440 5156 δόγμα
2481 5091 2574 5142 καὶ
2626 5093 2775 5146 νόθον
2833 5097 2930 5166 τῆς
2975 5100 3069 5153 τοῦ
3121 5103 3253 5157 Θεοῦ
3311 5107 3534 5178 Ἐκκλη-

1967 5177 2108 5238 σίας,
2141 5176 2274 5230 ἀλλὰ
2303 5180 2388 5232 διά
2407 5185 2502 5245 τὰς
2525 5182 2814 5256 ὑπολήψεις
2833 5205 2888 5240 τε
2906 5193 2998 5243 καὶ
3017 5193 3272 5263 ὑποψίας,
3294 5195 3359 5257 ἃς
3376 5176 3530 5265 ἐχου-

1964 5286 2048 5322 σιν
2076 5273 2122 5323 οί
2165 5273 2367 5327 πολλοί.
2402 5277 2681 5348 Δεύτερον,
2718 5284 2810 5332 ἐπὶ
2844 5285 3052 5346 τούτοις
3081 5287 3244 5354 μηδὲν
3267 5267 3530 5340 τῶπίύπο-

1964 5365 2232 5432 κειμένων
2263 5371 2325 5435 τῇ
2348 5366 2594 5440 βασιλείᾳ
2629 5375 2720 5426 καὶ
2744 5378 2854 5436 τοῖς
2871 5376 3165 5445 Ῥωμαίοις
3191 5379 3528 5445 πραγμάτων

1960 5453 2064 5505 ὑπὸ
2115 5456 2359 5520 ἐξουσίαν
2392 5459 2592 5529 ἐτέρων
2619 5465 2863 5532 ποιῆσαι.
2897 5465 3112 5532 Τρίτον,
3151 5466 3316 5533 μηδὲν
3340 5467 3524 5537 ἕτερον

1959 5545 2272 5614 προσθεῖναι
2333 5554 2625 5619 κεφάλαιον
2677 5553 2882 5623 μεῖζον,
2917 5554 3213 5624 ἐπειδήπερ
3269 5559 3325 5609 ἐν
3357 5561 3522 5630 πολλῇ

1959 5640 2050 5690 καὶ⁴
2096 5643 2310 5713 μεγάλη
2342 5645 2518 5716 ἐνδείᾳ
2555 5646 2650 5698 καὶ
2680 5646 3025 5716 ταλαιπωρίᾳ
3074 5649 3167 5699 καὶ
3198 5655 3526 5727 στενοχωρίᾳ

1960 5735 2024 5781 τὰ.
2059 5732 2167 5783 τῶν
2207 5735 2494 5803 Ῥωμαίων
2530 5737 2687 5790 εἰσίν.
2727 5737 2866 5807 Πρὸς
2918 5736 3128 5800 τούτοις
3163 5739 3524 5806 γενέσθαικαὶ
