4026 6264
503 367 642 431 1383

1325 363 1673 425 CALLISTI
1709 364 1804 424 ET
1843 359 2272 423 PHILOTHEI
2313 361 2420 422 CP.
2464 357 2923 420 PATRIARCH.

3629 341 3764 410 1381

501 479 705 549 ήκοντα
731 477 826 532 καὶ
858 476 1066 531 δίκαιον
1119 473 1303 544 λόγον,
1365 475 1428 528 16
1468 475 1526 528 δὲ
1577 474 1908 546 τελούμενον
1945 474 2078 543 παρ’
2111 479 2149 536 Α
2181 473 2327 542 ἔχειν
2359 474 2657 551 ἀναιρέρειν
2693 474 2781 525 ἀεὶ
2813 473 2916 540 τήν
2971 486 3032 524 τε
3057 467 3216 538 ἡμῶν
3274 464 3612 535 μετριότητα
3668 469 3760 520 καὶ

502 567 692 634 αὑτοῦ,
725 569 896 639 ἤγουν
924 569 984 621 τὸ
1016 567 1090 638 μὴ
1121 567 1437 638 μεμνῆσθαι
1466 567 1563 635 τῆς
1591 567 1753 639 ήμῶν
1785 565 2080 637 μετριότηε

503 675 592 720 τος
622 659 681 711 ὲν
710 659 830 718 ταῖς
855 657 1050 726 ἱεραῖς,
1084 657 1162 720 ὡς
1191 657 1435 728 εἴρηται,
1468 658 1714 719 τελεταῖς
1765 658 1883 708 ἐστι
1935 657 2091 722 πάμ-’

506 764 616 801 παν
650 747 1106 818 παραλογώτατόν
1146 765 1206 801 τε
1241 749 1338 802 καὶ
1391 747 1728 802 ἀδικώτατον
1777 746 1848 800 δι’
1903 747 2085 799 αίτίαν

507 837 798 909 τοιαύτην·
841 841 870 891 6
923 839 1277 910 πατριάρχης
1334 839 1599 910 Τρινόϐου
1632 835 1701 909 ἦν
1753 838 1966 893 ἄνωθεν
1994 837 2088 891 καὶ

509 931 570 998 ἐξ
589 932 760 1002 ἀρχῆς
785 930 1087 984 ἐπισκόπου
1115 931 1286 1001 ὄνομα
1313 931 1517 1002 φέρων,
1549 931 1996 999 ὑποτασσόμενος
2019 933 2084 1001 τῇ

509 1023 642 1095 ἁγίᾳ
670 1023 764 1077 τοῦ
798 1022 936 1078 Θεοῦ
961 1025 1190 1096 Μεγάλῃ
1225 1023 1558 1093 Ἐκκλησία,
1579 1015 1682 1075 εἶθ’
1720 1021 1950 1093 ὕστερον
1983 1041 2090 1075 πα-

511 1113 834 1184 ρακλήσεως
887 1116 1180 1183 γεγονυίας
1220 1115 1422 1183 πολλῆς
1451 1115 1550 1168 καὶ
1598 1114 1837 1183 δεήσεως
1878 1116 1958 1177 εἰς
1991 1115 2091 1183 τὴν

513 1206 638 1260 καθ’
669 1208 816 1275 ημᾶς
849 1208 1059 1277 ταύτην
1089 1208 1336 1277 μεγάλην
1371 1208 1466 1261 καὶ
1493 1207 1644 1275 ἱερὰν
1686 1205 1906 1260 σύνοδον
1938 1205 2093 1274 παρὰ

512 1301 607 1354 τοῦ
639 1301 760 1354 τότε
784 1301 854 1354 τά
881 1304 980 1372 τῆς
1014 1302 1292 1371 βασιλείας
1321 1302 1430 1356 τῶν
1458 1303 1790 1372 Βουλγάρων
1817 1301 2082 1354 διιθύνον-

511 1409 603 1454 τος
641 1395 916 1463 σκῆπτρα,
957 1394 1048 1446 διὰ
1097 1394 1267 1465 τιμὴν
1324 1394 1538 1447 ἐκείνου
1571 1398 1667 1449 κα)⁸
1719 1393 1815 1446 τοῦ
1839 1394 2086 1446 τοιούτου

514 1486 723 1549 ἔθνους,
747 1485 1193 1556 ὑποτεταγμένον
1229 1488 1490 1556 φανέντος
1519 1490 1585 1558 τῇ
1612 1485 1895 1556 καθ’ήμᾶς
1929 1487 2095 1553 ἁγιω-

513 1577 650 1647 τάτῃ
677 1577 770 1630 τοῦ
795 1577 934 1630 Θεοῦ
961 1579 1192 1650 Μεγάλῃ
1223 1578 1547 1650 Ἐκκλησία,
1597 1579 1849 1648 ἐδωρήθη
1880 1594 2091 1644 συγκα-

513 1669 797 1729 ταϐάσεως
843 1669 989 1741 λόγῳ
1032 1672 1169 1740 πρὸς
1213 1671 1304 1724 τὸν
1336 1671 1606 1741 Τρινόϐου
1633 1670 1695 1722 16
1728 1669 2096 1738 ὀνομάζεσθαι

515 1762 864 1830 πατριάρχην
925 1762 1291 1833 Βουλγαρίας,
1346 1763 1406 1815 ού
1442 1763 1631 1831 μέντοι
1677 1757 1819 1814 εἶναι
1850 1760 1941 1812 καὶ
1973 1774 2098 1812 συν-

429 1886 432 1890 -
517 1854 772 1921 αρίθμιον
802 1855 911 1916 τοῖς
942 1855 1152 1914 λοιποῖς
1197 1854 1530 1920 ἁγιωτάτοις
1566 1852 1960 1921 πατριάρχαις,
2001 1850 2094 1901 καὶ

516 1943 605 1996 διὰ
624 1943 782 1996 τοῦτο
818 1946 954 2016 μηδὲ
1014 1945 1455 2014 μνημονεύεσθαι
1475 1946 1531 1997 ἐν
1560 1947 1671 2006 τοῖς
1711 1945 1876 2013 ίεροῖς
1905 1940 2095 1994 διπτύ-

519 2051 633 2103 χοις
666 2037 809 2088 κατά
839 2037 932 2090 τὸν
956 2036 1098 2089 θεῖον
1121 2039 1217 2091 καὶ
1247 2036 1392 2105 ἱερὸν
1424 2036 1627 2088 κανόνα
1649 2036 1745 2104 τῆς
1775 2034 1816 2086 δ’
1849 2032 2094 2100 συνόδου,

519 2124 750 2192 λέγοντα
804 2128 898 2180 ἐπὶ
951 2127 1152 2192 λέξεως
1203 2127 1386 2180 οὓτω·
1451 2145 1469 2178 ι
1505 2120 1790 2195 Πανταχοῦ
1842 2125 1956 2184 τοῖς
1984 2125 2096 2175 τῶν

519 2217 692 2285 ἁγίων
727 2219 987 2287 Πατέρων
1015 2220 1162 2288 ὅροις
1191 2219 1451 2288 ἑπόμενοι
1485 2220 1581 2272 καὶ
1613 2218 1704 2270 16v
1735 2215 1935 2286 ἀρτίως
1967 2216 2097 2268 ἀνα-

521 2307 836 2373 γνωσθέντα
883 2311 1085 2360 κανόνα
1135 2309 1247 2362 τῶν
1280 2315 1356 2379 ρν¹
1408 2307 1843 2378 θεοφιλεστάτων
1877 2306 2099 2359 ἐπισκό-

525 2411 644 2447 πων
689 2396 1041 2465 γνωρίζοντες
1075 2397 1143 2448 τὰ
1193 2397 1334 2448 αὐτὰ.
1366 2397 1460 2448 καὶ
1488 2397 1647 2464 ήμείς
1719 2395 1978 2464 ὁρίζομεν
2006 2397 2101 2448 καὶ

523 2487 877 2558 ψηφιζόμεθα
929 2491 1057 2556 περὶ
1113 2490 1225 2540 τῶν
1283 2488 1593 2559 πρεσϐείων
1650 2488 1751 2556 τῆς
1786 2488 2102 2556 ἁγιωτάτης

539 2579 870 2649 Ἐκκλησίας
928 2580 1558 2643 Κωνσταντινουπόλεως
1621 2573 1770 2642 Νέας
1841 2578 2099 2647 Ῥώμην

528 2673 620 2724 καὶ
646 2675 754 2739 γὰρ
776 2669 854 2740 τῷ
885 2671 1060 2741 θρόνῳ
1098 2672 1198 2740 τῆς
1231 2671 1618 2742 πρεσϐυτέρας
1655 2671 1896 2742 Ῥώμης,
1930 2671 2019 2723 διά
2043 2670 2105 2723 τὸ

527 2761 836 2830 βασιλεύειν
885 2763 987 2832 τὴν
1040 2763 1199 2816 πόλιν
1253 2763 1498 2832 ἐκείνην,
1531 2763 1579 2816 οί
1609 2762 1853 2832 Πατέρες
1877 2761 2104 2824 εἰκότως

528 2855 904 2909 ἀποδεδώκασι
930 2858 999 2910 τά
1029 2856 1320 2926 πρεσϐεῖα.
1365 2857 1476 2909 Καὶ
1503 2853 1580 2924 τῷ
1609 2853 1758 2924 αὐτῷ
1797 2853 1984 2923 σκοπῷ
2018 2870 2107 2906 κι-

529 2951 781 3017 νούμενοι
837 2952 886 3001 οἱ
947 2947 1026 3020 ρν¹
1065 2950 1477 3018 θεοφιλέστατοι
1533 2948 1828 3001 ἐπίσκοποι
1887 2947 1955 3000 τὰ
2016 2946 2108 3000 ίσα

531 3041 800 3110 πρεσϐεῖα
821 3042 1129 3111 ἀπένειμαν
1154 3040 1232 3109 τῷ
1257 3043 1354 3110 τῆς
1381 3039 1529 3102 Νέας
1566 3038 1784 3108 Ῥώμης
1816 3037 2108 3108 ἁγιωτάτῳ

2183 568 2308 630 τοὺς
2333 567 2526 630 ἀλλους
2548 567 2894 636 πατριάρχας
2925 565 2984 618 έν
3010 565 3125 626 τοῖς
3158 557 3640 631 ἱεροῖςδιπτύχοις
3667 559 3765 612 καὶ

2183 658 2358 720 οὕτως
2386 658 2695 722 ἀποσώζειν
2748 657 2843 710 καὶ
2873 655 3038 709 αὐτὸν
3073 657 3132 708 ἐν
3166 656 3233 724 τῇ
3293 651 3565 720 ἐκκλησίᾳ
3596 647 3764 703 αὐτοῦ

2185 751 2277 803 16v
2303 750 2474 802 τύπον
2523 748 2624 818 τῆς
2657 747 3121 818 ὲκκλησιαστικῆς
3176 743 3594 804 καταστάσεως,
3630 741 3769 793 κάν-

2187 838 2380 892 τεῦθεν
2421 838 2716 908 φαίνεσθαι
2766 839 3044 909 ἡνωμένος
3069 837 3165 890 καὶ
3211 832 3573 904 συναρίθμιος
3600 832 3767 902 ἡμῖν’

2187 923 2342 995 οὗτος
2369 931 2666 985 δὲ’ἀθετῶν
2711 932 2772 984 οὑ
2826 930 3009 992 καλῶς
3046 930 3139 983 τὸν
3189 926 3439 980 τοιοῦτον
3473 924 3773 991 ἐκκλησια-

2192 1022 2378 1075 στικὸν
2421 1021 2625 1092 θεσμὸν
2681 1025 2775 1075 καὶ
2825 1020 3178 1091 ἀποσκιρτῶν
3212 1021 3312 1088 τῆς
3359 1014 3645 1082 ὑποταγῆς
3671 1013 3775 1078 τῆς

2193 1113 2352 1186 ἡμῶν
2404 1115 2761 1186 μετριότητος
2825 1112 3056 1182 καὶτῆς
3105 1109 3406 1178 καθολικῆς
3436 1103 3773 1175 Ἐκκλησίας

2193 1205 2354 1271 Θεοῦ,
2394 1207 2454 1270 ἐξ
2501 1200 2589 1278 ἧς,
2646 1207 2721 1269 ὼς
2753 1206 3091 1270 διείληπται,
3137 1204 3197 1255 16
3227 1198 3373 1255 εἶναι
3422 1200 3775 1268 πατριάρχης

2194 1299 2334 1350 κατά
2365 1295 2775 1364 συγκατάϐασιν
2803 1295 2938 1365 ἔχει,
2973 1293 3230 1364 οὐδεμίαν
3267 1293 3506 1345 ποιεῖται
3550 1288 3778 1357 μνήμην

2194 1387 2295 1458 τῆς
2322 1388 2480 1458 ἡμῶν
2505 1387 2884 1457 μετριότητος,
2938 1389 3175 1455 πρᾶγμα
3215 1384 3387 1437 ποιῶν
3416 1379 3778 1436 ἀτοπώτατον

2196 1482 2290 1534 καὶ
2319 1480 2424 1544 ἔξω
2465 1478 2576 1532 τῶν
2600 1480 2657 1545 ἐξ
2689 1480 2864 1548 ἀρχῆς
2914 1477 3247 1549 συμφωνιῶν
3300 1475 3410 1529 τῶν
3441 1470 3780 1540 ἀποταχθει-

2199 1574 2309 1626 σῶν
2350 1573 2438 1626 διὰ
2467 1572 2560 1625 τοῦ
2595 1571 2762 1640 τόμου
2785 1571 2880 1624 τοῦ
2915 1570 3219 1639 ἀγιωτάτου
3264 1567 3617 1636 πατριάρχου
3668 1559 3776 1629 κῦρ

2198 1652 2482 1735 Γερμανοῦ
2505 1679 2520 1695 ·
2577 1663 2711 1732 φησὶ
2766 1664 2875 1732 γὰρ
2908 1664 2935 1714 6
2975 1663 3138 1724 αὐτὸς
3193 1658 3548 1728 πατριάρχης
3579 1654 3638 1707 έν
3669 1670 3780 1704 τινι

2199 1757 2308 1810 τῶν
2369 1753 2566 1807 ἑαυτοῦ
2626 1753 3084 1823 συγγραμμάτων
3140 1749 3593 1817 ἀπολογούμενος
3642 1746 3779 1812 περὶ

2193 1848 2434 1902 τούτων·
2477 1867 2496 1899 ι
2536 1845 2610 1900 T6
2639 1846 2694 1899 δὲ
2720 1846 2994 1916 ήμέτερνν
3025 1846 3122 1914 οὐχ
3168 1843 3343 1904 οὕτως
3370 1840 3509 1909 ἔχει,
3538 1839 3639 1906 οὐχ
3673 1836 3766 1888 οὖ-

2193 1955 2323 2005 τως,
2354 1939 2488 1992 ἀλλὰ
2509 1939 2782 2008 κοσμικὴν
2810 1938 2909 2008 τὴν
2942 1936 3330 2006 κοινωφέλειαν
3369 1930 3780 1999 ἐπαγγελλόμε-

2195 2048 2286 2084 νον
2315 2030 2397 2101 τῷ
2444 2030 2798 2100 τετιμημένῳ
2863 2029 2955 2082 τοῦ
3014 2028 3123 2081 τῶν
3181 2025 3512 2093 Βουλγάρων
3583 2021 3778 2080 ἔθνους

2197 2125 2468 2194 ἀρχιερεῖ,
2519 2123 2584 2176 16
2613 2123 2983 2191 αὐτοκέφαλον
3030 2116 3175 2174 εἶναι
3199 2118 3500 2187 ὀλόκληρον
3530 2116 3634 2167 οῦκ
3665 2116 3776 2164 ἑτοο

2202 2216 2583 2286 μογράφησεν,
2617 2215 2754 2268 ἀλλά
2798 2215 3205 2284 δασμοφορήσει
3253 2211 3436 2273 πάλιν,
3461 2206 3610 2262 τοῦτ’
3635 2207 3773 2264 ἔστι.

2200 2307 2362 2360 δώσει
2384 2308 2512 2376 τέλη
2541 2307 2638 2360 καὶ
2667 2307 2866 2376 φόρους
2899 2305 2976 2376 τῷ
3014 2304 3312 2374 τιμήσαντι
3337 2300 3666 2372 πατριάρχῃ
3686 2298 3780 2348 καὶ

2200 2401 2298 2468 τὴν
2328 2398 2422 2451 τοῦ
2465 2398 2729 2467 ὀνόματος
2768 2396 2936 2450 αὐτοῦ
2989 2397 3077 2448 ἐπ’
3106 2395 3411 2457 ἐκκλησίας
3464 2391 3775 2459 ἀναφοράν,

2201 2489 2279 2552 ὡς
2309 2488 2670 2557 συνεισφοράν
2692 2528 2706 2553 ,
2733 2487 2806 2549 ὠς
2835 2481 2915 2547 εἷς
2946 2485 3056 2538 τῶν
3087 2483 3193 2537 ὑπὸ
3211 2485 3311 2554 τὴν
3335 2480 3780 2536 Κωνσταντινσύ·

2205 2581 2362 2634 πολιν
2395 2579 2834 2650 μητροπολιτῶν,
2865 2579 2962 2632 καὶ
2989 2578 3068 2640 είς
3091 2575 3464 2646 λογιστεύσεις
3491 2575 3591 2628 καὶ
3624 2573 3785 2626 εὐθύ-

2203 2689 2324 2736 νας,
2356 2671 2500 2723 τοῦτ’
2553 2671 2689 2733 ἔστι,
2721 2671 2934 2739 κρίσεις
2985 2671 3304 2740 ἀχθήσεται,
3333 2668 3472 2721 ἐπάν
3504 2666 3636 2720 ποτὲ
3705 2681 3785 2726 τις

2205 2763 2588 2831 παρατραπεὶς
2605 2762 2697 2831 τῆς
2717 2762 3084 2830 δασμοφορίας
3110 2761 3420 2831 ἐξελεγχθῇ.
3451 2778 3470 2811 ι
3501 2759 3666 2812 οὕτω
3691 2758 3787 2825 μὲν

2207 2856 2241 2926 ή
2273 2855 2569 2924 ὑπόσχεσις
2618 2856 2712 2908 καὶ
2765 2858 2797 2924 ἡ
2849 2858 3144 2924 συμφωνία
3179 2856 3279 2925 τῆς
3302 2857 3412 2910 τῶν
3453 2857 3787 2926 Βουλγάρων

2207 2945 2501 3014 ἐκκλησίας
2532 2945 2670 3016 πρὸς
2698 2946 2801 3013 τὴν
2826 2944 3428 3000 Κωνσταντινούπολιν.
3465 2949 3580 3001 Καὶ
3613 2949 3786 3017 χωρὶς

2208 3034 2273 3103 δὴ
2303 3035 2520 3100 τούτου,
2562 3037 2610 3088 εί
2629 3038 2658 3087 6
2686 3039 2783 3106 τῆς
2813 3037 3443 3103 Κωνσταντινουπόλεως
3471 3041 3670 3110 θρόνος
3695 3043 3789 3094 καὶ

533 3133 733 3201 θρόνῳ,
769 3133 1008 3199 εὐλόγως
1056 3132 1349 3201 κρίναντες
1404 3129 1502 3200 τὴν
1538 3129 1790 3200 βασιλείᾳ
1835 3131 1930 3183 καὶ
1973 3147 2107 3200 συγ.
2138 3146 2182 3205 ο
2214 3132 2312 3192 τάς
2337 3129 2447 3184 τῶν
2479 3129 2656 3184 ἄλλων
2689 3129 3051 3200 πατριαρχῶν
3081 3132 3316 3203 κρίσεις,
3349 3133 3788 3204 Ἀλεξανδρείας,

535 3227 720 3296 κλήτῳ
763 3224 1088 3295 τιμηθεῖσαν
1121 3223 1274 3278 πόλιν
1327 3224 1420 3277 καὶ
1467 3223 1578 3276 τῶν
1624 3223 1752 3275 ίσων
1809 3224 2112 3278 ἀπολαύου-

429 3384 435 3391 ν
537 3337 638 3371 σαν
674 3317 976 3387 πρεσϐείων
1028 3319 1095 3387 τῇ
1135 3307 1484 3389 πρεσϐυτέρα
1536 3317 1766 3386 βασιλίδι
1802 3318 1988 3388 Ῥώμῃ
2018 3318 2112 3370 καὶ

535 3413 726 3472 ἐντοῖς
787 3409 1258 3476 ἐκκλησιαστικαῖς
1311 3409 1386 3471 ὼς
1424 3409 1640 3476 ἐκείνην
1703 3409 2108 3477 μεγαλύνεσθαι

536 3503 850 3574 πράγμασι,
913 3501 1170 3570 δευτέραν
1232 3501 1352 3571 μετ’
1401 3500 1617 3570 ἐκείνην
1666 3499 2047 3573 ὑπάρχουσαν.
2085 3520 2103 3552 ι

548 3595 785 3665 Ὀμοίως
827 3596 919 3647 καὶ
981 3595 1122 3648 κατὰ
1179 3594 1269 3646 τὸν
1308 3595 1406 3663 τῆς
1441 3594 1606 3661 ἕκτης
1639 3592 1859 3647 συνόδου
1913 3595 2115 3648 κανόνα

536 3687 926 3757 διαγορεύοντα
958 3686 1255 3758 διαρρήδην
1284 3686 1378 3738 ἐπὶ
1399 3685 1598 3752 λέξεως
1620 3687 1852 3740 οὑτωσίν
1876 3703 1890 3717 ο
1917 3687 2114 3738 «Ἀνα-

541 3785 826 3852 νεούμενοι
856 3783 923 3835 τά
947 3781 1099 3849 παρά
1135 3777 1242 3832 τῶν
1273 3780 1557 3849 ρν-άγίων
1601 3778 1861 3847 Πατέρων
1905 3779 2015 3832 τῶν
2057 3782 2115 3833 ὲν

541 3879 606 3944 τῇ
643 3873 997 3943 θεοιρυλάκτῳ
1022 3871 1193 3942 ταύτῃ
1233 3873 1329 3924 καῖ
1348 3870 1586 3940 βασιλίδι
1634 3872 1790 3924 πόλει
1824 3871 2115 3924 συνελθόν-

539 3984 649 4020 των
702 3968 796 4019 καὶ
836 3966 943 4019 τῶν
979 3965 1060 4034 χλ¹
1118 3963 1228 4017 τῶν
1280 3965 1339 4016 έν
1390 3963 1696 4034 Χαλκηδόνι
1749 3963 2117 4016 συνελθόντων

542 4057 1000 4126 νομοθετηθέντα,
1050 4056 1330 4124 ὁρίζομεν,
1365 4052 1513 4108 ὥστε
1539 4055 1630 4106 τὸν
1673 4037 2119 4107 Κωνσταντινου-

545 4146 753 4214 πόλεως
779 4151 968 4221 θρόνον
1000 4149 1107 4202 τῶν
1149 4149 1280 4202 ἴσων
1315 4147 1614 4200 ἀπολαύειν
1666 4147 1978 4214 πρεσϐείων
2021 4146 2118 4201 τοῦ

547 4245 645 4313 τῆς
676 4244 1059 4314 πρεσϐυτέρας
1095 4241 1316 4309 Ῥώμης
1339 4239 1534 4308 θρόνου
1569 4242 1663 4293 καὶ
1692 4240 1751 4290 ὲν
1782 4242 1894 4302 τοῖς
1921 4239 2121 4308 ἐκκλη-

549 4337 846 4394 σιαστικοῖς
867 4333 940 4394 ὡς
973 4335 1179 4384 ἐκεῖνον
1217 4329 1624 4398 μεγαλύνεσθαι
1649 4331 1966 4400 πράγμασι,
1999 4331 2122 4385 δεύ-

548 4440 710 4492 τερον
748 4421 866 4490 μετ’
897 4423 1106 4473 ἐκεῖνον
1138 4421 1474 4490 ὑπάρχοντα,
1513 4421 1630 4490 μεθ’
1661 4422 1719 4474 ὃν
1748 4425 1777 4474 ό
1809 4423 1906 4490 τῆς
1939 4422 2096 4487 ’Δλεξ

2229 3222 2565 3292 Ἀντιοχείας
2589 3223 2688 3276 καὶ
2727 3222 3140 3296 Ἰεροσολύμων,
3173 3224 3271 3276 καὶ
3310 3225 3672 3294 ὲπανακρίνει
3699 3227 3792 3279 καὶ

2213 3313 2482 3368 διευθετεῖ
2508 3317 2603 3369 καὶ
2631 3315 3024 3385 ἐπιψηφίζεται
3050 3315 3146 3369 καὶ
3177 3317 3239 3368 16
3263 3315 3429 3386 κῦρος
3453 3317 3695 3380 δίδωσιν,
3714 3318 3791 3381 ὥς

2215 3408 2264 3459 οἱ
2288 3407 2421 3460 θεῖοι
2443 3409 2670 3470 κανόνες
2689 3407 3073 3480 διαγορεύουσι
3097 3409 3192 3462 καὶ
3215 3409 3270 3463 αί
3289 3409 3518 3477 πράξεις
3545 3411 3795 3480 ἐπεμαρ-

2214 3497 2483 3566 τύρησαν,
2513 3483 2632 3563 πῶς
2659 3500 2721 3552 οὐ
2756 3499 2936 3568 πολλῷ
2974 3501 3175 3570 μᾶλλον
3202 3502 3298 3572 τῆς
3321 3502 3428 3555 τῶν
3458 3504 3794 3575 Βουλγάρων

2215 3591 2511 3662 ἐκκλησίας
2564 3593 2593 3645 6
2641 3592 2828 3664 θρόνος
2873 3591 3026 3657 οὗτος
3079 3596 3265 3667 κύριος
3320 3596 3516 3662 ἔσται,
3565 3601 3704 3668 παρ’
3731 3598 3795 3652 οὗ

2217 3686 2312 3736 καὶ
2341 3684 2403 3736 τὸ
2457 3683 2825 3753 ὀνομάζεσθαι
2863 3685 3210 3756 πατριάρχης
3249 3689 3578 3760 τετίμηται;
3631 3692 3800 3745 Ἀλλά

2217 3774 2524 3841 γινώσκετε
2578 3776 2792 3842 σαφῶς,
2853 3776 2934 3830 ὅτι
2989 3779 3150 3848 είπερ
3183 3779 3286 3832 οὐκ
3332 3776 3400 3850 ἦν
3448 3783 3480 3850 ή
3521 3785 3662 3852 πρὸς
3707 3787 3799 3836 τὸν

2219 3866 2552 3937 ὑψηλότατον
2584 3867 2811 3936 βασιλέα
2839 3869 2947 3922 τῶν
2973 3868 3326 3940 Βουλγάρων,
3357 3874 3416 3926 έν
3447 3875 3588 3946 ἁγίῳ
3623 3877 3798 3929 Πνεύ-

2223 3977 2355 4029 ματι
2391 3961 2768 4029 γνησιώτατον
2794 3963 2911 4015 υἱὸν
2951 3965 3048 4031 τῆς
3071 3963 3235 4035 ⁴ήμῶν
3285 3967 3667 4039 μετριότητος,
3692 3973 3799 4040 κερ

2233 4051 2490 4122 Ἰωάννην
2530 4055 2623 4106 τὸν
2657 4055 2881 4122 Ἀσάνη,
2920 4056 3221 4128 εἰλικρινής
3273 4059 3460 4130 σχέσις
3486 4064 3586 4115 καὶ
3619 4065 3800 4117 διάθε-

2221 4159 2304 4206 σις
2340 4144 2511 4213 αὐτῆς
2541 4145 2638 4197 καὶ
2668 4145 2729 4197 16
2758 4147 2833 4216 μὴ
2868 4147 3178 4218 λυπηθῆναι
3220 4149 3410 4205 τοῦτον
3433 4153 3523 4206 διά
3559 4155 3662 4225 τὴν
3690 4175 3796 4210 τοι-

2222 4235 2395 4305 αύτην
2429 4233 2632 4296 αίτίαν.
2670 4234 2815 4308 εἶχεν
2846 4239 2954 4292 ἀπὸ
2974 4240 3188 4295 δικαίου
3239 4245 3271 4314 ή
3315 4247 3611 4317 μετριότης
3642 4251 3798 4320 ήμῶν

2221 4330 2295 4390 ὡς
2324 4329 2708 4399 οίκουμενικδς
2754 4333 3126 4404 πατριάρχης,
3184 4336 3272 4390 διὰ
3298 4339 3396 4407 τῆς
3428 4339 3522 4392 τοῦ
3557 4342 3798 4411 Χριστοῦ

2225 4423 2469 4493 χάριτος,
2491 4425 2864 4491 ἀνακρῖναιτά
2883 4427 3005 4479 κατ’
3030 4427 3196 4482 αὑτὸν
3217 4429 3313 4482 καὶ
3347 4429 3604 4496 ἐξετάσαι
3627 4437 3800 4489 ταῦτα

551 4489 788 4584 ανδρέων
827 4513 1246 4583 μεγαλοπόλεως
1283 4489 1625 4582 ἀριθμείσθω
1669 4489 1877 4583 θρόνος,
1930 4512 2049 4568 εἶτα
2095 4517 2122 4569 6
2155 4489 2198 4543 θ
2224 4489 2310 4575 ξιξ
2338 4515 2434 4583 τὴν
2465 4513 2588 4566 καθ’
2639 4489 2788 4583 ήμᾶς
2821 4517 2973 4584 ίεράν
3023 4520 3120 4572 καὶ
3158 4489 3404 4589 μεγάλην
3451 4526 3695 4586 σύνοδον,
3727 4530 3802 4593 ῶς

550 4609 650 4675 τῆς
687 4606 1017 4676 Ἀντιοχείας
1040 4606 1134 4657 καὶ
1177 4604 1317 4673 μετά
1351 4605 1544 4657 τοῦτον
1573 4607 1600 4658 6
1625 4604 1725 4674 τῆς
1759 4605 2123 4676 Ἰεροσολυμι-

551 4701 659 4752 τῶν
682 4699 906 4761 πόλεως.
940 4717 959 4750 ι
1012 4698 1231 4768 Ἐπειδὴ
1264 4701 1421 4751 πέντε
1449 4700 1786 4768 πατριάρχαι
1815 4701 2122 4770 ἐτάχθησαν

551 4793 612 4845 16
643 4794 763 4844 κατ’
792 4790 963 4861 ἀρχὰς
986 4791 1138 4858 παρὰ
1163 4790 1260 4858 τῆς
1297 4790 1591 4860 καθολικῆς
1632 4790 1728 4843 καὶ
1756 4792 2120 4864 ἀποστολικῆς

565 4886 892 4948 ’ίίκκλησίας
949 4882 1214 4951 Χριστοῦ,
1259 4883 1453 4951 μέχρις
1487 4882 1553 4936 ἂν
1581 4884 1750 4953 συνῆν
1802 4886 1933 4955 ἡμῖν
1963 4888 2058 4939 καὶ
2085 4889 2114 4939 6

553 4980 784 5039 πάππας
851 4976 1090 5046 Ῥώμης,
1138 4974 1322 5027 ἔκτοτε
1381 4975 1438 5028 δὲ
1493 4977 1657 5046 μέχρι
1713 4975 1804 5028 τοῦ
1840 4975 1936 5031 νῦν
1982 4979 2125 5030 εἰσιν

552 5071 824 5141 ήνωμένοι
877 5071 926 5120 οί
966 5069 1255 5137 τέσσαρες,
1306 5067 1502 5130 οἵτινες
1565 5069 1850 5121 κοινωνίαν
1902 5069 2121 5139 ἔχοντες

555 5162 939 5220 ἀδιασπάστως
986 5161 1420 5230 μνημονεύονται
1456 5160 1585 5230 παρ’
1633 5161 1885 5231 ἀλλήλων
1914 5163 1972 5214 έν
2001 5165 2124 5224 ταῖς

558 5257 1044 5324 ἐκκλησιαστικαῖς
1097 5254 1302 5316 πάσαις
1351 5252 1655 5317 συνάξεσιν.
1703 5255 1851 5306 Ἔδει
1877 5254 2010 5321 γοῦν
2034 5255 2125 5306 τὸν

559 5349 822 5418 Τρινόϐου
862 5347 1233 5416 πατριάρχην,
1255 5345 1371 5413 ἅμα
1408 5347 1504 5414 μὲν
1534 5345 1601 5396 δι’
1633 5346 1698 5416 ἣν
1731 5345 1964 5414 ώερειλεν
1984 5347 2127 5415 ἔχειν

560 5441 840 5510 ὑποταγὴν
873 5441 954 5502 είς
985 5442 1083 5510 τήν
1123 5441 1244 5492 καθ’
1297 5441 1444 5508 ἡμᾶς
1505 5439 1820 5506 ἀγιωτάτην
1869 5438 1963 5490 τοῦ
1992 5439 2128 5491 Θεοῦ

558 5535 821 5603 Μεγάλην
881 5531 1234 5599 Ἐκκλησίαν,
1291 5530 1421 5598 παρ’
1453 5526 1518 5600 ἦς
1567 5531 1759 5600 εἴληφε
1786 5533 1878 5584 καὶ
1899 5533 1958 5584 16
1993 5528 2132 5583 εἶναι

560 5631 649 5679 καί
681 5627 741 5678 16
779 5623 1144 5693 ὀνομάζεσθαι
1180 5617 1550 5693 πατριάρχης,
1585 5624 1701 5691 ἅμα
1745 5624 1801 5676 δὲ
1833 5626 1923 5676 καὶ
1953 5625 2040 5678 διὰ
2069 5626 2129 5676 τὸ

567 5721 970 5789 περιποιεῖσθαι
1011 5718 1192 5785 ἐαυτῷ
1215 5717 1384 5786 τιμὴν
1415 5720 1510 5770 καὶ
1531 5718 1815 5769 κοινωνίαν
1845 5717 1944 5787 τῆς
1970 5719 2164 5788 ἡμῶνο

570 5812 916 5880 μετριότητος
970 5814 1060 5864 καὶ
1094 5809 1204 5862 τῶν
1240 5809 1416 5866 ἄλλων
1467 5813 1841 5882 πατριάρχῶν,
1877 5812 2126 5881 ἀνέιγκην

2231 4605 2396 4675 μέχρι
2427 4606 2522 4658 τοῦ
2557 4605 2650 4660 νῦν
2685 4607 2760 4679 μὴ
2783 4611 3185 4679 γινωσκόμενα,
3211 4614 3303 4666 καὶ
3330 4615 3362 4684 ἢ
3396 4615 3583 4670 λαϐεῖν
3611 4619 3802 4674 τοῦτον

2224 4699 2516 4770 διόρθωσιν
2547 4701 2579 4773 ἢ
2619 4703 2921 4765 κανονικῶς
2956 4699 3201 4770 εὐθῦναι,
3254 4706 3330 4770 ὡς
3361 4708 3664 4766 ἀθετοῦντα
3707 4715 3803 4784 τὴν

2224 4789 2560 4862 Ἐκκλησίαν
2610 4793 2913 4864 προδήλως,
2956 4795 3016 4859 ἐξ
3044 4792 3132 4868 ἧς,
3166 4797 3240 4860 ὡς
3273 4800 3534 4864 πολλάκις
3562 4806 3802 4875 εῐρηται,

2225 4884 2286 4936 16
2310 4881 2449 4938 εἶναι
2507 4887 2858 4955 πατριάρχης
2885 4889 3255 4958 κεκλήρωται,
3304 4891 3336 4962 ἢ
3371 4894 3430 4946 τό
3462 4912 3525 4961 γε
3550 4897 3805 4967 δεύτερον

2230 4977 2609 5048 ἀποστερῆσαι
2638 4978 2828 5031 τοῦτον
2850 4977 2945 5031 τοῦ
2965 4982 3207 5034 τοιούτου
3239 4983 3505 5052 ὀνόματος
3524 5005 3538 5017 ⁸
3560 4990 3592 5058 ή
3626 4989 3684 5042 δὲ
3710 4991 3804 5043 τοῦ

2230 5069 2474 5122 τοιούτου
2537 5070 2804 5138 βασιλέως
2853 5071 3038 5141 ἀγάπη
3074 5075 3166 5126 καὶ
3216 5075 3459 5143 διάθεσις
3503 5082 3682 5134 πείθει
3708 5085 3806 5153 ὲᾷν

2231 5160 2777 5230 ἀπολυπραγμόνητα
2809 5162 2996 5228 ταῦτα,
3053 5167 3247 5235 μέχρις
3295 5169 3361 5220 ἂν
3386 5171 3676 5239 διόρθωσιν
3711 5174 3808 5227 λάε

2234 5254 2380 5306 ϐοιεν
2435 5255 2586 5325 παρά
2621 5256 2714 5308 τοῦ
2769 5256 2934 5308 αὐτοῦ
2978 5260 3322 5328 πατριάρχου
3361 5261 3656 5330 Τρινόϐου·
3710 5269 3807 5319 καὶ

2235 5345 2410 5400 ταῦτα
2441 5347 2539 5415 μὲν
2569 5347 2695 5417 περὶ
2724 5347 2816 5400 τοῦ
2838 5348 2955 5410 ἐνὸς
2980 5351 3301 5416 κεφαλαίου.
3329 5353 3401 5405 Τὸ
3427 5354 3482 5406 δὲ
3517 5356 3581 5425 δὴ
3615 5359 3811 5425 βαπτί-

2237 5438 2350 5502 ζειν
2383 5442 2512 5501 τοὺς
2534 5440 2703 5508 ίερεῖς
2733 5439 2842 5493 τῶν
2871 5442 3202 5513 Βουλγάρων
3227 5447 3307 5506 είς
3344 5446 3472 5513 μίαν
3510 5452 3811 5504 κατάδυσιν

2237 5533 2332 5584 καὶ
2381 5532 2825 5602 περιρραντίςειν
2864 5533 3085 5599 αὐτοὺς,
3145 5534 3220 5598 ὡς
3259 5536 3469 5606 ἔτυχεν,
3502 5537 3661 5594 ὕδατί
3694 5544 3809 5594 ἐστι

2241 5626 2479 5693 πρᾶγμα
2505 5624 2857 5678 ἀτοπώτατον
2885 5626 2981 5677 καὶ
3015 5626 3333 5690 δυσσεϐείας
3387 5630 3706 5699 ἀνάμεστον
3733 5648 3748 5662 ο
3779 5637 3810 5703 η

2241 5722 2348 5788 γὰρ
2381 5717 2624 5783 διάταξις
2674 5719 2782 5770 τῶν
2821 5717 2991 5784 άγίων
3035 5717 3260 5782 ἐνδόξων
3291 5720 3385 5771 καὶ
3427 5725 3811 5794 πανευφήμων

2240 5809 2557 5864 ἀποστόλων
2591 5813 2684 5864 καὶ
2711 5812 2759 5864 oi
2787 5811 2923 5878 ίεροὶ
2948 5809 3147 5864 τούτων
3179 5813 3404 5876 κανόνες
3437 5813 3658 5881 πάντας
3684 5818 3811 5880 τοὺς
