  <div class='ocr_page' id='page_1' title='image "/cluster/home/n/w/nwhite01/storage/ocr_20150623/152/mdp.39015078384735/730.png"; bbox 0 0 4026 6264; ppageno 0'>
   <div class='ocr_carea' id='block_1_1' title="bbox 279 347 421 421">
    <p class='ocr_par' dir='ltr' id='par_1_1' title="bbox 279 347 421 421">
     <span class='ocr_line' id='line_1_1' title="bbox 279 347 421 421; baseline -0.007 0"><span class='ocrx_word' id='word_1_1' title='bbox 279 347 421 421; x_wconf 66' lang='grc' dir='ltr'>Ἰξίίί</span> 
     </span>
    </p>
   </div>
   <div class='ocr_carea' id='block_1_2' title="bbox 1358 343 2483 415">
    <p class='ocr_par' dir='ltr' id='par_1_2' title="bbox 1358 343 2483 415">
     <span class='ocr_line' id='line_1_2' title="bbox 1358 343 2483 415; baseline -0.004 0"><span class='ocrx_word' id='word_1_2' title='bbox 1358 344 1755 415; x_wconf 76' lang='lat' dir='ltr'>SYNODlC/E</span> <span class='ocrx_word' id='word_1_3' title='bbox 1799 343 2483 412; x_wconf 85' lang='lat' dir='ltr'>CONSTITUTIONES.</span> 
     </span>
    </p>
   </div>
   <div class='ocr_carea' id='block_1_3' title="bbox 3423 338 3557 406">
    <p class='ocr_par' dir='ltr' id='par_1_3' title="bbox 3423 338 3557 406">
     <span class='ocr_line' id='line_1_3' title="bbox 3423 338 3557 406; baseline -0.015 -1"><span class='ocrx_word' id='word_1_4' title='bbox 3423 338 3557 406; x_wconf 75' lang='grc'>1446</span> 
     </span>
    </p>
   </div>
   <div class='ocr_carea' id='block_1_4' title="bbox 281 458 3558 549">
    <p class='ocr_par' dir='ltr' id='par_1_4' title="bbox 281 458 3558 549">
     <span class='ocr_line' id='line_1_4' title="bbox 281 458 3558 549; baseline -0.004 -19"><span class='ocrx_word' id='word_1_5' title='bbox 281 495 374 531; x_wconf 85' lang='grc' dir='ltr'>του</span> <span class='ocrx_word' id='word_1_6' title='bbox 399 477 694 549; x_wconf 84' lang='grc' dir='ltr'>θεαρέστου</span> <span class='ocrx_word' id='word_1_7' title='bbox 718 475 881 544; x_wconf 84' lang='grc' dir='ltr'>έργου</span> <span class='ocrx_word' id='word_1_8' title='bbox 918 475 1010 527; x_wconf 68' lang='grc' dir='ltr'>καὶ</span> <span class='ocrx_word' id='word_1_9' title='bbox 1037 473 1334 543; x_wconf 89' lang='grc' dir='ltr'>σωτηρίου,</span> <span class='ocrx_word' id='word_1_10' title='bbox 1359 471 1546 537; x_wconf 76' lang='grc' dir='ltr'>ἐπειδὴ</span> <span class='ocrx_word' id='word_1_11' title='bbox 1570 470 1672 538; x_wconf 82' lang='grc' dir='ltr'>τῆς</span> <span class='ocrx_word' id='word_1_12' title='bbox 1699 469 1875 536; x_wconf 86' lang='grc' dir='ltr'>άρπα-</span> <span class='ocrx_word' id='word_1_13' title='bbox 1908 470 1947 524; x_wconf 81' lang='grc' dir='ltr'><strong>Α</strong></span> <span class='ocrx_word' id='word_1_14' title='bbox 1980 465 2081 518; x_wconf 81' lang='grc' dir='ltr'>οὐκ</span> <span class='ocrx_word' id='word_1_15' title='bbox 2107 465 2221 517; x_wconf 84' lang='grc' dir='ltr'>ἔστι</span> <span class='ocrx_word' id='word_1_16' title='bbox 2276 464 2413 534; x_wconf 83' lang='grc' dir='ltr'>καλὴ</span> <span class='ocrx_word' id='word_1_17' title='bbox 2450 462 2710 534; x_wconf 83' lang='grc' dir='ltr'>συνήθεια</span> <span class='ocrx_word' id='word_1_18' title='bbox 2737 460 2895 515; x_wconf 86' lang='grc' dir='ltr'>τοῦτο</span> <span class='ocrx_word' id='word_1_19' title='bbox 2913 505 2928 528; x_wconf 92' lang='grc'>,</span> <span class='ocrx_word' id='word_1_20' title='bbox 2974 461 3030 514; x_wconf 79' lang='grc' dir='ltr'>ἀί</span> <span class='ocrx_word' id='word_1_21' title='bbox 3061 458 3352 530; x_wconf 80' lang='grc' dir='ltr'>ἐκκλησίαι</span> <span class='ocrx_word' id='word_1_22' title='bbox 3386 465 3558 516; x_wconf 85' lang='grc' dir='ltr'>πᾶσαι</span> 
     </span>
    </p>
   </div>
   <div class='ocr_carea' id='block_1_5' title="bbox 282 559 1867 637">
    <p class='ocr_par' dir='ltr' id='par_1_5' title="bbox 282 559 1867 637">
     <span class='ocr_line' id='line_1_5' title="bbox 282 559 1867 637; baseline -0.009 -13"><span class='ocrx_word' id='word_1_23' title='bbox 282 569 386 637; x_wconf 82' lang='grc' dir='ltr'>γῆς</span> <span class='ocrx_word' id='word_1_24' title='bbox 407 567 613 637; x_wconf 82' lang='grc' dir='ltr'>ταύτης</span> <span class='ocrx_word' id='word_1_25' title='bbox 640 567 805 621; x_wconf 75' lang='grc' dir='ltr'>ἓνεκα</span> <span class='ocrx_word' id='word_1_26' title='bbox 841 566 935 620; x_wconf 72' lang='grc' dir='ltr'>καὶ</span> <span class='ocrx_word' id='word_1_27' title='bbox 968 566 1027 617; x_wconf 80' lang='grc' dir='ltr'>τὸ</span> <span class='ocrx_word' id='word_1_28' title='bbox 1070 565 1370 632; x_wconf 75' lang='grc' dir='ltr'>σκάνδαλον</span> <span class='ocrx_word' id='word_1_29' title='bbox 1402 561 1500 632; x_wconf 83' lang='grc' dir='ltr'>τῆς</span> <span class='ocrx_word' id='word_1_30' title='bbox 1535 559 1867 628; x_wconf 82' lang='grc' dir='ltr'>Ἐκκλησίας</span> 
     </span>
    </p>
   </div>
   <div class='ocr_carea' id='block_1_6' title="bbox 284 652 1868 729">
    <p class='ocr_par' dir='ltr' id='par_1_6' title="bbox 284 652 1868 729">
     <span class='ocr_line' id='line_1_6' title="bbox 284 652 1868 729; baseline -0.006 -18"><span class='ocrx_word' id='word_1_31' title='bbox 284 658 471 729; x_wconf 83' lang='grc' dir='ltr'>θρόνον</span> <span class='ocrx_word' id='word_1_32' title='bbox 522 661 621 712; x_wconf 90' lang='grc' dir='ltr'>οὑκ</span> <span class='ocrx_word' id='word_1_33' title='bbox 649 658 828 727; x_wconf 80' lang='grc' dir='ltr'>ὀλίγον</span> <span class='ocrx_word' id='word_1_34' title='bbox 891 656 1276 728; x_wconf 82' lang='grc' dir='ltr'>προύχώρησε,</span> <span class='ocrx_word' id='word_1_35' title='bbox 1323 658 1419 710; x_wconf 73' lang='grc' dir='ltr'>καὶ</span> <span class='ocrx_word' id='word_1_36' title='bbox 1472 655 1704 725; x_wconf 37' lang='grc' dir='ltr'>ἡνλύμη</span> <span class='ocrx_word' id='word_1_37' title='bbox 1758 652 1868 704; x_wconf 87' lang='grc' dir='ltr'>τῶν</span> 
     </span>
    </p>
   </div>
   <div class='ocr_carea' id='block_1_7' title="bbox 283 740 1865 818">
    <p class='ocr_par' dir='ltr' id='par_1_7' title="bbox 283 740 1865 818">
     <span class='ocr_line' id='line_1_7' title="bbox 283 740 1865 818; baseline -0.005 -18"><span class='ocrx_word' id='word_1_38' title='bbox 283 750 555 801; x_wconf 79' lang='grc' dir='ltr'>τοσούτων</span> <span class='ocrx_word' id='word_1_39' title='bbox 587 749 776 818; x_wconf 82' lang='grc' dir='ltr'>ψυχῶν</span> <span class='ocrx_word' id='word_1_40' title='bbox 803 747 1105 816; x_wconf 86' lang='grc' dir='ltr'>είσεφθάρη</span> <span class='ocrx_word' id='word_1_41' title='bbox 1135 762 1148 778; x_wconf 84' lang='grc'><strong>·</strong></span> <span class='ocrx_word' id='word_1_42' title='bbox 1178 747 1301 800; x_wconf 84' lang='grc' dir='ltr'>ὅθεν</span> <span class='ocrx_word' id='word_1_43' title='bbox 1328 750 1424 798; x_wconf 70' lang='grc' dir='ltr'>καὶ</span> <span class='ocrx_word' id='word_1_44' title='bbox 1453 746 1486 813; x_wconf 79' lang='grc' dir='ltr'>ἡ</span> <span class='ocrx_word' id='word_1_45' title='bbox 1513 743 1738 808; x_wconf 82' lang='grc' dir='ltr'>τοιαύτη</span> <span class='ocrx_word' id='word_1_46' title='bbox 1771 740 1865 794; x_wconf 88' lang='grc' dir='ltr'>τοῦ</span> 
     </span>
    </p>
   </div>
   <div class='ocr_carea' id='block_1_8' title="bbox 286 833 1868 908">
    <p class='ocr_par' dir='ltr' id='par_1_8' title="bbox 286 833 1868 908">
     <span class='ocr_line' id='line_1_8' title="bbox 286 833 1868 908; baseline -0.005 -16"><span class='ocrx_word' id='word_1_47' title='bbox 286 840 433 893; x_wconf 81' lang='grc' dir='ltr'><strong>θείου</strong></span> <span class='ocrx_word' id='word_1_48' title='bbox 475 840 689 894; x_wconf 75' lang='grc' dir='ltr'>δικαίου</span> <span class='ocrx_word' id='word_1_49' title='bbox 738 841 994 904; x_wconf 75' lang='grc' dir='ltr'>ἀπόδοσις</span> <span class='ocrx_word' id='word_1_50' title='bbox 1041 839 1134 893; x_wconf 76' lang='grc' dir='ltr'>καὶ</span> <span class='ocrx_word' id='word_1_51' title='bbox 1176 841 1209 908; x_wconf 80' lang='grc' dir='ltr'><strong>ἡ</strong></span> <span class='ocrx_word' id='word_1_52' title='bbox 1255 840 1391 907; x_wconf 83' lang='grc' dir='ltr'>πρὸς</span> <span class='ocrx_word' id='word_1_53' title='bbox 1437 837 1537 905; x_wconf 77' lang='grc' dir='ltr'>τὴν</span> <span class='ocrx_word' id='word_1_54' title='bbox 1573 833 1868 902; x_wconf 79' lang='grc' dir='ltr'>καθολικὴν</span> 
     </span>
    </p>
   </div>
   <div class='ocr_carea' id='block_1_9' title="bbox 299 919 1864 1001">
    <p class='ocr_par' dir='ltr' id='par_1_9' title="bbox 299 919 1864 1001">
     <span class='ocr_line' id='line_1_9' title="bbox 299 919 1864 1001; baseline -0.004 -17"><span class='ocrx_word' id='word_1_55' title='bbox 299 919 628 1001; x_wconf 73' lang='grc' dir='ltr'>Ἐκκλησίαν</span> <span class='ocrx_word' id='word_1_56' title='bbox 662 931 976 1001; x_wconf 79' lang='grc' dir='ltr'>καταλλαγὴ</span> <span class='ocrx_word' id='word_1_57' title='bbox 1005 932 1100 984; x_wconf 67' lang='grc' dir='ltr'>καὶ</span> <span class='ocrx_word' id='word_1_58' title='bbox 1124 930 1374 997; x_wconf 82' lang='grc' dir='ltr'>ὑποταγὴ</span> <span class='ocrx_word' id='word_1_59' title='bbox 1410 926 1520 992; x_wconf 75' lang='grc' dir='ltr'>ἕξει</span> <span class='ocrx_word' id='word_1_60' title='bbox 1542 927 1603 978; x_wconf 81' lang='grc' dir='ltr'>τὸ</span> <span class='ocrx_word' id='word_1_61' title='bbox 1636 924 1864 994; x_wconf 89' lang='grc' dir='ltr'>μόνιμόν</span> 
     </span>
    </p>
   </div>
   <div class='ocr_carea' id='block_1_10' title="bbox 285 1017 1862 1092">
    <p class='ocr_par' dir='ltr' id='par_1_10' title="bbox 285 1017 1862 1092">
     <span class='ocr_line' id='line_1_10' title="bbox 285 1017 1862 1092; baseline -0.003 -19"><span class='ocrx_word' id='word_1_62' title='bbox 285 1026 345 1073; x_wconf 80' lang='grc' dir='ltr'>τε</span> <span class='ocrx_word' id='word_1_63' title='bbox 368 1022 460 1074; x_wconf 65' lang='grc' dir='ltr'>καὶ¹</span> <span class='ocrx_word' id='word_1_64' title='bbox 481 1021 820 1076; x_wconf 86' lang='grc' dir='ltr'>ἀκατάλυτον</span> <span class='ocrx_word' id='word_1_65' title='bbox 853 1023 1013 1092; x_wconf 90' lang='grc' dir='ltr'>μέχρι</span> <span class='ocrx_word' id='word_1_66' title='bbox 1048 1023 1147 1092; x_wconf 85' lang='grc' dir='ltr'>τῆς</span> <span class='ocrx_word' id='word_1_67' title='bbox 1179 1020 1493 1080; x_wconf 81' lang='grc' dir='ltr'>συντελείας</span> <span class='ocrx_word' id='word_1_68' title='bbox 1517 1017 1612 1071; x_wconf 85' lang='grc' dir='ltr'>τοῦ</span> <span class='ocrx_word' id='word_1_69' title='bbox 1644 1017 1862 1080; x_wconf 81' lang='grc' dir='ltr'>αἰῶνος,</span> 
     </span>
    </p>
   </div>
   <div class='ocr_carea' id='block_1_11' title="bbox 286 1109 1869 1186">
    <p class='ocr_par' dir='ltr' id='par_1_11' title="bbox 286 1109 1869 1186">
     <span class='ocr_line' id='line_1_11' title="bbox 286 1109 1869 1186; baseline -0.003 -20"><span class='ocrx_word' id='word_1_70' title='bbox 286 1113 446 1184; x_wconf 81' lang='grc' dir='ltr'>εἴπερ</span> <span class='ocrx_word' id='word_1_71' title='bbox 491 1116 590 1184; x_wconf 83' lang='grc' dir='ltr'>τῆς</span> <span class='ocrx_word' id='word_1_72' title='bbox 619 1115 949 1186; x_wconf 84' lang='grc' dir='ltr'>Ἕκκλησίας</span> <span class='ocrx_word' id='word_1_73' title='bbox 998 1114 1237 1182; x_wconf 77' lang='grc' dir='ltr'>Χριστοῦ</span> <span class='ocrx_word' id='word_1_74' title='bbox 1289 1115 1454 1167; x_wconf 81' lang='grc' dir='ltr'>πύλαι</span> <span class='ocrx_word' id='word_1_75' title='bbox 1500 1109 1629 1184; x_wconf 76' lang='grc' dir='ltr'>ᾅδου</span> <span class='ocrx_word' id='word_1_76' title='bbox 1675 1111 1736 1164; x_wconf 84' lang='grc' dir='ltr'>οὑ</span> <span class='ocrx_word' id='word_1_77' title='bbox 1766 1124 1869 1163; x_wconf 82' lang='grc' dir='ltr'>κα-</span> 
     </span>
    </p>
   </div>
   <div class='ocr_carea' id='block_1_12' title="bbox 284 1192 1868 1277">
    <p class='ocr_par' dir='ltr' id='par_1_12' title="bbox 284 1192 1868 1277">
     <span class='ocr_line' id='line_1_12' title="bbox 284 1192 1868 1277; baseline -0.003 -19"><span class='ocrx_word' id='word_1_78' title='bbox 284 1192 654 1277; x_wconf 86' lang='grc' dir='ltr'>τισχύσουσιν.</span> <span class='ocrx_word' id='word_1_79' title='bbox 697 1205 762 1260; x_wconf 83' lang='grc' dir='ltr'>Εί</span> <span class='ocrx_word' id='word_1_80' title='bbox 781 1224 863 1270; x_wconf 89' lang='grc' dir='ltr'>τις</span> <span class='ocrx_word' id='word_1_81' title='bbox 887 1208 945 1263; x_wconf 82' lang='grc' dir='ltr'>δὲ</span> <span class='ocrx_word' id='word_1_82' title='bbox 971 1209 1078 1260; x_wconf 91' lang='grc' dir='ltr'>τῶν</span> <span class='ocrx_word' id='word_1_83' title='bbox 1106 1208 1386 1272; x_wconf 86' lang='grc' dir='ltr'>ἁπάντων,</span> <span class='ocrx_word' id='word_1_84' title='bbox 1434 1206 1542 1258; x_wconf 80' lang='grc' dir='ltr'>τῶν</span> <span class='ocrx_word' id='word_1_85' title='bbox 1569 1222 1627 1258; x_wconf 90' lang='grc' dir='ltr'>τε</span> <span class='ocrx_word' id='word_1_86' title='bbox 1659 1203 1754 1256; x_wconf 90' lang='grc' dir='ltr'>νῦν</span> <span class='ocrx_word' id='word_1_87' title='bbox 1777 1203 1868 1256; x_wconf 78' lang='grc' dir='ltr'>δν-</span> 
     </span>
    </p>
   </div>
   <div class='ocr_carea' id='block_1_13' title="bbox 285 1294 1867 1368">
    <p class='ocr_par' dir='ltr' id='par_1_13' title="bbox 285 1294 1867 1368">
     <span class='ocr_line' id='line_1_13' title="bbox 285 1294 1867 1368; baseline -0.002 -18"><span class='ocrx_word' id='word_1_88' title='bbox 285 1315 417 1360; x_wconf 87' lang='grc' dir='ltr'>των,</span> <span class='ocrx_word' id='word_1_89' title='bbox 467 1297 576 1352; x_wconf 91' lang='grc' dir='ltr'>τῶν</span> <span class='ocrx_word' id='word_1_90' title='bbox 633 1294 681 1351; x_wconf 81' lang='grc' dir='ltr'>τ’</span> <span class='ocrx_word' id='word_1_91' title='bbox 736 1299 1014 1368; x_wconf 75' lang='grc' dir='ltr'>ἐσομένων</span> <span class='ocrx_word' id='word_1_92' title='bbox 1055 1304 1151 1352; x_wconf 73' lang='grc' dir='ltr'>καὶ</span> <span class='ocrx_word' id='word_1_93' title='bbox 1197 1297 1316 1367; x_wconf 81' lang='grc' dir='ltr'>μετ’</span> <span class='ocrx_word' id='word_1_94' title='bbox 1353 1299 1452 1367; x_wconf 87' lang='grc' dir='ltr'>ἐμέ</span> <span class='ocrx_word' id='word_1_95' title='bbox 1493 1297 1591 1365; x_wconf 85' lang='grc' dir='ltr'>τῆς</span> <span class='ocrx_word' id='word_1_96' title='bbox 1620 1295 1742 1349; x_wconf 83' lang='grc' dir='ltr'>κατ’</span> <span class='ocrx_word' id='word_1_97' title='bbox 1767 1296 1867 1364; x_wconf 76' lang='grc' dir='ltr'>ἐμὲ</span> 
     </span>
    </p>
   </div>
   <div class='ocr_carea' id='block_1_14' title="bbox 287 1389 1867 1462">
    <p class='ocr_par' dir='ltr' id='par_1_14' title="bbox 287 1389 1867 1462">
     <span class='ocr_line' id='line_1_14' title="bbox 287 1389 1867 1462; baseline -0.002 -19"><span class='ocrx_word' id='word_1_98' title='bbox 287 1391 493 1460; x_wconf 81' lang='grc' dir='ltr'><strong>ταύτης</strong></span> <span class='ocrx_word' id='word_1_99' title='bbox 523 1391 942 1461; x_wconf 85' lang='grc' dir='ltr'>ἐπειλημμένων</span> <span class='ocrx_word' id='word_1_100' title='bbox 974 1391 1172 1462; x_wconf 80' lang='grc' dir='ltr'>ἀρχῆς,</span> <span class='ocrx_word' id='word_1_101' title='bbox 1200 1393 1280 1453; x_wconf 85' lang='grc' dir='ltr'>είς</span> <span class='ocrx_word' id='word_1_102' title='bbox 1328 1389 1483 1443; x_wconf 80' lang='grc' dir='ltr'>οὐδὲν</span> <span class='ocrx_word' id='word_1_103' title='bbox 1513 1389 1867 1458; x_wconf 79' lang='grc' dir='ltr'>λογισάμενοι</span> 
     </span>
    </p>
   </div>
   <div class='ocr_carea' id='block_1_15' title="bbox 283 1476 1866 1553">
    <p class='ocr_par' dir='ltr' id='par_1_15' title="bbox 283 1476 1866 1553">
     <span class='ocr_line' id='line_1_15' title="bbox 283 1476 1866 1553; baseline -0.001 -19"><span class='ocrx_word' id='word_1_104' title='bbox 283 1484 386 1552; x_wconf 84' lang='grc' dir='ltr'>τὴν</span> <span class='ocrx_word' id='word_1_105' title='bbox 423 1483 634 1536; x_wconf 79' lang='grc' dir='ltr'><strong>ἑαυτῶν</strong></span> <span class='ocrx_word' id='word_1_106' title='bbox 686 1485 983 1553; x_wconf 87' lang='grc' dir='ltr'>σωτηρίαν,</span> <span class='ocrx_word' id='word_1_107' title='bbox 1035 1481 1277 1549; x_wconf 83' lang='grc' dir='ltr'>παριδὼν</span> <span class='ocrx_word' id='word_1_108' title='bbox 1325 1482 1424 1550; x_wconf 83' lang='grc' dir='ltr'>μὲν</span> <span class='ocrx_word' id='word_1_109' title='bbox 1458 1485 1520 1535; x_wconf 79' lang='grc' dir='ltr'>τὸ</span> <span class='ocrx_word' id='word_1_110' title='bbox 1574 1480 1669 1534; x_wconf 89' lang='grc' dir='ltr'>τοῦ</span> <span class='ocrx_word' id='word_1_111' title='bbox 1731 1476 1866 1533; x_wconf 83' lang='grc' dir='ltr'>Θεοῦ</span> 
     </span>
    </p>
   </div>
   <div class='ocr_carea' id='block_1_16' title="bbox 283 1571 1860 1645">
    <p class='ocr_par' dir='ltr' id='par_1_16' title="bbox 283 1571 1860 1645">
     <span class='ocr_line' id='line_1_16' title="bbox 283 1571 1860 1645; baseline -0.003 -18"><span class='ocrx_word' id='word_1_112' title='bbox 283 1575 516 1640; x_wconf 87' lang='grc' dir='ltr'>δίκαιον,</span> <span class='ocrx_word' id='word_1_113' title='bbox 551 1577 821 1645; x_wconf 80' lang='grc' dir='ltr'>ἀθετήσας</span> <span class='ocrx_word' id='word_1_114' title='bbox 846 1576 902 1630; x_wconf 82' lang='grc' dir='ltr'>δέ</span> <span class='ocrx_word' id='word_1_115' title='bbox 931 1575 1057 1638; x_wconf 80' lang='grc' dir='ltr'>τοὺς</span> <span class='ocrx_word' id='word_1_116' title='bbox 1088 1575 1266 1636; x_wconf 82' lang='grc' dir='ltr'>θείους</span> <span class='ocrx_word' id='word_1_117' title='bbox 1286 1575 1382 1626; x_wconf 71' lang='grc' dir='ltr'>καὶ</span> <span class='ocrx_word' id='word_1_118' title='bbox 1402 1573 1578 1644; x_wconf 79' lang='grc' dir='ltr'>ἱεροὺς</span> <span class='ocrx_word' id='word_1_119' title='bbox 1606 1571 1860 1637; x_wconf 85' lang='grc' dir='ltr'>κανόνας,</span> 
     </span>
    </p>
   </div>
   <div class='ocr_carea' id='block_1_17' title="bbox 283 1662 1864 1736">
    <p class='ocr_par' dir='ltr' id='par_1_17' title="bbox 283 1662 1864 1736">
     <span class='ocr_line' id='line_1_17' title="bbox 283 1662 1864 1736; baseline -0.002 -18"><span class='ocrx_word' id='word_1_120' title='bbox 283 1667 522 1736; x_wconf 77' lang='grc' dir='ltr'>ἁρπάσει</span> <span class='ocrx_word' id='word_1_121' title='bbox 553 1667 715 1719; x_wconf 86' lang='grc' dir='ltr'>πάλιν</span> <span class='ocrx_word' id='word_1_122' title='bbox 745 1667 843 1729; x_wconf 78' lang='grc' dir='ltr'>τὰς</span> <span class='ocrx_word' id='word_1_123' title='bbox 897 1666 1193 1736; x_wconf 80' lang='grc' dir='ltr'>ἐκκλησίας</span> <span class='ocrx_word' id='word_1_124' title='bbox 1222 1665 1510 1733; x_wconf 86' lang='grc' dir='ltr'>τολμηρῶς</span> <span class='ocrx_word' id='word_1_125' title='bbox 1544 1665 1638 1716; x_wconf 83' lang='grc' dir='ltr'>καὶ</span> <span class='ocrx_word' id='word_1_126' title='bbox 1691 1662 1864 1722; x_wconf 80' lang='grc' dir='ltr'>ἀθέως</span> 
     </span>
    </p>
   </div>
   <div class='ocr_carea' id='block_1_18' title="bbox 285 1750 1861 1825">
    <p class='ocr_par' dir='ltr' id='par_1_18' title="bbox 285 1750 1861 1825">
     <span class='ocr_line' id='line_1_18' title="bbox 285 1750 1861 1825; baseline -0.003 -18"><span class='ocrx_word' id='word_1_127' title='bbox 285 1757 383 1808; x_wconf 77' lang='grc' dir='ltr'>καὶ</span> <span class='ocrx_word' id='word_1_128' title='bbox 409 1757 506 1825; x_wconf 79' lang='grc' dir='ltr'>τῆς</span> <span class='ocrx_word' id='word_1_129' title='bbox 535 1759 719 1823; x_wconf 75' lang='grc' dir='ltr'>κοινῆς</span> <span class='ocrx_word' id='word_1_130' title='bbox 747 1757 1115 1824; x_wconf 80' lang='grc' dir='ltr'>ἀποστερήσει</span> <span class='ocrx_word' id='word_1_131' title='bbox 1137 1756 1364 1824; x_wconf 72' lang='grc' dir='ltr'>μητρὸς,</span> <span class='ocrx_word' id='word_1_132' title='bbox 1395 1755 1617 1807; x_wconf 78' lang='grc' dir='ltr'>ἐκπέσοι</span> <span class='ocrx_word' id='word_1_133' title='bbox 1642 1750 1742 1821; x_wconf 77' lang='grc' dir='ltr'>τῆς</span> <span class='ocrx_word' id='word_1_134' title='bbox 1765 1751 1861 1805; x_wconf 88' lang='grc' dir='ltr'>τοῦ</span> 
     </span>
    </p>
   </div>
   <div class='ocr_carea' id='block_1_19' title="bbox 284 1839 1866 1916">
    <p class='ocr_par' dir='ltr' id='par_1_19' title="bbox 284 1839 1866 1916">
     <span class='ocr_line' id='line_1_19' title="bbox 284 1839 1866 1916; baseline -0.003 -18"><span class='ocrx_word' id='word_1_135' title='bbox 284 1839 422 1898; x_wconf 82' lang='grc' dir='ltr'>Υίοῦ</span> <span class='ocrx_word' id='word_1_136' title='bbox 466 1845 559 1898; x_wconf 90' lang='grc' dir='ltr'>τοῦ</span> <span class='ocrx_word' id='word_1_137' title='bbox 594 1845 728 1899; x_wconf 82' lang='grc' dir='ltr'>Θεοῦ</span> <span class='ocrx_word' id='word_1_138' title='bbox 761 1847 1136 1916; x_wconf 78' lang='grc' dir='ltr'>πνευματικῆς</span> <span class='ocrx_word' id='word_1_139' title='bbox 1172 1848 1466 1914; x_wconf 83' lang='grc' dir='ltr'>συναφείας</span> <span class='ocrx_word' id='word_1_140' title='bbox 1518 1847 1613 1897; x_wconf 76' lang='grc' dir='ltr'>καὶ</span> <span class='ocrx_word' id='word_1_141' title='bbox 1645 1846 1866 1912; x_wconf 76' lang='grc' dir='ltr'>χάριτος</span> 
     </span>
    </p>
   </div>
   <div class='ocr_carea' id='block_1_20' title="bbox 284 1935 1869 2007">
    <p class='ocr_par' dir='ltr' id='par_1_20' title="bbox 284 1935 1869 2007">
     <span class='ocr_line' id='line_1_20' title="bbox 284 1935 1869 2007; baseline -0.001 -19"><span class='ocrx_word' id='word_1_142' title='bbox 284 1936 382 1988; x_wconf 66' lang='grc' dir='ltr'>καλ⁵</span> <span class='ocrx_word' id='word_1_143' title='bbox 408 1935 576 2004; x_wconf 78' lang='grc' dir='ltr'>ζωῆς,</span> <span class='ocrx_word' id='word_1_144' title='bbox 611 1936 844 2007; x_wconf 88' lang='grc' dir='ltr'>ἐπείπερ</span> <span class='ocrx_word' id='word_1_145' title='bbox 875 1938 908 2007; x_wconf 82' lang='grc' dir='ltr'><strong>ἡ</strong></span> <span class='ocrx_word' id='word_1_146' title='bbox 955 1937 1048 1989; x_wconf 85' lang='grc' dir='ltr'>τοῦ</span> <span class='ocrx_word' id='word_1_147' title='bbox 1081 1936 1334 2002; x_wconf 83' lang='grc' dir='ltr'>σώματος</span> <span class='ocrx_word' id='word_1_148' title='bbox 1368 1936 1458 1988; x_wconf 86' lang='grc' dir='ltr'>τοῦ</span> <span class='ocrx_word' id='word_1_149' title='bbox 1511 1937 1704 2004; x_wconf 78' lang='grc' dir='ltr'>μέλους</span> <span class='ocrx_word' id='word_1_150' title='bbox 1735 1935 1869 1987; x_wconf 83' lang='grc' dir='ltr'>ἀπο-</span> 
     </span>
    </p>
   </div>
   <div class='ocr_carea' id='block_1_21' title="bbox 282 2015 1870 2099">
    <p class='ocr_par' dir='ltr' id='par_1_21' title="bbox 282 2015 1870 2099">
     <span class='ocr_line' id='line_1_21' title="bbox 282 2015 1870 2099; baseline -0.004 -17"><span class='ocrx_word' id='word_1_151' title='bbox 282 2028 434 2097; x_wconf 74' lang='grc' dir='ltr'>κοπὴ</span> <span class='ocrx_word' id='word_1_152' title='bbox 465 2028 560 2081; x_wconf 70' lang='grc' dir='ltr'>καὶ</span> <span class='ocrx_word' id='word_1_153' title='bbox 595 2015 696 2098; x_wconf 70' lang='grc' dir='ltr'>τῆς</span> <span class='ocrx_word' id='word_1_154' title='bbox 717 2028 962 2098; x_wconf 85' lang='grc' dir='ltr'>κεφαλῆς</span> <span class='ocrx_word' id='word_1_155' title='bbox 997 2031 1112 2081; x_wconf 86' lang='grc' dir='ltr'>ἐστι</span> <span class='ocrx_word' id='word_1_156' title='bbox 1135 2030 1434 2099; x_wconf 64' lang='grc' dir='ltr'>χωρισμὸς,</span> <span class='ocrx_word' id='word_1_157' title='bbox 1464 2026 1738 2094; x_wconf 78' lang='grc' dir='ltr'>καὶσῶμα</span> <span class='ocrx_word' id='word_1_158' title='bbox 1771 2027 1870 2094; x_wconf 82' lang='grc' dir='ltr'>μὲν</span> 
     </span>
    </p>
   </div>
   <div class='ocr_carea' id='block_1_22' title="bbox 282 2119 1870 2192">
    <p class='ocr_par' dir='ltr' id='par_1_22' title="bbox 282 2119 1870 2192">
     <span class='ocr_line' id='line_1_22' title="bbox 282 2119 1870 2192; baseline -0.002 -19"><span class='ocrx_word' id='word_1_159' title='bbox 282 2120 491 2190; x_wconf 77' lang='grc' dir='ltr'>ἐστινὴ</span> <span class='ocrx_word' id='word_1_160' title='bbox 537 2122 855 2192; x_wconf 86' lang='grc' dir='ltr'>Ἐκκλησία,</span> <span class='ocrx_word' id='word_1_161' title='bbox 909 2119 1119 2192; x_wconf 80' lang='grc' dir='ltr'>κεφαλὴ</span> <span class='ocrx_word' id='word_1_162' title='bbox 1147 2122 1201 2174; x_wconf 83' lang='grc' dir='ltr'>δὲ</span> <span class='ocrx_word' id='word_1_163' title='bbox 1243 2125 1270 2174; x_wconf 98' lang='lat'>6</span> <span class='ocrx_word' id='word_1_164' title='bbox 1310 2120 1566 2190; x_wconf 74' lang='grc' dir='ltr'>Χριστὸς,</span> <span class='ocrx_word' id='word_1_165' title='bbox 1601 2120 1739 2172; x_wconf 88' lang='grc' dir='ltr'>ἀλλά</span> <span class='ocrx_word' id='word_1_166' title='bbox 1771 2122 1870 2170; x_wconf 72' lang='grc' dir='ltr'>καὶ</span> 
     </span>
    </p>
   </div>
   <div class='ocr_carea' id='block_1_23' title="bbox 282 2211 1870 2282">
    <p class='ocr_par' dir='ltr' id='par_1_23' title="bbox 282 2211 1870 2282">
     <span class='ocr_line' id='line_1_23' title="bbox 282 2211 1870 2282; baseline -0.002 -17"><span class='ocrx_word' id='word_1_167' title='bbox 282 2212 387 2274; x_wconf 75' lang='grc' dir='ltr'>τὰς</span> <span class='ocrx_word' id='word_1_168' title='bbox 425 2213 562 2282; x_wconf 68' lang='grc' dir='ltr'>ἀρὰς</span> <span class='ocrx_word' id='word_1_169' title='bbox 593 2214 955 2267; x_wconf 75' lang='grc' dir='ltr'>ἐπισπάσαιτο</span> <span class='ocrx_word' id='word_1_170' title='bbox 994 2214 1101 2268; x_wconf 85' lang='grc' dir='ltr'>τῶν</span> <span class='ocrx_word' id='word_1_171' title='bbox 1156 2215 1325 2280; x_wconf 80' lang='grc' dir='ltr'>ἁγίων</span> <span class='ocrx_word' id='word_1_172' title='bbox 1373 2213 1704 2282; x_wconf 81' lang='grc' dir='ltr'>τριακοσίων</span> <span class='ocrx_word' id='word_1_173' title='bbox 1735 2211 1870 2264; x_wconf 81' lang='grc' dir='ltr'>δέκα</span> 
     </span>
    </p>
   </div>
   <div class='ocr_carea' id='block_1_24' title="bbox 274 2301 1868 2376">
    <p class='ocr_par' dir='ltr' id='par_1_24' title="bbox 274 2301 1868 2376">
     <span class='ocr_line' id='line_1_24' title="bbox 274 2301 1868 2376; baseline -0.001 -21"><span class='ocrx_word' id='word_1_174' title='bbox 274 2305 383 2357; x_wconf 75' lang='grc' dir='ltr'>καὶ</span> <span class='ocrx_word' id='word_1_175' title='bbox 415 2303 558 2357; x_wconf 85' lang='grc' dir='ltr'>ὀκτὼ</span> <span class='ocrx_word' id='word_1_176' title='bbox 581 2303 853 2374; x_wconf 86' lang='grc' dir='ltr'>θεοφόρων</span> <span class='ocrx_word' id='word_1_177' title='bbox 883 2307 1141 2376; x_wconf 87' lang='grc' dir='ltr'>Πατέρων</span> <span class='ocrx_word' id='word_1_178' title='bbox 1168 2308 1277 2358; x_wconf 85' lang='grc' dir='ltr'>τῶν</span> <span class='ocrx_word' id='word_1_179' title='bbox 1307 2307 1364 2357; x_wconf 92' lang='grc' dir='ltr'>ἐν</span> <span class='ocrx_word' id='word_1_180' title='bbox 1393 2303 1620 2372; x_wconf 68' lang='grc' dir='ltr'>Νικαία,</span> <span class='ocrx_word' id='word_1_181' title='bbox 1647 2301 1868 2371; x_wconf 81' lang='grc' dir='ltr'>ἐπειδὴ-</span> 
     </span>
    </p>
   </div>
   <div class='ocr_carea' id='block_1_25' title="bbox 281 2393 1868 2466">
    <p class='ocr_par' dir='ltr' id='par_1_25' title="bbox 281 2393 1868 2466">
     <span class='ocr_line' id='line_1_25' title="bbox 281 2393 1868 2466; baseline -0.001 -20"><span class='ocrx_word' id='word_1_182' title='bbox 281 2402 398 2464; x_wconf 81' lang='grc' dir='ltr'>περ</span> <span class='ocrx_word' id='word_1_183' title='bbox 429 2398 625 2450; x_wconf 81' lang='grc' dir='ltr'>ἐκεῖνοι</span> <span class='ocrx_word' id='word_1_184' title='bbox 664 2397 764 2465; x_wconf 81' lang='grc' dir='ltr'>μὲν</span> <span class='ocrx_word' id='word_1_185' title='bbox 796 2398 936 2465; x_wconf 79' lang='grc' dir='ltr'>ὑπὲρ</span> <span class='ocrx_word' id='word_1_186' title='bbox 965 2397 1064 2466; x_wconf 81' lang='grc' dir='ltr'>τῆς</span> <span class='ocrx_word' id='word_1_187' title='bbox 1105 2396 1570 2462; x_wconf 77' lang='grc' dir='ltr'>ἐκκλησιαστικῆς</span> <span class='ocrx_word' id='word_1_188' title='bbox 1607 2393 1868 2462; x_wconf 83' lang='grc' dir='ltr'>συνῆλθον</span> 
     </span>
    </p>
   </div>
   <div class='ocr_carea' id='block_1_26' title="bbox 280 2484 1868 2558">
    <p class='ocr_par' dir='ltr' id='par_1_26' title="bbox 280 2484 1868 2558">
     <span class='ocr_line' id='line_1_26' title="bbox 280 2484 1868 2558; baseline -0.001 -21"><span class='ocrx_word' id='word_1_189' title='bbox 280 2485 535 2549; x_wconf 82' lang='grc' dir='ltr'>ἐνώσεως</span> <span class='ocrx_word' id='word_1_190' title='bbox 560 2487 655 2540; x_wconf 74' lang='grc' dir='ltr'>καὶ</span> <span class='ocrx_word' id='word_1_191' title='bbox 683 2488 930 2558; x_wconf 72' lang='grc' dir='ltr'>εἰρήνης,</span> <span class='ocrx_word' id='word_1_192' title='bbox 962 2485 1115 2549; x_wconf 79' lang='grc' dir='ltr'>οὗτος</span> <span class='ocrx_word' id='word_1_193' title='bbox 1143 2487 1198 2539; x_wconf 80' lang='grc' dir='ltr'>δὲ</span> <span class='ocrx_word' id='word_1_194' title='bbox 1230 2487 1328 2557; x_wconf 77' lang='grc' dir='ltr'>τῂν</span> <span class='ocrx_word' id='word_1_195' title='bbox 1357 2487 1609 2539; x_wconf 81' lang='grc' dir='ltr'>ἐναντίαν</span> <span class='ocrx_word' id='word_1_196' title='bbox 1639 2484 1868 2547; x_wconf 85' lang='grc' dir='ltr'>ἐκείνοις</span> 
     </span>
    </p>
   </div>
   <div class='ocr_carea' id='block_1_27' title="bbox 281 2577 1868 2648">
    <p class='ocr_par' dir='ltr' id='par_1_27' title="bbox 281 2577 1868 2648">
     <span class='ocr_line' id='line_1_27' title="bbox 281 2577 1868 2648; baseline -0.003 -18"><span class='ocrx_word' id='word_1_197' title='bbox 281 2577 514 2648; x_wconf 81' lang='grc' dir='ltr'>βαδίζει.</span> <span class='ocrx_word' id='word_1_198' title='bbox 545 2579 876 2645; x_wconf 82' lang='grc' dir='ltr'>Ἀσφαλείας</span> <span class='ocrx_word' id='word_1_199' title='bbox 905 2580 964 2631; x_wconf 85' lang='grc' dir='ltr'>δὲ</span> <span class='ocrx_word' id='word_1_200' title='bbox 1002 2577 1249 2648; x_wconf 77' lang='grc' dir='ltr'>μείζονος</span> <span class='ocrx_word' id='word_1_201' title='bbox 1295 2581 1454 2648; x_wconf 90' lang='grc' dir='ltr'>χάριν</span> <span class='ocrx_word' id='word_1_202' title='bbox 1485 2579 1576 2628; x_wconf 77' lang='grc' dir='ltr'>καὶ</span> <span class='ocrx_word' id='word_1_203' title='bbox 1606 2578 1666 2628; x_wconf 89' lang='grc' dir='ltr'>τὺ</span> <span class='ocrx_word' id='word_1_204' title='bbox 1694 2578 1868 2646; x_wconf 79' lang='grc' dir='ltr'>παρὸν</span> 
     </span>
    </p>
   </div>
   <div class='ocr_carea' id='block_1_28' title="bbox 279 2665 1872 2737">
    <p class='ocr_par' dir='ltr' id='par_1_28' title="bbox 279 2665 1872 2737">
     <span class='ocr_line' id='line_1_28' title="bbox 279 2665 1872 2737; baseline -0.002 -18"><span class='ocrx_word' id='word_1_205' title='bbox 279 2668 513 2736; x_wconf 77' lang='grc' dir='ltr'>ἐξετέθη</span> <span class='ocrx_word' id='word_1_206' title='bbox 552 2669 786 2737; x_wconf 86' lang='grc' dir='ltr'>γράμμα</span> <span class='ocrx_word' id='word_1_207' title='bbox 817 2668 916 2736; x_wconf 82' lang='grc' dir='ltr'>τῆς</span> <span class='ocrx_word' id='word_1_208' title='bbox 934 2666 1212 2736; x_wconf 81' lang='grc' dir='ltr'>βασιλείας</span> <span class='ocrx_word' id='word_1_209' title='bbox 1237 2685 1340 2736; x_wconf 87' lang='grc' dir='ltr'>μου</span> <span class='ocrx_word' id='word_1_210' title='bbox 1371 2668 1439 2721; x_wconf 70' lang='grc' dir='ltr'>ἐν</span> <span class='ocrx_word' id='word_1_211' title='bbox 1452 2666 1602 2736; x_wconf 75' lang='grc' dir='ltr'>μηνὶ</span> <span class='ocrx_word' id='word_1_212' title='bbox 1633 2665 1872 2733; x_wconf 79' lang='grc' dir='ltr'>Μαρτίῳ</span> 
     </span>
    </p>
   </div>
   <div class='ocr_carea' id='block_1_29' title="bbox 279 2757 1326 2825">
    <p class='ocr_par' dir='ltr' id='par_1_29' title="bbox 279 2757 1326 2825">
     <span class='ocr_line' id='line_1_29' title="bbox 279 2757 1326 2825; baseline -0.002 -9"><span class='ocrx_word' id='word_1_213' title='bbox 279 2760 661 2825; x_wconf 78' lang='grc' dir='ltr'>ινδικτιῶνος</span> <span class='ocrx_word' id='word_1_214' title='bbox 695 2757 748 2824; x_wconf 84' lang='grc' dir='ltr'>ς’</span> <span class='ocrx_word' id='word_1_215' title='bbox 781 2757 889 2812; x_wconf 85' lang='grc' dir='ltr'>τοῦ</span> <span class='ocrx_word' id='word_1_216' title='bbox 917 2759 1106 2824; x_wconf 82' lang='grc' dir='ltr'>,ςωος’</span> <span class='ocrx_word' id='word_1_217' title='bbox 1131 2761 1326 2823; x_wconf 73' lang='grc' dir='ltr'>ἔτους.</span> 
     </span>
    </p>
   </div>
   <div class='ocr_carea' id='block_1_30' title="bbox 360 2849 1871 2922">
    <p class='ocr_par' dir='ltr' id='par_1_30' title="bbox 360 2849 1871 2922">
     <span class='ocr_line' id='line_1_30' title="bbox 360 2849 1871 2922; baseline 0 -18"><span class='ocrx_word' id='word_1_218' title='bbox 360 2853 404 2922; x_wconf 76' lang='grc' dir='ltr'>-ι-</span> <span class='ocrx_word' id='word_1_219' title='bbox 430 2849 572 2920; x_wconf 78' lang='grc' dir='ltr'>Εἷχε</span> <span class='ocrx_word' id='word_1_220' title='bbox 599 2853 694 2905; x_wconf 77' lang='grc' dir='ltr'>καὶ</span> <span class='ocrx_word' id='word_1_221' title='bbox 738 2853 1101 2922; x_wconf 69' lang='grc' dir='ltr'>ὑπογραφὴν</span> <span class='ocrx_word' id='word_1_222' title='bbox 1163 2851 1457 2920; x_wconf 79' lang='grc' dir='ltr'>Σερϐικήν</span> <span class='ocrx_word' id='word_1_223' title='bbox 1478 2866 1491 2880; x_wconf 87' lang='grc'><strong>·</strong></span> <span class='ocrx_word' id='word_1_224' title='bbox 1557 2849 1871 2918; x_wconf 84' lang='grc' dir='ltr'>Δεσπότης</span> 
     </span>
    </p>
   </div>
   <div class='ocr_carea' id='block_1_31' title="bbox 287 2939 982 3012">
    <p class='ocr_par' dir='ltr' id='par_1_31' title="bbox 287 2939 982 3012">
     <span class='ocr_line' id='line_1_31' title="bbox 287 2939 982 3012; baseline -0.003 -11"><span class='ocrx_word' id='word_1_225' title='bbox 287 2939 540 3012; x_wconf 73' lang='grc' dir='ltr'>Ἰωάννη</span> <span class='ocrx_word' id='word_1_226' title='bbox 548 2967 579 3008; x_wconf 80' lang='grc' dir='ltr'>ς</span> <span class='ocrx_word' id='word_1_227' title='bbox 611 2946 982 3012; x_wconf 79' lang='grc' dir='ltr'>Οῡγκλεσης.</span> 
     </span>
    </p>
   </div>
   <div class='ocr_carea' id='block_1_32' title="bbox 280 3077 1870 3150">
    <p class='ocr_par' dir='ltr' id='par_1_32' title="bbox 280 3077 1870 3150">
     <span class='ocr_line' id='line_1_32' title="bbox 280 3077 1870 3150; baseline 0 -15"><span class='ocrx_word' id='word_1_228' title='bbox 280 3079 584 3135; x_wconf 72' lang='lat' dir='ltr'>LXXXIV.</span> <span class='ocrx_word' id='word_1_229' title='bbox 610 3077 825 3134; x_wconf 67' lang='lat' dir='ltr'>Littera</span> <span class='ocrx_word' id='word_1_230' title='bbox 870 3079 1258 3150; x_wconf 73' lang='lat' dir='ltr'><strong><em>patriarchales</em></strong></span> <span class='ocrx_word' id='word_1_231' title='bbox 1292 3083 1362 3136; x_wconf 82' lang='lat' dir='ltr'><strong><em>ad</em></strong></span> <span class='ocrx_word' id='word_1_232' title='bbox 1411 3081 1608 3136; x_wconf 77' lang='lat' dir='ltr'>clerum</span> <span class='ocrx_word' id='word_1_233' title='bbox 1649 3081 1870 3136; x_wconf 60' lang='lat' dir='ltr'>Theom-</span> 
     </span>
    </p>
   </div>
   <div class='ocr_carea' id='block_1_33' title="bbox 425 3151 1726 3222">
    <p class='ocr_par' dir='ltr' id='par_1_33' title="bbox 425 3151 1726 3222">
     <span class='ocr_line' id='line_1_33' title="bbox 425 3151 1726 3222; baseline 0.003 -20"><span class='ocrx_word' id='word_1_234' title='bbox 425 3151 742 3204; x_wconf 81' lang='lat' dir='ltr'>lonicemem</span> <span class='ocrx_word' id='word_1_235' title='bbox 771 3151 834 3204; x_wconf 81' lang='lat' dir='ltr'><strong><em>de</em></strong></span> <span class='ocrx_word' id='word_1_236' title='bbox 860 3155 1359 3206; x_wconf 74' lang='lat' dir='ltr'><strong><em>commemoratione</em></strong></span> <span class='ocrx_word' id='word_1_237' title='bbox 1383 3154 1726 3222; x_wconf 64' lang='lat' dir='ltr'>patriarchae.</span> 
     </span>
    </p>
   </div>
   <div class='ocr_carea' id='block_1_34' title="bbox 274 3283 1873 3359">
    <p class='ocr_par' dir='ltr' id='par_1_34' title="bbox 274 3283 1873 3359">
     <span class='ocr_line' id='line_1_34' title="bbox 274 3283 1873 3359; baseline 0 -20"><span class='ocrx_word' id='word_1_238' title='bbox 274 3287 322 3358; x_wconf 63' lang='grc' dir='ltr'>-ξι</span> <span class='ocrx_word' id='word_1_239' title='bbox 361 3284 655 3339; x_wconf 87' lang='grc' dir='ltr'>Πιττάκιον</span> <span class='ocrx_word' id='word_1_240' title='bbox 682 3283 819 3355; x_wconf 69' lang='grc' dir='ltr'>πρὸς</span> <span class='ocrx_word' id='word_1_241' title='bbox 849 3284 975 3347; x_wconf 83' lang='grc' dir='ltr'>τοὺς</span> <span class='ocrx_word' id='word_1_242' title='bbox 994 3285 1051 3337; x_wconf 83' lang='grc' dir='ltr'>ἐν</span> <span class='ocrx_word' id='word_1_243' title='bbox 1072 3286 1139 3354; x_wconf 82' lang='grc' dir='ltr'>τῇ</span> <span class='ocrx_word' id='word_1_244' title='bbox 1172 3285 1550 3359; x_wconf 64' lang='grc' dir='ltr'>Θεσσαλῃνίκῃ</span> <span class='ocrx_word' id='word_1_245' title='bbox 1577 3288 1873 3356; x_wconf 83' lang='grc' dir='ltr'>ἐκκλησια-</span> 
     </span>
    </p>
   </div>
   <div class='ocr_carea' id='block_1_35' title="bbox 275 3374 1874 3446">
    <p class='ocr_par' dir='ltr' id='par_1_35' title="bbox 275 3374 1874 3446">
     <span class='ocr_line' id='line_1_35' title="bbox 275 3374 1874 3446; baseline 0.001 -17"><span class='ocrx_word' id='word_1_246' title='bbox 275 3374 512 3438; x_wconf 78' lang='grc' dir='ltr'>στικοὺς</span> <span class='ocrx_word' id='word_1_247' title='bbox 539 3377 806 3445; x_wconf 76' lang='grc' dir='ltr'>ἄρχοντας</span> <span class='ocrx_word' id='word_1_248' title='bbox 829 3376 981 3445; x_wconf 75' lang='grc' dir='ltr'>ὑπὲρ</span> <span class='ocrx_word' id='word_1_249' title='bbox 1024 3377 1120 3428; x_wconf 88' lang='grc' dir='ltr'>τοῦ</span> <span class='ocrx_word' id='word_1_250' title='bbox 1153 3376 1560 3445; x_wconf 82' lang='grc' dir='ltr'>πατριαρχικοῦ</span> <span class='ocrx_word' id='word_1_251' title='bbox 1593 3378 1874 3446; x_wconf 83' lang='grc' dir='ltr'>μνημοσύ-</span> 
     </span>
    </p>
   </div>
   <div class='ocr_carea' id='block_1_36' title="bbox 275 3484 410 3523">
    <p class='ocr_par' dir='ltr' id='par_1_36' title="bbox 275 3484 410 3523">
     <span class='ocr_line' id='line_1_36' title="bbox 275 3484 410 3523; baseline -0.015 0"><span class='ocrx_word' id='word_1_252' title='bbox 275 3484 410 3523; x_wconf 88' lang='grc' dir='ltr'>νου.</span> 
     </span>
    </p>
   </div>
   <div class='ocr_carea' id='block_1_37' title="bbox 352 3579 1875 3654">
    <p class='ocr_par' dir='ltr' id='par_1_37' title="bbox 352 3579 1875 3654">
     <span class='ocr_line' id='line_1_37' title="bbox 352 3579 1875 3654; baseline 0.001 -20"><span class='ocrx_word' id='word_1_253' title='bbox 352 3583 401 3654; x_wconf 72' lang='lat'>1—</span> <span class='ocrx_word' id='word_1_254' title='bbox 429 3579 762 3652; x_wconf 87' lang='grc' dir='ltr'>Τιμιὼτατοι</span> <span class='ocrx_word' id='word_1_255' title='bbox 794 3583 889 3635; x_wconf 72' lang='grc' dir='ltr'>καὶ</span> <span class='ocrx_word' id='word_1_256' title='bbox 921 3582 1264 3652; x_wconf 73' lang='grc' dir='ltr'>ἐντιμότατοι</span> <span class='ocrx_word' id='word_1_257' title='bbox 1296 3582 1740 3652; x_wconf 80' lang='grc' dir='ltr'>ἐκκλησιαστικοὶ</span> <span class='ocrx_word' id='word_1_258' title='bbox 1778 3581 1875 3651; x_wconf 85' lang='grc' dir='ltr'>ἄρ-</span> 
     </span>
    </p>
   </div>
   <div class='ocr_carea' id='block_1_38' title="bbox 269 3675 1871 3749">
    <p class='ocr_par' dir='ltr' id='par_1_38' title="bbox 269 3675 1871 3749">
     <span class='ocr_line' id='line_1_38' title="bbox 269 3675 1871 3749; baseline -0.001 -20"><span class='ocrx_word' id='word_1_259' title='bbox 269 3693 478 3749; x_wconf 83' lang='grc' dir='ltr'>χοντες</span> <span class='ocrx_word' id='word_1_260' title='bbox 510 3678 609 3745; x_wconf 80' lang='grc' dir='ltr'>τῆς</span> <span class='ocrx_word' id='word_1_261' title='bbox 650 3675 962 3744; x_wconf 82' lang='grc' dir='ltr'>ἁγιωτάτης</span> <span class='ocrx_word' id='word_1_262' title='bbox 1006 3676 1394 3745; x_wconf 73' lang='grc' dir='ltr'>μητροπόλεως</span> <span class='ocrx_word' id='word_1_263' title='bbox 1443 3675 1871 3745; x_wconf 83' lang='grc' dir='ltr'>Θεσσαλονίκης,</span> 
     </span>
    </p>
   </div>
   <div class='ocr_carea' id='block_1_39' title="bbox 271 3765 1872 3837">
    <p class='ocr_par' dir='ltr' id='par_1_39' title="bbox 271 3765 1872 3837">
     <span class='ocr_line' id='line_1_39' title="bbox 271 3765 1872 3837; baseline -0.011 -14"><span class='ocrx_word' id='word_1_264' title='bbox 271 3774 338 3823; x_wconf 83' lang='grc' dir='ltr'>ἐν</span> <span class='ocrx_word' id='word_1_265' title='bbox 368 3766 565 3836; x_wconf 82' lang='grc' dir='ltr'>Κυρίῳ</span> <span class='ocrx_word' id='word_1_266' title='bbox 599 3768 762 3820; x_wconf 88' lang='grc' dir='ltr'>τέκνα</span> <span class='ocrx_word' id='word_1_267' title='bbox 811 3767 1073 3834; x_wconf 81' lang='grc' dir='ltr'>ἀγαπητά</span> <span class='ocrx_word' id='word_1_268' title='bbox 1124 3767 1222 3834; x_wconf 83' lang='grc' dir='ltr'>τῆς</span> <span class='ocrx_word' id='word_1_269' title='bbox 1274 3765 1433 3835; x_wconf 81' lang='grc' dir='ltr'>ἡμῶν</span> <span class='ocrx_word' id='word_1_270' title='bbox 1485 3768 1872 3837; x_wconf 73' lang='grc' dir='ltr'>μετριότητος·</span> 
     </span>
    </p>
   </div>
   <div class='ocr_carea' id='block_1_40' title="bbox 269 3857 1870 3932">
    <p class='ocr_par' dir='ltr' id='par_1_40' title="bbox 269 3857 1870 3932">
     <span class='ocr_line' id='line_1_40' title="bbox 269 3857 1870 3932; baseline 0 -18"><span class='ocrx_word' id='word_1_271' title='bbox 269 3862 452 3932; x_wconf 79' lang='grc' dir='ltr'>χάρις</span> <span class='ocrx_word' id='word_1_272' title='bbox 480 3861 606 3928; x_wconf 84' lang='grc' dir='ltr'>ὑμῖν</span> <span class='ocrx_word' id='word_1_273' title='bbox 632 3859 720 3926; x_wconf 87' lang='grc' dir='ltr'>είη</span> <span class='ocrx_word' id='word_1_274' title='bbox 749 3858 841 3911; x_wconf 73' lang='grc' dir='ltr'>καὶ</span> <span class='ocrx_word' id='word_1_275' title='bbox 872 3859 1065 3932; x_wconf 79' lang='grc' dir='ltr'>εἰρήνη</span> <span class='ocrx_word' id='word_1_276' title='bbox 1103 3857 1209 3911; x_wconf 82' lang='grc' dir='ltr'>ἀπὸ</span> <span class='ocrx_word' id='word_1_277' title='bbox 1243 3858 1376 3910; x_wconf 82' lang='grc' dir='ltr'>Θεοῦ</span> <span class='ocrx_word' id='word_1_278' title='bbox 1407 3861 1870 3929; x_wconf 81' lang='grc' dir='ltr'>παντοκράτορος.</span> 
     </span>
    </p>
   </div>
   <div class='ocr_carea' id='block_1_41' title="bbox 282 3946 1872 4018">
    <p class='ocr_par' dir='ltr' id='par_1_41' title="bbox 282 3946 1872 4018">
     <span class='ocr_line' id='line_1_41' title="bbox 282 3946 1872 4018; baseline -0.003 -15"><span class='ocrx_word' id='word_1_279' title='bbox 282 3947 634 4017; x_wconf 85' lang='grc' dir='ltr'>Ἐγνώρισεν</span> <span class='ocrx_word' id='word_1_280' title='bbox 668 3949 701 4018; x_wconf 86' lang='grc' dir='ltr'>ὴ</span> <span class='ocrx_word' id='word_1_281' title='bbox 736 3949 1027 4017; x_wconf 74' lang='grc' dir='ltr'>μετριότης</span> <span class='ocrx_word' id='word_1_282' title='bbox 1052 3946 1234 4018; x_wconf 83' lang='grc' dir='ltr'>ὴμῶν,</span> <span class='ocrx_word' id='word_1_283' title='bbox 1266 3947 1346 3999; x_wconf 84' lang='grc' dir='ltr'>ὅτι</span> <span class='ocrx_word' id='word_1_284' title='bbox 1373 3947 1746 4008; x_wconf 88' lang='grc' dir='ltr'>ἀποθανόντος</span> <span class='ocrx_word' id='word_1_285' title='bbox 1780 3947 1872 3999; x_wconf 88' lang='grc' dir='ltr'>τοῦ</span> 
     </span>
    </p>
   </div>
   <div class='ocr_carea' id='block_1_42' title="bbox 271 4037 1878 4115">
    <p class='ocr_par' dir='ltr' id='par_1_42' title="bbox 271 4037 1878 4115">
     <span class='ocr_line' id='line_1_42' title="bbox 271 4037 1878 4115; baseline -0.002 -22"><span class='ocrx_word' id='word_1_286' title='bbox 271 4037 692 4115; x_wconf 84' lang='grc' dir='ltr'>μητροπολίτου</span> <span class='ocrx_word' id='word_1_287' title='bbox 725 4037 880 4109; x_wconf 90' lang='grc' dir='ltr'>ὑμῶν</span> <span class='ocrx_word' id='word_1_288' title='bbox 913 4038 973 4093; x_wconf 85' lang='grc' dir='ltr'>οὑ</span> <span class='ocrx_word' id='word_1_289' title='bbox 1011 4039 1384 4111; x_wconf 87' lang='grc' dir='ltr'>μνημονεύετε</span> <span class='ocrx_word' id='word_1_290' title='bbox 1414 4037 1576 4108; x_wconf 86' lang='grc' dir='ltr'>ἐμοῦ,</span> <span class='ocrx_word' id='word_1_291' title='bbox 1618 4039 1711 4092; x_wconf 68' lang='grc' dir='ltr'>καὶ</span> <span class='ocrx_word' id='word_1_292' title='bbox 1747 4038 1878 4090; x_wconf 84' lang='grc' dir='ltr'>θαυ-</span> 
     </span>
    </p>
   </div>
   <div class='ocr_carea' id='block_1_43' title="bbox 267 4128 1880 4206">
    <p class='ocr_par' dir='ltr' id='par_1_43' title="bbox 267 4128 1880 4206">
     <span class='ocr_line' id='line_1_43' title="bbox 267 4128 1880 4206; baseline -0.004 -15"><span class='ocrx_word' id='word_1_293' title='bbox 267 4135 477 4206; x_wconf 79' lang='grc' dir='ltr'>μάζω,</span> <span class='ocrx_word' id='word_1_294' title='bbox 507 4128 623 4197; x_wconf 90' lang='grc' dir='ltr'>πῶς</span> <span class='ocrx_word' id='word_1_295' title='bbox 657 4135 932 4205; x_wconf 79' lang='grc' dir='ltr'>ἄνθρωποι</span> <span class='ocrx_word' id='word_1_296' title='bbox 964 4133 1218 4204; x_wconf 82' lang='grc' dir='ltr'>φρόνιμοι</span> <span class='ocrx_word' id='word_1_297' title='bbox 1269 4128 1420 4196; x_wconf 75' lang='grc' dir='ltr'>ὅντες</span> <span class='ocrx_word' id='word_1_298' title='bbox 1457 4134 1553 4185; x_wconf 73' lang='grc' dir='ltr'>καὶ</span> <span class='ocrx_word' id='word_1_299' title='bbox 1585 4129 1880 4185; x_wconf 77' lang='grc' dir='ltr'>πεπαιδευ-</span> 
     </span>
    </p>
   </div>
   <div class='ocr_carea' id='block_1_44' title="bbox 1902 1813 1954 1870">
    <p class='ocr_par' dir='ltr' id='par_1_44' title="bbox 1902 1813 1954 1870">
     <span class='ocr_line' id='line_1_44' title="bbox 1902 1813 1954 1870; baseline 0 -3"><span class='ocrx_word' id='word_1_300' title='bbox 1902 1813 1954 1870; x_wconf 76' lang='lat'>8‘</span> 
     </span>
    </p>
   </div>
   <div class='ocr_carea' id='block_1_45' title="bbox 1970 552 3557 626">
    <p class='ocr_par' dir='ltr' id='par_1_45' title="bbox 1970 552 3557 626">
     <span class='ocr_line' id='line_1_45' title="bbox 1970 552 3557 626; baseline -0.008 -7"><span class='ocrx_word' id='word_1_301' title='bbox 1970 557 2069 626; x_wconf 77' lang='grc' dir='ltr'>τῆς</span> <span class='ocrx_word' id='word_1_302' title='bbox 2118 557 2449 624; x_wconf 68' lang='grc' dir='ltr'>οἱκουμένης</span> <span class='ocrx_word' id='word_1_303' title='bbox 2503 553 2925 623; x_wconf 69' lang='grc' dir='ltr'>μαρτυροῦσιν,</span> <span class='ocrx_word' id='word_1_304' title='bbox 2992 552 3198 615; x_wconf 84' lang='grc' dir='ltr'>αἵτινες</span> <span class='ocrx_word' id='word_1_305' title='bbox 3264 553 3557 623; x_wconf 81' lang='grc' dir='ltr'>συνήθειαν</span> 
     </span>
    </p>
   </div>
   <div class='ocr_carea' id='block_1_46' title="bbox 1968 645 3560 717">
    <p class='ocr_par' dir='ltr' id='par_1_46' title="bbox 1968 645 3560 717">
     <span class='ocr_line' id='line_1_46' title="bbox 1968 645 3560 717; baseline -0.002 -18"><span class='ocrx_word' id='word_1_306' title='bbox 1968 647 2155 717; x_wconf 82' lang='grc' dir='ltr'>έχουσι</span> <span class='ocrx_word' id='word_1_307' title='bbox 2180 647 2276 699; x_wconf 89' lang='grc' dir='ltr'>τοῦ</span> <span class='ocrx_word' id='word_1_308' title='bbox 2300 651 2642 716; x_wconf 79' lang='grc' dir='ltr'>πατριάρχου</span> <span class='ocrx_word' id='word_1_309' title='bbox 2673 645 3038 714; x_wconf 83' lang='grc' dir='ltr'>μνημονεύειν</span> <span class='ocrx_word' id='word_1_310' title='bbox 3066 645 3426 713; x_wconf 85' lang='grc' dir='ltr'>στερούμεναι</span> <span class='ocrx_word' id='word_1_311' title='bbox 3448 645 3560 697; x_wconf 90' lang='grc' dir='ltr'>τῶν</span> 
     </span>
    </p>
   </div>
   <div class='ocr_carea' id='block_1_47' title="bbox 1967 735 3560 814">
    <p class='ocr_par' dir='ltr' id='par_1_47' title="bbox 1967 735 3560 814">
     <span class='ocr_line' id='line_1_47' title="bbox 1967 735 3560 814; baseline -0.003 -22"><span class='ocrx_word' id='word_1_312' title='bbox 1967 739 2185 792; x_wconf 86' lang='grc' dir='ltr'>οίκείων</span> <span class='ocrx_word' id='word_1_313' title='bbox 2222 741 2549 808; x_wconf 85' lang='grc' dir='ltr'>ἀρχιερέων.</span> <span class='ocrx_word' id='word_1_314' title='bbox 2613 739 2751 793; x_wconf 84' lang='grc' dir='ltr'>Ποία</span> <span class='ocrx_word' id='word_1_315' title='bbox 2802 738 2911 790; x_wconf 91' lang='grc' dir='ltr'>τῶν</span> <span class='ocrx_word' id='word_1_316' title='bbox 2947 738 3339 814; x_wconf 80' lang='grc' dir='ltr'>μητροπόλεων</span> <span class='ocrx_word' id='word_1_317' title='bbox 3375 735 3408 806; x_wconf 78' lang='grc' dir='ltr'>ἦ</span> <span class='ocrx_word' id='word_1_318' title='bbox 3448 735 3560 788; x_wconf 88' lang='grc' dir='ltr'>τῶν</span> 
     </span>
    </p>
   </div>
   <div class='ocr_carea' id='block_1_48' title="bbox 1968 827 3558 902">
    <p class='ocr_par' dir='ltr' id='par_1_48' title="bbox 1968 827 3558 902">
     <span class='ocr_line' id='line_1_48' title="bbox 1968 827 3558 902; baseline -0.003 -18"><span class='ocrx_word' id='word_1_319' title='bbox 1968 834 2306 894; x_wconf 78' lang='grc' dir='ltr'>ἐπισκοπῶν,</span> <span class='ocrx_word' id='word_1_320' title='bbox 2339 833 2427 883; x_wconf 81' lang='grc' dir='ltr'>ὅτε</span> <span class='ocrx_word' id='word_1_321' title='bbox 2472 831 2772 884; x_wconf 85' lang='grc' dir='ltr'>ἐπίσκοπον</span> <span class='ocrx_word' id='word_1_322' title='bbox 2802 831 2915 902; x_wconf 83' lang='grc' dir='ltr'>ἔχει</span> <span class='ocrx_word' id='word_1_323' title='bbox 2949 831 2982 899; x_wconf 79' lang='grc' dir='ltr'>ἢ</span> <span class='ocrx_word' id='word_1_324' title='bbox 3012 827 3443 901; x_wconf 88' lang='grc' dir='ltr'>μητροπολίτην,</span> <span class='ocrx_word' id='word_1_325' title='bbox 3493 827 3558 879; x_wconf 81' lang='grc' dir='ltr'>οὐ</span> 
     </span>
    </p>
   </div>
   <div class='ocr_carea' id='block_1_49' title="bbox 1973 915 3561 993">
    <p class='ocr_par' dir='ltr' id='par_1_49' title="bbox 1973 915 3561 993">
     <span class='ocr_line' id='line_1_49' title="bbox 1973 915 3561 993; baseline -0.003 -19"><span class='ocrx_word' id='word_1_326' title='bbox 1973 921 2304 993; x_wconf 79' lang='grc' dir='ltr'>μνημονεύει</span> <span class='ocrx_word' id='word_1_327' title='bbox 2337 926 2429 976; x_wconf 88' lang='grc' dir='ltr'>τοῦ</span> <span class='ocrx_word' id='word_1_328' title='bbox 2478 925 2855 993; x_wconf 84' lang='grc' dir='ltr'>πατριάρχου;</span> <span class='ocrx_word' id='word_1_329' title='bbox 2908 924 3002 975; x_wconf 71' lang='grc' dir='ltr'>καὶ</span> <span class='ocrx_word' id='word_1_330' title='bbox 3029 922 3089 975; x_wconf 79' lang='grc' dir='ltr'><strong>τὸ</strong></span> <span class='ocrx_word' id='word_1_331' title='bbox 3125 919 3401 991; x_wconf 81' lang='grc' dir='ltr'>πανταχοῦ</span> <span class='ocrx_word' id='word_1_332' title='bbox 3457 915 3561 986; x_wconf 86' lang='grc' dir='ltr'>τῆς</span> 
     </span>
    </p>
   </div>
   <div class='ocr_carea' id='block_1_50' title="bbox 1971 1012 3559 1084">
    <p class='ocr_par' dir='ltr' id='par_1_50' title="bbox 1971 1012 3559 1084">
     <span class='ocr_line' id='line_1_50' title="bbox 1971 1012 3559 1084; baseline -0.003 -16"><span class='ocrx_word' id='word_1_333' title='bbox 1971 1017 2302 1084; x_wconf 76' lang='grc' dir='ltr'>οἰκουμένης</span> <span class='ocrx_word' id='word_1_334' title='bbox 2345 1014 2630 1084; x_wconf 86' lang='grc' dir='ltr'>γινόμενον</span> <span class='ocrx_word' id='word_1_335' title='bbox 2689 1013 2848 1084; x_wconf 84' lang='grc' dir='ltr'>ὑμεῖς</span> <span class='ocrx_word' id='word_1_336' title='bbox 2879 1014 3066 1080; x_wconf 84' lang='grc' dir='ltr'>λέγετε</span> <span class='ocrx_word' id='word_1_337' title='bbox 3107 1013 3181 1083; x_wconf 83' lang='grc' dir='ltr'>μὴ</span> <span class='ocrx_word' id='word_1_338' title='bbox 3207 1012 3353 1082; x_wconf 79' lang='grc' dir='ltr'>ἔχειν</span> <span class='ocrx_word' id='word_1_339' title='bbox 3391 1014 3559 1080; x_wconf 84' lang='grc' dir='ltr'>συνή-</span> 
     </span>
    </p>
   </div>
   <div class='ocr_carea' id='block_1_51' title="bbox 1970 1103 3559 1176">
    <p class='ocr_par' dir='ltr' id='par_1_51' title="bbox 1970 1103 3559 1176">
     <span class='ocr_line' id='line_1_51' title="bbox 1970 1103 3559 1176; baseline -0.003 -16"><span class='ocrx_word' id='word_1_340' title='bbox 1970 1107 2122 1160; x_wconf 83' lang='grc' dir='ltr'>θειαν</span> <span class='ocrx_word' id='word_1_341' title='bbox 2154 1109 2366 1172; x_wconf 82' lang='grc' dir='ltr'>ποιεῖν;</span> <span class='ocrx_word' id='word_1_342' title='bbox 2401 1108 2623 1176; x_wconf 78' lang='grc' dir='ltr'>Ὁρᾶτε,</span> <span class='ocrx_word' id='word_1_343' title='bbox 2658 1107 2773 1168; x_wconf 90' lang='grc' dir='ltr'>πῶς</span> <span class='ocrx_word' id='word_1_344' title='bbox 2810 1107 2910 1159; x_wconf 80' lang='grc' dir='ltr'>οὐκ</span> <span class='ocrx_word' id='word_1_345' title='bbox 2937 1106 3052 1158; x_wconf 83' lang='grc' dir='ltr'>ἐστι</span> <span class='ocrx_word' id='word_1_346' title='bbox 3077 1104 3217 1175; x_wconf 81' lang='grc' dir='ltr'>καλὴ</span> <span class='ocrx_word' id='word_1_347' title='bbox 3249 1105 3282 1174; x_wconf 79' lang='grc' dir='ltr'>ἠ</span> <span class='ocrx_word' id='word_1_348' title='bbox 3314 1103 3559 1174; x_wconf 79' lang='grc' dir='ltr'>ὑμετέρα</span> 
     </span>
    </p>
   </div>
   <div class='ocr_carea' id='block_1_52' title="bbox 1971 1193 3561 1269">
    <p class='ocr_par' dir='ltr' id='par_1_52' title="bbox 1971 1193 3561 1269">
     <span class='ocr_line' id='line_1_52' title="bbox 1971 1193 3561 1269; baseline -0.003 -16"><span class='ocrx_word' id='word_1_349' title='bbox 1971 1200 2255 1269; x_wconf 78' lang='grc' dir='ltr'>συνήθεια.</span> <span class='ocrx_word' id='word_1_350' title='bbox 2287 1193 2459 1254; x_wconf 83' lang='grc' dir='ltr'>Τοῦτο</span> <span class='ocrx_word' id='word_1_351' title='bbox 2493 1197 2549 1253; x_wconf 80' lang='grc' dir='ltr'>δὲ</span> <span class='ocrx_word' id='word_1_352' title='bbox 2578 1201 2672 1253; x_wconf 72' lang='grc' dir='ltr'>καὶ</span> <span class='ocrx_word' id='word_1_353' title='bbox 2714 1201 2821 1253; x_wconf 77' lang='grc' dir='ltr'>ἀπὸ</span> <span class='ocrx_word' id='word_1_354' title='bbox 2868 1198 3115 1267; x_wconf 84' lang='grc' dir='ltr'>φυσικῶν</span> <span class='ocrx_word' id='word_1_355' title='bbox 3154 1196 3434 1266; x_wconf 84' lang='grc' dir='ltr'>λογισμῶν</span> <span class='ocrx_word' id='word_1_356' title='bbox 3468 1196 3561 1248; x_wconf 73' lang='grc' dir='ltr'>καὶ</span> 
     </span>
    </p>
   </div>
   <div class='ocr_carea' id='block_1_53' title="bbox 1971 1290 3563 1363">
    <p class='ocr_par' dir='ltr' id='par_1_53' title="bbox 1971 1290 3563 1363">
     <span class='ocr_line' id='line_1_53' title="bbox 1971 1290 3563 1363; baseline -0.003 -16"><span class='ocrx_word' id='word_1_357' title='bbox 1971 1293 2167 1347; x_wconf 87' lang='grc' dir='ltr'>κοινῶν</span> <span class='ocrx_word' id='word_1_358' title='bbox 2194 1293 2418 1346; x_wconf 79' lang='grc' dir='ltr'>ἐννοιῶν</span> <span class='ocrx_word' id='word_1_359' title='bbox 2441 1291 2896 1362; x_wconf 76' lang='grc' dir='ltr'>ἀποδειχθήσεται</span> <span class='ocrx_word' id='word_1_360' title='bbox 2922 1311 2936 1326; x_wconf 89' lang='grc'><strong>·</strong></span> <span class='ocrx_word' id='word_1_361' title='bbox 2973 1293 3090 1345; x_wconf 78' lang='grc' dir='ltr'>ἐστι</span> <span class='ocrx_word' id='word_1_362' title='bbox 3117 1294 3226 1363; x_wconf 81' lang='grc' dir='ltr'>γὰρ</span> <span class='ocrx_word' id='word_1_363' title='bbox 3250 1293 3278 1344; x_wconf 84' lang='grc' dir='ltr'>ό</span> <span class='ocrx_word' id='word_1_364' title='bbox 3311 1290 3412 1361; x_wconf 74' lang='grc' dir='ltr'>μὲν</span> <span class='ocrx_word' id='word_1_365' title='bbox 3454 1309 3563 1343; x_wconf 89' lang='grc' dir='ltr'>πα-</span> 
     </span>
    </p>
   </div>
   <div class='ocr_carea' id='block_1_54' title="bbox 1969 1379 3561 1456">
    <p class='ocr_par' dir='ltr' id='par_1_54' title="bbox 1969 1379 3561 1456">
     <span class='ocr_line' id='line_1_54' title="bbox 1969 1379 3561 1456; baseline -0.003 -17"><span class='ocrx_word' id='word_1_366' title='bbox 1969 1386 2241 1455; x_wconf 81' lang='grc' dir='ltr'>τριάρχης</span> <span class='ocrx_word' id='word_1_367' title='bbox 2273 1386 2482 1456; x_wconf 80' lang='grc' dir='ltr'>κεφαλὴ</span> <span class='ocrx_word' id='word_1_368' title='bbox 2526 1386 2622 1454; x_wconf 83' lang='grc' dir='ltr'>τῆς</span> <span class='ocrx_word' id='word_1_369' title='bbox 2668 1385 3000 1456; x_wconf 86' lang='grc' dir='ltr'>Ἐκκλησίας</span> <span class='ocrx_word' id='word_1_370' title='bbox 3035 1385 3241 1455; x_wconf 84' lang='grc' dir='ltr'>πάσης,</span> <span class='ocrx_word' id='word_1_371' title='bbox 3273 1383 3320 1436; x_wconf 77' lang='grc' dir='ltr'>οἱ</span> <span class='ocrx_word' id='word_1_372' title='bbox 3353 1379 3411 1436; x_wconf 71' lang='grc' dir='ltr'>δὲ</span> <span class='ocrx_word' id='word_1_373' title='bbox 3450 1383 3561 1435; x_wconf 89' lang='grc' dir='ltr'>λοι-</span> 
     </span>
    </p>
   </div>
   <div class='ocr_carea' id='block_1_55' title="bbox 1969 1477 3564 1551">
    <p class='ocr_par' dir='ltr' id='par_1_55' title="bbox 1969 1477 3564 1551">
     <span class='ocr_line' id='line_1_55' title="bbox 1969 1477 3564 1551; baseline -0.003 -17"><span class='ocrx_word' id='word_1_374' title='bbox 1969 1483 2067 1534; x_wconf 71' lang='grc' dir='ltr'>ποὶ</span> <span class='ocrx_word' id='word_1_375' title='bbox 2088 1482 2363 1551; x_wconf 84' lang='grc' dir='ltr'>ἀρχιερεῖς</span> <span class='ocrx_word' id='word_1_376' title='bbox 2399 1481 2561 1549; x_wconf 82' lang='grc' dir='ltr'>μέλη,</span> <span class='ocrx_word' id='word_1_377' title='bbox 2595 1479 2688 1542; x_wconf 86' lang='grc' dir='ltr'>οὒς</span> <span class='ocrx_word' id='word_1_378' title='bbox 2708 1479 2923 1550; x_wconf 75' lang='grc' dir='ltr'>ἔχουσιν</span> <span class='ocrx_word' id='word_1_379' title='bbox 2963 1478 3182 1532; x_wconf 75' lang='grc' dir='ltr'>ἕκαστοι</span> <span class='ocrx_word' id='word_1_380' title='bbox 3204 1478 3314 1530; x_wconf 91' lang='grc' dir='ltr'>τῶν</span> <span class='ocrx_word' id='word_1_381' title='bbox 3343 1477 3437 1529; x_wconf 87' lang='grc' dir='ltr'>ὑπ’</span> <span class='ocrx_word' id='word_1_382' title='bbox 3463 1477 3564 1530; x_wconf 85' lang='grc' dir='ltr'>αὐ-</span> 
     </span>
    </p>
   </div>
   <div class='ocr_carea' id='block_1_56' title="bbox 1939 1567 3564 1642">
    <p class='ocr_par' dir='ltr' id='par_1_56' title="bbox 1939 1567 3564 1642">
     <span class='ocr_line' id='line_1_56' title="bbox 1939 1567 3564 1642; baseline -0.001 -18"><span class='ocrx_word' id='word_1_383' title='bbox 1939 1603 1950 1615; x_wconf 85' lang='grc'><strong>-</strong></span> <span class='ocrx_word' id='word_1_384' title='bbox 1969 1570 2094 1634; x_wconf 69' lang='grc' dir='ltr'>τοῦς</span> <span class='ocrx_word' id='word_1_385' title='bbox 2119 1571 2192 1633; x_wconf 83' lang='grc' dir='ltr'>ὡς</span> <span class='ocrx_word' id='word_1_386' title='bbox 2222 1572 2466 1642; x_wconf 79' lang='grc' dir='ltr'>κεφαλὴν</span> <span class='ocrx_word' id='word_1_387' title='bbox 2493 1573 2726 1626; x_wconf 66' lang='grc' dir='ltr'>ἕκαστον</span> <span class='ocrx_word' id='word_1_388' title='bbox 2749 1587 2764 1602; x_wconf 66' lang='grc' dir='ltr'>ί</span> <span class='ocrx_word' id='word_1_389' title='bbox 2822 1572 2937 1634; x_wconf 84' lang='grc' dir='ltr'>πῶς</span> <span class='ocrx_word' id='word_1_390' title='bbox 2975 1567 3069 1624; x_wconf 81' lang='grc' dir='ltr'>οῦν</span> <span class='ocrx_word' id='word_1_391' title='bbox 3101 1568 3165 1624; x_wconf 81' lang='grc' dir='ltr'>οὐ</span> <span class='ocrx_word' id='word_1_392' title='bbox 3191 1569 3398 1638; x_wconf 85' lang='grc' dir='ltr'>γελοῖον</span> <span class='ocrx_word' id='word_1_393' title='bbox 3440 1569 3564 1622; x_wconf 65' lang='grc' dir='ltr'>τούέ</span> 
     </span>
    </p>
   </div>
   <div class='ocr_carea' id='block_1_57' title="bbox 1969 1661 3559 1734">
    <p class='ocr_par' dir='ltr' id='par_1_57' title="bbox 1969 1661 3559 1734">
     <span class='ocr_line' id='line_1_57' title="bbox 1969 1661 3559 1734; baseline -0.002 -18"><span class='ocrx_word' id='word_1_394' title='bbox 1969 1681 2095 1726; x_wconf 90' lang='grc' dir='ltr'>τους</span> <span class='ocrx_word' id='word_1_395' title='bbox 2126 1665 2224 1734; x_wconf 80' lang='grc' dir='ltr'>μὲν</span> <span class='ocrx_word' id='word_1_396' title='bbox 2257 1663 2694 1733; x_wconf 86' lang='grc' dir='ltr'>μνημονευεσθαι</span> <span class='ocrx_word' id='word_1_397' title='bbox 2721 1661 2932 1728; x_wconf 83' lang='grc' dir='ltr'>ζῶντας</span> <span class='ocrx_word' id='word_1_398' title='bbox 2964 1663 3114 1733; x_wconf 73' lang='grc' dir='ltr'>παρά</span> <span class='ocrx_word' id='word_1_399' title='bbox 3138 1661 3250 1714; x_wconf 88' lang='grc' dir='ltr'>τῶν</span> <span class='ocrx_word' id='word_1_400' title='bbox 3278 1662 3559 1730; x_wconf 84' lang='grc' dir='ltr'>ὑπηκόων,</span> 
     </span>
    </p>
   </div>
   <div class='ocr_carea' id='block_1_58' title="bbox 1974 1753 3562 1826">
    <p class='ocr_par' dir='ltr' id='par_1_58' title="bbox 1974 1753 3562 1826">
     <span class='ocr_line' id='line_1_58' title="bbox 1974 1753 3562 1826; baseline -0.001 -18"><span class='ocrx_word' id='word_1_401' title='bbox 1974 1757 2109 1826; x_wconf 85' lang='grc' dir='ltr'>μέλη</span> <span class='ocrx_word' id='word_1_402' title='bbox 2164 1757 2264 1824; x_wconf 81' lang='grc' dir='ltr'>τῆς</span> <span class='ocrx_word' id='word_1_403' title='bbox 2310 1756 2642 1822; x_wconf 73' lang='grc' dir='ltr'>Ἐκκλησίας</span> <span class='ocrx_word' id='word_1_404' title='bbox 2695 1755 2879 1819; x_wconf 78' lang='grc' dir='ltr'>ὄντας,</span> <span class='ocrx_word' id='word_1_405' title='bbox 2936 1754 3328 1808; x_wconf 83' lang='grc' dir='ltr'>ἀποθανόντων</span> <span class='ocrx_word' id='word_1_406' title='bbox 3377 1753 3437 1807; x_wconf 79' lang='grc' dir='ltr'>δὲ</span> <span class='ocrx_word' id='word_1_407' title='bbox 3481 1755 3562 1824; x_wconf 77' lang='grc' dir='ltr'>μὴ</span> 
     </span>
    </p>
   </div>
   <div class='ocr_carea' id='block_1_59' title="bbox 1976 1838 3562 1916">
    <p class='ocr_par' dir='ltr' id='par_1_59' title="bbox 1976 1838 3562 1916">
     <span class='ocr_line' id='line_1_59' title="bbox 1976 1838 3562 1916; baseline -0.001 -19"><span class='ocrx_word' id='word_1_408' title='bbox 1976 1841 2417 1916; x_wconf 84' lang='grc' dir='ltr'>μνημονεύεσθαι</span> <span class='ocrx_word' id='word_1_409' title='bbox 2477 1845 2569 1896; x_wconf 74' lang='grc' dir='ltr'>τὸν</span> <span class='ocrx_word' id='word_1_410' title='bbox 2627 1838 2998 1913; x_wconf 76' lang='grc' dir='ltr'>πατριάρχην,</span> <span class='ocrx_word' id='word_1_411' title='bbox 3049 1845 3147 1912; x_wconf 79' lang='grc' dir='ltr'>τὴν</span> <span class='ocrx_word' id='word_1_412' title='bbox 3181 1843 3428 1912; x_wconf 75' lang='grc' dir='ltr'>κεφαλὴν</span> <span class='ocrx_word' id='word_1_413' title='bbox 3461 1844 3562 1912; x_wconf 78' lang='grc' dir='ltr'>τῆς</span> 
     </span>
    </p>
   </div>
   <div class='ocr_carea' id='block_1_60' title="bbox 1984 1929 3565 2006">
    <p class='ocr_par' dir='ltr' id='par_1_60' title="bbox 1984 1929 3565 2006">
     <span class='ocr_line' id='line_1_60' title="bbox 1984 1929 3565 2006; baseline -0.001 -17"><span class='ocrx_word' id='word_1_414' title='bbox 1984 1932 2314 2006; x_wconf 85' lang='grc' dir='ltr'>Ἐκκλησίας</span> <span class='ocrx_word' id='word_1_415' title='bbox 2361 1936 2455 1988; x_wconf 71' lang='grc' dir='ltr'>καὶ</span> <span class='ocrx_word' id='word_1_416' title='bbox 2493 1934 2738 2006; x_wconf 79' lang='grc' dir='ltr'>κεφαλὴν</span> <span class='ocrx_word' id='word_1_417' title='bbox 2798 1929 2898 2004; x_wconf 78' lang='grc' dir='ltr'>τῆς</span> <span class='ocrx_word' id='word_1_418' title='bbox 2946 1939 3054 1989; x_wconf 89' lang='grc' dir='ltr'>τῶν</span> <span class='ocrx_word' id='word_1_419' title='bbox 3089 1930 3345 2006; x_wconf 85' lang='grc' dir='ltr'>ὑπηκόων</span> <span class='ocrx_word' id='word_1_420' title='bbox 3389 1951 3565 2003; x_wconf 76' lang='grc' dir='ltr'>κεφα-</span> 
     </span>
    </p>
   </div>
   <div class='ocr_carea' id='block_1_61' title="bbox 1972 2027 3564 2099">
    <p class='ocr_par' dir='ltr' id='par_1_61' title="bbox 1972 2027 3564 2099">
     <span class='ocr_line' id='line_1_61' title="bbox 1972 2027 3564 2099; baseline -0.002 -18"><span class='ocrx_word' id='word_1_421' title='bbox 1972 2030 2106 2098; x_wconf 75' lang='grc' dir='ltr'>λῆς;</span> <span class='ocrx_word' id='word_1_422' title='bbox 2149 2027 2280 2080; x_wconf 78' lang='grc' dir='ltr'>Εἶτα</span> <span class='ocrx_word' id='word_1_423' title='bbox 2321 2030 2532 2080; x_wconf 81' lang='grc' dir='ltr'>ἐκείνου</span> <span class='ocrx_word' id='word_1_424' title='bbox 2585 2029 2842 2090; x_wconf 82' lang='grc' dir='ltr'>πολλάκις</span> <span class='ocrx_word' id='word_1_425' title='bbox 2884 2029 2945 2081; x_wconf 84' lang='grc' dir='ltr'>οὑ</span> <span class='ocrx_word' id='word_1_426' title='bbox 2984 2027 3383 2099; x_wconf 89' lang='grc' dir='ltr'>μνημονεύουσί</span> <span class='ocrx_word' id='word_1_427' title='bbox 3413 2043 3564 2087; x_wconf 90' lang='grc' dir='ltr'>τινες</span> 
     </span>
    </p>
   </div>
   <div class='ocr_carea' id='block_1_62' title="bbox 1974 2119 3563 2191">
    <p class='ocr_par' dir='ltr' id='par_1_62' title="bbox 1974 2119 3563 2191">
     <span class='ocr_line' id='line_1_62' title="bbox 1974 2119 3563 2191; baseline -0.001 -19"><span class='ocrx_word' id='word_1_428' title='bbox 1974 2121 2270 2190; x_wconf 80' lang='grc' dir='ltr'>ζητοῦντος</span> <span class='ocrx_word' id='word_1_429' title='bbox 2321 2122 2692 2191; x_wconf 83' lang='grc' dir='ltr'>μνημόσυνον,</span> <span class='ocrx_word' id='word_1_430' title='bbox 2729 2120 2788 2172; x_wconf 81' lang='grc' dir='ltr'>ὃν</span> <span class='ocrx_word' id='word_1_431' title='bbox 2825 2121 3140 2188; x_wconf 84' lang='grc' dir='ltr'>φοϐοῦνται,</span> <span class='ocrx_word' id='word_1_432' title='bbox 3184 2123 3258 2189; x_wconf 78' lang='grc' dir='ltr'>μή</span> <span class='ocrx_word' id='word_1_433' title='bbox 3313 2133 3445 2172; x_wconf 86' lang='grc' dir='ltr'>ποτε</span> <span class='ocrx_word' id='word_1_434' title='bbox 3473 2119 3563 2171; x_wconf 77' lang='grc' dir='ltr'>διὰ</span> 
     </span>
    </p>
   </div>
   <div class='ocr_carea' id='block_1_63' title="bbox 1972 2211 3566 2282">
    <p class='ocr_par' dir='ltr' id='par_1_63' title="bbox 1972 2211 3566 2282">
     <span class='ocr_line' id='line_1_63' title="bbox 1972 2211 3566 2282; baseline 0.001 -20"><span class='ocrx_word' id='word_1_435' title='bbox 1972 2212 2131 2264; x_wconf 86' lang='grc' dir='ltr'>τοῦτο</span> <span class='ocrx_word' id='word_1_436' title='bbox 2179 2214 2274 2264; x_wconf 74' lang='grc' dir='ltr'>καὶ</span> <span class='ocrx_word' id='word_1_437' title='bbox 2311 2213 2408 2280; x_wconf 78' lang='grc' dir='ltr'>τὴν</span> <span class='ocrx_word' id='word_1_438' title='bbox 2437 2211 2610 2282; x_wconf 79' lang='grc' dir='ltr'>ἀρχὴν</span> <span class='ocrx_word' id='word_1_439' title='bbox 2642 2214 2869 2266; x_wconf 88' lang='grc' dir='ltr'>ἐκείνων</span> <span class='ocrx_word' id='word_1_440' title='bbox 2903 2213 3145 2266; x_wconf 84' lang='grc' dir='ltr'>ἀκόντων</span> <span class='ocrx_word' id='word_1_441' title='bbox 3179 2211 3342 2282; x_wconf 85' lang='grc' dir='ltr'>λάϐῃ,</span> <span class='ocrx_word' id='word_1_442' title='bbox 3373 2211 3566 2280; x_wconf 81' lang='grc' dir='ltr'>ὥσπερ</span> 
     </span>
    </p>
   </div>
   <div class='ocr_carea' id='block_1_64' title="bbox 1971 2301 3566 2372">
    <p class='ocr_par' dir='ltr' id='par_1_64' title="bbox 1971 2301 3566 2372">
     <span class='ocr_line' id='line_1_64' title="bbox 1971 2301 3566 2372; baseline 0.002 -21"><span class='ocrx_word' id='word_1_443' title='bbox 1971 2301 2183 2368; x_wconf 89' lang='grc' dir='ltr'>γίνεται</span> <span class='ocrx_word' id='word_1_444' title='bbox 2212 2303 2470 2364; x_wconf 87' lang='grc' dir='ltr'>πολλάκις</span> <span class='ocrx_word' id='word_1_445' title='bbox 2493 2303 2550 2353; x_wconf 82' lang='grc' dir='ltr'>ἐν</span> <span class='ocrx_word' id='word_1_446' title='bbox 2590 2321 2700 2356; x_wconf 90' lang='grc' dir='ltr'>τισι</span> <span class='ocrx_word' id='word_1_447' title='bbox 2727 2304 2835 2354; x_wconf 88' lang='grc' dir='ltr'>τῶν</span> <span class='ocrx_word' id='word_1_448' title='bbox 2866 2303 3141 2372; x_wconf 87' lang='grc' dir='ltr'>ἀρχόντων</span> <span class='ocrx_word' id='word_1_449' title='bbox 3173 2305 3373 2366; x_wconf 87' lang='grc' dir='ltr'>τόπων,</span> <span class='ocrx_word' id='word_1_450' title='bbox 3402 2303 3566 2355; x_wconf 83' lang='grc' dir='ltr'>τινῶν</span> 
     </span>
    </p>
   </div>
   <div class='ocr_carea' id='block_1_65' title="bbox 1972 2390 3566 2468">
    <p class='ocr_par' dir='ltr' id='par_1_65' title="bbox 1972 2390 3566 2468">
     <span class='ocr_line' id='line_1_65' title="bbox 1972 2390 3566 2468; baseline 0.002 -25"><span class='ocrx_word' id='word_1_451' title='bbox 1972 2390 2280 2462; x_wconf 79' lang='grc' dir='ltr'>ζητούντων</span> <span class='ocrx_word' id='word_1_452' title='bbox 2350 2392 2696 2464; x_wconf 80' lang='grc' dir='ltr'>μνημόσυνον</span> <span class='ocrx_word' id='word_1_453' title='bbox 2743 2394 2893 2466; x_wconf 82' lang='grc' dir='ltr'>παρά</span> <span class='ocrx_word' id='word_1_454' title='bbox 2929 2395 3039 2446; x_wconf 77' lang='grc' dir='ltr'>τῶν</span> <span class='ocrx_word' id='word_1_455' title='bbox 3103 2395 3337 2468; x_wconf 86' lang='grc' dir='ltr'>πλησίον</span> <span class='ocrx_word' id='word_1_456' title='bbox 3382 2396 3566 2449; x_wconf 77' lang='grc' dir='ltr'>αὐτῶν</span> 
     </span>
    </p>
   </div>
   <div class='ocr_carea' id='block_1_66' title="bbox 1971 2483 3568 2557">
    <p class='ocr_par' dir='ltr' id='par_1_66' title="bbox 1971 2483 3568 2557">
     <span class='ocr_line' id='line_1_66' title="bbox 1971 2483 3568 2557; baseline 0.002 -20"><span class='ocrx_word' id='word_1_457' title='bbox 1971 2486 2208 2545; x_wconf 85' lang='grc' dir='ltr'>πόλεων,</span> <span class='ocrx_word' id='word_1_458' title='bbox 2249 2485 2340 2537; x_wconf 70' lang='grc' dir='ltr'>καὶ</span> <span class='ocrx_word' id='word_1_459' title='bbox 2363 2483 2450 2537; x_wconf 82' lang='grc' dir='ltr'>διά</span> <span class='ocrx_word' id='word_1_460' title='bbox 2496 2486 2595 2557; x_wconf 77' lang='grc' dir='ltr'>τὴν</span> <span class='ocrx_word' id='word_1_461' title='bbox 2618 2488 2918 2557; x_wconf 79' lang='grc' dir='ltr'>εἰρημένην</span> <span class='ocrx_word' id='word_1_462' title='bbox 2946 2487 3148 2552; x_wconf 76' lang='grc' dir='ltr'>αἰτίαν,</span> <span class='ocrx_word' id='word_1_463' title='bbox 3192 2485 3568 2557; x_wconf 72' lang='grc' dir='ltr'>ἀναϐαλλομέ-</span> 
     </span>
    </p>
   </div>
   <div class='ocr_carea' id='block_1_67' title="bbox 1971 2571 3564 2652">
    <p class='ocr_par' dir='ltr' id='par_1_67' title="bbox 1971 2571 3564 2652">
     <span class='ocr_line' id='line_1_67' title="bbox 1971 2571 3564 2652; baseline 0.005 -26"><span class='ocrx_word' id='word_1_464' title='bbox 1971 2592 2076 2628; x_wconf 81' lang='grc' dir='ltr'>νων</span> <span class='ocrx_word' id='word_1_465' title='bbox 2105 2571 2262 2627; x_wconf 86' lang='grc' dir='ltr'>τοῦτο</span> <span class='ocrx_word' id='word_1_466' title='bbox 2285 2575 2489 2637; x_wconf 77' lang='grc' dir='ltr'>αὐτῶν,</span> <span class='ocrx_word' id='word_1_467' title='bbox 2533 2577 2662 2628; x_wconf 79' lang='grc' dir='ltr'>ἔνθα</span> <span class='ocrx_word' id='word_1_468' title='bbox 2695 2579 2751 2629; x_wconf 83' lang='grc' dir='ltr'>δέ</span> <span class='ocrx_word' id='word_1_469' title='bbox 2780 2581 2895 2631; x_wconf 90' lang='grc' dir='ltr'>ἐστί</span> <span class='ocrx_word' id='word_1_470' title='bbox 2921 2597 3004 2641; x_wconf 80' lang='grc' dir='ltr'>τις</span> <span class='ocrx_word' id='word_1_471' title='bbox 3039 2582 3224 2650; x_wconf 80' lang='grc' dir='ltr'>ἄρχων</span> <span class='ocrx_word' id='word_1_472' title='bbox 3251 2581 3347 2635; x_wconf 76' lang='grc' dir='ltr'>καὶ</span> <span class='ocrx_word' id='word_1_473' title='bbox 3370 2581 3564 2652; x_wconf 87' lang='grc' dir='ltr'>κύριος</span> 
     </span>
    </p>
   </div>
   <div class='ocr_carea' id='block_1_68' title="bbox 1972 2662 3568 2740">
    <p class='ocr_par' dir='ltr' id='par_1_68' title="bbox 1972 2662 3568 2740">
     <span class='ocr_line' id='line_1_68' title="bbox 1972 2662 3568 2740; baseline 0.006 -22"><span class='ocrx_word' id='word_1_474' title='bbox 1972 2668 2064 2718; x_wconf 74' lang='grc' dir='ltr'>καὶ</span> <span class='ocrx_word' id='word_1_475' title='bbox 2099 2667 2349 2728; x_wconf 80' lang='grc' dir='ltr'>ἐξουσίαν</span> <span class='ocrx_word' id='word_1_476' title='bbox 2383 2666 2542 2735; x_wconf 81' lang='grc' dir='ltr'>ἔχων,</span> <span class='ocrx_word' id='word_1_477' title='bbox 2594 2662 2622 2720; x_wconf 85' lang='lat'>6</span> <span class='ocrx_word' id='word_1_478' title='bbox 2657 2669 2932 2737; x_wconf 76' lang='grc' dir='ltr'>βούλεται,</span> <span class='ocrx_word' id='word_1_479' title='bbox 2987 2674 3240 2740; x_wconf 87' lang='grc' dir='ltr'>ποιῆσαι,</span> <span class='ocrx_word' id='word_1_480' title='bbox 3302 2673 3418 2736; x_wconf 88' lang='grc' dir='ltr'>πῶς</span> <span class='ocrx_word' id='word_1_481' title='bbox 3451 2675 3568 2728; x_wconf 84' lang='grc' dir='ltr'>ἐστι</span> 
     </span>
    </p>
   </div>
   <div class='ocr_carea' id='block_1_69' title="bbox 1970 2754 3569 2834">
    <p class='ocr_par' dir='ltr' id='par_1_69' title="bbox 1970 2754 3569 2834">
     <span class='ocr_line' id='line_1_69' title="bbox 1970 2754 3569 2834; baseline 0.004 -22"><span class='ocrx_word' id='word_1_482' title='bbox 1970 2759 2178 2812; x_wconf 84' lang='grc' dir='ltr'>δίκαιον</span> <span class='ocrx_word' id='word_1_483' title='bbox 2235 2760 2413 2825; x_wconf 85' lang='grc' dir='ltr'>λέγειν</span> <span class='ocrx_word' id='word_1_484' title='bbox 2467 2754 2608 2812; x_wconf 76' lang='grc' dir='ltr'>εἶναι</span> <span class='ocrx_word' id='word_1_485' title='bbox 2663 2762 2957 2832; x_wconf 81' lang='grc' dir='ltr'>συνήθειαν</span> <span class='ocrx_word' id='word_1_486' title='bbox 3013 2767 3089 2834; x_wconf 82' lang='grc' dir='ltr'>μὴ</span> <span class='ocrx_word' id='word_1_487' title='bbox 3125 2766 3569 2834; x_wconf 66' lang='grc' dir='ltr'>μνημονεύεσθαι</span> 
     </span>
    </p>
   </div>
   <div class='ocr_carea' id='block_1_70' title="bbox 1970 2851 3566 2928">
    <p class='ocr_par' dir='ltr' id='par_1_70' title="bbox 1970 2851 3566 2928">
     <span class='ocr_line' id='line_1_70' title="bbox 1970 2851 3566 2928; baseline 0.006 -24"><span class='ocrx_word' id='word_1_488' title='bbox 1970 2851 2199 2917; x_wconf 89' lang='grc' dir='ltr'>τοῦτον;</span> <span class='ocrx_word' id='word_1_489' title='bbox 2256 2853 2402 2906; x_wconf 77' lang='grc' dir='ltr'>Ὅτι</span> <span class='ocrx_word' id='word_1_490' title='bbox 2432 2853 2489 2905; x_wconf 87' lang='grc' dir='ltr'>δέ</span> <span class='ocrx_word' id='word_1_491' title='bbox 2533 2853 2631 2924; x_wconf 79' lang='grc' dir='ltr'>τὴν</span> <span class='ocrx_word' id='word_1_492' title='bbox 2665 2855 2838 2925; x_wconf 80' lang='grc' dir='ltr'>ἀρχὴν</span> <span class='ocrx_word' id='word_1_493' title='bbox 2871 2855 2967 2924; x_wconf 81' lang='grc' dir='ltr'>τῆς</span> <span class='ocrx_word' id='word_1_494' title='bbox 2997 2851 3328 2927; x_wconf 82' lang='grc' dir='ltr'>Ἐκκλησίας</span> <span class='ocrx_word' id='word_1_495' title='bbox 3359 2859 3566 2928; x_wconf 81' lang='grc' dir='ltr'>ταύτης</span> 
     </span>
    </p>
   </div>
   <div class='ocr_carea' id='block_1_71' title="bbox 1971 2945 3566 3022">
    <p class='ocr_par' dir='ltr' id='par_1_71' title="bbox 1971 2945 3566 3022">
     <span class='ocr_line' id='line_1_71' title="bbox 1971 2945 3566 3022; baseline 0.004 -23"><span class='ocrx_word' id='word_1_496' title='bbox 1971 2946 2080 3016; x_wconf 74' lang='grc' dir='ltr'>ἔχω</span> <span class='ocrx_word' id='word_1_497' title='bbox 2110 2945 2241 3011; x_wconf 87' lang='grc' dir='ltr'>ἐγὼ,</span> <span class='ocrx_word' id='word_1_498' title='bbox 2285 2947 2442 2998; x_wconf 72' lang='grc' dir='ltr'>τοῦτο</span> <span class='ocrx_word' id='word_1_499' title='bbox 2474 2947 2760 3016; x_wconf 85' lang='grc' dir='ltr'>πρόδηλον,</span> <span class='ocrx_word' id='word_1_500' title='bbox 2798 2949 2894 3002; x_wconf 75' lang='grc' dir='ltr'>καὶ</span> <span class='ocrx_word' id='word_1_501' title='bbox 2942 2950 3101 3020; x_wconf 86' lang='grc' dir='ltr'>ὑμεῖς</span> <span class='ocrx_word' id='word_1_502' title='bbox 3136 2953 3524 3022; x_wconf 83' lang='grc' dir='ltr'>μαρτυρήσετε</span> <span class='ocrx_word' id='word_1_503' title='bbox 3551 2969 3566 2986; x_wconf 74' lang='grc' dir='ltr'><strong><em>ο</em></strong></span> 
     </span>
    </p>
   </div>
   <div class='ocr_carea' id='block_1_72' title="bbox 1971 3041 3564 3118">
    <p class='ocr_par' dir='ltr' id='par_1_72' title="bbox 1971 3041 3564 3118">
     <span class='ocr_line' id='line_1_72' title="bbox 1971 3041 3564 3118; baseline 0.003 -23"><span class='ocrx_word' id='word_1_504' title='bbox 1971 3046 2067 3096; x_wconf 70' lang='grc' dir='ltr'>καὶ</span> <span class='ocrx_word' id='word_1_505' title='bbox 2084 3043 2195 3112; x_wconf 82' lang='grc' dir='ltr'>γὰρ</span> <span class='ocrx_word' id='word_1_506' title='bbox 2220 3041 2329 3109; x_wconf 81' lang='grc' dir='ltr'>ἐγὼ</span> <span class='ocrx_word' id='word_1_507' title='bbox 2354 3043 2542 3113; x_wconf 83' lang='grc' dir='ltr'>κρατῶ</span> <span class='ocrx_word' id='word_1_508' title='bbox 2577 3043 2782 3112; x_wconf 85' lang='grc' dir='ltr'>ταύτην</span> <span class='ocrx_word' id='word_1_509' title='bbox 2804 3045 2917 3107; x_wconf 83' lang='grc' dir='ltr'>νῦν,</span> <span class='ocrx_word' id='word_1_510' title='bbox 2950 3045 3045 3098; x_wconf 70' lang='grc' dir='ltr'>κλὶ</span> <span class='ocrx_word' id='word_1_511' title='bbox 3071 3047 3255 3101; x_wconf 74' lang='grc' dir='ltr'>ἄδειαν</span> <span class='ocrx_word' id='word_1_512' title='bbox 3285 3047 3396 3118; x_wconf 77' lang='grc' dir='ltr'>ἔχω</span> <span class='ocrx_word' id='word_1_513' title='bbox 3425 3049 3564 3102; x_wconf 86' lang='grc' dir='ltr'>πάν-</span> 
     </span>
    </p>
   </div>
   <div class='ocr_carea' id='block_1_73' title="bbox 1897 3129 3567 3219">
    <p class='ocr_par' dir='ltr' id='par_1_73' title="bbox 1897 3129 3567 3219">
     <span class='ocr_line' id='line_1_73' title="bbox 1897 3129 3567 3219; baseline 0.004 -35"><span class='ocrx_word' id='word_1_514' title='bbox 1897 3151 2044 3219; x_wconf 60' lang='lat' dir='ltr'>cra</span> <span class='ocrx_word' id='word_1_515' title='bbox 2091 3129 2266 3186; x_wconf 87' lang='grc' dir='ltr'>ποιεῖν</span> <span class='ocrx_word' id='word_1_516' title='bbox 2323 3133 2419 3186; x_wconf 77' lang='grc' dir='ltr'>καὶ</span> <span class='ocrx_word' id='word_1_517' title='bbox 2475 3135 2738 3203; x_wconf 87' lang='grc' dir='ltr'>πρόνοιαν</span> <span class='ocrx_word' id='word_1_518' title='bbox 2796 3136 2997 3190; x_wconf 84' lang='grc' dir='ltr'>διδόναι</span> <span class='ocrx_word' id='word_1_519' title='bbox 3061 3139 3156 3191; x_wconf 80' lang='grc' dir='ltr'>καὶ</span> <span class='ocrx_word' id='word_1_520' title='bbox 3225 3141 3567 3210; x_wconf 83' lang='grc' dir='ltr'>χειροτονίας</span> 
     </span>
    </p>
   </div>
   <div class='ocr_carea' id='block_1_74' title="bbox 1978 3225 3570 3297">
    <p class='ocr_par' dir='ltr' id='par_1_74' title="bbox 1978 3225 3570 3297">
     <span class='ocr_line' id='line_1_74' title="bbox 1978 3225 3570 3297; baseline 0.006 -22"><span class='ocrx_word' id='word_1_521' title='bbox 1978 3225 2173 3286; x_wconf 82' lang='grc' dir='ltr'>ποιεῖν,</span> <span class='ocrx_word' id='word_1_522' title='bbox 2201 3225 2294 3276; x_wconf 74' lang='grc' dir='ltr'>καὶ</span> <span class='ocrx_word' id='word_1_523' title='bbox 2327 3225 2510 3277; x_wconf 83' lang='grc' dir='ltr'>πάντα</span> <span class='ocrx_word' id='word_1_524' title='bbox 2544 3227 2610 3294; x_wconf 76' lang='grc' dir='ltr'>τῇ</span> <span class='ocrx_word' id='word_1_525' title='bbox 2633 3226 2884 3296; x_wconf 73' lang='grc' dir='ltr'>ἡμετέρα</span> <span class='ocrx_word' id='word_1_526' title='bbox 2905 3229 3122 3297; x_wconf 75' lang='grc' dir='ltr'>ἐξουσίᾳ</span> <span class='ocrx_word' id='word_1_527' title='bbox 3151 3229 3472 3283; x_wconf 84' lang='grc' dir='ltr'>ὑπόκεινται</span> <span class='ocrx_word' id='word_1_528' title='bbox 3500 3235 3570 3285; x_wconf 81' lang='grc' dir='ltr'>τὰ</span> 
     </span>
    </p>
   </div>
   <div class='ocr_carea' id='block_1_75' title="bbox 1977 3313 3566 3387">
    <p class='ocr_par' dir='ltr' id='par_1_75' title="bbox 1977 3313 3566 3387">
     <span class='ocr_line' id='line_1_75' title="bbox 1977 3313 3566 3387; baseline 0.004 -21"><span class='ocrx_word' id='word_1_529' title='bbox 1977 3313 2146 3382; x_wconf 81' lang='grc' dir='ltr'>αὐτῆς</span> <span class='ocrx_word' id='word_1_530' title='bbox 2172 3328 2186 3344; x_wconf 89' lang='grc'><strong>·</strong></span> <span class='ocrx_word' id='word_1_531' title='bbox 2244 3313 2353 3382; x_wconf 85' lang='grc' dir='ltr'>ἐγὼ</span> <span class='ocrx_word' id='word_1_532' title='bbox 2384 3315 2439 3366; x_wconf 86' lang='grc' dir='ltr'>δέ</span> <span class='ocrx_word' id='word_1_533' title='bbox 2475 3316 2503 3366; x_wconf 92' lang='lat'>6</span> <span class='ocrx_word' id='word_1_534' title='bbox 2535 3314 2712 3366; x_wconf 87' lang='grc' dir='ltr'>ταῦτα</span> <span class='ocrx_word' id='word_1_535' title='bbox 2764 3316 3061 3384; x_wconf 75' lang='grc' dir='ltr'>δυνάμενος</span> <span class='ocrx_word' id='word_1_536' title='bbox 3101 3317 3202 3370; x_wconf 80' lang='grc' dir='ltr'>οὐκ</span> <span class='ocrx_word' id='word_1_537' title='bbox 3233 3318 3342 3387; x_wconf 72' lang='grc' dir='ltr'>ἔχω</span> <span class='ocrx_word' id='word_1_538' title='bbox 3377 3321 3566 3375; x_wconf 76' lang='grc' dir='ltr'>ἄδειαν</span> 
     </span>
    </p>
   </div>
   <div class='ocr_carea' id='block_1_76' title="bbox 1977 3406 3575 3481">
    <p class='ocr_par' dir='ltr' id='par_1_76' title="bbox 1977 3406 3575 3481">
     <span class='ocr_line' id='line_1_76' title="bbox 1977 3406 3575 3481; baseline 0.004 -23"><span class='ocrx_word' id='word_1_539' title='bbox 1977 3407 2070 3458; x_wconf 70' lang='grc' dir='ltr'>καὶ</span> <span class='ocrx_word' id='word_1_540' title='bbox 2109 3408 2166 3458; x_wconf 86' lang='grc' dir='ltr'>ἐν</span> <span class='ocrx_word' id='word_1_541' title='bbox 2212 3407 2352 3475; x_wconf 75' lang='grc' dir='ltr'>αὐτῇ</span> <span class='ocrx_word' id='word_1_542' title='bbox 2389 3406 2867 3476; x_wconf 73' lang='grc' dir='ltr'>μνημονεύεσθαις</span> <span class='ocrx_word' id='word_1_543' title='bbox 2901 3409 2970 3460; x_wconf 69' lang='lat' dir='ltr'>“ﬂ</span> <span class='ocrx_word' id='word_1_544' title='bbox 3009 3407 3114 3471; x_wconf 67' lang='grc' dir='ltr'>ἕως</span> <span class='ocrx_word' id='word_1_545' title='bbox 3171 3411 3270 3478; x_wconf 69' lang='grc' dir='ltr'>μὲν</span> <span class='ocrx_word' id='word_1_546' title='bbox 3297 3412 3324 3462; x_wconf 91' lang='lat'>6</span> <span class='ocrx_word' id='word_1_547' title='bbox 3359 3428 3575 3481; x_wconf 67' lang='grc' dir='ltr'>μητροα</span> 
     </span>
    </p>
   </div>
   <div class='ocr_carea' id='block_1_77' title="bbox 1976 3496 3570 3570">
    <p class='ocr_par' dir='ltr' id='par_1_77' title="bbox 1976 3496 3570 3570">
     <span class='ocr_line' id='line_1_77' title="bbox 1976 3496 3570 3570; baseline 0.004 -22"><span class='ocrx_word' id='word_1_548' title='bbox 1976 3496 2199 3564; x_wconf 83' lang='grc' dir='ltr'>πολίτης</span> <span class='ocrx_word' id='word_1_549' title='bbox 2221 3497 2309 3565; x_wconf 75' lang='grc' dir='ltr'>ζῇ,</span> <span class='ocrx_word' id='word_1_550' title='bbox 2339 3498 2370 3564; x_wconf 84' lang='grc' dir='ltr'><strong>ἡ</strong></span> <span class='ocrx_word' id='word_1_551' title='bbox 2395 3497 2546 3564; x_wconf 87' lang='grc' dir='ltr'>ὑμῶν</span> <span class='ocrx_word' id='word_1_552' title='bbox 2571 3497 2782 3566; x_wconf 81' lang='grc' dir='ltr'>κεφαλὴ</span> <span class='ocrx_word' id='word_1_553' title='bbox 2828 3498 3159 3568; x_wconf 74' lang='grc' dir='ltr'>μνημονεύει</span> <span class='ocrx_word' id='word_1_554' title='bbox 3181 3499 3275 3552; x_wconf 87' lang='grc' dir='ltr'>τοῦ</span> <span class='ocrx_word' id='word_1_555' title='bbox 3296 3503 3570 3570; x_wconf 83' lang='grc' dir='ltr'>πατριάρ-</span> 
     </span>
    </p>
   </div>
   <div class='ocr_carea' id='block_1_78' title="bbox 1976 3587 3566 3662">
    <p class='ocr_par' dir='ltr' id='par_1_78' title="bbox 1976 3587 3566 3662">
     <span class='ocr_line' id='line_1_78' title="bbox 1976 3587 3566 3662; baseline 0.004 -24"><span class='ocrx_word' id='word_1_556' title='bbox 1976 3604 2097 3656; x_wconf 85' lang='grc' dir='ltr'>χου.</span> <span class='ocrx_word' id='word_1_557' title='bbox 2133 3587 2229 3639; x_wconf 74' lang='grc' dir='ltr'>καὶ</span> <span class='ocrx_word' id='word_1_558' title='bbox 2273 3587 2535 3640; x_wconf 81' lang='grc' dir='ltr'>ἀδύνατόν</span> <span class='ocrx_word' id='word_1_559' title='bbox 2572 3589 2723 3640; x_wconf 84' lang='grc' dir='ltr'>ἐστιν</span> <span class='ocrx_word' id='word_1_560' title='bbox 2775 3589 2947 3650; x_wconf 79' lang='grc' dir='ltr'>ἄλλως</span> <span class='ocrx_word' id='word_1_561' title='bbox 2995 3591 3267 3657; x_wconf 79' lang='grc' dir='ltr'>γίνεσθαι,</span> <span class='ocrx_word' id='word_1_562' title='bbox 3301 3593 3421 3646; x_wconf 80' lang='grc' dir='ltr'>οὐδὲ</span> <span class='ocrx_word' id='word_1_563' title='bbox 3455 3595 3566 3662; x_wconf 69' lang='grc' dir='ltr'>γὰρ</span> 
     </span>
    </p>
   </div>
   <div class='ocr_carea' id='block_1_79' title="bbox 1977 3675 3570 3747">
    <p class='ocr_par' dir='ltr' id='par_1_79' title="bbox 1977 3675 3570 3747">
     <span class='ocr_line' id='line_1_79' title="bbox 1977 3675 3570 3747; baseline 0.001 -17"><span class='ocrx_word' id='word_1_564' title='bbox 1977 3677 2042 3730; x_wconf 80' lang='grc' dir='ltr'>ἂν</span> <span class='ocrx_word' id='word_1_565' title='bbox 2074 3675 2162 3745; x_wconf 83' lang='grc' dir='ltr'>είη</span> <span class='ocrx_word' id='word_1_566' title='bbox 2193 3676 2598 3746; x_wconf 88' lang='grc' dir='ltr'>μητροπολίτης</span> <span class='ocrx_word' id='word_1_567' title='bbox 2630 3679 2656 3729; x_wconf 87' lang='lat'>6</span> <span class='ocrx_word' id='word_1_568' title='bbox 2691 3677 2849 3729; x_wconf 86' lang='grc' dir='ltr'>τοῦτο</span> <span class='ocrx_word' id='word_1_569' title='bbox 2904 3677 2978 3747; x_wconf 85' lang='grc' dir='ltr'>μὴ</span> <span class='ocrx_word' id='word_1_570' title='bbox 3020 3678 3190 3730; x_wconf 87' lang='grc' dir='ltr'>ποιῶν</span> <span class='ocrx_word' id='word_1_571' title='bbox 3214 3696 3228 3711; x_wconf 89' lang='grc'><strong>·</strong></span> <span class='ocrx_word' id='word_1_572' title='bbox 3275 3679 3485 3731; x_wconf 76' lang='grc' dir='ltr'>ἐκείνου</span> <span class='ocrx_word' id='word_1_573' title='bbox 3512 3680 3570 3732; x_wconf 82' lang='grc' dir='ltr'>δὲ</span> 
     </span>
    </p>
   </div>
   <div class='ocr_carea' id='block_1_80' title="bbox 1977 3767 3567 3838">
    <p class='ocr_par' dir='ltr' id='par_1_80' title="bbox 1977 3767 3567 3838">
     <span class='ocr_line' id='line_1_80' title="bbox 1977 3767 3567 3838; baseline 0 -16"><span class='ocrx_word' id='word_1_574' title='bbox 1977 3769 2339 3830; x_wconf 87' lang='grc' dir='ltr'>ἀποθανόντος</span> <span class='ocrx_word' id='word_1_575' title='bbox 2371 3768 2432 3821; x_wconf 79' lang='grc' dir='ltr'>οὐ</span> <span class='ocrx_word' id='word_1_576' title='bbox 2472 3767 2839 3838; x_wconf 83' lang='grc' dir='ltr'>μνημονεύειν</span> <span class='ocrx_word' id='word_1_577' title='bbox 2877 3769 3020 3837; x_wconf 82' lang='grc' dir='ltr'>ὑμᾶς</span> <span class='ocrx_word' id='word_1_578' title='bbox 3055 3771 3172 3822; x_wconf 92' lang='grc' dir='ltr'>ἐστι</span> <span class='ocrx_word' id='word_1_579' title='bbox 3201 3769 3407 3823; x_wconf 72' lang='grc' dir='ltr'>δέκαιον</span> <span class='ocrx_word' id='word_1_580' title='bbox 3437 3771 3567 3835; x_wconf 69' lang='grc' dir='ltr'>τοὺς</span> 
     </span>
    </p>
   </div>
   <div class='ocr_carea' id='block_1_81' title="bbox 1977 3857 3568 3930">
    <p class='ocr_par' dir='ltr' id='par_1_81' title="bbox 1977 3857 3568 3930">
     <span class='ocr_line' id='line_1_81' title="bbox 1977 3857 3568 3930; baseline 0 -18"><span class='ocrx_word' id='word_1_581' title='bbox 1977 3858 2454 3925; x_wconf 79' lang='grc' dir='ltr'>ὑποτεταγμένους</span> <span class='ocrx_word' id='word_1_582' title='bbox 2502 3858 2719 3926; x_wconf 80' lang='grc' dir='ltr'>ἐκείνῳ,</span> <span class='ocrx_word' id='word_1_583' title='bbox 2782 3857 2842 3911; x_wconf 76' lang='grc' dir='ltr'>οὗ</span> <span class='ocrx_word' id='word_1_584' title='bbox 2898 3861 3109 3922; x_wconf 85' lang='grc' dir='ltr'>ἐκεῖνος</span> <span class='ocrx_word' id='word_1_585' title='bbox 3157 3859 3266 3925; x_wconf 78' lang='grc' dir='ltr'>ζῶν</span> <span class='ocrx_word' id='word_1_586' title='bbox 3318 3862 3568 3930; x_wconf 84' lang='grc' dir='ltr'>ἐμνημό-</span> 
     </span>
    </p>
   </div>
   <div class='ocr_carea' id='block_1_82' title="bbox 1976 3942 3568 4016">
    <p class='ocr_par' dir='ltr' id='par_1_82' title="bbox 1976 3942 3568 4016">
     <span class='ocr_line' id='line_1_82' title="bbox 1976 3942 3568 4016; baseline 0.001 -15"><span class='ocrx_word' id='word_1_587' title='bbox 1976 3964 2166 4012; x_wconf 78' lang='grc' dir='ltr'>νευεν;</span> <span class='ocrx_word' id='word_1_588' title='bbox 2211 3948 2404 4016; x_wconf 82' lang='grc' dir='ltr'>Ὁρᾶτε</span> <span class='ocrx_word' id='word_1_589' title='bbox 2468 3948 2586 4011; x_wconf 88' lang='grc' dir='ltr'>πῶς</span> <span class='ocrx_word' id='word_1_590' title='bbox 2632 3951 2730 4000; x_wconf 76' lang='grc' dir='ltr'>καὶ</span> <span class='ocrx_word' id='word_1_591' title='bbox 2777 3942 3023 4001; x_wconf 81' lang='grc' dir='ltr'>ἀπὺ’τῶν</span> <span class='ocrx_word' id='word_1_592' title='bbox 3057 3950 3298 4002; x_wconf 86' lang='grc' dir='ltr'>κανόνων</span> <span class='ocrx_word' id='word_1_593' title='bbox 3326 3949 3419 4002; x_wconf 75' lang='grc' dir='ltr'>καὶ</span> <span class='ocrx_word' id='word_1_594' title='bbox 3460 3952 3568 4002; x_wconf 80' lang='grc' dir='ltr'>ἀπὸ</span> 
     </span>
    </p>
   </div>
   <div class='ocr_carea' id='block_1_83' title="bbox 1976 4039 3569 4110">
    <p class='ocr_par' dir='ltr' id='par_1_83' title="bbox 1976 4039 3569 4110">
     <span class='ocr_line' id='line_1_83' title="bbox 1976 4039 3569 4110; baseline 0.001 -17"><span class='ocrx_word' id='word_1_595' title='bbox 1976 4041 2076 4110; x_wconf 83' lang='grc' dir='ltr'>τῆς</span> <span class='ocrx_word' id='word_1_596' title='bbox 2103 4041 2396 4108; x_wconf 73' lang='grc' dir='ltr'>συνηθείας</span> <span class='ocrx_word' id='word_1_597' title='bbox 2424 4039 2536 4094; x_wconf 88' lang='grc' dir='ltr'>τῶν</span> <span class='ocrx_word' id='word_1_598' title='bbox 2582 4041 2896 4110; x_wconf 88' lang='grc' dir='ltr'>ἐκκλησιῶν</span> <span class='ocrx_word' id='word_1_599' title='bbox 2927 4043 3154 4106; x_wconf 80' lang='grc' dir='ltr'>ἀπασῶν</span> <span class='ocrx_word' id='word_1_600' title='bbox 3187 4045 3277 4096; x_wconf 74' lang='grc' dir='ltr'>καὶ</span> <span class='ocrx_word' id='word_1_601' title='bbox 3324 4043 3432 4096; x_wconf 75' lang='grc' dir='ltr'>ἀπο</span> <span class='ocrx_word' id='word_1_602' title='bbox 3466 4061 3569 4109; x_wconf 71' lang='grc' dir='ltr'>φυο</span> 
     </span>
    </p>
   </div>
   <div class='ocr_carea' id='block_1_84' title="bbox 1981 4133 3568 4198">
    <p class='ocr_par' dir='ltr' id='par_1_84' title="bbox 1981 4133 3568 4198">
     <span class='ocr_line' id='line_1_84' title="bbox 1981 4133 3568 4198; baseline 0.001 -11"><span class='ocrx_word' id='word_1_603' title='bbox 1981 4134 2148 4187; x_wconf 91' lang='grc' dir='ltr'>σικῶν</span> <span class='ocrx_word' id='word_1_604' title='bbox 2181 4133 2354 4198; x_wconf 86' lang='grc' dir='ltr'>λόγων</span> <span class='ocrx_word' id='word_1_605' title='bbox 2380 4134 2472 4186; x_wconf 75' lang='grc' dir='ltr'>καὶ</span> <span class='ocrx_word' id='word_1_606' title='bbox 2504 4133 2703 4186; x_wconf 56' lang='grc' dir='ltr'>κοινῶν</span> <span class='ocrx_word' id='word_1_607' title='bbox 2743 4135 2963 4188; x_wconf 87' lang='grc' dir='ltr'>ἐννοιῶν</span> <span class='ocrx_word' id='word_1_608' title='bbox 2998 4135 3382 4190; x_wconf 78' lang='grc' dir='ltr'>ἀποδείκνυται</span> <span class='ocrx_word' id='word_1_609' title='bbox 3407 4136 3568 4190; x_wconf 89' lang='grc' dir='ltr'>τοῦτο</span> 
     </span>
    </p>
   </div>
   <div class='ocr_carea' id='block_1_85' title="bbox 265 4222 3568 4300">
    <p class='ocr_par' dir='ltr' id='par_1_85' title="bbox 265 4222 3568 4300">
     <span class='ocr_line' id='line_1_85' title="bbox 265 4222 3568 4300; baseline 0.001 -20"><span class='ocrx_word' id='word_1_610' title='bbox 265 4227 448 4300; x_wconf 81' lang='grc' dir='ltr'>μένοι</span> <span class='ocrx_word' id='word_1_611' title='bbox 476 4222 596 4278; x_wconf 75' lang='grc' dir='ltr'>εἶτα</span> <span class='ocrx_word' id='word_1_612' title='bbox 643 4228 850 4278; x_wconf 84' lang='grc' dir='ltr'>ποιεῖτε</span> <span class='ocrx_word' id='word_1_613' title='bbox 907 4223 1091 4278; x_wconf 84' lang='grc' dir='ltr'>τοῦτο.</span> <span class='ocrx_word' id='word_1_614' title='bbox 1123 4223 1462 4293; x_wconf 81' lang='grc' dir='ltr'>Ἐϐουλόμην</span> <span class='ocrx_word' id='word_1_615' title='bbox 1512 4222 1644 4292; x_wconf 80' lang='grc' dir='ltr'>ἐγὼ,</span> <span class='ocrx_word' id='word_1_616' title='bbox 1679 4223 1783 4289; x_wconf 66' lang='lat' dir='ltr'>tvo,</span> <span class='ocrx_word' id='word_1_617' title='bbox 1803 4223 1878 4292; x_wconf 82' lang='grc' dir='ltr'>μὴ</span> <span class='ocrx_word' id='word_1_618' title='bbox 1979 4225 2188 4279; x_wconf 83' lang='grc' dir='ltr'>δίκαιον</span> <span class='ocrx_word' id='word_1_619' title='bbox 2217 4224 2469 4279; x_wconf 75' lang='grc' dir='ltr'>εἶναικαὶ</span> <span class='ocrx_word' id='word_1_620' title='bbox 2496 4227 2820 4293; x_wconf 81' lang='grc' dir='ltr'>κανονικόν;</span> <span class='ocrx_word' id='word_1_621' title='bbox 2868 4225 3012 4294; x_wconf 86' lang='grc' dir='ltr'>Ἐγὼ</span> <span class='ocrx_word' id='word_1_622' title='bbox 3039 4227 3126 4281; x_wconf 82' lang='grc' dir='ltr'>διὰ</span> <span class='ocrx_word' id='word_1_623' title='bbox 3156 4228 3315 4282; x_wconf 89' lang='grc' dir='ltr'>τοῦτο</span> <span class='ocrx_word' id='word_1_624' title='bbox 3347 4229 3568 4298; x_wconf 66' lang='grc' dir='ltr'>ἔγραψα</span> 
     </span>
    </p>
   </div>
   <div class='ocr_carea' id='block_1_86' title="bbox 259 4315 3568 4391">
    <p class='ocr_par' dir='ltr' id='par_1_86' title="bbox 259 4315 3568 4391">
     <span class='ocr_line' id='line_1_86' title="bbox 259 4315 3568 4391; baseline 0.002 -20"><span class='ocrx_word' id='word_1_625' title='bbox 259 4315 513 4374; x_wconf 78' lang='grc' dir='ltr'>ἀκούσω</span> <span class='ocrx_word' id='word_1_626' title='bbox 535 4315 694 4368; x_wconf 88' lang='grc' dir='ltr'>τοῦτο</span> <span class='ocrx_word' id='word_1_627' title='bbox 721 4317 1008 4384; x_wconf 86' lang='grc' dir='ltr'>γινόμενον</span> <span class='ocrx_word' id='word_1_628' title='bbox 1053 4317 1112 4366; x_wconf 80' lang='grc' dir='ltr'>ἐν</span> <span class='ocrx_word' id='word_1_629' title='bbox 1147 4317 1214 4384; x_wconf 79' lang='grc' dir='ltr'>τῇ</span> <span class='ocrx_word' id='word_1_630' title='bbox 1249 4316 1494 4385; x_wconf 80' lang='grc' dir='ltr'>ὑμετέρᾳ</span> <span class='ocrx_word' id='word_1_631' title='bbox 1527 4315 1774 4386; x_wconf 84' lang='grc' dir='ltr'>πατρίδι,</span> <span class='ocrx_word' id='word_1_632' title='bbox 1809 4317 1873 4384; x_wconf 79' lang='grc' dir='ltr'>τῇ</span> <span class='ocrx_word' id='word_1_633' title='bbox 1982 4319 2120 4385; x_wconf 80' lang='grc' dir='ltr'>πρὸς</span> <span class='ocrx_word' id='word_1_634' title='bbox 2160 4319 2303 4385; x_wconf 74' lang='grc' dir='ltr'>ὑμᾶς</span> <span class='ocrx_word' id='word_1_635' title='bbox 2359 4321 2438 4381; x_wconf 88' lang='grc' dir='ltr'>είς</span> <span class='ocrx_word' id='word_1_636' title='bbox 2484 4318 2687 4381; x_wconf 81' lang='grc' dir='ltr'>πλάτος</span> <span class='ocrx_word' id='word_1_637' title='bbox 2720 4322 2850 4390; x_wconf 73' lang='grc' dir='ltr'>περὶ</span> <span class='ocrx_word' id='word_1_638' title='bbox 2877 4320 3092 4383; x_wconf 85' lang='grc' dir='ltr'>τούτου,</span> <span class='ocrx_word' id='word_1_639' title='bbox 3120 4321 3209 4376; x_wconf 87' lang='grc' dir='ltr'>ῖνα</span> <span class='ocrx_word' id='word_1_640' title='bbox 3257 4323 3568 4391; x_wconf 77' lang='grc' dir='ltr'>γινώσκητε</span> 
     </span>
    </p>
   </div>
   <div class='ocr_carea' id='block_1_87' title="bbox 267 4405 3569 4484">
    <p class='ocr_par' dir='ltr' id='par_1_87' title="bbox 267 4405 3569 4484">
     <span class='ocr_line' id='line_1_87' title="bbox 267 4405 3569 4484; baseline 0.002 -22"><span class='ocrx_word' id='word_1_641' title='bbox 267 4409 588 4478; x_wconf 79' lang='grc' dir='ltr'>περιφανεῖ</span> <span class='ocrx_word' id='word_1_642' title='bbox 612 4408 702 4459; x_wconf 76' lang='grc' dir='ltr'>καὶ</span> <span class='ocrx_word' id='word_1_643' title='bbox 729 4405 1066 4476; x_wconf 85' lang='grc' dir='ltr'>περιωνύμῳ</span> <span class='ocrx_word' id='word_1_644' title='bbox 1097 4405 1490 4476; x_wconf 79' lang='grc' dir='ltr'>Θεσσαλονίκῃ,</span> <span class='ocrx_word' id='word_1_645' title='bbox 1526 4407 1660 4458; x_wconf 82' lang='grc' dir='ltr'>ὅπου</span> <span class='ocrx_word' id='word_1_646' title='bbox 1693 4405 1878 4456; x_wconf 80' lang='grc' dir='ltr'>πολλοὶ</span> <span class='ocrx_word' id='word_1_647' title='bbox 1981 4408 2154 4462; x_wconf 85' lang='grc' dir='ltr'>ταῦτα</span> <span class='ocrx_word' id='word_1_648' title='bbox 2189 4409 2283 4461; x_wconf 79' lang='grc' dir='ltr'>καὶ</span> <span class='ocrx_word' id='word_1_649' title='bbox 2329 4408 2641 4477; x_wconf 80' lang='grc' dir='ltr'>λογίσησθε,</span> <span class='ocrx_word' id='word_1_650' title='bbox 2693 4408 2778 4460; x_wconf 86' lang='grc' dir='ltr'>δτι</span> <span class='ocrx_word' id='word_1_651' title='bbox 2824 4407 2966 4462; x_wconf 79' lang='grc' dir='ltr'>οὕτω</span> <span class='ocrx_word' id='word_1_652' title='bbox 2998 4411 3236 4480; x_wconf 89' lang='grc' dir='ltr'>πρέπει·</span> <span class='ocrx_word' id='word_1_653' title='bbox 3276 4413 3412 4484; x_wconf 81' lang='grc' dir='ltr'>ὅπερ</span> <span class='ocrx_word' id='word_1_654' title='bbox 3460 4415 3569 4484; x_wconf 82' lang='grc' dir='ltr'>γὰρ</span> 
     </span>
    </p>
   </div>
   <div class='ocr_carea' id='block_1_88' title="bbox 259 4489 3566 4574">
    <p class='ocr_par' dir='ltr' id='par_1_88' title="bbox 259 4489 3566 4574">
     <span class='ocr_line' id='line_1_88' title="bbox 259 4489 3566 4574; baseline 0 -19"><span class='ocrx_word' id='word_1_655' title='bbox 259 4502 546 4574; x_wconf 78' lang='grc' dir='ltr'>φρόνιμοι</span> <span class='ocrx_word' id='word_1_656' title='bbox 577 4498 966 4568; x_wconf 73' lang='grc' dir='ltr'>ἀνθρωποικαὶ</span> <span class='ocrx_word' id='word_1_657' title='bbox 987 4499 1144 4550; x_wconf 74' lang='grc' dir='ltr'>καλοὶ</span> <span class='ocrx_word' id='word_1_658' title='bbox 1171 4501 1264 4550; x_wconf 77' lang='grc' dir='ltr'>καὶ</span> <span class='ocrx_word' id='word_1_659' title='bbox 1286 4498 1739 4567; x_wconf 68' lang='grc' dir='ltr'>πεπαιδευμένοι,</span> <span class='ocrx_word' id='word_1_660' title='bbox 1777 4497 1872 4548; x_wconf 71' lang='grc' dir='ltr'>καὶ</span> <span class='ocrx_word' id='word_1_661' title='bbox 1905 4489 1948 4542; x_wconf 83' lang='lat' dir='ltr'><strong>D</strong></span> <span class='ocrx_word' id='word_1_662' title='bbox 1981 4503 2267 4568; x_wconf 89' lang='grc' dir='ltr'>προεῖπον,</span> <span class='ocrx_word' id='word_1_663' title='bbox 2319 4500 2580 4568; x_wconf 75' lang='grc' dir='ltr'>αἰσχύνην</span> <span class='ocrx_word' id='word_1_664' title='bbox 2624 4500 2912 4570; x_wconf 76' lang='grc' dir='ltr'>λογίζομαι</span> <span class='ocrx_word' id='word_1_665' title='bbox 2959 4501 3120 4556; x_wconf 88' lang='grc' dir='ltr'>τοῦτο</span> <span class='ocrx_word' id='word_1_666' title='bbox 3163 4503 3262 4569; x_wconf 86' lang='grc' dir='ltr'>τῆς</span> <span class='ocrx_word' id='word_1_667' title='bbox 3292 4506 3566 4573; x_wconf 84' lang='grc' dir='ltr'>ὑμετέρας</span> 
     </span>
    </p>
   </div>
   <div class='ocr_carea' id='block_1_89' title="bbox 255 4587 3562 4666">
    <p class='ocr_par' dir='ltr' id='par_1_89' title="bbox 255 4587 3562 4666">
     <span class='ocr_line' id='line_1_89' title="bbox 255 4587 3562 4666; baseline 0 -18"><span class='ocrx_word' id='word_1_668' title='bbox 255 4597 422 4648; x_wconf 84' lang='grc' dir='ltr'>ὅπου</span> <span class='ocrx_word' id='word_1_669' title='bbox 462 4587 631 4656; x_wconf 78' lang='grc' dir='ltr'>πολλὴ</span> <span class='ocrx_word' id='word_1_670' title='bbox 682 4588 790 4639; x_wconf 85' lang='grc' dir='ltr'>τῶν</span> <span class='ocrx_word' id='word_1_671' title='bbox 817 4587 1040 4655; x_wconf 81' lang='grc' dir='ltr'>ἀγαθῶν</span> <span class='ocrx_word' id='word_1_672' title='bbox 1079 4589 1111 4656; x_wconf 83' lang='grc' dir='ltr'><strong>ή</strong></span> <span class='ocrx_word' id='word_1_673' title='bbox 1150 4587 1355 4656; x_wconf 85' lang='grc' dir='ltr'>σωρεία</span> <span class='ocrx_word' id='word_1_674' title='bbox 1381 4603 1396 4618; x_wconf 83' lang='grc'><strong><em>⁸</em></strong></span> <span class='ocrx_word' id='word_1_675' title='bbox 1449 4588 1718 4656; x_wconf 74' lang='grc' dir='ltr'>αἰσχύνην</span> <span class='ocrx_word' id='word_1_676' title='bbox 1763 4592 1873 4657; x_wconf 73' lang='grc' dir='ltr'>γὰρ</span> <span class='ocrx_word' id='word_1_677' title='bbox 1980 4592 2262 4662; x_wconf 83' lang='grc' dir='ltr'>πατρίδος.</span> <span class='ocrx_word' id='word_1_678' title='bbox 2305 4589 2493 4656; x_wconf 85' lang='grc' dir='ltr'>Ὑμεῖς</span> <span class='ocrx_word' id='word_1_679' title='bbox 2527 4590 2684 4654; x_wconf 72' lang='grc' dir='ltr'>δόξαν</span> <span class='ocrx_word' id='word_1_680' title='bbox 2717 4592 2962 4660; x_wconf 84' lang='grc' dir='ltr'>μεγάλην</span> <span class='ocrx_word' id='word_1_681' title='bbox 2994 4594 3090 4645; x_wconf 77' lang='grc' dir='ltr'>καὶ</span> <span class='ocrx_word' id='word_1_682' title='bbox 3113 4595 3282 4663; x_wconf 81' lang='grc' dir='ltr'>τιμὴν</span> <span class='ocrx_word' id='word_1_683' title='bbox 3317 4596 3562 4666; x_wconf 76' lang='grc' dir='ltr'>ἔπρεπεν</span> 
     </span>
    </p>
   </div>
   <div class='ocr_carea' id='block_1_90' title="bbox 254 4677 3566 4756">
    <p class='ocr_par' dir='ltr' id='par_1_90' title="bbox 254 4677 3566 4756">
     <span class='ocr_line' id='line_1_90' title="bbox 254 4677 3566 4756; baseline 0.002 -23"><span class='ocrx_word' id='word_1_684' title='bbox 254 4679 582 4753; x_wconf 80' lang='grc' dir='ltr'>λογίζομαι</span> <span class='ocrx_word' id='word_1_685' title='bbox 609 4677 767 4731; x_wconf 87' lang='grc' dir='ltr'>τοῦτο</span> <span class='ocrx_word' id='word_1_686' title='bbox 791 4679 887 4748; x_wconf 83' lang='grc' dir='ltr'>τῆς</span> <span class='ocrx_word' id='word_1_687' title='bbox 914 4678 1187 4747; x_wconf 83' lang='grc' dir='ltr'>ὑμετέρας</span> <span class='ocrx_word' id='word_1_688' title='bbox 1211 4679 1489 4748; x_wconf 88' lang='grc' dir='ltr'>πατρίδος,</span> <span class='ocrx_word' id='word_1_689' title='bbox 1518 4681 1578 4730; x_wconf 82' lang='grc' dir='ltr'>ού</span> <span class='ocrx_word' id='word_1_690' title='bbox 1614 4680 1680 4732; x_wconf 83' lang='grc' dir='ltr'>δι’</span> <span class='ocrx_word' id='word_1_691' title='bbox 1709 4682 1875 4746; x_wconf 86' lang='grc' dir='ltr'>ἐμαυ-</span> <span class='ocrx_word' id='word_1_692' title='bbox 1978 4681 2067 4734; x_wconf 80' lang='grc' dir='ltr'>ἵνα</span> <span class='ocrx_word' id='word_1_693' title='bbox 2114 4683 2299 4751; x_wconf 79' lang='grc' dir='ltr'>ἔχητε,</span> <span class='ocrx_word' id='word_1_694' title='bbox 2356 4681 2517 4734; x_wconf 82' lang='grc' dir='ltr'>τοῦτο</span> <span class='ocrx_word' id='word_1_695' title='bbox 2554 4681 2649 4736; x_wconf 79' lang='grc' dir='ltr'>καὶ</span> <span class='ocrx_word' id='word_1_696' title='bbox 2678 4683 3054 4753; x_wconf 79' lang='grc' dir='ltr'>ἐγκαυχᾶσθαι</span> <span class='ocrx_word' id='word_1_697' title='bbox 3104 4685 3211 4737; x_wconf 76' lang='grc' dir='ltr'>ἔδει</span> <span class='ocrx_word' id='word_1_698' title='bbox 3240 4688 3334 4738; x_wconf 77' lang='grc' dir='ltr'>καὶ</span> <span class='ocrx_word' id='word_1_699' title='bbox 3365 4689 3566 4756; x_wconf 87' lang='grc' dir='ltr'>ἐγκαλ-</span> 
     </span>
    </p>
   </div>
   <div class='ocr_carea' id='block_1_91' title="bbox 252 4769 3568 4848">
    <p class='ocr_par' dir='ltr' id='par_1_91' title="bbox 252 4769 3568 4848">
     <span class='ocr_line' id='line_1_91' title="bbox 252 4769 3568 4848; baseline 0.001 -15"><span class='ocrx_word' id='word_1_700' title='bbox 252 4781 397 4840; x_wconf 73' lang='grc' dir='ltr'>τον,</span> <span class='ocrx_word' id='word_1_701' title='bbox 427 4773 541 4840; x_wconf 80' lang='grc' dir='ltr'>ἐγὼ</span> <span class='ocrx_word' id='word_1_702' title='bbox 570 4773 677 4839; x_wconf 85' lang='grc' dir='ltr'>γὰρ</span> <span class='ocrx_word' id='word_1_703' title='bbox 700 4770 918 4840; x_wconf 74' lang='grc' dir='ltr'>ἐντιμός</span> <span class='ocrx_word' id='word_1_704' title='bbox 951 4773 1069 4839; x_wconf 86' lang='grc' dir='ltr'>ειμι</span> <span class='ocrx_word' id='word_1_705' title='bbox 1100 4770 1400 4838; x_wconf 82' lang='grc' dir='ltr'>πανταχοῦ,</span> <span class='ocrx_word' id='word_1_706' title='bbox 1437 4769 1572 4822; x_wconf 83' lang='grc' dir='ltr'>ἀλλά</span> <span class='ocrx_word' id='word_1_707' title='bbox 1593 4769 1663 4822; x_wconf 82' lang='grc' dir='ltr'>δι’</span> <span class='ocrx_word' id='word_1_708' title='bbox 1682 4771 1872 4842; x_wconf 75' lang='grc' dir='ltr'>αὐτὴν,</span> <span class='ocrx_word' id='word_1_709' title='bbox 1978 4773 2313 4837; x_wconf 78' lang='grc' dir='ltr'>λωπίζεσθαι</span> <span class='ocrx_word' id='word_1_710' title='bbox 2339 4773 2534 4844; x_wconf 81' lang='grc' dir='ltr'>τούτῳ,</span> <span class='ocrx_word' id='word_1_711' title='bbox 2571 4776 2654 4827; x_wconf 77' lang='grc' dir='ltr'>ὅτι</span> <span class='ocrx_word' id='word_1_712' title='bbox 2680 4775 2823 4840; x_wconf 77' lang='grc' dir='ltr'>ἄξιοί</span> <span class='ocrx_word' id='word_1_713' title='bbox 2866 4775 2991 4829; x_wconf 83' lang='grc' dir='ltr'>ἐστε</span> <span class='ocrx_word' id='word_1_714' title='bbox 3023 4779 3142 4830; x_wconf 75' lang='grc' dir='ltr'>ἀντὶ</span> <span class='ocrx_word' id='word_1_715' title='bbox 3167 4781 3568 4848; x_wconf 86' lang='grc' dir='ltr'>μητροπολίτου</span> 
     </span>
    </p>
   </div>
   <div class='ocr_carea' id='block_1_92' title="bbox 253 4860 1875 4933">
    <p class='ocr_par' dir='ltr' id='par_1_92' title="bbox 253 4860 1875 4933">
     <span class='ocr_line' id='line_1_92' title="bbox 253 4860 1875 4933; baseline -0.002 -16"><span class='ocrx_word' id='word_1_716' title='bbox 253 4875 357 4926; x_wconf 82' lang='grc' dir='ltr'>ὅτι</span> <span class='ocrx_word' id='word_1_717' title='bbox 403 4865 511 4932; x_wconf 79' lang='grc' dir='ltr'>τῆς</span> <span class='ocrx_word' id='word_1_718' title='bbox 543 4863 867 4933; x_wconf 79' lang='grc' dir='ltr'>οἰκουμένης</span> <span class='ocrx_word' id='word_1_719' title='bbox 922 4863 1142 4932; x_wconf 80' lang='grc' dir='ltr'>ἀπάσης</span> <span class='ocrx_word' id='word_1_720' title='bbox 1192 4860 1290 4931; x_wconf 80' lang='grc' dir='ltr'>τῆς</span> <span class='ocrx_word' id='word_1_721' title='bbox 1331 4863 1439 4915; x_wconf 75' lang='grc' dir='ltr'>ἀπὸ</span> <span class='ocrx_word' id='word_1_722' title='bbox 1473 4864 1726 4932; x_wconf 83' lang='grc' dir='ltr'>περάτων</span> <span class='ocrx_word' id='word_1_723' title='bbox 1771 4864 1875 4924; x_wconf 80' lang='grc' dir='ltr'>ἓως</span> 
     </span>
    </p>
   </div>
   <div class='ocr_carea' id='block_1_93' title="bbox 253 4948 1872 5031">
    <p class='ocr_par' dir='ltr' id='par_1_93' title="bbox 253 4948 1872 5031">
     <span class='ocr_line' id='line_1_93' title="bbox 253 4948 1872 5031; baseline 0 -24"><span class='ocrx_word' id='word_1_724' title='bbox 253 4960 549 5031; x_wconf 75' lang='grc' dir='ltr'>περάτων</span> <span class='ocrx_word' id='word_1_725' title='bbox 609 4955 752 5008; x_wconf 77' lang='grc' dir='ltr'>οὕτω</span> <span class='ocrx_word' id='word_1_726' title='bbox 807 4955 1091 5024; x_wconf 85' lang='grc' dir='ltr'>ποιούσης,</span> <span class='ocrx_word' id='word_1_727' title='bbox 1145 4953 1284 5023; x_wconf 86' lang='grc' dir='ltr'>αῦτη</span> <span class='ocrx_word' id='word_1_728' title='bbox 1339 4948 1474 5026; x_wconf 77' lang='grc' dir='ltr'>μόνη</span> <span class='ocrx_word' id='word_1_729' title='bbox 1525 4955 1775 5023; x_wconf 84' lang='grc' dir='ltr'>φαίνεται</span> <span class='ocrx_word' id='word_1_730' title='bbox 1806 4959 1872 5026; x_wconf 77' lang='grc' dir='ltr'>τῇ</span> 
     </span>
    </p>
   </div>
   <div class='ocr_carea' id='block_1_94' title="bbox 248 5047 1876 5122">
    <p class='ocr_par' dir='ltr' id='par_1_94' title="bbox 248 5047 1876 5122">
     <span class='ocr_line' id='line_1_94' title="bbox 248 5047 1876 5122; baseline -0.005 -14"><span class='ocrx_word' id='word_1_731' title='bbox 248 5051 491 5120; x_wconf 77' lang='grc' dir='ltr'>ἀταξίᾳ</span> <span class='ocrx_word' id='word_1_732' title='bbox 525 5047 695 5118; x_wconf 81' lang='grc' dir='ltr'>ταύτῃ</span> <span class='ocrx_word' id='word_1_733' title='bbox 723 5049 1019 5122; x_wconf 87' lang='grc' dir='ltr'>χρωμένη·</span> <span class='ocrx_word' id='word_1_734' title='bbox 1054 5050 1100 5101; x_wconf 80' lang='grc' dir='ltr'>εἰ</span> <span class='ocrx_word' id='word_1_735' title='bbox 1132 5050 1188 5102; x_wconf 87' lang='grc' dir='ltr'>δὲ</span> <span class='ocrx_word' id='word_1_736' title='bbox 1223 5051 1434 5118; x_wconf 83' lang='grc' dir='ltr'>λέγετε,</span> <span class='ocrx_word' id='word_1_737' title='bbox 1472 5048 1654 5112; x_wconf 87' lang='grc' dir='ltr'>καθὼς</span> <span class='ocrx_word' id='word_1_738' title='bbox 1691 5050 1876 5101; x_wconf 86' lang='grc' dir='ltr'>ἀκούω</span> 
     </span>
    </p>
   </div>
   <div class='ocr_carea' id='block_1_95' title="bbox 250 5131 1875 5216">
    <p class='ocr_par' dir='ltr' id='par_1_95' title="bbox 250 5131 1875 5216">
     <span class='ocr_line' id='line_1_95' title="bbox 250 5131 1875 5216; baseline -0.002 -23"><span class='ocrx_word' id='word_1_739' title='bbox 250 5145 444 5216; x_wconf 74' lang='grc' dir='ltr'>παρὰ</span> <span class='ocrx_word' id='word_1_740' title='bbox 503 5159 703 5203; x_wconf 88' lang='grc' dir='ltr'>τινων,</span> <span class='ocrx_word' id='word_1_741' title='bbox 758 5142 839 5192; x_wconf 81' lang='grc' dir='ltr'>ὅτι</span> <span class='ocrx_word' id='word_1_742' title='bbox 887 5141 1095 5208; x_wconf 86' lang='grc' dir='ltr'>λέγετε,</span> <span class='ocrx_word' id='word_1_743' title='bbox 1137 5131 1219 5194; x_wconf 84' lang='grc' dir='ltr'>ὃτι</span> <span class='ocrx_word' id='word_1_744' title='bbox 1280 5135 1573 5210; x_wconf 82' lang='grc' dir='ltr'>συνήθειαν</span> <span class='ocrx_word' id='word_1_745' title='bbox 1609 5141 1762 5210; x_wconf 80' lang='grc' dir='ltr'>ἐχετε</span> <span class='ocrx_word' id='word_1_746' title='bbox 1798 5139 1875 5209; x_wconf 82' lang='grc' dir='ltr'>μὴ</span> 
     </span>
    </p>
   </div>
   <div class='ocr_carea' id='block_1_96' title="bbox 1978 4957 3568 5030">
    <p class='ocr_par' dir='ltr' id='par_1_96' title="bbox 1978 4957 3568 5030">
     <span class='ocr_line' id='line_1_96' title="bbox 1978 4957 3568 5030; baseline 0.002 -21"><span class='ocrx_word' id='word_1_747' title='bbox 1978 4957 2184 5021; x_wconf 81' lang='grc' dir='ltr'>νεύειν,</span> <span class='ocrx_word' id='word_1_748' title='bbox 2215 4961 2312 5010; x_wconf 75' lang='grc' dir='ltr'>καὶ</span> <span class='ocrx_word' id='word_1_749' title='bbox 2337 4958 2494 5027; x_wconf 71' lang='grc' dir='ltr'>εἴπερ</span> <span class='ocrx_word' id='word_1_750' title='bbox 2522 4960 2825 5029; x_wconf 75' lang='grc' dir='ltr'>ἀφηρπασέ</span> <span class='ocrx_word' id='word_1_751' title='bbox 2851 4977 2935 5023; x_wconf 81' lang='grc' dir='ltr'>τις</span> <span class='ocrx_word' id='word_1_752' title='bbox 2964 4960 3118 5028; x_wconf 88' lang='grc' dir='ltr'>ὑμῶν</span> <span class='ocrx_word' id='word_1_753' title='bbox 3147 4961 3328 5030; x_wconf 87' lang='grc' dir='ltr'>τοῦτο,</span> <span class='ocrx_word' id='word_1_754' title='bbox 3348 4966 3568 5030; x_wconf 75' lang='grc' dir='ltr'>ἀδοξίαν</span> 
     </span>
    </p>
   </div>
   <div class='ocr_carea' id='block_1_97' title="bbox 1983 5050 3567 5125">
    <p class='ocr_par' dir='ltr' id='par_1_97' title="bbox 1983 5050 3567 5125">
     <span class='ocr_line' id='line_1_97' title="bbox 1983 5050 3567 5125; baseline -0.002 -23"><span class='ocrx_word' id='word_1_755' title='bbox 1983 5050 2228 5119; x_wconf 83' lang='grc' dir='ltr'>μεγάλην</span> <span class='ocrx_word' id='word_1_756' title='bbox 2265 5052 2371 5101; x_wconf 77' lang='grc' dir='ltr'>ἔδει</span> <span class='ocrx_word' id='word_1_757' title='bbox 2401 5050 2716 5118; x_wconf 74' lang='grc' dir='ltr'>λογίζεσθαι</span> <span class='ocrx_word' id='word_1_758' title='bbox 2749 5051 2895 5120; x_wconf 80' lang='grc' dir='ltr'>ὑμᾶς</span> <span class='ocrx_word' id='word_1_759' title='bbox 2946 5055 3008 5107; x_wconf 84' lang='grc' dir='ltr'>τὸ</span> <span class='ocrx_word' id='word_1_760' title='bbox 3044 5057 3279 5125; x_wconf 79' lang='grc' dir='ltr'>πρᾶγμα</span> <span class='ocrx_word' id='word_1_761' title='bbox 3323 5061 3417 5110; x_wconf 73' lang='grc' dir='ltr'>καὶ</span> <span class='ocrx_word' id='word_1_762' title='bbox 3449 5060 3567 5111; x_wconf 77' lang='grc' dir='ltr'>ἀτι-</span> 
     </span>
    </p>
   </div>
   <div class='ocr_carea' id='block_1_98' title="bbox 1985 5139 3566 5212">
    <p class='ocr_par' dir='ltr' id='par_1_98' title="bbox 1985 5139 3566 5212">
     <span class='ocr_line' id='line_1_98' title="bbox 1985 5139 3566 5212; baseline 0.003 -21"><span class='ocrx_word' id='word_1_763' title='bbox 1985 5139 2424 5207; x_wconf 66' lang='grc' dir='ltr'>μίαν,λέγοντας,</span> <span class='ocrx_word' id='word_1_764' title='bbox 2454 5139 2534 5190; x_wconf 83' lang='grc' dir='ltr'>ὅτι</span> <span class='ocrx_word' id='word_1_765' title='bbox 2567 5141 2679 5191; x_wconf 64' lang='grc' dir='ltr'>υύκ</span> <span class='ocrx_word' id='word_1_766' title='bbox 2703 5140 2870 5208; x_wconf 70' lang='grc' dir='ltr'>ἐσμὲν</span> <span class='ocrx_word' id='word_1_767' title='bbox 2901 5141 3039 5207; x_wconf 77' lang='grc' dir='ltr'>ἄξιοι</span> <span class='ocrx_word' id='word_1_768' title='bbox 3066 5144 3436 5212; x_wconf 85' lang='grc' dir='ltr'>μνημονεύειν</span> <span class='ocrx_word' id='word_1_769' title='bbox 3470 5144 3566 5196; x_wconf 87' lang='grc' dir='ltr'>τοῦ</span> 
     </span>
    </p>
   </div>
   <div class='ocr_carea' id='block_1_99' title="bbox 251 5229 3565 5316">
    <p class='ocr_par' dir='ltr' id='par_1_99' title="bbox 251 5229 3565 5316">
     <span class='ocr_line' id='line_1_99' title="bbox 251 5229 3565 5316; baseline -0.002 -26"><span class='ocrx_word' id='word_1_770' title='bbox 251 5238 661 5316; x_wconf 79' lang='grc' dir='ltr'>μνημονεύειν</span> <span class='ocrx_word' id='word_1_771' title='bbox 692 5236 784 5289; x_wconf 85' lang='grc' dir='ltr'>τοῦ</span> <span class='ocrx_word' id='word_1_772' title='bbox 820 5241 1186 5307; x_wconf 84' lang='grc' dir='ltr'>πατριάρχου,</span> <span class='ocrx_word' id='word_1_773' title='bbox 1225 5237 1351 5288; x_wconf 82' lang='grc' dir='ltr'>ὅταν</span> <span class='ocrx_word' id='word_1_774' title='bbox 1383 5236 1635 5309; x_wconf 83' lang='grc' dir='ltr'>ἀποθάνῃ</span> <span class='ocrx_word' id='word_1_775' title='bbox 1665 5253 1874 5306; x_wconf 84' lang='grc' dir='ltr'>μητρο-</span> <span class='ocrx_word' id='word_1_776' title='bbox 1980 5232 2348 5300; x_wconf 80' lang='grc' dir='ltr'>πατριάρχου.</span> <span class='ocrx_word' id='word_1_777' title='bbox 2390 5229 2577 5282; x_wconf 84' lang='grc' dir='ltr'>Ταῦτα</span> <span class='ocrx_word' id='word_1_778' title='bbox 2623 5229 2769 5297; x_wconf 77' lang='grc' dir='ltr'>λέγω</span> <span class='ocrx_word' id='word_1_779' title='bbox 2819 5232 2955 5300; x_wconf 80' lang='grc' dir='ltr'>πρὸς</span> <span class='ocrx_word' id='word_1_780' title='bbox 2999 5235 3167 5302; x_wconf 83' lang='grc' dir='ltr'>ὑμᾶς,</span> <span class='ocrx_word' id='word_1_781' title='bbox 3205 5234 3303 5301; x_wconf 78' lang='grc' dir='ltr'>οὐχ</span> <span class='ocrx_word' id='word_1_782' title='bbox 3345 5233 3420 5293; x_wconf 71' lang='grc' dir='ltr'>ὡς</span> <span class='ocrx_word' id='word_1_783' title='bbox 3458 5250 3565 5284; x_wconf 86' lang='grc' dir='ltr'>πα-</span> 
     </span>
    </p>
   </div>
   <div class='ocr_carea' id='block_1_100' title="bbox 249 5325 1875 5395">
    <p class='ocr_par' dir='ltr' id='par_1_100' title="bbox 249 5325 1875 5395">
     <span class='ocr_line' id='line_1_100' title="bbox 249 5325 1875 5395; baseline -0.006 -7"><span class='ocrx_word' id='word_1_784' title='bbox 249 5333 539 5395; x_wconf 61' lang='grc' dir='ltr'>⁹πολίτης,</span> <span class='ocrx_word' id='word_1_785' title='bbox 572 5326 664 5378; x_wconf 74' lang='grc' dir='ltr'>καὶ</span> <span class='ocrx_word' id='word_1_786' title='bbox 690 5327 778 5377; x_wconf 77' lang='grc' dir='ltr'>διὰ</span> <span class='ocrx_word' id='word_1_787' title='bbox 815 5326 975 5377; x_wconf 83' lang='grc' dir='ltr'>τοῦτο</span> <span class='ocrx_word' id='word_1_788' title='bbox 993 5328 1214 5395; x_wconf 82' lang='grc' dir='ltr'>τηρεῖτε</span> <span class='ocrx_word' id='word_1_789' title='bbox 1246 5328 1343 5394; x_wconf 76' lang='grc' dir='ltr'>τὴν</span> <span class='ocrx_word' id='word_1_790' title='bbox 1373 5325 1473 5395; x_wconf 83' lang='grc' dir='ltr'>τῆς</span> <span class='ocrx_word' id='word_1_791' title='bbox 1507 5328 1717 5388; x_wconf 80' lang='grc' dir='ltr'>πόλεως</span> <span class='ocrx_word' id='word_1_792' title='bbox 1755 5343 1875 5378; x_wconf 87' lang='grc' dir='ltr'>συν⁶</span> 
     </span>
    </p>
   </div>
   <div class='ocr_carea' id='block_1_101' title="bbox 251 5411 1877 5495">
    <p class='ocr_par' dir='ltr' id='par_1_101' title="bbox 251 5411 1877 5495">
     <span class='ocr_line' id='line_1_101' title="bbox 251 5411 1877 5495; baseline -0.001 -25"><span class='ocrx_word' id='word_1_793' title='bbox 251 5429 509 5495; x_wconf 68' lang='grc' dir='ltr'>ήθειαν,</span> <span class='ocrx_word' id='word_1_794' title='bbox 572 5411 858 5486; x_wconf 71' lang='grc' dir='ltr'>θαυμάζω,</span> <span class='ocrx_word' id='word_1_795' title='bbox 915 5419 1032 5480; x_wconf 75' lang='grc' dir='ltr'>πῶς</span> <span class='ocrx_word' id='word_1_796' title='bbox 1087 5417 1245 5470; x_wconf 88' lang='grc' dir='ltr'>τοῦτο</span> <span class='ocrx_word' id='word_1_797' title='bbox 1282 5419 1506 5486; x_wconf 83' lang='grc' dir='ltr'>λέγετε·</span> <span class='ocrx_word' id='word_1_798' title='bbox 1557 5418 1729 5480; x_wconf 77' lang='grc' dir='ltr'>οὕτως</span> <span class='ocrx_word' id='word_1_799' title='bbox 1770 5419 1877 5470; x_wconf 74' lang='grc' dir='ltr'>ἔδει</span> 
     </span>
    </p>
   </div>
   <div class='ocr_carea' id='block_1_102' title="bbox 247 5507 1878 5586">
    <p class='ocr_par' dir='ltr' id='par_1_102' title="bbox 247 5507 1878 5586">
     <span class='ocr_line' id='line_1_102' title="bbox 247 5507 1878 5586; baseline -0.002 -21"><span class='ocrx_word' id='word_1_800' title='bbox 247 5513 580 5586; x_wconf 71' lang='grc' dir='ltr'>τηρεῖσθαι</span> <span class='ocrx_word' id='word_1_801' title='bbox 613 5511 710 5581; x_wconf 76' lang='grc' dir='ltr'>τὴν</span> <span class='ocrx_word' id='word_1_802' title='bbox 737 5511 1047 5579; x_wconf 86' lang='grc' dir='ltr'>συνήθειαν,</span> <span class='ocrx_word' id='word_1_803' title='bbox 1083 5513 1244 5581; x_wconf 80' lang='grc' dir='ltr'>εἰπερ</span> <span class='ocrx_word' id='word_1_804' title='bbox 1287 5507 1354 5581; x_wconf 77' lang='grc' dir='ltr'>ἦν</span> <span class='ocrx_word' id='word_1_805' title='bbox 1379 5511 1564 5563; x_wconf 85' lang='grc' dir='ltr'>δικαία</span> <span class='ocrx_word' id='word_1_806' title='bbox 1594 5514 1688 5562; x_wconf 73' lang='grc' dir='ltr'>καὶ</span> <span class='ocrx_word' id='word_1_807' title='bbox 1723 5513 1878 5580; x_wconf 89' lang='grc' dir='ltr'>νόμι-</span> 
     </span>
    </p>
   </div>
   <div class='ocr_carea' id='block_1_103' title="bbox 1981 5404 3566 5487">
    <p class='ocr_par' dir='ltr' id='par_1_103' title="bbox 1981 5404 3566 5487">
     <span class='ocr_line' id='line_1_103' title="bbox 1981 5404 3566 5487; baseline 0.003 -21"><span class='ocrx_word' id='word_1_808' title='bbox 1981 5417 2076 5467; x_wconf 74' lang='grc' dir='ltr'>καὶ</span> <span class='ocrx_word' id='word_1_809' title='bbox 2111 5415 2325 5479; x_wconf 81' lang='grc' dir='ltr'>αὐτόθι,</span> <span class='ocrx_word' id='word_1_810' title='bbox 2360 5416 2519 5485; x_wconf 83' lang='grc' dir='ltr'>εἴπερ</span> <span class='ocrx_word' id='word_1_811' title='bbox 2555 5416 2704 5484; x_wconf 72' lang='grc' dir='ltr'>ήμην</span> <span class='ocrx_word' id='word_1_812' title='bbox 2737 5405 3185 5478; x_wconf 80' lang='grc' dir='ltr'>Θεσσαλονικεῦς,</span> <span class='ocrx_word' id='word_1_813' title='bbox 3215 5404 3324 5470; x_wconf 61' lang='grc' dir='ltr'>εἴτε</span> <span class='ocrx_word' id='word_1_814' title='bbox 3376 5421 3566 5487; x_wconf 71' lang='grc' dir='ltr'>ἀρχιε-</span> 
     </span>
    </p>
   </div>
   <div class='ocr_carea' id='block_1_104' title="bbox 1985 5507 3565 5578">
    <p class='ocr_par' dir='ltr' id='par_1_104' title="bbox 1985 5507 3565 5578">
     <span class='ocr_line' id='line_1_104' title="bbox 1985 5507 3565 5578; baseline 0.001 -20"><span class='ocrx_word' id='word_1_815' title='bbox 1985 5509 2131 5574; x_wconf 79' lang='grc' dir='ltr'>ρεὺς,</span> <span class='ocrx_word' id='word_1_816' title='bbox 2159 5507 2269 5558; x_wconf 81' lang='grc' dir='ltr'>εἴτε</span> <span class='ocrx_word' id='word_1_817' title='bbox 2303 5507 2777 5574; x_wconf 76' lang='grc' dir='ltr'>ἐκκλησιαστικὸς,</span> <span class='ocrx_word' id='word_1_818' title='bbox 2805 5509 2914 5560; x_wconf 73' lang='grc' dir='ltr'>εἴτε</span> <span class='ocrx_word' id='word_1_819' title='bbox 2942 5509 3038 5577; x_wconf 79' lang='grc' dir='ltr'>τῆς</span> <span class='ocrx_word' id='word_1_820' title='bbox 3058 5509 3330 5569; x_wconf 76' lang='grc' dir='ltr'>πολιτείας</span> <span class='ocrx_word' id='word_1_821' title='bbox 3356 5509 3565 5578; x_wconf 80' lang='grc' dir='ltr'>ἅρχων,</span> 
     </span>
    </p>
   </div>
   <div class='ocr_carea' id='block_1_105' title="bbox 1979 5599 3567 5669">
    <p class='ocr_par' dir='ltr' id='par_1_105' title="bbox 1979 5599 3567 5669">
     <span class='ocr_line' id='line_1_105' title="bbox 1979 5599 3567 5669; baseline 0.001 -17"><span class='ocrx_word' id='word_1_822' title='bbox 1979 5599 2155 5652; x_wconf 82' lang='grc' dir='ltr'>ταῦτα</span> <span class='ocrx_word' id='word_1_823' title='bbox 2174 5600 2401 5668; x_wconf 75' lang='grc' dir='ltr'>ἔμελλον</span> <span class='ocrx_word' id='word_1_824' title='bbox 2431 5600 2637 5666; x_wconf 84' lang='grc' dir='ltr'>λέγειν,</span> <span class='ocrx_word' id='word_1_825' title='bbox 2670 5602 2749 5652; x_wconf 82' lang='grc' dir='ltr'>ὅτι</span> <span class='ocrx_word' id='word_1_826' title='bbox 2777 5601 2964 5653; x_wconf 83' lang='grc' dir='ltr'>δίκαιά</span> <span class='ocrx_word' id='word_1_827' title='bbox 2996 5603 3101 5652; x_wconf 75' lang='grc' dir='ltr'>εισι</span> <span class='ocrx_word' id='word_1_828' title='bbox 3139 5601 3233 5665; x_wconf 77' lang='grc' dir='ltr'>καὶ</span> <span class='ocrx_word' id='word_1_829' title='bbox 3261 5601 3436 5669; x_wconf 83' lang='grc' dir='ltr'>άληθῆ</span> <span class='ocrx_word' id='word_1_830' title='bbox 3471 5605 3567 5654; x_wconf 75' lang='grc' dir='ltr'>καὶ</span> 
     </span>
    </p>
   </div>
   <div class='ocr_carea' id='block_1_106' title="bbox 1982 5691 3570 5770">
    <p class='ocr_par' dir='ltr' id='par_1_106' title="bbox 1982 5691 3570 5770">
     <span class='ocr_line' id='line_1_106' title="bbox 1982 5691 3570 5770; baseline 0.002 -27"><span class='ocrx_word' id='word_1_831' title='bbox 1982 5694 2262 5744; x_wconf 80' lang='grc' dir='ltr'>κανονικά.</span> <span class='ocrx_word' id='word_1_832' title='bbox 2304 5691 2436 5743; x_wconf 84' lang='grc' dir='ltr'>Ἀπὸ</span> <span class='ocrx_word' id='word_1_833' title='bbox 2469 5693 2563 5744; x_wconf 91' lang='grc' dir='ltr'>τοῦ</span> <span class='ocrx_word' id='word_1_834' title='bbox 2599 5695 2694 5745; x_wconf 89' lang='grc' dir='ltr'>νῦν</span> <span class='ocrx_word' id='word_1_835' title='bbox 2750 5691 2894 5745; x_wconf 78' lang='grc' dir='ltr'>οὓτω</span> <span class='ocrx_word' id='word_1_836' title='bbox 2942 5693 3188 5770; x_wconf 75' lang='grc' dir='ltr'>γενέσθω</span> <span class='ocrx_word' id='word_1_837' title='bbox 3222 5693 3313 5747; x_wconf 77' lang='grc' dir='ltr'>καὶ</span> <span class='ocrx_word' id='word_1_838' title='bbox 3361 5695 3416 5746; x_wconf 86' lang='grc' dir='ltr'>ἐν</span> <span class='ocrx_word' id='word_1_839' title='bbox 3447 5699 3570 5757; x_wconf 81' lang='grc' dir='ltr'>ταῖς</span> 
     </span>
    </p>
   </div>
   <div class='ocr_carea' id='block_1_107' title="bbox 1985 5785 3567 5858">
    <p class='ocr_par' dir='ltr' id='par_1_107' title="bbox 1985 5785 3567 5858">
     <span class='ocr_line' id='line_1_107' title="bbox 1985 5785 3567 5858; baseline 0.001 -22"><span class='ocrx_word' id='word_1_840' title='bbox 1985 5785 2300 5854; x_wconf 70' lang='grc' dir='ltr'>καθολικαίς</span> <span class='ocrx_word' id='word_1_841' title='bbox 2336 5785 2656 5853; x_wconf 74' lang='grc' dir='ltr'>ἐκκλησίαις</span> <span class='ocrx_word' id='word_1_842' title='bbox 2693 5785 2782 5837; x_wconf 71' lang='grc' dir='ltr'>καὶ</span> <span class='ocrx_word' id='word_1_843' title='bbox 2811 5786 2868 5837; x_wconf 78' lang='grc' dir='ltr'>ἐν</span> <span class='ocrx_word' id='word_1_844' title='bbox 2913 5786 3020 5847; x_wconf 84' lang='grc' dir='ltr'>τοῖς</span> <span class='ocrx_word' id='word_1_845' title='bbox 3051 5787 3433 5858; x_wconf 75' lang='grc' dir='ltr'>μοναοτηρίοις</span> <span class='ocrx_word' id='word_1_846' title='bbox 3471 5789 3567 5838; x_wconf 72' lang='grc' dir='ltr'>καὶ</span> 
     </span>
    </p>
   </div>
   <div class='ocr_carea' id='block_1_108' title="bbox 254 5602 1876 5678">
    <p class='ocr_par' dir='ltr' id='par_1_108' title="bbox 254 5602 1876 5678">
     <span class='ocr_line' id='line_1_108' title="bbox 254 5602 1876 5678; baseline 0.002 -25"><span class='ocrx_word' id='word_1_847' title='bbox 254 5624 377 5678; x_wconf 76' lang='grc' dir='ltr'>μσς</span> <span class='ocrx_word' id='word_1_848' title='bbox 423 5602 529 5653; x_wconf 74' lang='grc' dir='ltr'>καὶ</span> <span class='ocrx_word' id='word_1_849' title='bbox 579 5605 836 5662; x_wconf 84' lang='grc' dir='ltr'>κανονικὴ</span> <span class='ocrx_word' id='word_1_850' title='bbox 864 5643 880 5666; x_wconf 84' lang='grc'>,</span> <span class='ocrx_word' id='word_1_851' title='bbox 933 5603 1066 5655; x_wconf 82' lang='grc' dir='ltr'>ὅπου</span> <span class='ocrx_word' id='word_1_852' title='bbox 1099 5602 1154 5654; x_wconf 86' lang='grc' dir='ltr'>δὲ</span> <span class='ocrx_word' id='word_1_853' title='bbox 1196 5602 1354 5655; x_wconf 86' lang='grc' dir='ltr'>τοῦτο</span> <span class='ocrx_word' id='word_1_854' title='bbox 1403 5605 1502 5654; x_wconf 70' lang='grc' dir='ltr'>οὐκ</span> <span class='ocrx_word' id='word_1_855' title='bbox 1535 5602 1702 5667; x_wconf 74' lang='grc' dir='ltr'>ἔστιν,</span> <span class='ocrx_word' id='word_1_856' title='bbox 1740 5603 1876 5656; x_wconf 76' lang='grc' dir='ltr'>ἀλλὰ</span> 
     </span>
    </p>
   </div>
   <div class='ocr_carea' id='block_1_109' title="bbox 247 5691 1876 5764">
    <p class='ocr_par' dir='ltr' id='par_1_109' title="bbox 247 5691 1876 5764">
     <span class='ocr_line' id='line_1_109' title="bbox 247 5691 1876 5764; baseline -0.004 -12"><span class='ocrx_word' id='word_1_857' title='bbox 247 5691 605 5752; x_wconf 66' lang='grc' dir='ltr'>τούναντίον</span> <span class='ocrx_word' id='word_1_858' title='bbox 660 5694 858 5758; x_wconf 65' lang='grc' dir='ltr'>μᾶλλον</span> <span class='ocrx_word' id='word_1_859' title='bbox 907 5693 1150 5744; x_wconf 78' lang='grc' dir='ltr'>κανόνων</span> <span class='ocrx_word' id='word_1_860' title='bbox 1195 5693 1490 5754; x_wconf 80' lang='grc' dir='ltr'>κατάλυσις</span> <span class='ocrx_word' id='word_1_861' title='bbox 1543 5698 1638 5761; x_wconf 76' lang='grc' dir='ltr'>καὶ</span> <span class='ocrx_word' id='word_1_862' title='bbox 1674 5698 1876 5764; x_wconf 61' lang='grc' dir='ltr'>’.όμων,</span> 
     </span>
    </p>
   </div>
   <div class='ocr_carea' id='block_1_110' title="bbox 251 5783 1876 5856">
    <p class='ocr_par' dir='ltr' id='par_1_110' title="bbox 251 5783 1876 5856">
     <span class='ocr_line' id='line_1_110' title="bbox 251 5783 1876 5856; baseline -0.002 -16"><span class='ocrx_word' id='word_1_863' title='bbox 251 5795 310 5848; x_wconf 74' lang='grc' dir='ltr'>τί</span> <span class='ocrx_word' id='word_1_864' title='bbox 355 5788 453 5842; x_wconf 81' lang='grc' dir='ltr'>δεῖ</span> <span class='ocrx_word' id='word_1_865' title='bbox 509 5783 605 5854; x_wconf 74' lang='grc' dir='ltr'>τὴν</span> <span class='ocrx_word' id='word_1_866' title='bbox 665 5786 948 5856; x_wconf 74' lang='grc' dir='ltr'>συνήθειαν</span> <span class='ocrx_word' id='word_1_867' title='bbox 985 5785 1418 5856; x_wconf 78' lang='grc' dir='ltr'>προϐάλλεσθαι;</span> <span class='ocrx_word' id='word_1_868' title='bbox 1458 5787 1579 5841; x_wconf 71' lang='grc' dir='ltr'>’Ὀςι</span> <span class='ocrx_word' id='word_1_869' title='bbox 1639 5788 1737 5855; x_wconf 79' lang='grc' dir='ltr'>μὲν</span> <span class='ocrx_word' id='word_1_870' title='bbox 1769 5787 1876 5856; x_wconf 76' lang='grc' dir='ltr'>γὰρ</span> 
     </span>
    </p>
   </div>
   <div class='ocr_carea' id='block_1_111' title="bbox 1981 4865 3665 4941">
    <p class='ocr_par' dir='ltr' id='par_1_111' title="bbox 1981 4865 3665 4941">
     <span class='ocr_line' id='line_1_111' title="bbox 1981 4865 3665 4941; baseline 0.003 -23"><span class='ocrx_word' id='word_1_871' title='bbox 1981 4866 2226 4937; x_wconf 75' lang='grc' dir='ltr'>κεφαλὴν</span> <span class='ocrx_word' id='word_1_872' title='bbox 2283 4865 2428 4935; x_wconf 72' lang='grc' dir='ltr'>ἔχειν</span> <span class='ocrx_word' id='word_1_873' title='bbox 2462 4865 2554 4917; x_wconf 74' lang='grc' dir='ltr'>τὸν</span> <span class='ocrx_word' id='word_1_874' title='bbox 2610 4869 2956 4938; x_wconf 81' lang='grc' dir='ltr'>πατριάρχην</span> <span class='ocrx_word' id='word_1_875' title='bbox 3008 4870 3099 4921; x_wconf 78' lang='grc' dir='ltr'>καὶ</span> <span class='ocrx_word' id='word_1_876' title='bbox 3129 4871 3294 4923; x_wconf 75' lang='grc' dir='ltr'>αὐτοῦ</span> <span class='ocrx_word' id='word_1_877' title='bbox 3354 4890 3566 4941; x_wconf 90' lang='grc' dir='ltr'>μνημο-</span> <span class='ocrx_word' id='word_1_878' title='bbox 3657 4888 3665 4895; x_wconf 93' lang='grc'><strong>·</strong></span> 
     </span>
    </p>
   </div>
   <div class='ocr_carea' id='block_1_112' title="bbox 1979 5321 3662 5407">
    <p class='ocr_par' dir='ltr' id='par_1_112' title="bbox 1979 5321 3662 5407">
     <span class='ocr_line' id='line_1_112' title="bbox 1979 5321 3662 5407; baseline 0.001 -31"><span class='ocrx_word' id='word_1_879' title='bbox 1979 5329 2255 5392; x_wconf 65' lang='grc' dir='ltr'>τριάρχηςο</span> <span class='ocrx_word' id='word_1_880' title='bbox 2278 5323 2438 5391; x_wconf 90' lang='grc' dir='ltr'>μόνον</span> <span class='ocrx_word' id='word_1_881' title='bbox 2467 5323 2560 5376; x_wconf 54' lang='grc' dir='ltr'>καί⁵</span> <span class='ocrx_word' id='word_1_882' title='bbox 2587 5321 2763 5391; x_wconf 77' lang='grc' dir='ltr'>ζητῶν</span> <span class='ocrx_word' id='word_1_883' title='bbox 2788 5325 2846 5376; x_wconf 77' lang='grc' dir='ltr'>τὸ</span> <span class='ocrx_word' id='word_1_884' title='bbox 2870 5325 3138 5407; x_wconf 77' lang='grc' dir='ltr'>ἡμέτερον</span> <span class='ocrx_word' id='word_1_885' title='bbox 3163 5324 3393 5407; x_wconf 81' lang='grc' dir='ltr'>δίκαιον,</span> <span class='ocrx_word' id='word_1_886' title='bbox 3425 5323 3564 5378; x_wconf 81' lang='grc' dir='ltr'>ἀλλὰ</span> <span class='ocrx_word' id='word_1_887' title='bbox 3649 5339 3662 5355; x_wconf 80' lang='grc'><strong>⁸</strong></span> 
     </span>
    </p>
   </div>
  </div>
